1762 2803
123 140 167 183 422
213 151 214 154 ¹
314 128 394 180 rauna
409 126 525 188 totana
540 126 633 188 analio

124 249 201 294 languor
207 248 257 282 illam
265 248 289 281 ita
297 248 412 289 exhausitvt
420 247 534 294 consumptis
542 248 627 283 carnibus
635 259 678 283 ossa
687 247 730 291 pelli
738 248 826 286 adherere

124 303 155 337 vel
173 301 240 336 resolui
259 301 370 336 viderentur.
399 301 422 335 Et
437 313 480 336 ecce
495 303 548 336 adest
562 302 579 335 ei
595 307 658 336 sancta
674 301 786 345 Ethelburga
804 305 827 339 de

126 365 207 401 superna
218 353 329 389 habitatione
340 354 443 399 splendida,
455 354 535 390 inuitans
547 355 650 390 anelantem
660 356 683 389 ad
694 366 727 390 sua
738 355 827 392 conuiuia.

127 409 167 450 Qua
183 418 224 442 cum
239 418 306 451 magna
323 407 390 442 mentis
409 408 513 442 iubilatione
532 408 600 453 gratias
615 420 672 452 agens
687 410 728 450 deo,
743 408 827 452 spiritum

109 453 338 504 5emisit.-—Regnante
352 460 451 495 Ethelredo
464 472 513 504 rege,
528 461 622 495 Danorum
636 462 728 495 exercitus
740 461 827 506 Angliam

127 515 204 555 intrans,
219 515 265 548 cede
283 519 302 548 et
320 513 405 549 incendio
421 514 482 548 omnia
499 514 624 549 consumendo
639 515 662 549 ad
678 514 827 559 depopulandum

127 566 258 601 monasterium
271 567 384 611 Ethelburge
398 568 454 601 venit.
477 567 635 611 Approximantes
646 574 707 601 autem
718 578 770 601 sacro
782 568 828 609 loco,

127 619 241 663 prospiciunt
256 619 356 654 immanem
374 619 438 663 lupum
457 621 502 664 prel
515 620 585 654 foribus
600 620 678 655 ecclesie
692 620 732 655 vice
747 620 828 656 ianitoris

128 672 255 712 excubantem,
267 672 298 715 qui
309 672 360 707 velut
371 677 433 707 contra
441 677 467 706 tot
475 673 556 716 pecudes
568 672 627 706 subito
638 672 706 706 insiluit
717 673 829 717 immanique

101 736 120 757 1o
128 724 174 759 rictu
185 737 206 758 ac
217 725 302 759 dentibus
312 724 424 766 infrendens,
434 725 498 769 procul
507 735 571 759 omnes
581 725 684 766 absterruit,
694 736 729 760 nec
740 726 829 761 rebellare

129 790 183 814 ausos
191 779 253 822 fugam
263 779 310 813 inire
319 779 383 823 coegit.
406 779 489 822 Querunt
500 778 577 814 tutiores
588 778 652 822 aditus,
662 779 695 814 sed
706 779 729 814 ab
740 778 775 814 alio
783 779 830 814 ostio

128 834 189 867 acrius
203 843 258 866 vrsus
272 839 397 877 propugnator
412 834 501 867 exturbat.
524 832 607 867 Tertium
621 839 663 877 post
677 833 711 867 hec
726 833 830 877 ingressum

128 886 261 930 temptantibus
280 885 348 921 resistit
366 886 395 920 leo
414 885 535 926 vastissimus,
554 891 640 931 arcetque
658 887 712 930 longe
731 885 791 929 rugitu
813 892 830 921 et

129 939 200 982 impetu
215 938 305 972 efferatus.
329 938 365 972 Per
380 939 448 972 bestias
463 940 537 972 tandem
551 950 562 972 a
574 938 644 972 bestiali
660 938 731 972 feritate
747 939 830 982 correpti,

103 1002 121 1033 15
131 997 149 1025 et
156 990 279 1033 intelligentes
287 1001 307 1025 se
315 991 402 1026 diuinitus
414 991 492 1031 extrudi,
503 996 577 1025 sanctos
588 992 622 1024 loci
634 996 692 1033 orant,
701 1003 722 1025 se
733 1002 775 1025 curn
786 1002 831 1035 pace

131 1041 206 1078 admitti.
229 1042 252 1077 Et
263 1053 305 1077 cum
316 1043 341 1077 illi
353 1043 498 1087 ingrederentur,
507 1044 557 1087 pacis
568 1044 667 1077 cultoribus
679 1043 717 1077 fere
726 1044 831 1087 ingressum

130 1098 254 1140 prebuerunt:
271 1101 289 1130 et
308 1096 372 1130 oblatis
391 1096 445 1130 donis
463 1095 543 1139 copiosis
558 1100 576 1130 et
591 1096 657 1130 iterum
672 1096 758 1139 egressis,
774 1096 831 1130 bestie

130 1161 221 1193 nusquam
230 1155 376 1194 comparuerunt.
420 1142 466 1184 Alio
476 1155 560 1194 tempore
571 1160 612 1184 cum
623 1150 676 1184 turba
687 1160 801 1194 paganorum
813 1149 831 1184 in

131 1203 263 1238 monasterium
278 1208 341 1237 sancte
356 1203 432 1247 uirginis
450 1203 520 1237 irruere
538 1203 640 1238 niterentur
646 1202 657 1244 ²,
673 1203 747 1247 quidam
764 1203 832 1237 scalam

104 1271 123 1292 20
131 1257 235 1291 ascendens
246 1256 330 1299 protinus
340 1257 364 1290 de
374 1257 410 1290 alto
421 1256 491 1298 cecidit,
499 1261 517 1290 et
525 1255 587 1290 fractis
596 1256 686 1290 membris
693 1256 744 1291 velut
754 1256 833 1291 cadauer

131 1308 229 1344 exanimel
236 1309 293 1343 iacuit.
318 1309 359 1344 Hoc
370 1309 415 1343 socii
421 1309 511 1350 uidentes,
522 1310 545 1342 ad
555 1308 673 1353 sepulchrum
684 1313 748 1343 sancte
756 1308 832 1352 virginis

132 1363 237 1396 defunctum
252 1362 340 1401 deferunt,
354 1368 372 1396 et
385 1362 420 1396 sibi
432 1362 506 1396 veniam
519 1367 537 1395 et
550 1367 622 1396 mortuo
634 1361 690 1396 vitam
703 1362 788 1396 flebiliter
799 1362 833 1396 irn-

132 1415 209 1458 plorant.
233 1414 271 1448 Nec
287 1424 339 1448 mora
354 1414 460 1449 resuscitato
477 1419 555 1455 mortuo,
570 1413 653 1447 abdicata
667 1413 750 1447 idolatria
765 1413 833 1457 baptis-

132 1477 183 1502 mum
199 1471 217 1500 et
229 1467 285 1500 fidem
298 1472 420 1510 susceperunt
432 1466 506 1500 Christi.
551 1459 666 1500 inundantes
679 1466 746 1499 iterum
758 1466 806 1499 Dani
816 1472 834 1499 et

106 1520 275 1563 ²5vtss11u111⁵si11e
284 1519 335 1553 obice
346 1519 399 1554 effusi
410 1525 428 1554 et
438 1519 499 1554 omnia
509 1530 530 1553 se
540 1519 597 1553 armis
608 1518 680 1563 cepisse
690 1518 729 1560 rati,
737 1519 833 1554 ecclesiam

134 1578 197 1608 sancte
209 1572 322 1616 Ethelburge
337 1578 355 1607 et
370 1573 452 1606 tumbam
468 1572 584 1616 confringere
596 1572 731 1616 aggrediuntur.
755 1572 778 1606 Et
791 1583 833 1606 ecce

134 1625 220 1660 continno
228 1626 289 1659 diuina
300 1626 383 1670 percussi
393 1625 523 1670 indignatione,
535 1625 565 1659 alii
576 1625 631 1667 rabie,
641 1625 671 1659 alii
681 1625 761 1667 cecitate,
770 1625 834 1669 reliqui

134 1679 213 1713 diuersis
222 1680 303 1712 cladibus
311 1684 354 1712 sunt
361 1678 450 1722 percussi.
474 1679 515 1713 Hoc
523 1684 594 1713 terrore
603 1679 712 1722 compuncti,
719 1679 765 1713 fusis
775 1679 834 1723 preci-

134 1733 174 1773 bus,
188 1731 258 1765 meritis
274 1737 336 1765 sancte
348 1732 425 1776 virginis
440 1737 519 1775 optatam
535 1731 631 1765 sanitatem
647 1737 665 1765 et
679 1732 786 1765 temeritatis
802 1742 834 1765 sue

107 1798 126 1827 30
134 1784 207 1819 veniam
222 1785 319 1826 consecuti,
333 1785 364 1819 leti
380 1790 502 1819 recesserunt.
548 1777 641 1818 Mulieres
655 1789 693 1818 tres
707 1784 782 1818 cecitate
794 1795 835 1828 per-

134 1847 188 1871 cusse
207 1837 230 1870 ad
249 1837 380 1870 monasterium
399 1841 462 1870 sancte
479 1836 555 1879 virginis
573 1838 687 1877 accedentes,
706 1837 777 1871 meritis
796 1836 835 1870 eius

134 1890 212 1923 salutem
228 1888 262 1922 sibi
278 1889 316 1922 dari
332 1889 460 1932 implorabant.
483 1889 565 1930 Quarum
578 1899 615 1922 vna
629 1899 663 1932 per
676 1893 759 1922 sanctam
775 1888 835 1922 Ethel-

134 1943 217 1985 burgam,
236 1941 292 1975 altera
317 1952 351 1986 per
372 1947 454 1976 sanctam
479 1941 604 1984 Hildelitham‚
624 1941 677 1976 tertia
700 1952 735 1985 per
754 1946 836 1975 sanctam

135 1995 249 2036 Wlfhildam,
263 2000 372 2038 erumpente
383 2006 407 2029 ex
419 1995 476 2029 oculis
488 2006 558 2035 cruore,
570 1995 657 2028 amissam
670 1995 764 2028 oculorum
777 1995 836 2028 lucem

107 2047 218 2091 35recipere
242 2048 366 2081 meruerunt&
422 2040 522 2082 ⁵Puellam
543 2052 654 2081 contractam
675 2048 751 2089 sanauit,
773 2057 836 2081 cecum

135 2101 255 2142 illuminauit3
274 2100 366 2144 presbiter
383 2111 496 2134 normannus
503 2101 514 2141 l,
534 2100 564 2144 qui
584 2100 650 2134 librum
669 2100 763 2134 missalem
782 2110 836 2144 quem

135 2155 187 2197 virgo
200 2153 287 2187 Wlfruna
301 2153 435 2196 conscripserat
450 2152 517 2187 furtiue
533 2154 556 2187 ab
571 2152 648 2187 ecclesia
661 2152 751 2194 auferens,
763 2164 805 2187 cum
818 2152 836 2186 in

136 2206 183 2241 mari
198 2206 250 2249 quasi
266 2207 380 2249 naufragium
400 2212 500 2249 pateretur,
517 2207 540 2240 ad
559 2216 590 2240 cor
605 2205 679 2240 rediens
694 2206 836 2240 satisfactionem

136 2259 226 2304 promisit,
236 2264 255 2292 et
265 2258 309 2293 fusis
319 2259 342 2292 ad
353 2258 443 2303 virginem
453 2264 535 2293 sanctam
543 2258 633 2301 precibus,
642 2259 664 2293 ad
673 2264 745 2301 portum
755 2263 837 2302 optatum

108 2324 129 2355 40
137 2312 221 2357 peruenit
226 2313 237 2347 ⁶.
281 2306 324 2346 Viri
337 2314 373 2346 duo
381 2313 446 2346 ferreis
457 2311 535 2345 nexibus
545 2311 619 2354 astricti,
628 2311 725 2345 contractis
733 2312 783 2345 iuxta
791 2316 837 2344 turn·

137 2368 180 2401 barn
194 2366 270 2410 virginis
284 2366 358 2400 sancte⁷
372 2365 444 2399 circulis
459 2365 523 2399 ferreis
539 2371 557 2400 et
569 2376 627 2409 usque
643 2365 662 2399 in
677 2364 758 2400 medium
773 2363 838 2408 templi

136 2420 233 2454 visibiliter
244 2420 332 2462 excussis,
342 2419 372 2453 leti
382 2420 405 2452 ad
416 2429 449 2452 sua
459 2420 514 2452 deum
525 2419 620 2452 laudantes
629 2419 729 2452 redierunt.
773 2412 838 2452 Abba·

137 2474 182 2508 tissa
193 2474 272 2517 quedam
285 2473 320 2507 loci
332 2473 415 2507 eiusdem
427 2471 480 2507 annis
493 2477 533 2506 octo
546 2472 597 2516 graui
609 2477 675 2507 vexata
688 2472 781 2515 languore,
794 2472 837 2505 dum

157 2542 231 2580 ¹T.pro.
261 2542 345 2571 ²soT.E.
376 2541 493 2570 3ιπεχειῐιίιτιίε.
520 2540 721 2578 4ΒοΙΙ,τετοιιρετειιει·υηὶ.
748 2540 773 2558 5-5
784 2550 814 2570 om.
822 2540 838 2568 in

138 2582 179 2613 Bon.
219 2581 252 2611 ⁶T.
261 2582 278 2612 E.
287 2582 390 2619 presbiterum
398 2590 506 2611 normannum.
549 2579 756 2610 ⁷fcrreis-sancteom.in
764 2579 805 2609 Boll.
