1762 2803
141 104 184 158 306
332 99 411 151 moue
427 94 543 157 hortuna
559 92 651 155 fiunto.

140 230 241 262 monerem,
250 230 306 264 quam
316 219 402 253 terribilis
414 223 442 252 est
454 218 472 251 in
484 216 563 251 consiliis
574 226 631 260 super
641 215 688 249 filios
699 213 804 248 hominum:
818 223 841 246 ne

140 275 187 309 forte
199 285 233 308 nos
245 279 328 316 tempore
340 272 400 315 aliquo
412 273 472 305 carnIs
483 270 574 305 illecebris
586 269 694 308 seruientes,
702 268 800 309 minusque
812 266 841 300 dei

141 326 227 360 iudicium
236 325 360 364 formidantes,
365 324 462 367 repentina
470 323 509 358 eius
517 324 544 356 ira
552 321 642 366 corripiat,
649 326 667 354 et
671 321 702 355 vel
710 319 842 363 temporalibus

142 378 227 421 dampnis
239 377 286 410 iuste
298 376 372 410 seuiens
385 376 458 420 affligat,
469 376 499 409 vel
513 376 536 408 ad
549 379 658 418 perpetuam
671 372 794 417 perditionem
806 370 842 404 dis·

124 430 210 472 5trictius
222 429 331 464 examinans
342 428 398 463 tollat.
443 421 553 463 Conuersus
565 432 593 461 est
606 427 674 460 exlude
686 425 705 459 in
717 424 787 459 heremi
800 423 843 459 soli-

141 482 224 517 tudinem
233 481 283 516 locus
293 481 329 522 ille,
336 487 355 515 et
363 482 394 525 qui
404 485 532 515 remanserant
539 480 595 513 corde
605 478 665 521 soluti,
676 489 709 522 per
720 478 760 520 loca
770 477 843 510 diuersa

142 541 185 570 sunt
198 540 248 569 metu
262 535 384 579 compellente
397 534 481 579 dispersi.
504 534 528 568 Et
539 534 588 577 quod
601 533 627 568 eis
641 532 716 575 contigit
729 532 752 565 ad
765 530 843 572 ruinam,

142 587 204 622 multis
217 589 240 621 ad
254 588 391 631 castigationem
404 587 472 631 profuit
485 592 503 620 et
515 586 612 621 medelam.
636 585 701 628 Liquet
715 585 775 627 itaque
788 594 843 627 quam

141 641 215 676 vitanda
223 640 246 675 sit
254 641 344 674 bonarum
352 640 406 674 etiam
414 639 522 675 cohabitatio
530 638 633 674 mulierum.
656 637 767 681 Perpendite
776 643 843 681 quanta

116 708 135 729 ro
142 694 202 729 seruis
210 694 239 728 dei
247 694 304 737 prelia
312 694 402 736 malignus
413 692 489 736 spiritus
500 703 564 727 earum
574 691 695 726 familiaritate
706 690 791 731 intulerit,
800 696 844 733 quot

142 747 198 779 vrbes
211 745 318 785 incenderit,
332 750 376 787 quot
390 744 502 778 monasteria
514 743 630 785 subuerterit,
646 749 690 786 quot
702 744 776 776 demum
789 742 844 775 corda

143 797 228 832 sublimia
239 802 257 830 et
268 798 292 830 ad
303 797 364 830 celum
375 808 409 841 per
420 796 593 840 contemplationem
604 801 670 837 erecta,
678 806 741 829 earum
752 794 790 828 solo
801 805 844 828 con-

144 855 208 894 spectu
220 851 243 883 ad
256 849 356 893 iniquitatis
368 850 480 893 profundum
492 850 611 883 inclinauerit.
635 849 702 882 Beatus
715 848 776 891 itaque
790 847 844 881 Cuth-

144 905 213 943 bertus‚
221 903 240 936 in
248 902 308 936 insula
319 901 401 936 farnensi
408 907 452 936 tune
460 903 535 944 degens,
542 901 634 935 intellecta
644 900 751 934 confusione
761 900 780 933 in
790 901 845 933 domo

118 970 135 999 15
145 954 214 989 domini
225 966 260 1000 per
271 954 349 989 feminas
360 954 412 996 facta,
424 954 508 998 creditur,
520 954 555 989 etsi
568 965 605 989 non
618 953 688 999 legitur,
700 954 772 988 celebre
784 952 845 987 condi-

145 1009 195 1042 disse
210 1010 304 1042 decretum
317 1008 357 1052 lege
373 1014 462 1051 perpetua
478 1008 537 1042 seruis
552 1007 591 1042 suis
606 1008 746 1047 obseruandum,
759 1017 795 1050 quo
807 1017 844 1040 non

145 1061 204 1094 solum
213 1061 245 1101 eis,
251 1060 279 1094 sui
287 1061 368 1104 corporis
375 1060 473 1104 presentia,
479 1060 570 1095 consortia
576 1059 685 1094 feminarum
693 1059 776 1101 inhibuit,
780 1070 845 1093 verum

145 1113 200 1148 etiam
213 1113 298 1147 introitus
312 1124 375 1147 earum
388 1119 406 1148 et
419 1125 505 1148 accessus
517 1119 535 1148 et
548 1118 634 1157 aspectus
648 1113 729 1148 abscidit.
774 1106 845 1148 Sancta

145 1168 219 1200 tandem
227 1166 278 1209 virgo
286 1166 343 1208 Ebba7
351 1166 447 1199 virtutibus
455 1171 473 1199 et
481 1166 568 1209 operibus
576 1166 629 1200 bonis
637 1166 697 1210 plena,
705 1171 748 1200 ante
756 1176 845 1199 memora-

118 1234 137 1254 ιο
145 1225 183 1253 tum
190 1224 261 1260 patrem
268 1223 351 1252 sanctum
356 1218 477 1251 Cuthbertum
482 1225 559 1260 quatuor
565 1219 619 1251 annis
627 1218 711 1261 migrauit
717 1219 740 1251 ad
746 1218 846 1258 dominum,

145 1275 209 1305 octauo
217 1271 252 1304 hal.
258 1269 373 1312 septembris,
382 1281 430 1303 anno
438 1270 507 1304 domini
515 1270 650 1304 sexcentesimo
658 1269 846 1314 octuagesimotertio·,

145 1330 164 1357 et
172 1323 191 1356 in
199 1323 310 1356 monasterio
317 1333 351 1355 suo
359 1334 400 1355 eum
408 1333 475 1365 magno
485 1324 556 1357 honore
567 1334 634 1368 corpus
645 1323 684 1357 eius
695 1329 744 1357 terre
755 1332 846 1357 commen-

146 1378 203 1410 datur.
249 1368 273 1409 ln
282 1375 333 1409 Vrbe
345 1374 394 1409 enim
406 1375 470 1410 Coludi
482 1385 493 1409 a
504 1376 608 1420 pastoribus
620 1380 662 1420 post
673 1376 730 1410 multa
741 1380 846 1419 temporum

146 1428 236 1464 curricula
255 1429 373 1472 sepulchrum
392 1428 432 1464 eius
450 1435 544 1474 repertum
563 1435 596 1463 est.
624 1430 677 1472 Quod
693 1440 734 1463 cum
750 1434 846 1473 tangentes

120 1496 138 1526 ²5
146 1483 218 1526 aperire
231 1487 348 1526 temptarent,
361 1482 457 1525 repentina
469 1482 544 1516 cecitate
557 1482 641 1526 percussi
653 1488 671 1516 et
683 1481 754 1516 insanis
768 1482 847 1517 motibus

147 1536 214 1569 diutius
229 1535 290 1578 agitati
306 1540 353 1569 sunt.
377 1535 421 1568 Loci
436 1535 491 1578 igitur
505 1535 564 1569 incole
580 1535 624 1569 illud
639 1536 658 1569 in
673 1535 768 1569 ecclesiam
784 1541 847 1570 sancte

148 1587 207 1621 Marie
218 1588 303 1629 tulerunt,
312 1593 330 1621 et
340 1588 364 1621 ad
374 1588 494 1621 meridianam
502 1588 564 1621 altaris
572 1593 645 1630 partem
653 1593 760 1621 reuerenter
768 1588 847 1631 deposu-

148 1645 206 1675 erunt.
230 1639 274 1674 Erat
285 1645 346 1674 autem
356 1640 474 1683 sepulchrum
486 1639 530 1673 illud
542 1640 633 1684 ligneum3
647 1651 683 1683 quo
695 1652 706 1674 a
716 1646 768 1684 parte
779 1641 847 1683 pedum

148 1703 182 1737 per
196 1693 288 1735 quendam
301 1693 376 1726 fratrem
389 1692 486 1734 confracto,
499 1692 582 1726 immissa
597 1702 652 1726 manu
667 1692 757 1726 lintheum
773 1698 791 1726 et
806 1704 848 1727 ossa

122 1756 141 1784 30
149 1752 231 1790 tangens,
243 1745 303 1779 subito
315 1746 440 1779 membrorum
452 1746 514 1779 dolore
526 1751 626 1788 correptus,
635 1745 682 1779 infra
693 1756 762 1788 paucos
774 1746 814 1780 dies
825 1748 848 1780 ad

148 1804 231 1833 extrema
244 1798 343 1832 deducitur.
367 1798 407 1840 Quo
422 1798 488 1832 fratres
503 1798 570 1843 agnito,
581 1798 642 1843 lapide
655 1798 700 1833 illud
712 1799 792 1843 undique
806 1810 848 1833 con·

148 1853 246 1893 cluserunt,
259 1862 282 1885 ne
294 1851 313 1885 in
327 1851 407 1885 futurum
423 1851 489 1886 similia
500 1862 611 1896 presumens
626 1851 770 1896 indignationem
786 1859 849 1888 sancte

147 1904 224 1948 virginis
239 1910 257 1938 et
271 1904 317 1938 iram
334 1905 395 1939 subire
410 1905 529 1948 contingeret.
551 1905 642 1948 Apparuit
657 1910 718 1938 autem
733 1905 786 1939 beata
797 1905 849 1950 virgo

148 1958 220 1993 cuidam
231 1957 287 2000 fratri,
295 1957 399 2002 precipiens
407 1963 426 1992 vt
436 1957 476 1992 sine
485 1957 550 1992 timore
561 1969 602 1992 ossa
611 1969 644 1992 sua
652 1960 675 1991 de
685 1959 755 1992 tumulo
766 1960 849 1993 leuarent

122 2019 140 2049 35
149 2017 167 2045 et
179 2011 197 2044 in
208 2012 247 2044 loco
258 2011 331 2044 nouiter
342 2016 446 2044 constructo
458 2020 500 2044 cum
511 2010 561 2044 omni
573 2010 643 2045 honore
654 2010 780 2045 transferrent.
803 2011 849 2046 Cou-

149 2064 205 2098 sracto
219 2063 280 2106 itaque
294 2063 397 2105 sepulchro,
410 2073 452 2097 ossa
464 2063 545 2096 maxima
557 2074 581 2097 ex
594 2068 646 2106 parte
659 2062 678 2096 in
691 2062 763 2096 eineres
776 2065 849 2098 redacta

149 2116 261 2159 colligentes,
269 2116 288 2150 in
299 2116 339 2150 loco
350 2127 386 2159 quo
395 2116 446 2160 virgo
457 2122 520 2150 sancta
530 2116 613 2160 precepit
623 2116 723 2150 honorifice
734 2117 850 2152 collocarunt.

150 2163 238 2213 Quadam
249 2169 345 2204 iuuencuia
355 2169 450 2203 fantastica
458 2170 557 2203 demonum
565 2170 661 2203 vexatione
668 2169 722 2203 vnius
731 2169 777 2203 oculi
784 2171 849 2212 visum,

149 2222 198 2256 auris
207 2222 261 2256 unius
273 2222 360 2262 auditum,
368 2221 429 2264 lingue
440 2221 514 2265 penitus
526 2222 630 2265 quindecim
642 2222 707 2256 diebus
718 2222 798 2266 perdidit
810 2223 850 2256 offi-

121 2284 141 2313 40
149 2275 202 2308 cium.
226 2274 267 2307 Hec
274 2273 293 2307 in
302 2273 380 2308 oratorio
388 2280 451 2308 sancte
458 2274 535 2317 virginis
543 2285 576 2317 pre
584 2274 633 2308 tedio
641 2274 740 2315 dormiens,
746 2274 849 2309 columbam

150 2327 222 2360 niueam
236 2337 293 2370 super
306 2327 363 2359 altare
376 2327 489 2361 descendere
505 2333 522 2360 et
538 2333 586 2361 stare
600 2327 649 2361 vidit.
674 2327 769 2371 Euigilans
784 2333 850 2370 autem,

149 2379 229 2423 perfecte
237 2385 319 2414 sanatam
327 2391 348 2414 se
356 2380 419 2414 sensit.
464 2373 515 2415 Cum
521 2381 601 2423 quedam
608 2380 674 2414 mulier
680 2380 755 2414 cecitate
761 2391 850 2425 percussa

150 2435 172 2467 ad
184 2433 283 2467 oratorium
294 2432 370 2476 virginis
382 2433 459 2469 adducta
471 2433 539 2475 fuisset,
549 2433 633 2478 apparuit
645 2433 662 2467 ei
673 2434 692 2467 in
704 2434 787 2478 sompnis
798 2434 851 2479 virgo

150 2487 229 2529 quedam
237 2487 283 2520 albis
290 2486 373 2520 uestibus
382 2486 451 2527 induta,
459 2487 533 2519 dicens:
546 2487 627 2519 ‘Graues
638 2497 662 2519 ex
673 2486 748 2520 cecitate
757 2488 850 2522 molestias

123 2554 141 2584 45
150 2549 208 2582 vsque
216 2550 265 2573 nunc
273 2549 363 2583 perpessa
371 2550 402 2581 es;
413 2539 446 2573 sed
455 2540 478 2574 ad
486 2539 555 2574 fontem
564 2550 626 2574 meum
635 2540 756 2582 descendens,
762 2540 819 2574 lauari
827 2551 851 2574 ne
