1762 2803
239 104 285 160 be
300 102 400 157 &tutto
417 102 550 155 autumna.
706 120 749 162 199

48 222 83 258 hoc
93 223 166 259 nomine
178 225 267 270 appellari
279 225 350 268 meruit,
358 226 391 261 sed
400 230 442 260 ante
450 226 548 260 multorum
556 236 646 260 annorum
655 226 750 268 curricula,

48 277 113 321 spiritu
125 284 188 313 sancto
199 280 298 321 reuelante,
308 279 415 324 prophetice
427 280 461 314 hoc
473 280 548 314 nominc
559 285 634 314 vocatus
646 285 679 314 est.
703 280 750 314 Nam

49 329 100 364 Brito
109 331 182 375 quidam
191 332 248 367 sancti
257 333 330 367 Patricii
338 333 443 377 discipulus,
452 333 526 367 nomine
537 332 623 367 Macceus
629 332 639 373 ¹,
648 333 672 367 ita
685 334 708 367 de
719 333 750 367 illo

47 384 167 428 propheciam
182 387 249 421 edidit:
269 386 302 420 ‘ln
321 386 432 427 nouissimis,
448 387 477 429 ait,
493 386 550 421 seculi
569 386 683 430 temporibus
703 386 751 420 filius

48 436 151 471 nasciturus
170 444 198 472 est
216 440 295 483 quidam,
311 439 362 473 cuius
381 449 449 472 nomen
471 439 564 480 Columba,
580 448 615 483 per
636 449 702 472 omnes
724 438 768 475 in·5

48 488 129 522 siliarum
143 492 217 524 occeani
232 491 334 534 prouintias
347 491 474 534 diuulgabhur,
487 492 588 525 nouissima
603 491 652 525 orbis
668 496 751 535 tempora

48 541 96 575 clare
106 541 207 577 illustrabit.
236 544 275 578 Erit
285 543 334 578 enim
346 544 381 578 deo
393 544 464 586 charus,
473 550 491 578 et
499 544 574 588 grandis
582 554 644 578 coram
652 543 694 588 ipso
705 544 751 578 erit!

50 587 90 627 Hie
99 595 149 628 enim
160 596 250 630 nobilibus
261 598 349 630 oriundus
358 597 470 641 parentibus,
478 597 617 641 quadragesimo
626 596 689 640 quinto
697 598 750 631 etatis

48 657 81 681 sue
97 659 144 682 anno
160 650 183 683 de
199 650 259 684 Scotia
274 651 297 684 ad
313 650 426 684 Britanniam
438 661 472 694 pro
485 650 558 684 Christo
571 652 682 694 peregrinus
693 650 749 684 venit.

49 700 105 735 Erat²
117 703 165 736 enim
178 709 253 747 aspectu
266 703 364 747 angelicus,
377 714 463 738 sermone
475 703 548 745 nitidus,
560 714 617 747 opere
630 710 710 746 sanctus,
722 703 777 738 in-10

48 755 102 797 genio
113 755 216 799 perspicax,
226 762 244 790 et
252 757 328 790 consilio
340 767 423 800 magnus.
446 756 517 790 Nullius
526 756 570 790 hore
578 756 661 800 spacium
670 757 749 791 transire

48 812 119 851 poterat
127 820 163 852 quo
172 820 208 843 non
216 814 246 843 aut
258 810 340 852 orationi,
348 814 378 843 aut
390 809 468 852 lectioni,
477 814 508 843 aut
520 809 615 853 scripturis
627 809 712 852 sanctis³,
720 810 750 844 vel

48 862 100 904 operi
119 867 182 896 sancto
200 863 325 905 incumberet;
344 862 453 896 ieiuniorum
472 873 545 906 quoque
564 867 582 896 et
600 862 703 905 vigiliarum
722 862 750 897 in·

48 913 126 947 defessis
138 915 230 947 laboribus
242 916 267 947 ita
279 919 384 957 occupatus,
396 920 415 947 vt
429 925 485 957 supra
498 915 598 947 humanam
611 915 750 957 possibilitatem

48 966 133 998 omnibus
149 966 246 999 virtutibus
265 971 283 999 et
302 966 393 999 laboribus
412 966 481 999 sanctis
499 966 587 999 subderet
606 977 673 1008 corpus
691 977 751 999 suum.
760 975 778 1004 15

49 1009 100 1052 Cum
114 1019 162 1052 enirn
178 1024 252 1053 sanctus
265 1019 362 1053 Oswaldus
376 1029 415 1059 rex,
428 1011 487 1062 pn'die
500 1029 554 1062 quam
568 1024 631 1053 eontra
644 1019 752 1053 Catlonem⁴

49 1069 144 1104 Britonum
160 1081 222 1115 regem
238 1071 257 1105 in
272 1071 340 1105 bellum
355 1071 469 1115 procederet,
484 1071 503 1105 in
518 1071 611 1115 papilione
626 1081 660 1105 sua
675 1071 752 1115 [esset]⁶

49 1124 148 1167 dormiens,
162 1130 245 1158 sanctum
261 1124 368 1159 Columbam
383 1124 402 1158 in
415 1125 455 1159 visu
470 1124 520 1158 videt
536 1124 596 1158 forma
610 1123 751 1159 choruscantem

48 1178 140 1220 angelica;
150 1179 195 1221 [qui]
201 1178 208 1196 ⁶
214 1189 268 1212 suum
275 1178 314 1222 regi
322 1179 407 1212 reuelans
415 1188 488 1219 nomen,
493 1178 512 1212 in
519 1178 580 1212 medio
587 1184 688 1212 castrorum
695 1184 751 1220 stans,

49 1231 113 1264 eadem
127 1236 186 1264 castra
197 1236 249 1265 veste
260 1242 293 1264 sua
305 1231 373 1274 fulgida
386 1231 499 1274 protegebat,
511 1231 587 1265 dicens:
605 1230 721 1264 ‘Confortare
733 1236 751 1265 et
760 1241 780 1262 ao

49 1293 83 1327 age
90 1282 170 1326 viriliter,
179 1295 221 1318 ecce
231 1295 265 1327 ego
274 1276 334 1318 tecum
345 1294 397 1319 sum:
411 1284 445 1318 hac
457 1284 541 1328 sequenti
553 1289 606 1318 nocte
617 1284 640 1318 de
652 1284 716 1318 castris
728 1285 751 1319 ad

49 1336 117 1369 bellum
131 1338 215 1380 procede,
227 1338 269 1380 quia
281 1337 315 1371 hac
326 1338 366 1371 vice
375 1336 431 1370 michi
442 1337 528 1371 dominus
540 1337 614 1370 donauit
625 1342 644 1371 vt
656 1337 720 1371 hostes
731 1338 750 1371 in

49 1387 110 1432 sugam
121 1394 215 1422 vertantur
228 1389 259 1429 tui,
271 1400 315 1433 rege
329 1389 405 1423 Catlone
420 1388 439 1422 in
454 1400 520 1423 manus
532 1394 573 1423 tuas
584 1388 662 1432 tradito;
677 1394 696 1423 et
709 1395 751 1433 post

49 1442 117 1476 bellum
131 1441 189 1476 victor
204 1443 281 1477 feliciter
296 1447 405 1487 regnaturus
420 1441 540 1489 reuerteris⁶.¹
563 1442 681 1477 Consortatus
696 1442 752 1486 igitur

49 1494 152 1537 Oswaldus,
166 1506 202 1539 que
217 1496 287 1529 viderat
302 1497 341 1530 suis
356 1496 429 1540 pandit:
449 1501 534 1539 totusque
553 1495 632 1540 populus
651 1495 691 1529 eius
711 1501 751 1539 post
761 1505 779 1536 ²5

48 1548 143 1582 victoriam
151 1549 207 1583 fidem
215 1549 283 1583 Christi
291 1560 312 1583 se
320 1555 449 1593 suscepturum
456 1548 545 1593 promisit.
561 1549 614 1593 Rege
621 1560 666 1583 vero
675 1549 752 1583 Catlone

48 1600 114 1643 occiso,
123 1607 141 1634 et
152 1607 227 1645 optenta
234 1601 315 1643 victoria,
323 1601 370 1636 hanc
378 1602 468 1635 visionem
477 1601 491 1635 F
492 1600 551 1635 ilbeo⁷
559 1600 619 1635 abbati
631 1612 673 1635 cum
685 1612 752 1645 magna

49 1652 149 1688 humilitate
162 1660 236 1688 sanctus
247 1654 351 1697 Oswaldus,
364 1654 473 1699 quibusdam
488 1653 556 1689 sanctis
568 1653 613 1689 viris
628 1654 752 1699 presentibus,

49 1708 144 1742 enarrauit.
190 1700 272 1743 Sanctus
281 1709 369 1742 Columba
377 1709 399 1742 ab
407 1708 531 1743 adolescentia
538 1719 571 1742 sua
579 1708 679 1752 prophecie
687 1707 751 1751 spiritu

49 1759 118 1801 claruit,
134 1765 211 1794 ventura
229 1760 331 1803 predicere,
347 1760 464 1803 presentibus
483 1760 566 1794 absentia
585 1760 679 1801 nunciare,
697 1760 752 1804 longe
760 1771 780 1800 30

49 1817 88 1845 acta
101 1812 199 1855 prouidere
215 1814 314 1846 consueuit.
336 1813 404 1846 Totum
420 1813 508 1845 mundum
521 1812 578 1846 veluti
589 1823 626 1846 vno
641 1812 686 1846 solis
701 1812 752 1846 radio

49 1865 150 1907 collectum,
161 1866 203 1899 sinu
217 1866 284 1899 mentis
297 1865 403 1899 mirabiliter
414 1864 485 1898 laxato³
497 1865 631 1908 speculabatur.
676 1858 752 1899 Abbate

49 1917 120 1952 cenobii
135 1918 192 1952 sancti
206 1918 272 1952 Cerani
285 1928 327 1952 cum
342 1918 427 1952 iratribus
439 1917 512 1951 obuiam
524 1923 587 1952 sancto
599 1917 688 1952 Columbe
702 1917 752 1952 sesti-

49 1976 110 2013 nante,
123 1982 169 2014 puer
181 1971 255 2014 quidam
267 1971 321 2005 valde
334 1972 432 2014 despectus
444 1970 494 2004 vultu
506 1975 524 2004 et
539 1970 606 2012 habitu,
617 1976 635 2005 et
647 1970 751 2005 senioribus

49 2023 154 2067 displicens,
163 2023 232 2057 occulte
242 2022 351 2066 acce[ssit]⁹,
358 2028 378 2057 vt
386 2023 417 2057 vel
426 2022 517 2056 fimbriam
524 2022 558 2057 viri
567 2022 598 2057 dei
607 2023 647 2067 ipso
656 2023 751 2057 nesciente
759 2034 778 2065 ³5

49 2081 138 2121 tangeret.
160 2076 213 2119 Quod
222 2075 308 2111 diuinitus
323 2081 397 2111 sanctus
412 2075 521 2120 intelligens,
537 2086 612 2110 manum
626 2081 668 2121 post
683 2086 704 2110 se
719 2086 751 2110 ex-

49 2132 133 2173 tendens,
149 2131 238 2165 ceruicem
253 2130 305 2173 pueri
320 2131 383 2171 tenuit,
397 2135 415 2163 et
430 2135 472 2163 ante
485 2129 550 2163 faciem
563 2140 615 2164 suam
628 2140 670 2163 eum
684 2129 751 2171 statuit,

49 2183 123 2217 dicens:
140 2183 167 2217 ‘0
179 2183 210 2225 fili,
224 2183 274 2227 aperi
286 2193 307 2216 os
319 2187 370 2216 tuum
386 2187 404 2216 et
419 2183 492 2226 porrige
508 2182 599 2226 linguam'
623 2181 682 2224 Quam
694 2182 752 2216 bene-

49 2236 118 2279 dicens,
129 2236 154 2270 ita
165 2236 236 2270 intulit:
252 2236 298 2269 ‘Hic
310 2245 357 2279 puer
366 2235 450 2278 quamuis
459 2235 529 2269 vobis¹⁰
540 2235 581 2269 vilis
593 2235 686 2276 habeatur,
697 2235 752 2269 bonis

49 2294 110 2323 tamen
119 2289 200 2323 moribus
208 2289 305 2332 animeque
312 2288 409 2321 virtutibus
416 2288 503 2331 paulatim
511 2292 603 2321 accrescet
608 2287 627 2329 ¹¹,
635 2293 653 2321 et
661 2287 752 2331 sapientia
759 2299 780 2330 40

49 2346 68 2375 et
82 2342 180 2384 prudentia
195 2341 282 2385 preditus,
297 2350 332 2384 per
347 2350 413 2374 omnes
428 2339 490 2374 Scotie
504 2339 590 2374 ecclesias
602 2339 655 2374 valde
669 2339 752 2375 famosus

49 2394 93 2428 erit!
117 2394 140 2429 Et
151 2395 255 2429 factumest
265 2393 313 2428 ita¹².
367 2385 418 2428 Cum
429 2398 479 2427 esset
489 2394 508 2426 in
519 2392 564 2426 Iona
573 2391 638 2435 insula,
647 2392 752 2428 conuocatis

69 2490 75 2508 ¹
85 2491 105 2521 ol.
113 2491 195 2528 lloeteus,
205 2490 235 2521 Ad.
243 2490 349 2520 llauctaneus.
391 2487 397 2505 ¹
408 2488 425 2519 E.
433 2488 472 2518 Erit.
512 2487 518 2505 ³
529 2488 559 2518 Aa.
566 2488 653 2527 scriptioni.
696 2488 701 2507 ⁴
713 2489 752 2519 Bed.

50 2531 130 2560 Cedualla.
186 2531 192 2548 ⁵
202 2541 233 2561 om.
289 2529 295 2546 ⁶
305 2530 335 2559 nd.
342 2529 430 2559 reuertan's.
487 2526 494 2545 ἵ
504 2529 524 2558 al.
532 2529 597 2558 Falbeo.
653 2529 659 2547 ⁸
670 2530 687 2559 E.
694 2530 752 2559 laxata.

49 2570 55 2588 ⁹
66 2571 83 2601 T.
91 2571 109 2602 E.
118 2571 197 2602 accedens.
239 2571 250 2589 ¹⁰
261 2571 279 2602 E.
287 2570 337 2601 nobis.
378 2569 388 2588 ¹¹
400 2570 417 2600 E.
425 2572 508 2600 accresset.
549 2568 560 2587 ¹²
571 2569 585 2600 lt
593 2570 606 2600 is
614 2569 630 2600 S.
638 2570 727 2600 Erneneus.
