1762 2803
116 118 157 162 108
305 118 384 171 muta
400 116 515 178 termut
531 115 623 178 antiit.

114 239 163 272 beati
174 238 223 272 Petri
236 239 313 283 apostoli
325 250 382 284 super
392 239 469 273 Weram
482 239 563 280 fluuium,
576 239 630 272 modo
641 248 685 272 vero
694 238 815 273 Weremuth¹

114 292 190 327 dicitur:
207 298 226 326 et
237 293 279 336 quia
290 304 337 327 vnus
350 293 406 327 abbas
418 293 489 326 duobus
502 290 538 326 illis
550 292 668 326 monasteriis
679 292 752 336 prefuit,
764 294 816 337 quasi

115 347 149 380 sub
162 345 216 380 vnius
229 346 334 380 monasterii
347 346 469 390 appellatione
482 346 533 379 Beda
542 347 565 379 de
577 345 613 379 illis
623 345 736 379 mentionem
747 346 816 382 faciens

115 399 192 442 scripsit.
216 398 273 432 Erant
282 404 343 432 autem
354 398 373 431 in
384 398 419 432 illis
430 398 509 442 amplius
520 408 575 442 quam
587 398 669 432 sexcenti
681 399 771 441 monachi,
782 400 816 433 sub

98 464 106 494 5
115 451 194 496 regulari
202 451 296 495 disciplina
304 453 338 485 deo
347 451 451 486 militantes.
475 451 574 495 Postquam
582 462 632 493 vero,
640 452 707 496 adepta
714 452 816 487 liberalium

115 505 180 537 artium
193 504 273 545 scientia,
284 504 376 537 excercitii
386 504 415 538 sui
428 504 522 546 ingenium
534 504 646 546 protriuerat
656 515 696 546 vsu,
708 505 763 538 etiam
774 516 817 548 pro-

115 556 171 589 sunda
179 560 283 589 sanctarum
291 555 423 599 scripturarum
431 556 551 599 penitranda²
561 555 633 600 ingredi
642 562 717 590 conatus
729 562 762 591 est.
784 556 818 591 Vir

114 608 177 651 vtique
190 608 300 643 venerabilis
314 608 426 643 Benedictus
439 609 495 643 abbas
510 609 613 652 girwensis,
626 608 724 653 quinquies
739 610 817 644 Romam

115 660 239 705 proficiscens,
252 661 340 696 librorum
352 661 504 696 innumerabilem
515 662 577 695 omnis
588 662 662 706 generis
672 663 743 707 copiam
754 674 817 698 secum

89 729 107 749 10
115 715 219 757 deferebat3
242 716 316 749 iubente
334 726 407 759 quoque
429 726 477 759 papa
495 715 592 757 Vitaliano,
611 716 729 749 Theodorum
748 717 818 750 arehie-

115 769 216 813 piscopum,
223 774 241 802 et
250 769 289 803 eius
297 770 386 812 collegam
393 769 496 803 Adrianum
505 770 595 811 abbatem,
605 769 717 803 Britanniam
726 770 818 814 perduxit,

115 822 215 866 vtriusque,
223 822 311 856 secularis
319 823 388 856 scilicet
398 828 416 856 et
426 822 549 856 ecclesiastice
557 822 673 866 philosophie
681 822 758 856 scientia
767 823 818 857 sufli-

116 875 186 909 cienter
197 876 301 918 instructos,
312 875 331 909 in
343 882 419 920 vtraque
432 876 498 920 lingua,
511 886 565 919 greca
575 875 660 909 videlicet
671 881 688 909 et
699 876 759 910 latina.
783 877 818 919 Qui

117 928 247 972 discipulorum
262 934 345 962 cateruas
360 934 498 972 congregantes,
512 929 589 962 metrice
604 929 654 971 artis,
668 929 786 972 astronomie,
800 936 818 963 et

91 994 108 1023 15
117 981 231 1014 arithmetice
247 982 369 1015 ecclesiastice
382 982 497 1025 disciplinam
512 981 560 1014 inter
575 992 668 1015 sacrorum
684 982 756 1025 apicum
767 983 818 1016 volu-

117 1034 167 1067 mina
177 1033 215 1067 suis
223 1034 335 1068 auditoribus
343 1034 464 1068 infundebant
469 1034 480 1067 ³.
503 1034 546 1067 Post
557 1034 598 1067 illos
605 1045 654 1074 vero,
663 1034 682 1068 in
690 1034 752 1077 lingua
762 1035 818 1068 latina

117 1086 171 1120 simul
183 1091 201 1119 ct
212 1097 266 1130 greca
278 1098 325 1130 eque
336 1092 355 1120 vt
367 1087 386 1120 in
397 1087 472 1131 propria
485 1087 584 1120 nonnullos
596 1087 677 1121 eruditos
689 1087 789 1131 discipulos
800 1087 819 1121 in

117 1138 211 1173 Britannia
224 1139 357 1182 relinquebant,
370 1150 381 1173 a
393 1140 459 1183 quibus
472 1140 580 1173 adolescens
593 1140 644 1174 Beda
657 1140 676 1173 in
688 1140 744 1174 latina
757 1140 819 1184 lingua

116 1202 154 1225 non
161 1191 277 1225 mediocriter
287 1192 392 1235 instructus,
400 1203 455 1236 grece
465 1203 537 1236 quoque
548 1203 585 1225 non
596 1203 653 1236 parua
665 1204 688 1227 ex
698 1199 750 1237 parte
761 1193 819 1227 scien-

90 1257 109 1278 20
116 1245 160 1278 tiam
175 1245 238 1288 attigit.
262 1245 360 1279 Preterea⁴
375 1251 393 1279 et
408 1246 552 1279 archicantorem
570 1251 633 1279 sancte
650 1256 726 1280 romane
741 1246 819 1281 ecclesie

117 1297 218 1332 Iohannem
229 1298 319 1341 abbatem,
329 1299 351 1333 ab
361 1298 470 1343 Agathonel
480 1309 529 1343 papa
541 1299 636 1342 directum,
645 1299 718 1344 legendi
728 1304 746 1334 et
755 1300 819 1334 modu-

117 1352 166 1385 landi
176 1351 238 1384 habuit
248 1357 382 1395 preceptorem.
405 1352 474 1385 Habuit
485 1357 503 1385 et
514 1352 559 1385 alios
569 1353 688 1396 quamplures
696 1353 715 1386 in
723 1353 819 1396 scripturis

117 1404 185 1438 sanctis
198 1403 301 1438 instructos.
324 1404 398 1449 Quippe
409 1404 457 1438 inter
471 1409 569 1438 sexcentos
581 1404 683 1439 monastice
694 1405 758 1439 militie
770 1415 820 1439 com-

117 1457 208 1491 militones
214 1458 356 1501 degens-hunc
361 1452 410 1492 enim
417 1468 515 1491 numerum
520 1457 602 1497 fratrum,
607 1463 627 1492 vt
633 1458 749 1501 premittitur,
754 1459 820 1502 legitur

92 1522 109 1551 ²5
118 1510 205 1543 habuisse
217 1510 342 1553 supradictum
354 1511 479 1554 apostolorum
491 1511 541 1544 Petri
553 1516 571 1544 et
583 1511 634 1544 Pauli
646 1512 819 1546 monasterium-in

119 1562 196 1606 singulis
211 1563 325 1596 emulabatur
342 1563 438 1596 carismata
453 1563 533 1605 meliora,
548 1569 572 1604 vt,
588 1564 636 1607 quod
654 1564 732 1608 quisque
747 1564 820 1599 illorum

105 1615 219 1659 'spiritualis
234 1616 310 1649 scientie
325 1616 433 1659 accepisset,
446 1616 477 1650 ille
492 1622 551 1650 totum
567 1628 590 1651 ex
605 1617 682 1660 singulis
697 1618 820 1661 perdiscendo

119 1669 231 1701 conbiberet.
255 1668 276 1701 ln
286 1669 320 1701 hec
331 1674 446 1702 sacrosancte
456 1669 572 1712 philosophie
583 1670 643 1703 studia
654 1681 695 1703 cum
707 1671 820 1704 incremento

119 1731 209 1754 annorum
223 1722 280 1754 creuit
293 1726 311 1754 et
324 1722 382 1764 gratia
393 1722 514 1764 spiritualium
526 1723 621 1764 donorum,
629 1728 649 1756 vt
661 1734 702 1756 cum
714 1723 779 1766 spiritu
791 1734 820 1756 sa-

92 1772 188 1817 gopientie
199 1778 217 1807 et
228 1773 331 1808 intellectus
344 1773 436 1817 acciperet
450 1774 504 1808 etiam
516 1775 601 1818 spiritum
617 1775 687 1810 timoris
697 1776 771 1818 domini,
784 1788 821 1820 quo

119 1826 210 1871 castigans
222 1837 289 1870 corpus
302 1837 356 1860 suum
368 1832 386 1861 et
398 1826 417 1860 in
430 1827 539 1861 seruitutem
553 1827 644 1872 redigens,
657 1828 711 1862 sciret
722 1840 755 1863 vas
767 1840 820 1863 suum

118 1879 214 1924 possidere
227 1879 246 1913 in
260 1879 414 1914 sanctificationeB
427 1886 445 1914 et
461 1880 547 1915 honore⁷.
570 1881 695 1915 Nonodecimo
709 1887 770 1916 autem
784 1882 821 1916 vite

119 1944 152 1967 sue
171 1944 219 1968 anno
237 1933 358 1975 diaconatum,
375 1933 466 1967 tricesimo
484 1935 561 1977 gradum
577 1935 715 1978 presbiteratus,
730 1946 741 1969 a
757 1941 821 1969 sancto

120 1986 201 2021 Iohanne
210 1985 340 2020 Beuerlacensi
350 1986 436 2030 suscepit.
459 1987 477 2020 Α
486 1998 522 2031 quo
532 1992 622 2031 tempore,
631 1993 651 2021 vt
660 1987 710 2021 idem
722 1988 773 2022 Beda
784 1993 821 2022 tes·

92 2052 110 2082 35
119 2040 179 2084 ta[tur,
191 2038 240 2074 inter
251 2039 390 2074 obseruanciam
402 2038 497 2085 discipline
510 2040 599 2085 regularis
611 2046 629 2076 et
641 2041 750 2076 cotidianam
762 2041 781 2076 in
793 2052 821 2076 ec·

119 2094 175 2127 clesia
188 2093 273 2127 cantandi
284 2104 306 2126 cu
312 2093 371 2136 ⁸]ram,
384 2105 457 2127 omnem
467 2095 589 2128 meditandis⁹
599 2095 699 2138 scripturis,
709 2095 727 2129 in
738 2095 821 2129 eiusdem

119 2146 225 2181 monasterii
237 2145 348 2181 habitatione
360 2147 416 2181 vitam
430 2147 505 2189 ducens,
518 2158 593 2192 operam
606 2148 660 2192 dedit,
672 2153 690 2183 et
704 2159 778 2192 semper
791 2154 822 2183 aut

119 2200 190 2234 discere
199 2205 229 2233 aut
237 2200 319 2233 scribere
327 2200 379 2234 dulce
387 2201 450 2234 habuit
458 2207 488 2234 aut
497 2202 568 2235 docere.
592 2201 671 2244 insuper
680 2207 698 2235 et
708 2201 726 2234 in
735 2202 822 2245 explana-

119 2252 169 2286 tione
179 2257 283 2286 sanctarum
292 2252 424 2296 scripturarum
434 2253 502 2296 ingenii
512 2253 540 2287 sui
549 2253 622 2287 laxabat
631 2264 714 2295 acumen,
723 2254 822 2297 pluresque

92 2317 112 2347 40
120 2305 208 2340 catholice
223 2305 330 2340 eruditionis
345 2306 402 2340 libros
418 2306 522 2348 conficiens,
536 2306 622 2351 quicquid
638 2312 714 2341 eatenus
729 2307 822 2349 discendo,

120 2359 204 2403 legendo,
217 2365 235 2393 et
247 2359 352 2393 meditando
365 2361 454 2393 mundum
468 2360 535 2394 animal
547 2360 677 2401 ruminauerat,
688 2365 746 2394 totum
758 2362 781 2395 ad
793 2361 822 2395 dei

121 2412 193 2446 laudem
205 2412 302 2447 scribendo
313 2424 334 2447 ac
346 2414 429 2447 docendo
434 2414 447 2432 ¹⁰
459 2415 569 2448 eructuabat.
593 2413 639 2447 Cum
652 2413 706 2457 igitur
717 2419 755 2448 tam
767 2414 822 2449 subli-

142 2495 147 2512 ¹
157 2497 175 2525 T.
181 2498 263 2526 wermuth.
304 2498 310 2514 ²
320 2498 338 2528 T.
347 2500 449 2535 penetranda.
489 2499 495 2515 ³
506 2499 531 2528 Cl‘⁴
538 2498 574 2526 Vita
581 2497 655 2535 Adriani,
666 2499 710 2528 Beda
718 2500 739 2528 H.
747 2500 765 2528 E.
773 2500 802 2535 lV,
809 2509 823 2528 2.

121 2536 127 2554 ⁴
137 2536 155 2565 E.
164 2536 237 2565 Preteria.
292 2536 297 2553 ⁵
308 2538 326 2566 E.
333 2542 405 2574 agatone.
460 2536 465 2553 Β
476 2538 493 2567 E.
501 2538 645 2568 sanctificationem,
698 2538 704 2555 ⁷
715 2539 733 2570 E.
741 2540 822 2569 honorem¹

121 2576 127 2594 ⁸
137 2586 155 2606 so
163 2575 190 2612 T.;
200 2585 230 2605 orn.
238 2576 253 2604 in
261 2575 279 2606 E.
339 2578 345 2596 ⁰
356 2577 374 2607 E.
382 2577 476 2608 meditantis.
538 2577 549 2595 Ν
560 2577 578 2607 E.
586 2577 657 2609 dicendo.
