1762 2803
95 112 123 164 5⁶
285 106 364 158 mli&
380 103 496 165 stlsssslfflfl
511 102 603 165 finalia

94 226 145 261 fratri
160 227 230 261 cautius
245 226 395 261 custodiendum¹
409 226 468 260 tradit.
492 224 580 269 Sequenti
592 235 637 259 vero
651 224 680 258 die
694 224 750 258 frater
765 223 795 257 ille

94 282 165 315 tabulas
178 287 220 315 ante
234 281 306 323 lectum,
320 291 362 314 cera
375 280 409 313 hac
421 279 497 323 illacque
509 278 609 312 frustratim
621 278 710 325 dispersa,
722 277 795 320 reperit.

96 334 164 369 Iterum
172 334 282 378 scripturam
291 338 370 377 reparat,
380 333 466 366 volumen
477 331 579 376 paruulum,
589 331 622 365 sed
632 330 765 364 sententiarum
774 341 795 364 ac

95 387 213 421 subtilissime
224 386 383 430 contemplationis
395 386 478 429 pondere
492 396 584 428 magnum,
596 385 644 428 quod
657 381 794 426 ‘Prosologion'

78 449 86 478 5
95 439 171 480 uocauit,
179 439 222 473 inde
230 439 337 482 composuit.
379 431 429 473 Cum
438 438 487 472 enim
495 442 552 472 totam
560 448 593 471 sue
600 436 668 471 mentis
675 436 796 470 intentionem

95 492 114 526 in
133 497 257 536 contemptum
273 490 337 525 mundi
354 490 493 535 composuisset,
510 495 528 524 et
545 490 574 524 his
590 489 633 524 solis
649 500 684 533 que
700 488 729 524 dei
745 493 796 522 erant

95 547 175 580 studium
189 556 242 579 suum
255 545 351 586 infixisset,
365 545 439 588 contigit
452 550 472 578 vt
484 543 590 577 infirmitate
605 548 701 587 correptus
716 541 797 586 grauiter

95 600 211 643 affligeretur.
234 597 257 632 Et
275 603 339 642 raptus
357 598 376 631 in
395 608 473 632 excessu
492 595 565 639 mentis,
583 595 628 630 vidit
647 595 723 630 fluuium
739 605 796 629 vuum

95 653 179 697 rapidum
193 657 247 696 atque
260 651 373 695 precipitem,
386 650 405 684 in
418 662 474 695 quem
490 650 606 684 confluebant
618 650 700 683 omnium
712 649 796 682 ssuxuum

69 711 200 750 repurgatum,
211 710 229 739 et
240 705 323 739 omnium
336 715 399 739 rerum
414 710 463 738 terre
476 705 541 737 sordes
555 710 573 738 et
585 704 672 738 lauature.
695 702 797 736 Videbatur

95 760 156 802 itaque
168 769 215 801 aqua
226 757 281 792 nimis
293 757 365 792 turbida
376 762 394 791 et
404 757 499 791 immunda
509 761 527 790 et
539 756 589 790 omni
599 755 731 800 spurciciarum
742 755 797 789 sorde

96 811 175 844 horrida.
195 809 286 854 Rapiebat
294 810 349 853 igitur
356 810 375 842 in
384 820 404 842 se
412 809 498 852 quicquid
506 809 597 852 attingere
605 813 681 852 poterat,
691 812 708 841 et
716 808 797 840 inuolue-

96 865 127 898 bat
142 867 179 897 tam
194 863 243 897 viros
259 873 313 906 quam
329 862 420 903 mulieres,
436 861 502 895 diuites
518 867 536 895 et
551 860 616 905 inopes
633 860 693 893 simul.
720 860 797 903 Cunque

97 916 198 950 Anselmus
211 920 249 950 tam
260 916 359 950 obscenam
371 915 444 949 illorum
459 914 593 948 reuolutionem
605 913 704 948 miseratus
715 912 797 954 vidisset,

71 980 88 1009 15
97 969 130 1013 [et]
138 970 187 1003 vnde
197 969 281 1003 uiuerent
292 974 323 1002 aut
334 970 383 1002 vnde
394 968 443 1001 sitim
455 967 577 1001 refocillarent
588 967 700 1011 inquireret3
712 966 743 1010 qui
755 977 797 1001 eum

97 1022 218 1056 comitabatur
229 1020 308 1055 asseruit
319 1031 352 1055 eos
364 1032 385 1055 ea
397 1031 433 1065 qua
445 1021 565 1055 trahebantur
575 1031 623 1064 aqua
631 1019 693 1055 viuere
703 1019 799 1053 delectari·

97 1087 138 1120 que.
167 1075 190 1109 Et
205 1075 266 1109 addit:
282 1075 374 1109 ‘Torrens
389 1073 453 1108 mundi
468 1079 497 1108 est
512 1075 561 1117 quod
577 1073 635 1114 vides,
651 1084 687 1117 quo
702 1072 798 1117 rapiuntur

98 1134 116 1163 et
127 1129 245 1162 inuoluuntur
255 1128 339 1161 homines
352 1128 420 1161 mundi.
442 1127 505 1168 Visne,
517 1127 541 1160 ait
555 1129 619 1161 ductor
632 1127 668 1167 ille,
680 1127 743 1161 videre
755 1126 798 1170 quid

97 1181 121 1215 sit
128 1191 184 1215 verus
194 1181 314 1215 monachatus
321 1181 336 1214 t'
360 1180 475 1224 Respondit:
488 1179 555 1213 ‘Volo’
579 1179 602 1212 Et
612 1178 663 1213 duxit
673 1179 752 1212 illumin
762 1189 798 1212 am-

71 1244 89 1265 ro
98 1233 201 1278 piissimum
211 1233 316 1275 claustrum,
325 1232 376 1266 cuius
383 1233 464 1275 parietes
474 1232 547 1266 obducti
555 1237 607 1266 erant
615 1238 690 1275 argento
700 1232 799 1275 purissimo

97 1292 115 1320 et
121 1285 203 1320 candido.
219 1285 284 1320 Herba
289 1296 361 1330 quoque
366 1285 427 1320 medie
432 1285 517 1329 planiciei
522 1285 585 1320 virens
591 1290 629 1319 erat
636 1290 654 1319 et
660 1286 701 1329 ipsa
707 1291 799 1329 argentea,

97 1337 157 1372 mollis
169 1343 187 1371 et
197 1339 245 1371 vltra
256 1339 357 1372 humanum
368 1339 481 1372 intellectum
495 1338 613 1373 delectabilis.
637 1338 697 1372 Locus
708 1339 739 1372 ille
750 1344 799 1372 totus

98 1397 137 1425 erat
147 1401 230 1433 amenuS,
244 1396 262 1425 et
275 1391 364 1435 precipua
379 1391 489 1426 iocunditate
502 1391 589 1436 repletus.
612 1391 636 1425 Et
648 1391 672 1425 ait
683 1392 747 1425 ductor
756 1390 798 1424 ille:
819 1427 823 1436 .

99 1444 142 1478 ‘Vis
150 1444 212 1478 videre
223 1444 278 1487 quid2
289 1444 312 1478 sit
321 1444 410 1487 patientia
419 1446 486 1478 verat*
509 1445 562 1486 Quod
572 1455 614 1479 cum
623 1445 653 1478 ille
663 1445 740 1478 multum
751 1444 800 1478 desi·

72 1508 90 1538 25
100 1499 165 1532 derare
175 1496 249 1539 diceret,
260 1497 283 1531 ad
295 1507 316 1531 se
328 1496 388 1532 subito
399 1508 491 1540 reuersus,
500 1497 591 1533 visionem
603 1502 621 1532 et
633 1496 672 1532 eius
684 1502 800 1532 ostensorem

100 1552 164 1586 dolens
175 1550 245 1595 pariter
258 1550 324 1585 amisit.
362 1544 413 1586 Cum
426 1551 500 1594 quidam
513 1552 569 1585 abbas
579 1551 602 1584 de
613 1551 642 1585 his
653 1562 688 1596 que
700 1551 800 1585 monastice

100 1603 194 1647 religionis
209 1609 261 1636 erant
276 1614 318 1637 cum
332 1603 422 1637 Anselmo
435 1605 546 1648 loqueretur,
559 1605 608 1638 inter
621 1605 656 1639 alia
669 1606 692 1638 de
705 1604 768 1648 pueris
781 1604 800 1637 in

100 1658 179 1690 claustro
197 1655 270 1690 nutritis
285 1657 363 1691 verbum
379 1657 476 1699 conseruit,
492 1658 566 1692 dicens:
583 1657 640 1698 ‘Quid
646 1656 658 1699 ²,
672 1658 754 1699 obsecro,
770 1657 801 1692 fiet

100 1711 123 1744 de
138 1708 189 1743 istis?
214 1709 248 1743 Die
262 1714 280 1743 et
293 1714 347 1744 nocte
360 1721 397 1744 non
410 1721 505 1745 cessamus
523 1721 555 1745 eos
571 1711 680 1745 verberare:
695 1717 713 1745 et
725 1721 801 1754 semper

73 1774 92 1802 50
100 1763 202 1797 deteriores
213 1763 269 1797 fiunt.¹
293 1764 348 1798 ‘Cum
359 1764 415 1798 adulti
423 1770 471 1806 sunt¹
481 1764 541 1808 inquit
547 1765 655 1807 Anselmus,
664 1765 728 1808 quales
736 1765 800 1799 suntl'

101 1817 124 1850 Et
135 1815 175 1850 ille:
192 1815 289 1850 ‘Hebetes
302 1842 307 1860 ,
319 1816 382 1860 inquit,
394 1823 412 1852 et
423 1817 520 1852 bestiales!
543 1817 644 1851 Anselmus
660 1817 716 1852 dixit:
731 1817 801 1860 ‘Quam

100 1871 147 1903 bene
168 1868 301 1903 nutrimentum
319 1875 401 1903 vestrum
420 1870 546 1913 expendistis!
563 1870 599 1904 de¹
612 1871 718 1905 hominibus
732 1872 801 1905 bestias

99 1921 222 1958 nutriuistisl'
245 1922 322 1965 ‘Medis
337 1922 367 1966 ait,
383 1922 448 1967 quibus
463 1933 569 1968 possumus,
581 1923 724 1969 constringimus
737 1935 769 1959 eos
781 1927 801 1959 vt

99 1976 201 2020 proficiant,
211 1982 230 2010 et
240 1976 296 2010 nichil
306 1976 421 2020 proficimus.¹
443 1978 545 2012 Anselmus
552 1978 587 2012 ait:
598 1978 647 2019 ‘Dic,
656 1976 720 2022 queso,
727 1977 802 2012 domine

72 2039 91 2068 35
100 2030 147 2063 abba
152 2028 164 2071 ⁶,
176 2028 192 2061 si
203 2029 285 2072 plantam
297 2030 367 2063 arboris
378 2030 397 2062 in
408 2035 448 2064 orto
460 2036 491 2064 tuo
502 2032 597 2075 plantares
607 2037 625 2065 et
635 2041 679 2065 mox
689 2031 739 2065 illam
751 2030 802 2065 omni

100 2094 123 2116 ex
131 2087 184 2126 parte
191 2081 216 2115 ita
224 2082 345 2116 concluderes
353 2088 372 2117 vt
382 2092 443 2117 ramos
454 2094 498 2118 suos
508 2084 612 2119 nullatenus
622 2085 724 2119 extendere
733 2088 801 2128 posset,

100 2141 142 2179 post
158 2134 226 2178 aliquot
241 2145 300 2169 annos
313 2136 372 2179 qualis
385 2138 440 2171 arbor
455 2137 498 2171 inde
511 2138 606 2181 prodiret?
629 2137 713 2171 Profecto
728 2138 802 2179 inutilis,

100 2188 181 2222 incuruis
190 2188 246 2221 ramis
257 2193 275 2222 et
285 2189 390 2232 perplexis!
414 2190 437 2223 Et
447 2190 482 2224 hoc
491 2201 515 2224 ex
526 2190 577 2225 cuius
586 2191 640 2234 culpa
649 2191 757 2232 procederet
766 2191 802 2225 nisi

100 2248 137 2283 tua,
149 2240 180 2284 qui
193 2251 233 2275 eam
245 2241 366 2276 immoderate
380 2243 496 2277 conclusisti?
519 2244 573 2278 Certe
587 2244 621 2277 hoc
634 2243 691 2277 tacitis
704 2245 727 2277 de
739 2244 802 2287 pueris

73 2304 92 2332 40
100 2293 177 2328 vestris:
189 2292 266 2328 Plantati
275 2299 318 2328 sunt
328 2293 347 2327 in
356 2299 396 2328 orto
406 2295 483 2330 ecclesie
490 2301 510 2330 vt
521 2300 605 2330 crescant
615 2300 633 2329 et
643 2294 752 2330 fructificent
762 2297 802 2332 deo.

101 2347 140 2381 Vos
151 2351 212 2381 autem
224 2347 243 2381 in
254 2353 325 2382 tantum
334 2348 441 2392 terroribus,
452 2349 507 2383 minis
520 2354 538 2383 et
548 2348 656 2383 verberibus
668 2349 749 2393 vndique
761 2350 803 2383 illos

102 2399 191 2441 coartatis,
206 2405 226 2435 vt
240 2402 291 2435 nulla
302 2401 376 2446 penitus
391 2402 426 2436 sibi
441 2402 495 2437 liceat
510 2403 593 2436 libertate
608 2401 667 2446 potiri.
696 2402 759 2446 Itaque
774 2403 802 2436 in-

102 2452 192 2487 discretel
207 2454 298 2498 oppressi,
313 2466 380 2500 prauas
396 2451 414 2491 et
430 2456 525 2501 spinarum
540 2465 591 2489 more
604 2454 704 2500 perplexas
720 2455 769 2490 intra
782 2466 803 2490 se

121 2516 291 2550 ¹Vit.cust0diendas,
357 2521 447 2559 ²E.quod.
515 2520 549 2550 lT.
557 2521 622 2551 hebetis.
690 2520 803 2559 ‘Vitquide
857 2548 859 2553 .

100 2558 106 2575 ⁵
118 2557 135 2586 E.
143 2557 224 2593 abbas5T.
232 2558 275 2588 abba.
336 2559 342 2577 ⁰
352 2561 370 2590 Τ.
378 2561 462 2591 indiscreti.
