1762 2803
110 149 112 154 ’
131 150 176 195 500
322 136 402 189 unte
418 132 534 196 terente
550 133 642 197 anate.
708 136 833 182 [rreum.

129 256 188 302 patris
203 255 302 301 vnigenito,
318 255 415 291 benedicte
429 255 505 301 virginis
519 256 577 291 Marie
594 256 661 291 dilecto
678 256 777 300 coniuncte
796 256 833 290 filio

130 309 189 345 leticia
200 308 317 345 inenarrabili
328 315 346 344 et
358 308 469 343 exultatione
480 310 582 353 gaudentes
593 315 657 345 eterna
668 308 708 343 sine
720 310 757 344 fine
769 320 832 352 regna·

129 364 180 406 bunt,
188 363 218 407 qui
230 368 259 397 est
269 373 354 397 unacum
366 368 424 397 matre
434 372 472 405 sua,
480 363 574 407 virginum
584 373 678 399 sacrarum
690 362 720 407 pia
731 367 749 398 et
760 363 832 407 perpeti

129 418 198 462 regina,
206 416 313 452 benedictus
322 415 341 451 in
349 416 410 452 secula
417 415 484 452 Amen.
493 436 515 441 -
522 436 544 442 -

139 526 150 562 {l
161 525 239 558 Explicit
246 525 320 553 historia
326 533 373 553 noua
379 525 460 553 vndeoim
467 526 535 553 milium
542 525 635 560 virginum,
643 527 661 553 et
667 525 746 558 sequitur
756 524 791 552 elia
801 524 822 552 de

300 577 373 609 antiqua
380 576 474 603 earundem
480 576 554 603 historia
561 578 641 609 excerpta
645 573 656 603 ¹.

111 652 119 683 5
172 633 219 667 Uale
227 634 262 667 hoc
271 634 300 666 die
308 633 327 666 in
335 633 375 667 celo
383 633 449 666 sactum
458 638 486 667 est
494 632 598 676 tripudium,
605 633 663 677 qualis
671 643 759 667 occursus
767 642 832 676 super-

194 698 260 720 norum
274 686 351 720 ciuium!
364 697 400 730 que
413 685 499 720 exultatio
515 686 645 730 apostolorum,
658 696 713 730 quam
729 686 831 721 communis

129 740 186 783 gloria
201 742 297 774 martirum
311 746 453 782 sanctarumque
464 739 560 783 virginum,
572 740 596 773 de
609 745 707 783 augmento
721 739 791 773 ordinis
804 740 832 773 sui

129 791 252 835 gloriantium,
271 793 339 835 lquam
357 793 424 825 deuota
442 791 573 835 congratulatio
592 791 737 835 patriarcharum
753 796 771 825 et
790 803 832 825 con-

128 845 243 881 fessoruml!
274 845 298 880 Vt
317 845 371 879 etiam
388 844 418 879 illa
433 844 509 879 Colonia
525 845 584 887 beata,
603 849 622 880 et
640 844 778 889 incomparabili
797 845 831 879 hoc

102 910 120 932 ιο
129 901 216 934 thezauro
231 899 306 941 beatior,
319 899 375 933 sciret
388 903 476 942 quantum
491 899 618 933 sacratissimis
632 899 724 942 virginum
740 899 831 933 cineribus

130 952 212 996 [honoris
224 951 374 994 et]³reuerentie
387 961 462 994 semper
473 951 554 993 deberet,
564 950 583 983 in
595 962 628 985 sua
640 951 748 985 liberatione
760 956 788 985 est
800 962 831 985 ex-

128 1009 181 1048 perta
190 1015 245 1047 quam
254 1004 347 1047 ‘preciosa
358 1003 377 1037 in
390 1008 490 1046 conspectu
502 1003 571 1037 domini
584 1014 634 1038 mors
646 1006 718 1038 earum’
730 1004 801 1045 suisset,
814 1009 831 1038 et

128 1068 183 1102 quarn
198 1057 295 1101 magnifice
307 1056 326 1089 in
342 1056 417 1090 consilio
430 1061 535 1090 sanctorum
548 1056 632 1090 viuerent
644 1067 722 1100 quarum
735 1058 785 1090 nuda
796 1057 831 1090 sor-

128 1112 176 1146 sitan
188 1121 264 1155 corpora
275 1115 346 1144 tantum
357 1109 465 1154 potuissent.
495 1109 542 1144 Nam
554 1116 628 1154 peraeta
639 1115 677 1144 tam
691 1109 764 1145 beluina
775 1109 831 1153 rabie,

101 1173 119 1205 1¹5
128 1164 180 1208 quasi
188 1163 285 1197 tortoribus
293 1163 328 1197 illis
339 1163 435 1197 manifeste
447 1163 493 1197 deus
502 1162 578 1197 calicem
586 1163 618 1204 ire,
626 1162 721 1206 vertiginis
732 1168 750 1197 et
760 1162 831 1197 insanie

128 1216 237 1259 miscuisset,
248 1215 296 1250 ‘dati
308 1221 350 1250 sunt
362 1216 380 1249 in
392 1215 492 1259 reprobum
504 1217 590 1257 sensum,'
600 1215 722 1259 videruntque
732 1221 759 1250 tot
772 1226 831 1249 arma·

128 1276 188 1304 torum
200 1270 253 1311 acies,
266 1274 310 1313 quot
320 1269 412 1312 virginum
428 1269 531 1312 [corpora]³
543 1269 685 1310 trucidauerant,
698 1274 831 1312 persequentes

128 1334 154 1364 se,
161 1323 184 1356 ad
192 1333 268 1365 quarum
276 1322 365 1364 impeturn
373 1321 430 1355 effera
437 1321 468 1354 illa
474 1321 573 1363 barbaries,
582 1327 600 1355 et
607 1326 649 1365 post
661 1321 786 1365 triumphnm⁴
795 1322 831 1354 iarn

128 1374 183 1424 fuge}¹
191 1375 259 1418 nescia,
267 1386 304 1409 non
314 1376 389 1409 auderet
398 1374 503 1408 subsistere.
527 1374 541 1408 F
542 1375 601 1419 ugatis
610 1374 664 1419 igitur
670 1373 677 1394 ⁰
684 1374 735 1419 pacis
743 1373 831 1415 hostibus,

101 1443 120 1468 ao
128 1430 219 1464 conclusis
234 1429 305 1464 ciuibus
320 1429 413 1473 insperata
425 1439 462 1472 pax
474 1429 546 1463 reddita
559 1435 593 1471 est,
606 1429 698 1473 longoque
712 1429 761 1463 luctu
777 1429 830 1462 soluti

128 1481 249 1516 Colonienses
260 1481 318 1525 portis
330 1487 440 1524 eruperunt:
453 1487 471 1515 et
479 1492 521 1515 ecce
530 1481 599 1524 passim
611 1492 668 1525 super
676 1483 744 1515 nudam
755 1482 831 1514 humum

129 1535 224 1568 inhumata
234 1535 325 1578 virginum
337 1535 427 1568 cadauera
438 1533 555 1568 inuenerunt.
581 1534 620 1568 Nec
632 1534 711 1568 multum
722 1545 755 1568 eos
766 1545 796 1567 res
807 1534 831 1566 fe·

128 1588 179 1629 sellit,
188 1588 257 1631 quippe
265 1587 296 1631 qui
308 1588 343 1621 iam
355 1587 427 1630 pridem
438 1587 574 1621 transeuntium
586 1587 654 1622 ibidem
666 1592 770 1621 sanctarum
780 1587 831 1631 puel·

129 1642 189 1675 larum
200 1646 268 1684 vestes,
280 1639 352 1674 habitus
363 1645 382 1674 et
393 1650 450 1673 naues
462 1645 557 1674 nonerunt.
586 1641 624 1675 Sed
636 1640 678 1685 quia
689 1640 741 1674 facile
752 1640 831 1674 animad-

101 1707 119 1737 25
129 1700 223 1729 uerterant
233 1695 309 1728 deuotas
321 1694 355 1727 deo
363 1695 443 1737 virgines
454 1704 488 1737 pro
498 1694 634 1727 conseruando⁷
643 1694 729 1737 pudicitie
739 1694 831 1737 signaculo

128 1749 147 1782 in
160 1758 219 1791 agone
230 1746 307 1781 martirii
320 1746 432 1788 occubuisse,
445 1756 502 1790 seque
513 1757 577 1780 earum
592 1746 746 1790 patrocinantibus
760 1746 830 1780 meritis

129 1812 166 1835 non
182 1802 236 1834 modo
251 1804 330 1834 mortem
346 1800 380 1833 sed
395 1800 451 1833 etiam
466 1800 556 1833 cruciatus
571 1800 692 1833 barbarorum
708 1799 757 1833 omni
773 1804 831 1832 morte

128 1852 222 1898 grauiores
230 1853 322 1887 euasisse:
335 1852 416 1887 unanimi
426 1863 523 1893 consensu,
531 1863 569 1885 non
577 1852 629 1896 quasi
641 1852 725 1887 homines
737 1853 770 1886 sed
779 1850 830 1895 quasi

128 1910 183 1941 deum
194 1908 213 1941 in
223 1908 308 1940 humanis
320 1907 426 1950 corporibus
437 1911 552 1948 venerantes,
564 1916 602 1939 non
612 1905 695 1950 priuatis,
703 1916 740 1939 non
752 1904 830 1950 publicis

100 1972 120 2002 30
128 1960 231 2004 sumptibus
242 1965 371 2004 pepercerunt,
382 1959 426 1993 dum
439 1970 476 1993 non
488 1960 542 1993 modo
555 1959 672 1993 humanitatis
687 1958 752 2002 officio,
765 1968 830 1993 verum

128 2015 183 2049 etlam
191 2014 292 2047 humillime
300 2012 424 2047 venerationis
433 2013 493 2047 studio
501 2023 535 2057 pro
543 2023 564 2046 se
573 2013 667 2057 qui[s]que
674 2012 795 2056 lsatagentes
801 2010 830 2044 alii

128 2068 214 2101 dilaniata
231 2067 343 2108 disiectaque
361 2067 457 2099 martirum
473 2067 557 2100 membra
571 2071 673 2109 congerunt
679 2066 690 2106 ⁹,
706 2066 735 2099 alii
748 2065 830 2099 vestibus

128 2119 239 2165 cooperiunt,
247 2118 276 2152 alii
284 2124 352 2152 terram
360 2118 453 2160 effodiunt,
461 2117 491 2153 alii
499 2117 616 2163 sarcophagis
625 2117 731 2162 imponunt3
743 2118 830 2160 breuique

127 2178 216 2218 tempore,
225 2173 271 2207 sicut
284 2172 339 2206 hodie
349 2173 385 2207 illic
397 2178 425 2207 est
436 2182 518 2213 cernere,
529 2172 644 2206 sanctissime
651 2172 744 2215 virginum
754 2170 829 2214 reliquie

101 2239 120 2270 35
128 2228 152 2260 ad
168 2231 250 2259 eternam
270 2226 407 2260 Coloniensium
424 2226 501 2269 gloriam
515 2230 641 2268 pausauerunt
656 2224 674 2258 in
689 2236 740 2268 pace.
764 2225 792 2258 Ex
807 2233 829 2257 eo

128 2280 165 2314 iam
176 2284 271 2313 crescente
283 2278 344 2312 diuina
355 2279 443 2322 religione
453 2290 490 2312 non
503 2279 557 2311 modo
567 2278 685 2320 consuetudo,
697 2280 730 2313 sed
741 2289 775 2322 pro
787 2287 829 2311 con-

128 2332 224 2366 suetudine
236 2337 371 2365 sacramentum
383 2332 454 2364 ciuibus
466 2331 547 2372 inoleuit‚
555 2335 574 2364 vt
583 2331 631 2365 intra
641 2332 729 2364 ambitum
737 2329 829 2373 virginalis

127 2385 222 2430 sepulture
233 2395 288 2417 nemo
296 2394 354 2428 usque
365 2383 419 2417 hodie
431 2384 538 2427 cuiusquam
547 2383 614 2417 mortui
624 2395 691 2427 corpus
702 2384 768 2418 audeat
777 2392 829 2425 sepe·

146 2518 152 2535 ²
162 2516 201 2546 This
209 2517 222 2546 is
229 2516 281 2546 added
287 2515 326 2544 from
334 2516 361 2545 the
368 2514 424 2544 Passio
432 2513 504 2544 undecim
512 2514 576 2543 millium
584 2515 667 2552 virginum,
675 2514 714 2552 Cap.
721 2524 731 2552 3
738 2518 754 2544 et
760 2523 774 2552 4,
781 2512 805 2542 ed.
813 2510 829 2539 in

126 2556 360 2593 Act.ss.130n.p.161,17ff.
398 2554 457 2583 Uorn.
466 2555 482 2583 in
490 2555 508 2585 B.
543 2555 587 2584 ³om.
630 2555 659 2584 ⁴13.
667 2555 759 2592 triumphos.
798 2550 828 2579 ὅΒ-

126 2598 185 2635 fugere.
223 2596 310 2632 “aergo
346 2595 505 2625 ⁷B.conseruande.
542 2593 647 2633 ”Equique
684 2592 828 2631 ⁹E.coltegerunt·
