1762 2803
249 100 295 155 Dc
310 98 409 152 &unctu
425 98 546 160 pauide.
705 100 748 143 281

49 222 136 257 seruitute
151 222 221 257 luerat:
239 222 270 257 vbi
283 222 328 257 vidit
343 221 478 256 multitudinem
493 219 581 265 gentium,
596 220 695 254 aduentum
710 219 751 253 eius

48 276 189 318 expectantium.
213 276 260 309 Nam
268 286 302 319 per
309 274 366 308 multa
373 280 457 319 tempora
464 273 513 318 magi
521 279 539 308 et
550 272 640 317 prophete
651 273 750 307 aduentum

49 327 121 361 Patricii
128 328 253 372 predixerunt,
262 327 354 362 dicentes:
367 327 469 361 ‘Adueniet
474 327 529 360 homo
537 336 579 359 cum
586 336 620 360 suo
628 325 678 369 ligno
683 325 694 365 ¹,
699 324 751 358 euius

49 390 115 413 mensa
126 381 160 414 erit
170 381 189 414 in
199 381 269 414 oriente
279 381 345 413 domus
354 390 393 422 sue,
402 386 420 414 et
431 379 510 423 populus
522 379 562 412 eius
573 383 685 412 retrorsum:
697 382 716 411 et
727 386 751 410 ex

50 442 84 465 sua
91 443 156 466 mensa
167 432 261 475 cantabit²‚
270 438 288 466 et
299 431 368 466 familia
379 431 497 477 respondebit
507 431 523 465 ei
535 441 595 465 amen.
618 429 654 464 Hic
666 440 708 464 cum
719 430 769 468 ad·5

51 487 129 528 uenerit,
135 487 179 521 deos
185 491 259 521 nostros
265 487 352 528 destruet,
358 486 427 530 templa
433 486 532 525 subuertet‚
539 494 593 528 reges
601 483 635 518 sibi
643 483 752 518 resistentes

50 539 130 579 occidet;
142 545 160 574 et
167 539 249 574 doctrina
255 539 295 573 eius
300 539 384 583 regnabit
389 539 407 572 in
414 539 497 573 seculum
505 538 571 572 seculi!
587 537 671 581 Precepit
679 535 752 570 autem³

50 601 85 623 rex
97 591 144 624 illius
156 592 256 635 prouincie,
268 592 343 624 nomine
356 592 451 634 Leogaire,
462 591 536 633 populis
549 589 593 631 suis,
605 595 625 622 vt
638 589 708 622 solicite
721 590 753 621 ad-

50 648 127 678 uentum
135 643 175 679 eius
183 648 324 689 expectantes,a
331 643 399 678 finibus
407 642 445 678 suis
453 642 563 686 repellerent
571 651 619 677 eum.
636 641 682 676 Cum
690 645 752 675 autem

51 695 141 730 Patricius
148 696 219 731 veniret
226 697 249 731 ad
257 701 331 739 terram,
339 695 448 730 dimiserunt
455 694 533 740 gentiles
540 705 605 729 canem
613 693 753 734 ferocissimum,
761 705 781 727 ro

50 754 69 783 vt
77 748 128 783 illum
136 750 238 784 deuoraret.
262 750 300 784 Sed
308 749 358 784 canis
369 749 405 791 ille,
413 749 463 783 velut
474 749 520 793 lapis
532 748 580 782 fixus
588 747 638 782 stetit
648 746 752 782 immobilis.

53 800 94 836 Hoc
105 807 166 837 autem
174 802 240 838 videns
247 803 321 848 quidam
329 802 381 847 gigas
391 802 465 837 nomine
474 801 539 844 Dichu,
547 800 627 837 surrexit
635 812 676 836 cum
687 801 753 845 gladio,

51 860 70 888 vt
82 862 165 889 sanctum
176 856 299 890 interficeret:
315 863 333 889 et
346 856 387 898 ipse
398 855 482 888 similiter
493 855 545 894 aruit,
557 860 575 887 et
586 865 621 887 nec
632 864 707 887 manum
719 864 753 888 nec

51 907 118 949 pedem
130 918 205 941 mouere
217 907 280 951 potuit.
303 906 392 942 Patricius
400 918 445 941 vero
456 906 556 951 predicauit
567 906 592 939 illi
603 907 680 940 verbum
692 907 727 947 del,
735 911 754 941 ct

52 959 76 992 ad
84 960 140 993 fidem
149 961 243 995 conuertit.
267 961 302 1003 Qui
310 960 384 994 tradidit
394 960 419 994 illi
427 967 491 1004 agrum
499 960 517 993 in
526 969 562 1004 quo
570 959 647 1000 stabant,
655 964 673 993 et
683 958 753 1003 rogauit
763 968 781 999 15

52 1022 77 1046 ne
93 1012 186 1056 longitudo
199 1014 276 1048 ecclesie
290 1015 313 1048 ab
325 1013 419 1048 occidente
433 1014 451 1047 in
464 1012 553 1047 orientem
564 1018 671 1055 verteretur,
684 1012 717 1046 sed
730 1012 753 1047 ab

53 1066 139 1108 aquilone
146 1066 165 1100 in
173 1067 274 1101 meridiem.
298 1067 321 1101 Et
330 1066 434 1101 factumest
444 1067 474 1101 ita.
517 1059 564 1101 Alio
571 1066 606 1107 die,
614 1077 656 1100 cum
665 1066 753 1100 Patricius

53 1118 129 1152 missam
141 1120 247 1162 celebraret,
259 1119 333 1164 quidam
344 1130 409 1163 magus
421 1119 485 1154 effudit
495 1119 570 1153 calicem
581 1129 646 1153 suurn:
662 1125 680 1152 et
691 1118 752 1152 statim

52 1175 107 1210 terra,
115 1170 201 1214 aperiens
208 1182 230 1204 os
237 1182 297 1212 suum,
302 1172 397 1205 deuorauit
405 1182 452 1205 eum,
495 1165 570 1205 Videns
578 1176 639 1204 autem
646 1171 692 1211 Rus,
698 1171 754 1204 irater

54 1221 119 1265 Dichu,
130 1223 183 1257 valde
196 1234 260 1267 senex,
272 1225 321 1268 quod
332 1223 388 1259 frater
399 1234 444 1258 suus
455 1223 529 1259 Christo
540 1223 653 1265 credidisset,
665 1224 753 1267 pugnauit
763 1231 782 1254 πο

53 1281 117 1310 contra
133 1276 236 1319 Patricium,
251 1282 270 1311 et
284 1277 342 1311 noluit
357 1277 438 1311 credere.
465 1276 499 1312 Cui
514 1281 589 1311 sanetus
605 1275 640 1310 ait:
660 1275 718 1319 ‘Quid
733 1281 753 1310 tn

53 1339 125 1372 pugnas
136 1339 170 1373 pro
182 1330 216 1364 hac
227 1330 269 1371 vita,
281 1340 317 1374 que
328 1329 361 1364 tibi
373 1329 458 1364 deficit⁴i
481 1329 528 1364 Nam
536 1339 602 1364 omnes
609 1339 676 1364 sensus
684 1328 710 1362 tui
721 1329 754 1363 de-

53 1381 146 1416 fecerunt:
162 1382 208 1416 oculi
219 1393 257 1416 non
268 1383 316 1417 bene
327 1383 395 1425 vident,
406 1393 460 1417 aures
472 1393 508 1417 non
520 1383 568 1417 bene
579 1382 660 1422 audiunt,
671 1381 755 1416 dentium

53 1444 142 1467 numerus
153 1434 273 1468 imminutus⁶
281 1440 319 1476 est;
332 1434 415 1468 similiter
425 1441 443 1468 et
453 1442 514 1469 cetera
524 1436 612 1468 membra.
633 1435 653 1468 Si
661 1434 702 1478 quis
710 1445 755 1478 ergo

54 1486 170 1521 renouauerit
181 1488 248 1521 iterum
259 1488 373 1522 iuuentutem
384 1493 440 1530 tuam,
450 1487 539 1533 numquid
551 1488 637 1522 crederes
648 1486 694 1522 illit’
717 1487 755 1523 Re·
764 1499 782 1530 ²5

54 1540 128 1584 spondit
138 1540 190 1575 Rus:
204 1540 234 1574 ‘Si
245 1541 280 1576 hoc
291 1541 363 1583 leceris,
375 1541 407 1575 tibi
419 1542 504 1576 credam?
526 1541 584 1582 Tunc,
595 1546 659 1576 orante
671 1540 755 1582 Patricio,

54 1599 154 1628 renouatus
166 1598 194 1627 est
206 1593 247 1627 Rus
258 1593 277 1628 in
292 1599 359 1629 etatem
373 1594 492 1639 pulcherrimi
503 1598 521 1629 et
532 1593 627 1628 fortissimi
638 1593 720 1629 iuuenis:
737 1600 755 1630 et

54 1646 115 1680 statim
128 1646 210 1689 credidit,
222 1653 240 1681 et
251 1647 355 1691 baptizatus
368 1654 402 1690 est,
416 1659 458 1683 cum
471 1648 529 1682 tribus
542 1648 596 1681 filiis⁰
607 1648 646 1682 suis
660 1653 677 1681 et
689 1648 756 1682 ceteris

54 1698 122 1734 multis.
145 1699 196 1733 Dixit
207 1705 268 1734 autem
277 1699 365 1735 Patricius
376 1700 399 1734 ad
408 1700 459 1735 Rus:
471 1700 540 1734 ‘Datur
550 1700 582 1734 tibi
593 1700 658 1735 electio
665 1706 726 1734 vtrum
736 1700 756 1734 in

54 1751 88 1784 hae
101 1751 138 1784 vita
151 1752 233 1795 presenti
246 1751 301 1795 longo
313 1758 397 1796 tempore
411 1752 478 1786 iterum
490 1753 548 1794 vtuas,
562 1763 585 1787 sn
597 1763 647 1787 nune
660 1754 682 1787 ad
696 1753 755 1787 celum
764 1764 784 1795 3⁰

54 1804 132 1848 pergas.¹
156 1803 260 1848 Respondit
267 1805 318 1839 Rus:
330 1805 393 1849 ‘Eligo
398 1811 418 1839 vt
426 1806 480 1840 modo
488 1807 510 1840 ad
516 1806 573 1840 vitam
579 1811 662 1840 eternam
670 1807 755 1840 exeam':

54 1863 73 1890 et
80 1858 146 1898 statim,
154 1862 229 1901 accepto
237 1857 331 1899 sacrificio,
339 1858 424 1901 migrauit
434 1859 456 1893 ad
465 1858 565 1893 dominum.
608 1851 665 1893 Tunc
673 1858 756 1902 perrexit

55 1909 144 1944 Patricius
156 1911 179 1944 ad
190 1920 253 1955 regem
265 1910 338 1953 Miluch,
346 1921 387 1946 cum
399 1922 435 1955 quo
446 1911 465 1946 in
476 1911 565 1946 seruitute
576 1911 640 1953 suerat,
647 1917 667 1946 vt
678 1922 721 1946 eum
732 1912 756 1946 ad

56 1965 112 1998 fidem
123 1969 242 1998 conuerteret.
266 1964 319 2005 Quod
329 1964 360 1997 ille
370 1965 452 2005 audiens,
460 1965 576 2008 congregauit
587 1974 661 1998 omnem
671 1965 756 1998 substan-

55 2016 99 2049 tiam
110 2027 162 2050 suam
171 2021 189 2049 et
199 2016 293 2049 succendit
300 2026 341 2049 eam
353 2026 410 2060 super
419 2027 445 2058 se,
453 2016 525 2062 illicque
533 2016 639 2051 combustus
647 2021 684 2052 est:
697 2016 756 2062 magis
764 2028 783 2058 35

55 2076 133 2103 mortem
148 2069 219 2114 eligens
234 2080 288 2114 quarn
303 2074 322 2104 vt
337 2080 392 2105 seruo
406 2080 440 2104 suo
455 2070 508 2115 quasi
526 2070 620 2106 subiectus
634 2075 757 2115 permaneret.

55 2123 144 2157 Patricius
155 2134 200 2157 vero
212 2124 235 2157 de
247 2128 309 2158 monte
321 2122 423 2167 propinquo
435 2123 469 2157 hoe
480 2123 560 2166 intuens,
572 2124 642 2157 duabus
654 2123 704 2158 horis
715 2134 757 2158 sus-

54 2177 118 2220 pirans
126 2181 144 2210 et
152 2175 263 2210 lachrimans
273 2175 307 2210 ait:
320 2175 366 2210 ‘Hic
375 2187 408 2210 rex
416 2176 459 2220 quia
469 2176 552 2221 seipsum
560 2176 598 2220 igni
606 2177 679 2211 tradidit
690 2188 714 2211 ne
722 2178 757 2212 deo

55 2235 119 2262 eterno
131 2229 214 2270 seruiret,
225 2239 281 2262 nemo
292 2229 363 2262 sedebit
375 2230 398 2262 de
409 2229 452 2262 filiis
463 2230 503 2263 eius
514 2239 548 2263 ren
559 2240 617 2273 super
629 2230 693 2263 sedem
705 2229 757 2273 regni

55 2281 100 2322 eius,
109 2280 142 2314 sed
150 2290 216 2314 semen
224 2280 264 2314 eius
274 2280 343 2314 seruiet
353 2281 372 2314 in
383 2280 526 2324 sempiternum.¹
550 2281 573 2315 Et
580 2286 645 2325 postea
653 2281 720 2316 sactum
728 2287 757 2316 est
764 2291 785 2323 4⁰

55 2333 85 2368 ita.
115 2325 758 2380 VenitautemPatriciusaddomumeuiusdamvirinobilis,etpredi-

55 2398 100 2422 cans
109 2387 127 2421 ei
135 2386 233 2427 Christum,
241 2386 340 2431 baptizauit
351 2398 404 2421 eum:
416 2392 434 2421 et
445 2387 516 2422 inuenit
527 2399 570 2423 cum
580 2399 602 2422 eo
613 2388 671 2422 lilium
681 2389 712 2432 qui
722 2389 757 2423 sibi

55 2440 127 2485 placuit,
133 2445 151 2474 et
159 2439 208 2474 dedit
215 2439 231 2474 ei
237 2451 305 2475 nomen
312 2440 421 2485 Benignum.
437 2440 486 2476 Puer
493 2441 580 2487 [autem]⁷
588 2440 618 2476 ille
625 2441 664 2476 suis
672 2441 757 2476 manibus

75 2519 279 2557 ¹Vit.lignoeuruicipite⁴
344 2510 497 2551 ²'Viteantnesas
561 2521 609 2551 ³Vit.
617 2530 660 2557 ergo.
720 2519 757 2551 ‘al

56 2559 119 2589 deiecit.
180 2559 352 2597 ⁵F11,T.immutatus.
412 2559 534 2590 'al.lratribus.
595 2559 684 2591 wenta.
