1762 2803
105 160 146 203 182
294 158 374 211 motu
389 155 505 219 teutona
521 156 613 219 toute.

102 278 165 313 talium
178 277 278 313 Saxonum.
301 278 337 313 Vbi
350 289 392 313 cum
405 278 466 313 omnia
478 278 627 323 perambulantes
641 278 717 313 multam
731 278 805 313 domino

103 333 200 367 ecclesiam
215 337 364 376 congregassent,
380 332 454 376 contigit
469 338 552 376 tempore
567 332 646 376 quodam
660 332 740 366 eundem
753 331 805 366 Cedd

103 386 163 420 redire
178 385 259 420 domum.
283 385 360 419 Etcum
375 385 456 419 Finanus
471 385 569 429 episcopus
582 384 741 419 lindisfarnensis¹
753 395 805 429 pros·

103 444 187 481 peratum
205 438 221 471 ei
240 448 286 479 opus
302 438 394 479 euangelii
410 439 505 480 comperit,
522 439 541 471 in
557 438 664 481 episcopum
684 437 804 472 Orientalium

86 502 95 532 5
104 491 199 525 Saxonum
207 499 249 523 eum
257 489 377 523 consecrauit.
400 489 436 533 Qui
444 495 519 534 accepto
530 489 646 534 episcopatus
656 491 713 534 gradu
725 489 805 531 rediens,

104 548 122 577 et
129 548 203 587 ceptum
211 552 258 585 opus
266 542 350 585 explens,
359 542 447 577 ecclesias
456 543 563 584 construxit,
572 545 686 587 presbiteros
694 548 712 577 et
720 545 806 577 diaconos

103 595 198 630 ordinauit.
221 594 301 630 Collecto
315 600 376 629 autem
390 595 500 630 famulorum
515 595 583 630 Christi
598 606 635 630 non
650 607 708 640 paruo
724 606 806 637 numero,

104 648 217 692 disciplinam
227 648 264 682 vite
275 648 369 692 regularis,
381 649 489 693 inquantum
501 650 557 682 rudes
568 650 628 683 adhuc
639 660 706 693 capere
716 655 805 694 poterant,

104 702 196 736 custodire
204 700 269 736 docuit.
292 701 375 745 Cumque
383 706 467 746 tempore
474 712 511 736 non
520 712 578 745 pauco
585 701 605 735 in
612 702 695 746 prefata²
705 702 806 746 prouincia,

77 766 96 787 ιο
104 756 195 799 gaudente
212 755 268 797 [rege‚
284 755 395 797 gaudente]³
415 755 470 788 etiam
488 755 556 798 populo
573 754 665 796 vniuerso,
680 755 717 789 vite
733 755 807 788 celestis

104 807 193 843 institutio
202 807 328 851 quotidianum
336 813 417 842 sumeret
424 808 558 842 incrementum
565 819 569 851 ;
585 807 659 852 contigit
666 810 727 853 ipsum
736 818 805 852 regern,

105 860 203 905 instigante
215 861 298 895 omnium
309 861 400 895 bonorum
411 860 489 903 inimico,
502 860 647 905 propinquorum
661 871 736 895 suorum
752 872 807 896 manu

104 915 188 948 interfici.
208 913 266 947 Erant
272 918 333 948 autem
341 914 378 947 duo
385 914 469 958 germani
475 913 578 957 sratresqui
586 913 620 948 hoc
628 913 699 948 facinus
706 919 807 957 patrarunt.

106 967 192 1009 Quicum
200 965 357 1010 interrogarentur
367 977 424 1010 quare
434 967 469 1001 hoc
478 967 564 1008 lacerent,
572 967 627 1000 nichil
637 967 685 1001 aliud
695 968 808 1010 respondere

72 1025 97 1061 '15
107 1023 193 1064 poterant
199 1019 235 1053 nisi
243 1020 266 1054 ob
274 1020 308 1054 hoe
317 1030 337 1054 se
342 1020 398 1054 iratos
406 1025 424 1054 et
431 1019 515 1054 inimicos
521 1019 560 1063 regi
565 1020 622 1054 fuisse
630 1022 678 1064 quod
685 1020 761 1054 nimium
769 1019 808 1054 suis

106 1083 183 1116 parcere
189 1072 268 1106 inimicis
274 1072 371 1116 sol[er]et4
379 1078 397 1106 et
405 1073 460 1107 iactas
469 1074 492 1107 ab
500 1074 527 1107 eis
535 1072 610 1107 iniurias
618 1084 662 1107 mox
670 1073 808 1108 obsecrantibus

106 1124 178 1169 placida
189 1129 252 1158 mente
263 1124 368 1160 dimitteret.
390 1125 412 1159 In
424 1136 460 1169 qua
472 1130 534 1159 tamen
546 1126 586 1160 eius
597 1131 656 1160 morte
668 1126 747 1167 innoxia,
757 1126 808 1160 iuxta

106 1178 211 1221 predictum
226 1176 261 1211 viri
276 1177 306 1211 dei
321 1187 365 1212 vera
379 1183 408 1212 est
423 1177 463 1213 eius
479 1178 532 1222 culpa
548 1178 617 1222 punita.
645 1178 740 1213 Habuerat
758 1180 808 1212 enim

106 1241 154 1265 vnus
171 1241 196 1265 ex
211 1229 240 1264 his
256 1231 287 1275 qui
302 1241 344 1264 eum
359 1230 465 1265 occiderunt
482 1231 578 1266 comitibus
595 1231 677 1266 illicitum
692 1232 807 1275 coniugium:

79 1296 97 1317 20
108 1283 181 1325 Quem⁵
193 1293 235 1316 cum
249 1284 348 1327 episcopus
360 1284 458 1330 prohibere
471 1289 489 1317 et
501 1284 593 1326 corrigere
607 1294 644 1317 nou
654 1289 723 1327 posset,
735 1294 808 1317 excom-

106 1335 206 1370 municauit
221 1345 269 1378 eumq
285 1341 339 1380 atque
354 1336 439 1370 omnibus
453 1336 484 1380 qui
497 1347 518 1370 sc
531 1336 594 1370 audire
607 1336 675 1370 vellent
688 1336 772 1380 precepit
784 1347 808 1370 ne

107 1389 182 1422 domum
194 1388 233 1421 eius
243 1387 333 1422 intrarent
342 1399 402 1432 neque
413 1390 436 1422 de
447 1388 493 1423 cibis
503 1388 551 1422 iliius
560 1388 675 1432 acciperent.v
693 1389 809 1432 Contempsit

106 1446 167 1476 autem
176 1452 210 1476 rex
217 1446 331 1486 preceptum,
340 1446 358 1476 et
366 1447 439 1485 rogatus
448 1452 458 1475 a
466 1440 532 1476 comite
539 1440 613 1476 intrauit
621 1441 726 1486 epulaturus
734 1442 809 1476 domum

107 1496 151 1529 eius.
175 1494 268 1536 Quicum
281 1495 355 1537 abisset,
367 1494 447 1529 obuiauit
458 1495 475 1529 ei
487 1496 568 1529 antistes.
590 1494 616 1528 At
629 1506 662 1529 rex
675 1495 749 1530 intuens
762 1506 809 1537 eum,

81 1559 98 1588 25
108 1558 151 1580 mox
163 1547 281 1581 tremefactus
294 1547 373 1581 desiliuit
386 1558 439 1590 equo,
452 1547 552 1590 ceciditque
563 1552 605 1581 ante
614 1548 672 1590 pedes
682 1547 727 1589 eius,
736 1548 809 1581 veniam

108 1604 170 1633 reatus
183 1600 344 1642 postulans-nam
358 1605 376 1633 et
388 1601 486 1642 episcopus
498 1601 568 1642 pariter
580 1599 665 1641 desiliuit,
677 1600 750 1633 sederat
760 1600 809 1633 enim

109 1657 127 1687 et
139 1651 208 1695 ipsein
219 1662 271 1695 equo.
294 1652 354 1685 Iratus
366 1658 433 1695 autem,
446 1651 505 1696 tetigit
516 1662 579 1696 regem
590 1652 682 1685 iacentem
692 1653 743 1697 virga
754 1663 809 1696 quam

109 1704 183 1739 tenebat
199 1714 260 1746 manu,
280 1708 298 1737 et
317 1705 415 1748 pontificali
438 1704 545 1739 auctoritate
567 1709 679 1748 protestatus
698 1705 733 1739 ait:
753 1706 810 1747 ‘Quia

109 1757 188 1798 noluisti,
201 1756 264 1801 inquit,
276 1761 295 1791 te
307 1757 401 1792 continere
413 1768 424 1792 a
436 1757 490 1791 domo
503 1757 570 1801 perditi
583 1761 601 1791 et
615 1757 709 1801 dampnati
723 1757 777 1801 illius,
790 1763 810 1792 tu

82 1824 100 1853 30
108 1812 127 1844 in
138 1811 179 1854 ipsa
188 1811 243 1843 domo
252 1811 299 1844 mori
308 1811 377 1845 habes!
400 1810 438 1845 Sed
449 1811 562 1844 credendum
573 1815 601 1844 est
612 1812 654 1854 quia
664 1810 704 1844 talis
715 1821 766 1844 mors
776 1811 810 1845 viri

109 1863 189 1906 religiosi
200 1872 237 1896 non
249 1862 309 1896 solum
320 1862 376 1897 talem
388 1863 460 1907 culpam
472 1862 550 1905 diluerit,
561 1863 595 1897 sed
606 1864 660 1897 etiam
673 1864 758 1897 meritum
771 1863 810 1897 eius

108 1916 191 1951 auxent:
205 1916 247 1959 quia
259 1920 296 1949 tam
309 1916 332 1950 ob
346 1926 420 1950 causam
433 1916 505 1960 pietatis
518 1926 574 1960 quam
586 1921 663 1960 propter
674 1917 810 1951 obseruantiam

51 1998 53 2006 s
109 1970 237 2002 mandatorum
251 1968 319 2002 Christi
329 1968 409 2012 contigit.
432 1968 525 2003 Successit
534 1974 595 2003 autem
606 1968 683 2003 Saberto
693 1968 811 2003 Swithelmus

108 2021 157 2055 filius
169 2021 263 2063 Sexbaldt
275 2021 305 2065 qui
315 2021 337 2054 ab
348 2020 389 2064 ipso
399 2020 450 2055 Cedd
458 2021 559 2064 baptizatus
567 2026 601 2055 est.
635 2014 706 2065 Sepius
714 2026 775 2055 autem
783 2022 812 2056 vir

81 2073 179 2114 35d0mini
198 2073 249 2108 Cedd
268 2084 326 2116 suam,
347 2074 545 2108 Northanhimbrorum
564 2073 679 2119 prouinciam
703 2074 811 2108 exhortandi

108 2126 166 2171 gratia
185 2123 279 2161 reuisere⁶
297 2127 381 2161 solebat:
397 2123 452 2170 quem
466 2137 508 2161 cum
524 2127 649 2161 Ethe1waldus
664 2127 712 2160 filius
730 2127 811 2161 Oswaidi

108 2180 163 2224 regis,
177 2179 208 2223 qui
221 2179 240 2213 in
255 2178 352 2213 Deirorum
367 2180 450 2224 partibus
463 2190 541 2224 regnum
557 2178 640 2221 habebat,
654 2179 715 2214 virum
728 2184 811 2214 sanctum

109 2238 127 2267 et
146 2232 228 2267 moribus
245 2232 323 2275 probum
338 2232 414 2273 videret,
431 2233 531 2276 postulauit
547 2243 590 2266 enm
609 2233 747 2275 possessionem
763 2237 812 2267 terre

109 2286 188 2329 aliquam
199 2286 222 2320 ad
235 2286 380 2320 construendum
393 2286 525 2320 monasterium
538 2285 626 2329 accipere,
640 2285 659 2318 in
673 2295 709 2329 quo
722 2285 763 2329 ipse
779 2296 812 2319 rex

81 2349 101 2380 40
109 2340 132 2372 ad
151 2339 288 2383 deprecandum
305 2338 399 2372 dominum
413 2339 528 2382 verbumque
547 2339 577 2372 dei
595 2338 707 2371 audiendum
724 2338 811 2372 aduenire

109 2396 127 2426 et
143 2391 240 2426 defunctus
255 2391 330 2435 sepeliri
344 2392 425 2426 deberet.
456 2391 529 2426 Fauens
545 2400 589 2435 ergo
603 2391 651 2424 votis
666 2390 715 2434 regis
728 2390 811 2433 antistes,

109 2444 163 2488 elegit
181 2443 215 2478 sibi
232 2444 292 2478 locum
310 2445 416 2478 monasterii
433 2444 551 2479 construendi
568 2445 587 2477 in
604 2442 698 2477 montibus
714 2444 775 2479 arduis
794 2449 812 2479 et

110 2498 195 2531 remotis:
207 2497 226 2530 in
234 2497 300 2541 quibus
308 2497 399 2532 latronum
407 2497 466 2542 magis
477 2498 551 2532 latibula
559 2508 580 2531 ac
592 2497 649 2531 lustra
657 2495 744 2540 ferarum,
756 2508 811 2541 quam

129 2564 163 2595 lE.
171 2564 299 2596 lindisfernensis.
327 2565 435 2605 turpresato.
462 2566 582 2597 lomrinTAE.
609 2563 697 2597 ⁴E.solet.
722 2566 811 2605 “aliquod

110 2607 116 2624 ὓ
126 2605 144 2635 E.
151 2605 204 2645 sepius
211 2605 285 2635 reuisere.
