1762 2803
118 135 163 187 670
381 131 506 191 appennis
523 133 554 178 11.

116 252 210 294 largicione
216 251 310 286 visitarent.
329 252 453 296 Certaruntque
461 263 492 295 pro
498 264 550 296 posse
555 265 577 287 ne
585 254 645 287 sedem
651 254 732 297 adeptam
738 255 822 291 violencia

117 302 169 335 maris
177 303 274 336 amitterent
281 314 285 341 ς
297 309 323 337 set
331 304 422 346 plusquam
428 303 666 344 vicesieseiectietfluctibus
672 305 821 348 expositi,tociens

118 353 179 386 virtute
194 353 248 386 sancti
260 353 348 386 Edmundi
360 353 418 387 reiecti
430 360 447 387 et
460 355 536 396 repositi,
548 355 607 388 mortis
618 354 712 396 periculum
725 363 821 390 euaserunt.

119 403 216 445 Taliterque
227 402 294 443 fatigati
304 408 343 435 sunt
355 413 366 435 a
376 413 449 445 vespera
460 402 494 436 diei
502 404 575 437 Veneris
586 414 640 446 usque
653 404 676 437 acl
687 414 776 447 vesperam
788 406 822 439 diei

101 452 185 493 5Sabati.
212 453 261 485 Tunc
275 453 324 495 quasi
339 454 395 486 adeo
408 453 457 486 missi
473 453 557 487 affuerunt
572 453 666 495 piscatores
684 455 706 487 de
721 454 822 497 Winterton,

119 508 136 535 et
150 503 284 544 contemplantes
299 514 333 544 eos,
347 502 364 536 in
380 503 459 537 nauicula
474 514 506 537 sua
520 509 625 546 receperunt.
648 504 726 546 Cumque
739 505 822 539 beneficio

119 553 173 586 litoris
184 552 284 595 potirentur,
295 554 318 586 ad
329 558 408 587 sanctum
416 554 528 586 Edmundum
535 553 616 587 velociter
627 555 753 596 properabant3
765 557 822 597 palam

119 603 199 636 omnibus
210 603 324 644 notificantes,
332 610 349 637 et
356 603 451 637 vicinorum
458 604 556 637 testimonio
564 604 683 645 certificantes,
692 615 724 647 que
735 615 765 646 per
775 616 822 638 sanc-

120 658 156 686 tum
164 653 277 686 Edmundum
284 654 326 687 deos
334 653 352 685 in
359 653 391 686 illis
400 659 480 695 operatus
487 660 514 686 est
521 653 611 687 mirabilia.

171 793 202 826 DE
212 800 294 826 RETIBUS
305 800 326 825 IN
338 799 387 825 MARI
400 799 489 826 PERDITIS
500 799 525 825 ET
536 799 659 826 MIRACULOSE
671 800 769 827 INUENTIS.

104 873 113 892 0
162 867 245 899 Iscatores
253 866 281 907 qui
289 865 375 907 predictos
382 865 473 907 naufragos
481 865 504 897 ad
512 865 562 898 litora
569 866 678 907 reduxerunt,
685 866 776 900 contestati
784 874 823 901 sunt

180 916 226 957 quod
238 925 273 947 non
285 917 358 947 multum
371 921 415 956 post,
428 924 467 947 curn
482 924 513 947 sua
528 914 573 947 recia
588 916 665 948 laxarent
678 916 701 948 ad
716 915 823 957 piscandum,

121 967 190 1007 dirupta
198 969 236 997 sunt
248 969 265 997 et
275 966 364 1006 elongata3
377 974 410 1006 que
422 963 439 997 in
451 964 522 1006 longum
533 969 550 998 et
561 965 615 998 latum
627 970 724 1007 querentes,
732 966 825 1009 nequibant

121 1014 203 1050 inuenire.
230 1015 253 1049 Et
268 1015 310 1049 dum
324 1015 420 1049 humanum
438 1013 526 1057 ingenium
544 1015 617 1049 deficere
632 1016 733 1056 cernebant,
748 1017 825 1050 diuinum

121 1066 202 1099 auxilium
216 1064 336 1108 implorabant,
350 1071 368 1099 vt
382 1076 413 1107 pro
428 1065 527 1099 reuerencia
541 1065 627 1108 ymaginis
642 1067 693 1100 beate
708 1066 764 1100 Marie
779 1068 825 1110 apud

95 1127 113 1156 15
121 1117 241 1158 Walsingham
251 1122 268 1148 et
279 1116 344 1149 meritis
355 1117 409 1149 sancti
419 1116 509 1149 Edmundi
520 1116 567 1149 recia
578 1126 610 1148 sua
622 1116 690 1158 perdita
701 1124 826 1158 recuperarent.

123 1168 201 1209 Cumque
209 1164 247 1199 cibo
255 1171 324 1207 sumpto
334 1165 391 1208 sopori
400 1177 418 1199 se
426 1165 526 1199 dedissent:
538 1172 662 1208 consurgentes
672 1167 731 1199 omnia
740 1167 786 1199 recia
795 1178 826 1200 sua

122 1217 168 1250 circa
175 1225 243 1256 nauem,
251 1226 291 1248 cum
299 1216 374 1257 piscibus
382 1217 418 1249 fere
426 1216 528 1258 quingentis,
536 1216 603 1257 integra
613 1224 730 1258 reppererunt.
749 1218 772 1249 Et
780 1218 825 1259 quod

122 1265 185 1300 mirum
197 1265 229 1300 tuit
243 1265 281 1306 illis,
296 1276 335 1299 cum
349 1265 448 1300 huiusmodi
463 1266 519 1308 pisces
536 1266 588 1300 cicius
603 1266 703 1307 moriuntur,
716 1267 751 1300 fere
766 1277 826 1300 omnes

123 1327 154 1359 per
165 1315 246 1359 temporis
258 1316 387 1350 diuturnitatem
397 1316 475 1350 uiuentes
487 1316 549 1358 reperti
561 1323 611 1357 sunt;
628 1327 671 1360 quos
683 1316 716 1349 deo
728 1317 826 1360 sanctisque

97 1379 115 1399 20
123 1366 160 1400 eius
168 1365 280 1409 regraciando
287 1366 317 1400 leti
324 1367 347 1399 ad
354 1367 404 1400 litora
412 1367 520 1400 reduxerunt.

191 1506 222 1537 DE
232 1511 408 1538 NAUFRAGANTIBUS
420 1511 446 1536 DE
458 1505 559 1537 HERWYCH
570 1511 583 1536 A
595 1511 692 1539 PERICULO
704 1512 763 1538 MARIS

425 1561 530 1588 LIBERATIS.

127 1629 214 1703 ANno
219 1627 284 1661 domini
297 1634 342 1670 1545,
329 1634 410 1670 5111ε113ε
422 1627 513 1683 decembri,
521 1627 571 1661 nauis
584 1628 666 1662 Iohannis
677 1629 739 1661 Moose
749 1628 771 1661 de
784 1629 828 1660 Her-

187 1689 202 1710 w
203 1678 252 1720 yche,
264 1676 325 1719 quaml
337 1677 359 1708 ob
372 1676 490 1709 reuerenciam
504 1677 558 1709 sancti
572 1677 661 1710 Edmundi
674 1682 691 1710 et
703 1687 734 1733 spe
745 1677 829 1710 celerioris

126 1728 183 1762 auxilii
197 1728 215 1760 in
227 1726 340 1759 tribulacione
356 1726 459 1759 ‘Edmund'
474 1726 580 1767 nominabat,
593 1737 632 1760 cum
644 1727 682 1760 aliis
694 1726 744 1760 xxxix
756 1727 829 1759 nauibus

126 1779 166 1811 vino
180 1776 256 1810 oneratis
267 1787 327 1810 versus
338 1777 420 1819 Angliam
431 1776 535 1810 festinabat:
554 1782 626 1820 ortaque
639 1777 687 1820 graui
699 1782 801 1819 tempestate
812 1776 829 1809 in

126 1886 205 1914 uocatam
213 1883 262 1911 tanta
270 1878 363 1911 inundacio
371 1878 472 1920 occupabat,
480 1883 503 1917 vt,
511 1877 602 1920 posteriori
609 1885 658 1920 parte
671 1889 710 1912 cum
722 1879 791 1912 castello
798 1877 830 1910 sub

127 1941 173 1972 aqua
180 1930 278 1968 fluctuante,
287 1929 319 1960 sub
329 1927 409 1960 anteriori
417 1934 470 1960 naute
478 1938 496 1960 se
504 1934 609 1961 retraxerunt
617 1929 716 1961 laborantes
726 1934 743 1961 et
752 1928 831 1960 omnibus

127 1979 191 2013 viribus
200 1979 306 2012 desudantes
311 1984 329 2012 vt
335 1988 399 2022 aquam
404 1977 482 2012 eiciendo
488 1978 603 2021 minorarent;
612 1978 713 2013 setminime
719 1978 830 2022 profecerunt,

127 2032 169 2075 quin
177 2031 238 2064 fluctus
247 2029 302 2071 magis
312 2040 333 2063 ac
341 2029 396 2071 magis
403 2040 466 2063 nauem
474 2029 580 2078 opprimens,
587 2041 640 2063 vnum
649 2041 659 2062 e
668 2029 725 2063 nautis
733 2029 831 2063 eiecit-set

101 2088 170 2124 50notu
186 2081 214 2115 dei
229 2087 246 2114 et
261 2081 323 2113 auxilio
338 2080 394 2113 sancti
411 2080 499 2112 Edmundi
515 2081 532 2113 in
547 2081 586 2113 velo
603 2087 687 2123 receptus,
702 2086 786 2113 retractus
801 2084 831 2111 est.

129 2134 208 2174 Cumque
221 2131 308 2172 predictus
321 2131 408 2163 Iohannes
422 2131 496 2171 Moose,·
501 2136 556 2163 rector
567 2130 622 2170 nauis,
634 2130 725 2172 perpendit
738 2130 832 2162 humanum

128 2182 205 2214 laborem
220 2190 255 2212 non
271 2180 359 2213 sufficere:
377 2186 436 2212 votum
447 2179 494 2212 vouit
510 2179 556 2222 quod
571 2186 651 2213 sanctum
666 2180 780 2212 Edmundum
795 2188 831 2211 cor-

128 2230 211 2274 poraliter
222 2229 304 2276 visitaret,
317 2236 334 2263 et
346 2230 434 2273 quandam
447 2241 509 2263 nauem
523 2241 534 2263 a
546 2231 584 2262 loco
597 2241 631 2273 quo
643 2230 699 2273 primo
710 2228 831 2262 monasterium

130 2280 184 2315 sancti
197 2280 285 2314 Edmundi
298 2280 382 2322 aspiceret
394 2279 467 2323 propriis
482 2280 559 2314 humeris
575 2281 673 2324 deportaret
685 2286 702 2313 et
716 2279 748 2313 sibi
761 2279 832 2312 offerret.

103 2340 120 2370 35
130 2333 169 2373 Quo
178 2331 233 2364 sacto:
249 2330 299 2363 nauis
305 2331 371 2373 absque
377 2331 435 2363 labore
443 2332 519 2363 humano
527 2331 576 2373 quasi
584 2331 641 2364 celesti
650 2342 702 2364 manu
710 2337 762 2371 recta,
769 2328 832 2371 passim

130 2383 176 2424 cepit
189 2393 200 2414 a
213 2380 294 2413 fluctibus
308 2381 376 2413 eleuari.
404 2381 442 2422 Quo
455 2381 497 2421 viso,
511 2381 578 2422 gracias
592 2380 627 2423 egit
642 2380 676 2414 deo
691 2386 708 2413 et
722 2379 787 2413 martiri
802 2388 833 2410 suo

130 2433 228 2472 EdmundO,
242 2432 314 2464 hortans
329 2431 385 2463 socios
399 2430 492 2464 semiuiuos
503 2436 522 2463 vt
535 2436 614 2464 sanctum
630 2430 742 2464 Edmundum
757 2428 833 2462 similiter

130 2484 231 2516 inuocarent
238 2493 243 2521 ;
255 2491 298 2523 quos
306 2481 348 2514 deus
356 2491 388 2523 pro
395 2480 460 2514 meritis
468 2480 494 2514 sui
502 2481 576 2514 martiris
587 2481 642 2514 illesos
653 2481 675 2514 ad
687 2486 755 2522 portum
763 2477 833 2511 donauit

130 2533 201 2568 feliciter
209 2531 337 2574 transmigrare.

438 2594 444 2612 ¹
454 2595 488 2626 MS.
495 2596 524 2626 cui.
