1762 2803
99 148 143 201 276
290 144 370 197 tuoto
385 141 501 204 brumae
516 140 609 203 unalia·

99 264 255 310 importunitatem
271 263 338 306 ferens,
352 263 403 307 operi
418 264 467 307 quod
483 264 608 307 postulabatur
622 261 704 296 animum
719 259 801 296 intendit.

101 319 177 353 Interim
194 318 224 352 ille
241 317 338 351 mulierum
357 317 431 350 nomina
449 317 537 359 inserere,
552 315 634 349 luxurias
651 324 801 355 commemorare,

100 373 167 406 deinde
175 370 283 413 religionem
291 370 394 412 ostendere,
402 375 420 403 et
428 371 488 403 denuo
496 370 561 403 eadem
569 374 654 412 repetere
662 368 710 412 cepit
715 368 726 402 ¹.
749 368 801 400 Tunc

101 425 212 464 Dunstanus,
228 423 269 466 quis
285 427 335 456 esset
351 421 461 466 intelligens,
477 423 561 456 tenacula
576 422 642 466 quibus
660 421 709 455 ferra
727 420 802 454 tenebat

82 477 170 522 5f0rtiter
186 474 250 521 ignire,
267 480 285 509 et
302 475 408 518 suppressis
425 475 478 509 labiis
494 475 588 509 Christum
604 475 690 509 inuocare
709 471 801 508 conatur¹.

101 531 183 573 Cumque
195 529 278 563 tenacula
289 527 386 562 candentia
397 529 473 568 videret,
484 528 569 563 celeriter
580 530 603 563 de
614 528 657 572 igne
668 538 690 561 ea
701 527 754 570 rapit,
766 526 801 559 lar-

100 583 160 616 ualem
171 580 235 616 faciem
245 580 334 615 tenaculis
344 580 424 622 includit,
433 586 451 614 et
459 580 500 614 totis
508 580 578 615 viribus
588 586 691 615 monstrum
702 580 801 614 introrsum

99 635 159 669 trahit,
183 635 221 668 Iam
233 635 298 668 stando
305 633 354 668 vires
364 634 447 668 sumebat
458 634 571 677 Dunstanus,
579 645 621 668 eum
630 634 646 668 is
658 634 689 677 qui
700 634 802 673 tenebatur,

100 688 163 722 auulso
174 686 243 732 pariete
253 688 276 721 de
287 686 371 720 manibus
384 698 404 721 se
417 686 497 721 tenentis
510 687 583 731 aufugit,
594 687 640 720 tales
652 686 728 720 immani
741 685 802 729 rugitu

74 756 92 778 ro
100 742 181 776 fremens
191 741 280 776 ululatus:
293 740 320 774 ‘O
328 739 371 783 quid
379 740 421 775 fecit
429 740 491 774 caluus
499 740 544 775 iste!
557 753 567 775 o
576 741 619 785 quid
627 740 669 774 fecit
675 740 738 774 caluus
745 739 780 773 iste
787 738 802 773 l'

100 794 159 827 Tenui
170 803 254 836 namque,
263 793 296 826 sed
305 793 391 834 formosa,
399 793 479 826 cesarie²
488 798 538 828 erat:
551 799 569 827 et
579 804 601 827 ea
610 804 630 827 re
639 793 681 826 talia
693 794 716 827 de
727 792 802 825 homine

100 846 208 881 clamitabat.
232 844 287 880 Mane
301 850 361 880 autern
375 844 422 880 facto
435 851 544 890 congregata
559 852 587 881 est
599 846 622 880 ad
638 856 680 880 eum
693 856 730 880 non
745 854 803 889 parua

100 899 164 943 pupuli
176 898 278 941 multitudo,
286 898 381 933 sciscitans
389 899 474 942 quisnam
485 898 515 934 ille
525 900 594 934 clamor
602 898 666 933 luisset
673 899 704 943 qui
712 904 762 932 tanta
770 908 802 931 eos

101 952 218 987 vehementia
235 952 347 986 dormientes
362 952 462 986 terruisset.
485 951 590 995 ‘Demonis,
605 952 635 994 ait,
650 951 700 986 suror
714 951 745 985 ille
759 950 802 991 fuit;

75 1019 92 1049 15
101 1005 132 1049 qui
141 1015 231 1049 nusquam
240 1016 269 1040 me
278 1004 341 1040 viuere
349 1004 397 1047 sinit,
405 1017 416 1040 e
424 1005 469 1040 cella
480 1016 553 1049 quoque
563 1005 629 1040 eiicere
640 1010 722 1049 temptat.
745 1004 802 1038 Caute

100 1070 134 1093 vos
146 1060 194 1103 agite
205 1059 228 1091 ab
239 1059 275 1100 illo,
286 1058 328 1102 quia
338 1058 354 1091 si
364 1069 428 1092 vocem
440 1058 480 1091 irati
489 1059 537 1092 serre
547 1071 584 1092 non
596 1058 686 1103 potuistis,
697 1058 802 1092 societatem

101 1112 195 1156 dampnati
213 1122 248 1154 quo
264 1116 317 1155 pacto
335 1111 467 1146 sustinebitisl’
525 1104 572 1146 Post
587 1113 620 1146 hec
635 1121 679 1146 vero
695 1111 803 1145 Dunstanus

101 1176 168 1209 corpus
180 1175 233 1199 suum
245 1164 306 1198 inedia
317 1175 415 1207 macerare,
425 1164 505 1198 animam
516 1164 553 1209 iugi
565 1165 646 1199 oratione
658 1165 744 1199 decorare
756 1169 803 1198 sata-

101 1218 160 1260 gebat.
182 1216 237 1250 Vnde
249 1228 291 1250 cum
303 1217 390 1260 pudicitia
402 1217 484 1260 corporis
496 1222 565 1250 tantam
578 1217 638 1250 cordis
651 1217 759 1250 munditiam
771 1217 803 1249 ob-

75 1283 94 1305 ao
101 1270 161 1305 tinere
176 1269 247 1311 meruit,
260 1275 280 1305 vt
291 1269 323 1304 vix
336 1280 379 1303 eum
392 1270 449 1304 latere
464 1275 527 1314 posset
540 1270 625 1315 quicquid
640 1269 715 1304 sinister
728 1269 803 1314 spiritus

101 1324 175 1358 molitus
194 1323 263 1357 fuisset.
294 1323 351 1357 Fama
364 1323 425 1367 itaque
440 1323 519 1358 nominis
535 1324 573 1358 eius
588 1324 694 1358 vniuersam
712 1323 803 1368 percurrit

101 1376 202 1420 regionem,
212 1387 247 1418 que
259 1377 282 1410 ad
292 1375 401 1410 visendum³
411 1376 506 1411 hominem
518 1377 548 1411 dei
560 1377 615 1412 corda
627 1376 714 1411 accendit.
737 1376 803 1410 Omnis

102 1434 146 1471 etas,
154 1434 231 1472 vterque
239 1439 295 1462 sexus
304 1428 420 1462 Dunstanum
430 1429 533 1473 loquuntur,
540 1429 649 1474 sapientiam
657 1428 696 1463 eius
704 1429 804 1473 predicant,

101 1482 188 1516 virtutem
203 1482 326 1525 magnificant.
382 1475 454 1515 Mulier
470 1483 548 1525 quedam
563 1483 638 1517 nomine
653 1482 732 1526 Alfgiua,
747 1481 804 1526 regali

76 1544 94 1573 25
102 1534 191 1577 progenie
210 1539 255 1574 orta,
270 1544 379 1576 magnarum
398 1534 507 1576 diuitiarum,
522 1546 558 1578 que
577 1546 632 1568 omne
651 1545 715 1568 semen
734 1534 804 1577 regium

102 1592 186 1621 materno
208 1595 283 1630 semper
305 1585 370 1620 affeetu
390 1586 484 1628 dilexerat,
506 1587 603 1630 nutrierat;
627 1586 701 1622 innixa⁴
720 1587 805 1622 manibus

103 1649 178 1672 suorum
194 1637 216 1672 ad
232 1637 326 1672 hominem
337 1637 367 1672 dei
380 1638 462 1680 accessit,
473 1639 589 1674 sanctissimo
602 1639 650 1674 illius
663 1640 751 1684 colloquio
762 1650 804 1684 per-

103 1692 139 1725 frui
151 1692 263 1726 desiderans.
286 1691 326 1733 Que
340 1702 381 1725 cuni
394 1703 417 1726 ex
428 1703 459 1726 ore
469 1692 517 1726 illius
528 1694 605 1728 verbum
618 1692 704 1736 audisset,
716 1694 761 1727 adeo
773 1694 804 1727 de-

103 1745 168 1780 lectata
179 1749 207 1779 est
216 1744 313 1779 dulcedine
321 1744 357 1779 vite
366 1749 435 1787 eterne,
443 1750 462 1780 vt
469 1745 545 1782 vlterIus
556 1757 616 1791 neque
628 1747 702 1781 domum
714 1752 804 1791 repetere,

75 1811 95 1839 30
103 1809 163 1842 neque
171 1798 211 1831 loco
219 1797 319 1839 discedere,
328 1798 361 1831 sed
373 1809 414 1832 cum
425 1799 478 1832 beato
489 1799 585 1834 Dunstano
594 1810 674 1840 manere,
682 1800 749 1841 viuere,
757 1799 805 1833 mori

102 1851 182 1895 eligeret.
207 1849 343 1884 Habitationem
360 1849 410 1885 iuxta
423 1851 519 1885 ecclesiam
533 1853 567 1886 sibi
579 1852 678 1895 fabricauit,
692 1853 748 1886 multe
761 1864 804 1887 con-

102 1903 178 1937 tinentie
188 1906 206 1936 et
217 1902 304 1945 operibus
313 1903 366 1936 bonis
377 1908 396 1937 et
406 1904 511 1938 clemosinis
522 1915 597 1948 operam
607 1905 662 1939 dedit.
685 1905 749 1939 Plures
757 1905 804 1939 sacri

102 1956 171 1990 ordinis
182 1954 232 1989 viros
244 1955 263 1989 in
278 1956 317 1989 loco
331 1955 397 1997 statuit,
410 1956 476 2000 quibus
491 1958 596 1991 necessaria
610 1958 675 2001 iugiter
690 1958 804 1992 ministrauit.

103 2009 186 2053 Cumque
201 2007 253 2051 graui
267 2008 349 2052 corporis
363 2008 469 2044 infirmitate
485 2009 581 2052 laboraret,
597 2011 705 2045 Dunstanus
722 2012 745 2045 ad
764 2022 804 2045 eam

75 2075 93 2105 35
102 2062 172 2095 intrans
185 2062 294 2103 consolatur,
308 2067 326 2095 et
338 2061 421 2095 hortatur
432 2062 488 2104 illam,
501 2068 520 2096 vt
532 2065 600 2097 nudam
614 2064 636 2097 ab
649 2064 699 2097 omni
712 2065 805 2097 mundana

102 2114 164 2158 specie
175 2125 195 2148 se
209 2112 273 2155 saciat;
287 2124 310 2148 ne
321 2114 340 2147 in
351 2119 458 2149 transeunte
470 2115 567 2159 quicquam
578 2127 632 2151 suum
643 2116 730 2160 princeps
742 2116 805 2150 mundi

102 2167 189 2200 inueniat.
221 2166 254 2199 Cui
269 2166 310 2199 illa:
330 2167 417 2200 ‘ihesum
432 2168 526 2201 Christum
541 2180 604 2202 rerum
619 2180 702 2203 mearum
717 2170 805 2203 heredem

101 2219 152 2260 facio,
165 2224 183 2252 te
196 2228 240 2251 vero
252 2218 358 2252 hereditatis
372 2224 450 2253 tutorem
463 2220 558 2261 constituo,
571 2226 591 2255 vt
602 2220 688 2264 quicquid
700 2221 751 2255 illum
763 2232 805 2265 cog-

103 2271 176 2305 noueris
189 2270 241 2311 velle,
254 2271 280 2305 tui
292 2270 361 2305 arbitrii
376 2272 399 2306 sit
414 2272 486 2306 effectui
501 2273 616 2317 mancipare.¹
640 2273 748 2308 Dunstanus
760 2284 805 2308 vero

75 2343 96 2370 4⁰
103 2335 158 2368 gazas
169 2323 209 2358 eius
221 2324 298 2359 mobiles
312 2324 397 2359 continuo
412 2325 524 2369 pauperibus
538 2326 625 2371 erogauit,
638 2332 699 2361 cetera
711 2328 734 2361 ad
748 2327 805 2362 eccle-

104 2378 172 2411 siarum
184 2377 329 2412 subleuationem
341 2380 451 2413 reseruabat.
475 2379 497 2412 Et
508 2380 552 2413 dum
563 2391 641 2424 vespere
651 2379 718 2413 ostium
728 2381 806 2415 ecclesie

104 2431 199 2474 psallendo
215 2430 317 2473 preteriret,
331 2431 397 2466 erectis
410 2432 433 2466 ad
447 2432 506 2466 celum
518 2433 581 2476 oeulis,
595 2433 679 2477 spiritum
692 2438 775 2467 sanctum
786 2433 805 2468 in

104 2484 187 2517 columbe
202 2484 264 2526 specie
279 2484 329 2518 videt
344 2485 499 2519 descendentem:
516 2486 568 2520 cuius
583 2497 649 2529 corpus
663 2486 713 2519 omni
726 2488 805 2521 candore

104 2534 183 2576 nitidius
191 2534 261 2569 alarum
272 2535 348 2580 remigia
358 2536 462 2571 sintillantis
473 2537 522 2581 ignis
532 2538 651 2582 splendorem
660 2547 694 2581 per
701 2549 743 2572 aera
753 2549 805 2583 spar-

154 2591 224 2623 ¹om.in
231 2593 262 2624 Vit.
314 2593 420 2626 ²E.cesarei.
474 2595 607 2627 ³E.videndum.
633 2624 635 2627 .
656 2595 754 2628 ¹T.innisa.
