1762 2803
59 159 192 200 asiana]
216 136 681 200 mumdumunootmtotmuttptt.
715 152 759 197 599

60 269 123 312 rigidus
134 272 151 299 et
161 264 231 297 inflatus
242 273 299 304 genua
309 261 378 295 flectere
388 261 458 303 distulit,
471 267 487 295 et
498 260 546 295 velo¹
556 261 602 305 quod
614 273 673 295 coram
685 262 759 296 sacrario

59 327 153 361 oppansum
161 320 198 346 erat
205 313 278 350 reuulso,
287 312 358 344 curiosis
368 312 422 344 oculis
434 312 535 353 perscrutari
545 312 590 353 cepit
600 312 685 344 interiora.
708 313 760 352 Quod

60 378 98 402 cum
106 363 195 407 impudens
204 362 315 394 irreaerenter
323 366 391 403 ageret:
403 367 513 404 utrorumque
523 360 607 394 luminum
618 360 689 394 cecitate
697 361 759 394 multa-

60 427 90 453 tur.
113 418 169 457 Quam
177 413 244 446 cladem
252 418 270 444 vt
279 411 344 445 sensit:
357 423 375 445 se
383 423 469 454 peccasse,
478 423 497 445 se
507 423 579 453 errasse,
588 423 606 445 se
616 411 696 455 nequiter
704 411 760 453 egisse

59 465 155 503 miserando
163 465 237 497 clamore
246 463 314 502 latetur,
322 462 375 496 vitam
386 463 459 506 spondet
467 463 610 503 emendaciorem,
618 475 636 497 se
645 463 712 496 fidelem
721 464 760 504 deo,
769 480 777 509 5

59 521 173 557 deuotumque
181 520 241 547 sancto
251 514 346 546 Edmundo
356 513 437 556 deinceps
448 514 523 546 futurum
534 513 627 556 pollicetur.
650 515 693 547 ideo
701 513 760 547 oracio

60 567 138 602 indicitur
150 563 240 606 generalis,
252 569 322 595 sanctus
335 564 439 594 Edmundus
454 563 550 602 inuocatur,
561 570 580 594 vt
591 564 654 595 misero
668 564 760 595 subueniat

60 617 162 658 imploratur.
178 613 207 646 Fit
214 622 248 645 vna
256 623 288 644 vox
296 612 377 650 omnium,
386 618 402 645 et
411 623 442 655 pro
450 622 491 645 ceco
499 612 547 645 multi
556 613 640 654 supplices
648 612 760 646 intercedunt.

61 670 135 709 Quorum
151 662 230 707 precibus
243 669 313 696 sanctus
325 662 384 696 martir
396 663 480 706 pulsatus,
493 669 560 704 gratum
574 674 636 695 munus
647 669 706 705 optate
717 662 760 696 lueis

60 715 140 759 indigenti
153 716 221 748 detersa
234 714 306 755 caligine
318 714 400 756 rependit.
424 715 465 746 lllox
477 713 506 746 ille
519 713 600 746 detractis
615 713 671 746 aureis
684 713 760 754 armillis,
771 730 789 752 ιο

60 777 89 809 pro
101 765 196 806 graciarum
208 763 279 795 accione
291 769 350 795 sancto
366 764 460 795 Edmuntlo
473 773 503 795 eas
514 763 575 795 offerre
587 773 622 795 non
634 763 704 795 distulit.
728 764 760 795 Cui

60 816 118 854 eciam,
123 820 141 846 vt
149 818 224 853 vouerat,
232 813 305 845 deuotus
313 812 366 845 extitit
373 813 431 855 quoad
439 811 579 854 uinculumque
588 811 673 854 [correxit.
697 811 736 845 iliis
744 819 760 845 et

60 864 155 899 huiusmodi
163 863 243 896 virtutum
252 862 368 905 insignibus]²
375 864 409 896 lere
417 873 448 905 per
455 862 546 895 triennium
552 872 586 905 quo
594 862 658 895 ibidem
666 873 760 896 commora·

60 924 87 949 tus
97 921 126 956 est,
139 914 189 954 longe
201 912 269 956 lateque
281 924 344 946 nornen
355 912 428 946 martiris
442 912 507 951 enituit,
519 923 546 951 ac,
559 918 577 944 vt
587 912 622 946 fieri
633 912 681 952 solet,
693 924 724 956 per
736 913 760 946 in·

60 967 123 999 dultam
134 964 205 997 salutem
216 974 306 1005 corporum
316 964 388 997 salutern
398 963 455 1006 sepius
463 965 565 1006 operabatur
572 964 674 996 animarum.
770 983 788 1012 ,5

122 1089 175 1124 llDa
187 1095 313 1122 anouccrous
324 1096 391 1122 sancrr
403 1090 500 1122 Eouunor
513 1096 538 1121 on
550 1090 653 1122 Lonoonm
664 1097 691 1122 ao

311 1140 507 1173 Bnoarcrsuuoarnn

242 1210 312 1244 Uolutis
327 1211 362 1244 lere
377 1211 431 1250 tribus
443 1210 497 1250 annis,
509 1217 526 1244 et
541 1220 584 1253 pace
597 1210 668 1244 ecclesie
680 1211 759 1246 reddita:

264 1266 333 1293 sanctus
341 1261 445 1292 Edmundus
453 1260 540 1301 Ayelwino
550 1260 567 1292 in
579 1260 644 1293 somnis
651 1261 735 1302 apparuit,
743 1268 760 1294 et

61 1314 77 1340 ut
90 1319 151 1349 corpus
165 1319 215 1341 suum
227 1310 249 1342 ad
262 1310 417 1342 Bedricesuuorthe
432 1311 521 1342 reduceret
533 1310 627 1342 admonuit.
656 1309 689 1352 Qui
702 1311 760 1344 statim

60 1357 168 1401 Alf[h]unum
176 1359 222 1393 vrbis
228 1359 316 1393 Londonie
322 1359 491 1403 episcopumadiens,
497 1359 585 1392 licenciam
592 1361 667 1403 postulat
671 1361 747 1393 abeundi
755 1371 760 1402 ς

61 1410 82 1441 ad
90 1410 233 1452 peregrinandum
243 1411 302 1454 pocius
310 1423 362 1454 quam
372 1412 395 1444 ad
406 1412 517 1451 manendum,
525 1411 565 1443 illuc
577 1422 595 1443 se
605 1411 673 1444 venisse
684 1422 760 1445 comme·
770 1427 789 1448 20

60 1469 133 1492 morans.
155 1462 201 1502 Egre
209 1462 265 1503 presul
273 1462 340 1503 accipit,
346 1467 373 1494 set
379 1462 442 1494 inuitus
448 1461 518 1494 tandem
525 1461 594 1500 annuit;
607 1461 688 1494 simulata
699 1467 758 1494 tamen

61 1509 154 1541 deuocione
159 1510 237 1542 fraudem
243 1511 353 1551 adumbrans,
359 1510 437 1552 religioso
445 1510 528 1542 famulatu
535 1516 614 1542 sanctum
621 1510 733 1542 Edmandum
741 1521 760 1543 se

61 1566 188 1600 prosecuturum
194 1560 288 1603 pollicetur.
300 1562 350 1594 Tunc
356 1571 414 1593 secum
422 1559 480 1593 ascitis
488 1560 542 1592 tribus
550 1558 635 1599 eelericis,
641 1559 664 1592 ad
670 1559 761 1593 ecclesiam

62 1609 114 1641 suncti
127 1611 203 1651 Gregorii
217 1610 326 1653 quamtocius
339 1616 425 1654 properat,
438 1616 456 1644 et
469 1610 483 1642 si
496 1620 530 1643 noo
545 1609 646 1652 simpliciter
661 1615 718 1643 tamea
734 1620 761 1644 re·

61 1666 136 1692 uerenter
147 1661 237 1702 accedens,
250 1662 318 1694 thecam
330 1672 370 1693 cum
382 1661 463 1694 thesauro
475 1659 556 1692 subiectis
568 1660 650 1700 humeris
662 1660 762 1703 clericisque
771 1675 789 1704 ²5

61 1707 163 1750 iuuantibus,
169 1718 241 1744 conatur
247 1713 329 1744 attollere.
348 1712 375 1744 Ad
383 1712 430 1754 quod
438 1711 479 1743 dum
487 1710 553 1743 enixius
561 1710 647 1743 elaborat:
660 1710 711 1743 sentit
718 1722 762 1744 onus

62 1758 177 1793 intollerabile.
199 1761 233 1793 Alii
246 1768 319 1803 quatuor
332 1761 458 1802 adiunguntur:
477 1766 502 1793 set
515 1760 560 1792 vires
572 1760 643 1792 minime
656 1767 761 1802 suppetunt,

62 1808 122 1842 deinde
136 1810 158 1852 xij
175 1811 234 1851 additi,
249 1811 337 1844 incassum
355 1811 458 1853 t'atigantuu
477 1810 499 1842 ad
514 1817 620 1852 postremum
640 1809 685 1852 xxiiij
699 1809 761 1843 iunctis

61 1858 123 1892 viribus
131 1861 176 1894 eirca
182 1861 261 1895 lecticam
267 1862 391 1895 subleuandam
397 1861 515 1903 disponuntur,
523 1867 549 1893 set
557 1865 574 1893 et
581 1860 612 1902 ipsi
618 1860 647 1892 diu
656 1859 761 1894 desudantes

62 1910 146 1943 martirem
159 1911 186 1944 dei
199 1912 216 1944 in
229 1912 286 1954 aliquo
298 1922 366 1945 mouere
380 1921 414 1943 non
427 1916 510 1954 poterant.
534 1910 586 1951 Quod
597 1910 658 1943 videns
671 1910 762 1953 episcopus
771 1927 791 1955 3⁰

62 1968 94 1990 vna
102 1970 140 1992 cum
148 1961 183 1994 suis
191 1962 256 2003 pudore
264 1962 337 1994 suffusus
345 1961 467 1993 admirabatur.
490 1959 579 2002 Siquidem
591 1959 689 1992 domesticis
700 1960 737 1993 suis
745 1968 762 1994 et

62 2007 234 2047 quibusdamciuibus
242 2010 325 2043 indixerat
336 2016 353 2043 ut
363 2020 402 2043 cum
410 2010 490 2042 feretrum
500 2009 522 2042 cle
534 2009 606 2042 ecclesia
617 2009 671 2042 sancti
683 2010 761 2051 Gregorii

62 2057 170 2092 extulissent:
183 2061 205 2092 ad
214 2061 305 2092 ecclesiam
315 2060 369 2092 sancti
378 2060 426 2091 Pauli
437 2059 485 2102 quasi
495 2058 573 2091 nolentes
585 2060 763 2101 exportarent—bona

62 2106 129 2148 quidem
138 2110 214 2152 deuocio,
222 2118 248 2145 set
256 2122 267 2144 a
274 2111 361 2144 voluntate
370 2110 396 2144 dei
409 2116 426 2144 et
437 2109 491 2143 sancti
502 2109 591 2143 Edmundi
602 2109 712 2152 discrepabat
723 2111 762 2145 talis

62 2155 139 2192 intencio.
154 2162 219 2194 Verum
227 2173 266 2194 cum
274 2162 296 2194 ab
303 2161 401 2194 huiusmodi
407 2172 437 2203 spe
443 2161 471 2193 dei
479 2167 521 2193 nutu
530 2160 629 2203 prepeditus
637 2160 729 2204 episcopus
736 2173 762 2195 re·
772 2177 791 2206 35

63 2206 136 2252 cidisset,
142 2212 246 2255 appropians
253 2212 350 2254 Ayelwinus
358 2211 430 2254 procidit
438 2212 455 2243 in
463 2211 542 2243 oracione
550 2222 608 2243 coram
616 2218 682 2251 sancto,
689 2222 762 2255 propen-

62 2257 96 2289 sius
104 2271 143 2293 eum
151 2263 244 2295 obsecrans
251 2273 273 2294 ne
281 2273 319 2295 eum
328 2264 360 2294 hac
368 2262 405 2294 vice
413 2272 444 2294 sue
449 2261 635 2294 voluntatislrustretur
641 2263 763 2302 ostentamine,

63 2304 79 2336 in
85 2306 210 2348 presenciarum
217 2311 325 2343 ostendendo
331 2311 417 2354 propriam
423 2322 442 2343 se
447 2311 493 2342 nolle
499 2310 577 2343 deserere
583 2310 675 2353 regionem.
693 2312 717 2343 Et
723 2322 763 2344 curn

62 2357 84 2390 ab
91 2361 170 2395 oracione
181 2363 285 2402 surrexisset,
294 2362 348 2396 tribus
357 2373 378 2395 ex
388 2362 479 2395 comitibus
488 2362 528 2395 suis
534 2362 566 2395 sibi
579 2362 640 2395 iunctis
653 2367 701 2395 tanta
708 2363 762 2396 facili·

62 2411 96 2441 tate
104 2410 172 2445 thecam
179 2413 236 2446 eleuat
243 2419 261 2446 ut
269 2412 321 2446 nichil
327 2412 408 2455 ponderis
416 2411 496 2446 habuisse
504 2418 597 2455 putaretur.
612 2413 684 2455 Arrepta
692 2413 762 2445 demum
771 2428 791 2457 μ

62 2457 118 2498 via,in
126 2472 188 2504 magno
196 2474 261 2496 merore
269 2463 356 2496 ciuitatem
364 2463 436 2505 reliquit,
443 2463 515 2504 plurima
523 2463 562 2495 cleri
570 2463 658 2504 plebisque
663 2463 762 2505 srequencia

62 2515 138 2543 sanctum
150 2513 209 2553 procul
220 2513 242 2546 ab
251 2513 293 2546 vrbe
304 2522 357 2554 vsque
368 2512 391 2546 ad
401 2518 472 2554 pontem
484 2511 584 2546 stratfordie
592 2520 717 2554 prosequenre;
730 2521 762 2545 nec

82 1234 171 1275 Samson.

241 2594 246 2611 ¹
257 2595 291 2623 MS.
298 2595 353 2623 velum.
534 2592 540 2608 ¹
551 2601 581 2621 om.
