1762 2803
218 109 264 166 ibt
279 107 379 163 aaron
395 107 551 161 temtaret.
685 120 726 166 137

26 241 50 265 ex
61 231 160 274 apostolice
172 231 221 265 sedis
233 230 339 265 auctoritate
350 236 478 274 preceperunt.
500 231 598 263 Aduersus
605 229 639 262 hos
646 228 728 261 imbecil-

26 283 67 316 litas
79 292 161 317 mearum
173 282 238 317 vin'um
249 292 358 325 morumque
369 282 468 327 indignitas
479 281 550 327 prolata
560 281 579 315 in
591 280 672 315 medium
683 279 728 315 nihil

26 334 99 379 profuit,
113 335 206 370 excusatio
218 336 310 380 incognite
322 336 383 379 lingue
398 336 516 379 gentiumque
527 335 646 369 barbararum
658 333 728 368 nullum

26 388 75 432 apud
83 399 115 422 eos
124 388 184 423 locum
192 387 378 433 inuenirepreualuit.
401 388 449 430 Quid
458 388 523 432 plura?
545 389 650 422 Assensum
657 387 729 431 prebui,

25 441 73 483 veni,
82 441 165 486 suscepi:
178 442 197 475 in
205 441 250 485 quo¹
259 446 285 475 tot
293 441 391 482 molestias,
399 447 425 475 tot
433 442 487 483 tedia,
492 446 598 486 tantumque
604 441 627 474 ab
634 439 684 475 omni
690 439 728 474 iere
737 447 746 479 5

26 494 74 527 bono
87 494 178 528 deiectum
191 494 258 528 mentis
270 494 350 538 quotidie
365 495 458 535 sustineo3
475 499 501 527 tot
516 493 535 528 in
550 493 630 527 diuersis
644 492 729 537 personis

27 547 178 590 perturbationes,
186 547 317 588 tribulationes,
322 547 408 591 dampna,
414 547 549 587 obdurationes,
555 545 669 588 cupiditates,
676 555 729 588 spur-

26 598 730 643 citias,tantumquesancteecclesiecasumincessanteraudio,video‚sentio,

26 657 45 686 vt
53 652 114 686 tedeat
121 663 152 687 me
156 652 193 687 vite
201 663 247 693 mee,
253 653 361 696 doleamque
369 651 469 696 plurimum
474 663 504 686 me
510 663 569 696 vsque
577 653 600 685 ad
606 652 641 686 hec
646 657 730 694 tempora

27 704 141 747 peruenisse.
169 705 217 738 Mala
229 705 320 749 siquidem
331 711 374 739 sunt
385 715 421 749 que
433 705 451 739 in
463 704 545 749 presenti
556 709 661 746 cernuntur,
673 703 730 738 multo
739 710 759 733 ιο

27 768 70 791 vero
81 757 171 792 deteriora
180 768 204 792 ex
213 758 290 793 istorum
300 758 446 793 consideratione
456 758 475 792 in
486 758 546 792 futuro
555 757 669 792 coniciuntur
676 758 684 791 ³.
707 757 730 791 Et

27 821 51 844 ne
62 811 93 843 diu
105 810 233 845 celsitudinem
242 816 328 852 vestram,
337 810 398 844 multis
410 811 518 854 magnisque
529 809 607 853 negotiis
618 814 731 853 occupatam,

27 862 98 906 prolixe
109 863 195 897 orationis
206 864 273 897 ambitu
284 864 400 908 protraham,
413 874 457 907 rogo
465 863 555 907 quatinus,
563 868 640 907 propter
647 863 702 897 deum
712 867 731 897 et

27 915 107 949 animam
115 921 200 958 vestram,
209 917 255 950 sicut
265 921 327 951 vestra
338 916 367 951 cui
379 915 478 950 contradici
489 915 518 950 sas
529 927 566 950 non
578 916 612 950 suit
623 916 731 950 auctoritate

28 979 58 1002 me
65 969 157 1012 alligastis,
165 970 192 1003 sic
199 979 272 1013 quoque
280 969 377 1013 alligatum,
384 969 461 1012 abrupto
469 968 522 1003 huius
530 968 645 1003 necessitatis
652 968 730 1009 viuculo,
740 976 758 1006 15

28 1021 132 1063 absoluaris,
143 1022 236 1064 vitamque
252 1021 370 1063 cenobialem,
383 1031 438 1064 quam
453 1031 487 1064 pre
500 1021 585 1055 omnibus
600 1021 655 1054 rebus
670 1019 731 1063 diligo,

28 1073 124 1116 repetendi
142 1073 233 1108 licentiam
249 1072 357 1108 concedatis.
386 1073 425 1108 Nee
442 1073 461 1107 in
476 1073 531 1107 huius
549 1075 575 1107 rei
594 1072 657 1117 sperni
672 1073 731 1108 debeo

28 1125 121 1170 petitione,
129 1137 184 1171 quam
192 1132 229 1161 tam
238 1128 273 1171 pie,
281 1133 318 1161 tam
329 1127 440 1168 necessarie,
447 1132 484 1161 tam
492 1126 545 1161 iustis
556 1137 579 1161 ex
587 1127 648 1161 causis
656 1125 731 1161 concedi

29 1178 73 1212 mihi
82 1179 151 1213 avobis
159 1181 245 1224 deposco.
268 1180 321 1222 Quod
330 1181 345 1214 si
353 1180 436 1221 sortasse,
443 1181 558 1214 considerata
566 1180 643 1214 aliorum
649 1179 731 1221 vtilitate,

29 1242 84 1265 secus
91 1233 183 1275 agendum
193 1232 274 1275 mihique
284 1233 303 1266 id
311 1233 439 1275 denegandum
447 1243 490 1266 esse
498 1232 607 1272 decernitis3
618 1231 672 1265 valde
679 1232 732 1265 vobis
739 1240 759 1261 πο

29 1285 130 1318 cauendum
147 1289 202 1328 atque
219 1283 333 1318 timendum³
345 1291 374 1318 est
391 1295 420 1326 ne,
432 1284 481 1318 vnde
496 1294 530 1318 vos
543 1285 649 1319 mercedem
662 1283 732 1318 habere

29 1337 77 1380 apud
89 1337 144 1370 deum
156 1337 271 1380 existimatis,
278 1337 393 1381 inde—quod
405 1338 489 1372 avestris
500 1337 571 1372 actibus
582 1347 658 1381 semper
668 1336 732 1381 procul

29 1389 145 1432 sit—peccati
156 1390 257 1433 periculum
269 1389 370 1424 incurratis,
393 1390 459 1423 Nullus
467 1395 495 1424 est
503 1390 552 1423 enim
560 1401 570 1423 a
578 1400 609 1424 me
619 1395 650 1423 aut
659 1400 732 1433 perine

29 1441 47 1475 in
56 1441 90 1476 hac
98 1447 147 1477 terra
157 1443 258 1477 animarum
266 1442 369 1487 prosectus3
381 1449 412 1478 aut
422 1442 438 1478 sl
446 1442 493 1478 vllus
501 1443 569 1484 existit,
576 1448 614 1478 tam
621 1453 690 1487 paruus
698 1449 732 1484 est,

29 1500 49 1528 vt
62 1494 176 1530 detrimentis
190 1498 236 1530 meis
250 1497 352 1540 comparari
365 1507 402 1531 non
414 1497 482 1540 possit!
528 1489 575 1531 Hiis
586 1496 648 1531 verbis
662 1495 732 1530 aduerti
741 1504 759 1537 ²5

30 1553 90 1591 potest
103 1559 159 1592 quam
174 1548 243 1583 inuitus
257 1549 367 1593 pastoralem
382 1560 444 1583 curam
457 1551 543 1594 suscepit,
556 1555 574 1583 et
587 1560 641 1594 quam
654 1549 733 1584 libenter

30 1600 130 1635 dimisisset
142 1612 188 1642 eam,
197 1601 212 1636 si
223 1602 324 1636 concedere
332 1612 380 1646 papa
387 1601 480 1636 voluisset.
502 1602 591 1636 Summus
599 1602 648 1636 enim
656 1602 733 1636 antistes

30 1653 93 1694 faetus,
107 1660 125 1688 et
140 1654 159 1688 in
174 1654 256 1688 ecclesiis
271 1655 399 1688 transmarinis
413 1656 464 1688 vices
479 1655 588 1698 apostolicas
603 1647 677 1698 gerens,
689 1656 733 1688 sub-

30 1705 112 1739 mittebat
121 1715 142 1739 se
150 1716 184 1739 suo
192 1707 284 1750 quondam
292 1706 440 1740 abbati⁴vtalius
448 1705 508 1750 quiuis
516 1706 617 1740 monachus
624 1718 628 1749 3
640 1707 733 1741 secundus

30 1758 97 1801 ubique
105 1759 128 1792 ab
136 1770 158 1792 eo
166 1758 201 1792 nisi
209 1758 232 1792 ad
240 1758 338 1793 missarum
347 1759 449 1805 solempnia
457 1760 560 1801 residendo,
569 1765 586 1793 et
595 1769 669 1794 manum
677 1759 732 1802 illius,
741 1767 761 1799 30

31 1821 72 1844 curn
84 1812 106 1845 ab
119 1822 141 1844 eo
153 1811 221 1855 aliquid
233 1812 338 1856 accipiebat,
347 1812 383 1846 nisi
394 1812 461 1856 raptim
473 1812 504 1846 ille
515 1813 617 1854 auertisset,
628 1812 734 1847 osculando.

31 1863 65 1898 Est
77 1869 139 1899 autem
151 1865 241 1899 beccense
254 1864 386 1900 monasterium
398 1865 446 1901 inter
457 1866 504 1900 duos
517 1870 590 1900 montes
604 1865 665 1907 situm,
677 1877 734 1910 super

31 1916 90 1961 ripam
98 1917 149 1951 fluuii
157 1917 188 1960 qui
197 1917 267 1951 Beceus
275 1917 347 1959 dicitur,
355 1929 365 1952 a
373 1928 410 1962 quo
418 1924 435 1951 et
444 1928 512 1952 nomen
520 1918 595 1962 accepit.
618 1917 664 1952 Cum
672 1924 733 1952 autem

32 1968 152 2003 Lamirancus
159 1969 244 2003 veniretl
255 1970 278 2003 ad
287 1970 397 2006 descensum
405 1970 474 2005 montis
482 1971 512 2014 qui
524 1970 560 2014 ipsi
571 1971 647 2004 cenobio
658 1970 734 2012 eminet,

31 2021 89 2055 fertur
96 2023 171 2056 anulum
178 2022 201 2056 de
207 2022 262 2066 digito
268 2023 377 2064 extraxisse,
382 2033 416 2058 nee
421 2028 492 2068 postea,
497 2022 584 2067 quamdiu
591 2021 645 2058 Becci
651 2028 734 2058 moratus
742 2033 762 2064 35

32 2081 65 2117 est,
73 2075 109 2112 nisi
116 2077 139 2110 ad
147 2074 246 2110 missarum
254 2076 362 2119 solempnia,
369 2075 498 2119 resumpsisse.
521 2075 551 2110 Ad
556 2076 632 2116 abbatis,
638 2075 674 2110 iarn
681 2077 734 2111 senio

32 2127 127 2169 incuruati,
139 2128 222 2162 osculum
237 2129 333 2171 accedens,
345 2135 382 2162 tam
397 2139 476 2172 magnus
491 2128 568 2162 antistes
582 2128 606 2162 ad
621 2129 679 2172 pedes
694 2128 734 2164 eius

32 2181 104 2216 aduolui
120 2186 195 2216 conatus
210 2186 249 2216 est:
270 2192 335 2216 verum
349 2181 380 2215 illo
396 2187 470 2216 econtra
485 2181 566 2227 idipsum
582 2187 664 2223 conante,
679 2181 734 2227 longo

32 2240 109 2278 vterque
127 2234 225 2269 luctamine
245 2235 289 2269 dum
304 2235 382 2269 alterum
397 2240 493 2277 sustentat,
508 2240 574 2269 neuter
588 2235 670 2279 expleuit
685 2236 734 2279 quod

32 2288 131 2331 satagebat.
153 2287 183 2321 Ad
195 2297 279 2322 mensam
294 2287 344 2322 enim
359 2288 477 2323 dextrorsum
493 2292 510 2322 et
526 2286 651 2323 sinistrorsum
667 2287 734 2322 iratres
742 2292 763 2322 40

33 2349 74 2375 cum
85 2340 222 2384 archiepiscopo
232 2340 303 2381 sedere,
311 2350 332 2374 ac
343 2339 435 2375 communi
444 2339 500 2375 calice
508 2345 525 2375 et
537 2340 613 2374 seutella
619 2351 655 2375 vna
662 2351 704 2375 curn
712 2352 734 2374 eo

33 2397 122 2436 coguntur
136 2401 210 2427 sumere
225 2391 291 2426 cibum.
314 2391 335 2425 ln
349 2392 426 2426 ecclesia
439 2393 545 2427 cathedram
560 2393 684 2437 episcopalem
700 2392 734 2426 sibi

52 2482 58 2500 ¹
68 2483 86 2511 E.
94 2492 129 2520 qua.
189 2481 195 2498 ²
205 2481 222 2512 T.
231 2482 346 2520 conuiciuntur,
355 2482 373 2512 E.
381 2482 494 2513 conuiciuntur.
551 2482 558 2500 ³
568 2481 735 2520 admodumque

33 2523 125 2551 cauendum.
172 2521 179 2540 ⁴
188 2523 217 2551 viz.
225 2522 282 2558 during
289 2523 316 2551 the
322 2521 383 2552 abbot's
389 2522 426 2552 visit
433 2526 450 2551 to
457 2522 489 2551 him
496 2522 513 2551 in
520 2521 597 2560 Eugland.
642 2521 649 2539 ⁶
658 2522 688 2550 viz.
696 2530 717 2552 on
724 2531 734 2552 a

33 2560 68 2592 visit
75 2566 92 2593 to
99 2562 126 2592 the
134 2570 171 2592 new
176 2561 234 2592 church
242 2561 261 2591 oi
265 2560 303 2592 Boc.
