1762 2803
216 102 263 158 br
277 100 377 154 &aaut
393 100 557 162 bmtcuuno.
697 117 738 160 125

36 225 112 261 audiens
121 223 144 258 ad
154 223 205 258 illum
213 223 282 266 venire,
290 222 370 265 visitare,
377 222 441 258 videre
449 228 467 257 et
475 222 615 258 familiaritatem
623 225 663 258 eius
672 223 740 259 babere

36 278 125 322 cupiebat.
148 277 171 311 Et
182 288 223 311 cum
231 278 288 311 multa
296 277 427 321 discipulorum
436 277 489 311 turba
497 277 520 311 de
529 277 640 311 monasterio
648 287 741 321 egressus,

36 342 78 365 cunr
91 330 131 364 loco
146 331 302 375 appropinquaret
315 331 346 364 vbi
361 336 436 364 sanctus
450 330 550 374 episcopus
565 330 656 371 manebat,
668 330 687 364 in
702 336 741 364 tres

37 390 107 418 turmas
119 393 184 417 omnes
192 382 291 426 discipulos
299 383 365 417 diuisit.
388 382 475 416 Similiter
484 388 502 416 et
510 382 594 427 pontifex
603 383 642 416 suis
652 383 741 427 tripharie

36 435 131 478 distinctis,
139 447 181 470 curn
193 435 267 470 canticis
278 435 390 479 spiritalibus
400 435 436 470 illis
445 437 518 470 obuiam
530 435 625 479 processit.
649 435 669 469 ln
681 435 758 479 primas

37 496 96 523 turma
107 494 159 522 erant
170 488 256 531 iuniores,
264 488 283 522 in
292 489 373 522 secunda
382 488 514 532 prouectiores,
522 487 541 522 in
549 489 602 522 tertia
611 499 667 522 senes
675 488 742 522 decora

37 541 106 577 canicie
111 541 226 577 venerabiles
233 555 238 583 ;
249 542 277 576 et¹
286 541 376 576 canebant
381 540 463 576 dicentes
470 552 474 575 z
487 541 519 575 ‘ln
526 541 561 575 viis
567 541 636 575 domini
641 552 707 585 magna
713 548 741 576 est

37 595 94 640 gloria
103 595 183 639 domini‚'
192 601 210 630 et
219 595 257 630 ‘via
265 595 354 630 iustorum
363 600 412 630 recta
422 595 468 629 sacta
476 600 510 637 est,
518 600 536 629 et
544 595 579 629 iter
588 601 692 629 sanctorum
699 606 742 639 pre-

37 654 121 693 paratum
132 650 171 683 est.'
194 649 223 683 Ex
234 654 286 693 parte
298 650 356 683 sancti
364 649 454 682 Columbe
461 649 562 683 canebant:
575 648 639 683 ‘lbunt
650 649 708 683 sancti
718 649 742 683 de

37 703 103 736 virtute
111 701 129 736 in
136 702 228 742 virtutem,
234 701 326 736 videbitur
334 702 380 735 deus
388 701 464 736 deorum
472 701 491 736 in
500 701 561 744 Syon‚'
569 712 610 735 cum
618 701 694 736 alleluia,
718 702 742 736 Et
752 715 770 736 10

37 756 62 789 ait
71 755 161 789 Columba
171 755 266 798 discipulis
278 756 327 788 suis:
339 754 409 787 ‘Video
419 754 535 797 columpnam
546 753 625 797 igneam,
635 755 654 786 in
666 755 741 788 modum

37 818 104 841 corone
111 817 171 848 auree,
177 808 195 840 in
202 808 256 841 tertio
262 807 318 841 choro
324 817 381 851 super
388 807 496 851 episcopum
502 812 585 841 sanctum
592 806 742 848 descendentem,

37 867 55 894 et
62 861 124 895 lumen
130 861 216 895 claritatis
222 860 295 895 celestis
301 871 359 904 super
364 861 417 894 eum!
433 859 456 894 Et
462 861 632 904 appropinquantes
638 859 742 894 adinuicern

38 913 100 955 sancti,
109 912 127 947 in
135 914 232 958 amplexus
240 919 314 947 mutuos
322 919 340 947 et
348 913 410 947 oscula
417 918 480 947 sancta
488 919 549 947 ruunt.
593 905 692 947 Venerunt
700 924 741 948 cum

38 971 101 1001 sancto
113 966 202 1001 Columba
213 967 287 1011 quidam
299 966 330 1001 lilii
343 966 404 1009 Belial,
416 967 439 1001 ad
451 966 499 1001 furta
510 972 528 1001 et
540 971 614 1011 peccata
626 968 704 1002 assueti:
718 967 769 1010 de15

38 1032 94 1064 grege
102 1021 160 1054 sancti
167 1021 259 1065 pontificis
267 1026 341 1064 pastore
348 1020 418 1054 iniuriis
426 1020 491 1054 affecto
498 1020 575 1055 arietem
583 1020 681 1065 rapientes,
688 1026 742 1065 caput

38 1074 77 1107 eius
85 1073 180 1108 auferunt:
192 1075 240 1108 aries
247 1085 292 1108 vero
300 1075 370 1107 concito
378 1074 435 1118 gradu
443 1075 466 1108 ad
474 1084 550 1117 gregem
558 1084 635 1108 currens
643 1074 716 1115 corruit,
724 1080 742 1107 et

38 1131 92 1169 caput
99 1128 118 1159 in
126 1127 206 1170 lapidem
213 1131 301 1161 mutatum
310 1127 394 1161 manibus
401 1126 480 1161 tenentis
486 1125 564 1160 firmiter
570 1125 648 1160 adhesit.
667 1125 742 1159 Conlusi

38 1189 82 1222 ergo
94 1178 194 1223 iniquitatis
206 1179 243 1220 filil,
251 1185 294 1213 ante
305 1179 363 1223 pedes
375 1180 433 1213 sancti
446 1179 560 1222 Kentegerni
572 1179 658 1222 prostrati
669 1178 742 1213 veniam

38 1242 79 1265 eum
87 1231 180 1266 lachrimis
191 1232 312 1276 postulabant.
336 1231 371 1274 Qui
380 1231 459 1276 benigne
467 1242 499 1266 eos
508 1233 627 1276 redarguens,
635 1242 660 1266 ne
667 1232 742 1267 vlterius
753 1245 771 1266 ιο

38 1285 126 1327 fraudem,
139 1285 213 1328 lurtum,
229 1286 258 1320 vel
273 1285 389 1329 sacrilegium
401 1285 536 1320 committerent
551 1286 651 1326 admonuit,
668 1296 679 1319 a
691 1291 742 1319 reatu

38 1338 121 1380 absoluit,
129 1343 147 1372 et
155 1349 222 1382 corpus
232 1338 294 1372 arietis
304 1338 340 1372 illis
351 1339 426 1372 tradens
437 1339 459 1372 ad
470 1349 503 1372 sua
514 1338 589 1372 remisit.
612 1337 672 1383 Caput
681 1344 743 1372 tamen

38 1390 56 1424 in
68 1401 134 1424 saxum
145 1401 255 1425 conuersum
263 1391 282 1424 in
293 1390 375 1424 miraculi
383 1390 507 1425 testimonium
515 1402 574 1434 vsque
583 1390 637 1425 hodie
647 1390 666 1425 in
677 1392 743 1425 eodem

38 1442 77 1476 loco
85 1444 191 1478 custoditur.
211 1443 232 1477 ln
240 1443 314 1487 signum
322 1454 395 1488 quoque
403 1449 466 1478 mutue
474 1443 577 1478 dilectionis
584 1444 630 1479 alter
638 1449 743 1479 sanctorum

38 1496 113 1530 alterius
120 1498 205 1531 baculum
213 1499 305 1540 suscepit:
318 1503 335 1531 et
343 1497 418 1531 baculus
426 1507 481 1540 quern
489 1502 564 1531 sanctus
572 1497 660 1531 Columba
667 1496 743 1531 contulit
752 1509 770 1539 25

39 1550 131 1595 episcopo,
139 1551 187 1594 apud
197 1549 259 1594 Ripun
271 1549 289 1584 in
302 1549 380 1585 ecclesia
391 1549 450 1584 sancti
457 1550 549 1585 Willridi²
561 1550 618 1585 multo
628 1555 713 1595 ternpore
724 1551 743 1585 in

39 1614 105 1647 magna
113 1605 216 1637 reuerentia
224 1604 296 1638 habitus
304 1609 338 1638 est.
379 1596 430 1639 Cum
438 1614 512 1638 crucem
518 1605 610 1648 quandam
619 1605 665 1637 mire
673 1605 744 1647 magni-

39 1656 106 1691 tudinis
118 1656 209 1700 lapideam
221 1656 240 1690 in
251 1656 340 1691 cimiterio
352 1656 456 1701 glascuensi
467 1656 519 1691 multi
526 1656 560 1692 viri
569 1656 640 1701 erigere
649 1668 686 1691 non
694 1656 744 1691 vale·

39 1715 84 1751 rent,
92 1710 132 1743 susa
142 1710 165 1743 ad
173 1711 229 1743 deum
236 1709 294 1743 sancti
305 1720 361 1754 prece
372 1709 448 1753 angelus
458 1710 477 1744 in
489 1715 542 1744 nocte
550 1711 573 1744 de
582 1710 620 1744 celo
628 1710 744 1744 descendens

39 1773 111 1796 crucem
126 1762 176 1796 illam
189 1761 254 1804 erexit,
266 1762 365 1805 benedixit,
379 1763 504 1804 sanctificauit,
516 1769 534 1797 et
547 1764 630 1797 recessit.
653 1763 680 1797 lbi
694 1762 743 1797 enim
752 1773 772 1803 3⁰

39 1815 105 1850 virtute
115 1816 177 1850 diuina
189 1816 286 1851 sanitatem
297 1815 398 1860 perfectam
410 1816 462 1850 multi
473 1823 538 1860 postea
551 1816 620 1851 meritis
629 1815 743 1859 Kentcgerni

39 1869 127 1913 consequi
140 1874 252 1904 meruerunt.
295 1863 360 1904 Aliam
372 1880 446 1904 crucem
456 1870 475 1904 in
484 1870 529 1904 locis
539 1870 587 1904 illis³
600 1871 623 1904 de
635 1871 675 1904 sola
688 1880 744 1904 arena

40 1922 95 1955 maris
103 1922 172 1964 erexit3
184 1933 240 1966 quarn
248 1922 298 1955 nulla
305 1922 354 1955 aeris
363 1922 481 1956 inclementia
488 1933 565 1967 usquam
574 1922 676 1957 dissoluerc
684 1922 743 1957 valet:

39 1975 69 2008 vbi
80 1974 136 2009 variis
147 1975 265 2020 languoribus
276 1975 351 2019 grauati,
361 1975 424 2010 furiosi
436 1981 453 2010 et
465 1975 555 2010 demoniis
566 1974 628 2010 vexati
638 1980 727 2010 sanantur
732 1975 744 2010 ⁴.

39 2021 153 2063 ⁵Fabricauit
159 2028 350 2062 autemmolendinum
355 2038 412 2072 super
418 2027 494 2062 lluuium
503 2027 598 2069 Gladuml,
607 2029 666 2072 qu0d²
674 2029 743 2062 nullam
752 2039 771 2070 35

40 2091 132 2116 annonam
142 2082 220 2115 iuratam
232 2080 302 2114 molere
313 2080 408 2123 presumit,
416 2091 477 2125 neque
487 2081 555 2115 molam
565 2091 626 2125 neque
635 2080 675 2115 elus
685 2086 744 2116 rotam

40 2140 82 2177 post
93 2134 157 2168 horam
169 2145 236 2168 nonam
248 2134 318 2168 sabbati
323 2134 335 2175 ³,
343 2134 401 2168 donec
413 2134 516 2168 celebretur
527 2134 619 2168 dominica
630 2135 675 2175 dies,
684 2141 744 2169 rotare

40 2186 105 2230 aliquis
116 2192 177 2230 potest
184 2186 195 2220 ⁵,
239 2179 276 2220 Vir
286 2187 315 2220 dei
328 2186 384 2220 nimia
395 2188 470 2220 tandem
483 2192 579 2221 senectute
590 2187 689 2228 confectus,
703 2197 744 2221 cum

40 2249 138 2273 neruorum
153 2250 241 2284 compago
253 2250 302 2284 pene
315 2249 411 2274 emarcens
424 2240 512 2274 dissoluta
525 2239 595 2282 suisset,
607 2240 687 2284 quodam
701 2240 745 2274 sub·

40 2292 92 2337 ligarl
102 2293 150 2328 lineo
160 2302 194 2336 per
201 2293 283 2327 medium
294 2291 358 2336 capitis
368 2298 387 2327 et
394 2292 453 2327 desub
461 2299 523 2328 mento
531 2294 654 2327 circumducto
662 2299 744 2327 mentum
752 2311 772 2341 4⁰

40 2350 58 2379 et
64 2345 148 2379 maxillas
156 2345 270 2386 sustentauit,
275 2350 294 2379 vt
300 2346 323 2379 ad
330 2345 461 2390 proferendum
467 2346 563 2391 quevellet
569 2345 671 2391 expeditior
679 2346 744 2380 redde·

41 2404 96 2434 retur.
119 2399 199 2434 Demum
212 2400 318 2434 conuocatis
333 2399 428 2444 discipulis
441 2400 485 2442 suis,
501 2401 524 2434 de
539 2399 667 2434 obseruatione
681 2404 744 2433 sancte

40 2472 156 2514 ‘10m.rnr.
212 2483 327 2514 munirer.
382 2484 579 2514 wnrnronwervero.
634 2483 743 2513 *raanan

40 2522 64 2540 ⁵⁴
75 2533 106 2554 om.
118 2524 134 2553 in
146 2524 194 2561 Vita;
209 2523 228 2553 ci.
240 2523 339 2553 Camerarius
351 2523 376 2553 De
386 2522 422 2553 sort.
435 2523 478 2554 Scot.
490 2533 505 2562 p.
518 2524 543 2562 85.
603 2522 662 2553 ‘Cam
673 2523 743 2554 cludam.

40 2561 145 2601 trisque.
205 2563 314 2594 ”Esubbati
