1762 2803
277 81 322 137 bc
337 79 552 138 &fluctuantia
721 38 765 138 aa

65 209 83 237 et
102 202 260 237 exhortationibus
278 208 333 246 atque
351 201 464 235 orationibus
485 201 565 235 animam
587 201 627 236 eius
649 212 729 241 arrnans,
747 208 766 235 et

65 266 159 300 egressam
168 267 178 290 a
186 266 263 300 corpore
270 255 288 289 in
296 265 362 288 manus
373 254 403 288 dei
413 251 575 287 recommendauit.
598 253 682 295 Quodam
693 253 765 288 interim

63 320 116 342 soror
129 308 200 351 trepida
213 319 290 343 currens
302 309 326 342 de
339 307 416 341 ecclesia
430 307 487 342 sancti
501 307 585 348 Dionisii,
596 307 626 341 vbi
638 307 690 350 virgo
703 313 766 342 sancta

64 361 138 404 obierat,
158 361 181 395 ad
200 360 338 401 monasterium,
355 359 404 394 audit
423 365 509 403 tanquam
524 359 543 393 in
559 360 614 394 choro
631 360 765 394 multitudinem

65 414 188 458 psallentium.
212 414 245 449 Cui
254 415 325 448 herenti
336 414 414 448 occurrit
424 414 498 457 quidam
510 413 588 457 speciosi
597 413 659 448 vultus
667 419 685 447 et
693 412 783 452 habitus5

64 467 150 511 gloriosi:
167 467 206 502 ‘Ne
224 467 328 512 appropies,
347 466 410 511 inquit,
429 466 470 507 huc,
488 467 531 510 qula
546 466 605 511 angeli
621 466 679 501 sancti
695 465 765 501 Godam

64 521 145 564 puellam
150 521 204 555 ’-—sic
216 521 266 555 enim
277 520 374 565 gratiosius
386 519 516 564 appellabatur,
527 530 563 565 que
574 519 633 564 patria
641 531 686 555 voce
697 521 765 555 ‘bona‘

65 574 369 617 cognominatur—‘conuenerunt,
387 579 406 607 vt
425 574 448 607 ad
467 579 530 607 eterna
549 574 615 616 gaudia
638 573 680 607 hinc
702 584 765 608 secum

64 626 152 665 auferant,
165 627 251 671 quatinus
264 637 306 661 cum
319 626 354 660 isto
366 631 455 661 concentu
468 626 559 660 exercitus
574 626 647 660 celestis
662 627 722 661 aulam
738 627 765 661 in-

64 685 122 714 troeat
140 687 230 724 perpetue
248 680 374 715 iocunditatis'
402 679 470 724 Sicque
488 690 537 714 anno
555 679 695 714 vicesimotertio
712 680 765 715 etatis
775 695 794 716 ro

65 743 103 773 sue,
115 734 241 767 sextodecimo
252 734 288 767 kal.
299 734 378 767 octobris
393 732 477 777 migrauit
489 733 511 766 ad
524 732 623 772 Christum,
634 733 682 768 circa
696 744 765 768 annum

64 784 134 818 domini
153 786 313 829 nongentesimum
332 786 572 829 octuagesimumquartum3
592 791 610 819 et
625 786 710 830 sepeliuit
724 796 765 820 eam

66 836 173 872 Dunstanus
184 837 204 872 in
215 838 292 873 ecclesia
304 837 351 873 beati
363 837 446 879 Dionisii,
457 847 512 881 quam
524 836 564 882 ipsa
576 837 688 873 fundauerat.
711 839 766 874 Hunc

65 891 126 925 locum
134 902 212 936 presaga
223 897 285 927 mente
296 902 341 936 sepe
348 891 401 936 virgo
410 895 504 925 notauerat
512 895 530 924 et
539 890 578 925 ‘hic
585 890 637 925 locus
648 891 767 936 requietionis

66 954 107 978 mee
119 945 157 979 est’
165 945 241 987 dixerat,
251 950 306 990 atque
318 945 366 979 hunc
377 944 501 988 frequentans,
512 944 586 978 assiduo
597 945 655 979 imbre
665 945 767 989 lachryma—
777 959 794 989 15

65 1006 106 1030 rum
117 997 229 1041 irrigauerat.
252 998 390 1032 Zenodochium
401 998 421 1030 in
432 998 478 1030 atrio
489 997 596 1031 monasterii
602 998 613 1037 ¹,
621 1009 657 1041 quo
669 999 767 1032 tresdecim

66 1060 158 1092 pauperes
165 1062 224 1093 vsque
235 1051 289 1085 hodie
300 1050 413 1091 reficiuntur,
424 1050 505 1084 instituit.
549 1042 656 1084 Tricesimo
666 1050 726 1085 obitus
738 1050 767 1085 sui

67 1100 96 1134 die
108 1102 192 1146 apparuit
199 1102 251 1147 virgo
260 1108 324 1137 sancta
332 1101 415 1147 genitrici
426 1112 459 1137 sue
467 1101 571 1136 Wlstrude²
581 1101 606 1136 ita
616 1102 692 1146 pulchra
700 1108 718 1137 et
726 1103 767 1143 leta,

65 1163 86 1187 ac
98 1154 168 1190 lumine
182 1156 228 1190 sicut
240 1156 350 1190 vestimento
362 1155 427 1189 amicta
440 1161 458 1189 et
471 1155 561 1199 gloriosa3
573 1161 635 1188 narrat
647 1167 668 1189 se
681 1155 720 1201 regi
733 1167 767 1190 suo

67 1206 115 1241 bene
128 1212 221 1252 acceptam
235 1208 323 1251 ingloria
336 1213 405 1242 eterna.
428 1208 461 1242 ‘Et
474 1208 565 1248 sathanas,
580 1208 644 1251 inquit,
659 1219 690 1243 me
705 1220 765 1244 coram
775 1221 795 1243 ao

67 1260 141 1295 domino
151 1272 193 1296 meo
204 1262 300 1303 accusauit,
311 1263 344 1296 sed
354 1266 458 1296 sanctorum
466 1259 589 1305 apostolorum
597 1261 703 1306 patrociniis
713 1267 767 1307 caput

66 1313 105 1347 eius
113 1314 196 1357 contriui,
204 1320 222 1349 et
232 1315 251 1349 in
262 1326 315 1349 cruce
327 1314 369 1348 Iesu
380 1313 416 1348 mei
427 1314 517 1348 deiectum
528 1320 546 1348 et
556 1314 693 1349 conculcatum³
704 1316 767 1349 trium·

65 1367 131 1410 phaui’
175 1361 281 1403 Tricesimo
296 1368 384 1403 transitus
401 1367 430 1402 sui
448 1367 478 1401 die
495 1372 538 1402 nata
555 1373 583 1402 est
600 1379 623 1402 ex
638 1368 766 1404 illustrissimis

66 1420 173 1462 parentibus
189 1422 270 1465 paruula,
287 1432 344 1465 super
363 1431 399 1465 qua
417 1420 457 1464 ipsa
475 1421 529 1454 beata
545 1421 612 1454 Editha
630 1427 673 1455 ante
688 1427 766 1457 mortem

65 1471 142 1515 rogitata
152 1479 172 1508 vt
183 1474 207 1508 de
218 1484 270 1509 sacro
282 1474 331 1508 sonte
345 1474 394 1507 hunc
404 1478 477 1517 partum
489 1483 530 1506 cum
542 1480 650 1508 nasceretur
660 1475 767 1520 susciperet,
776 1488 794 1518 ²5

66 1525 185 1569 ‘Suscipiam
193 1527 257 1570 inquit,
265 1527 369 1569 quomodo⁴
381 1527 416 1560 deo
427 1525 536 1569 placuerit3'
548 1527 581 1561 sed
594 1527 624 1561 illa
634 1533 677 1561 ante
686 1534 729 1561 nata
740 1534 767 1562 est

67 1577 111 1619 celo,
121 1590 176 1622 quarn
188 1578 223 1613 ista
234 1579 308 1614 mundo.
331 1578 392 1613 Allata
403 1578 464 1622 itaque
476 1579 499 1613 ad
511 1579 608 1614 ecclesiam
618 1579 713 1622 infantula,
726 1590 768 1615 cmn

67 1631 162 1676 Elphegus
181 1631 231 1666 illam
252 1632 358 1677 baptizaret,
377 1637 395 1667 et
414 1639 455 1677 post
475 1642 548 1668 cereum
568 1633 692 1677 pretenderet,
711 1633 768 1670 dixit:

67 1684 152 1728 ‘Accipe
168 1686 233 1730 puella,
245 1686 354 1731 lampadem,
365 1697 406 1720 cum
418 1696 453 1730 qua
466 1685 547 1721 introeas
557 1687 580 1721 ad
592 1687 664 1731 nuptias
678 1687 768 1723 dominiz’

68 1738 129 1772 subito
144 1739 196 1783 quasi
212 1744 274 1774 sancta
290 1739 357 1774 Editha
372 1750 434 1773 coram
449 1745 523 1788 tenente
538 1746 642 1784 susceptam
655 1740 768 1784 infantulam,
777 1754 797 1784 30

68 1791 167 1833 palmulam
179 1793 267 1836 porrexit,
277 1803 387 1836 cereumque
398 1793 456 1827 vltro⁶
468 1793 548 1837 suscepit
557 1804 578 1827 ac
590 1794 653 1828 tenuit.
676 1794 768 1830 intellexit

66 1850 143 1887 repente
155 1845 241 1880 sanctus⁶
253 1846 348 1889 Elphegus
359 1846 462 1889 episcopus,
472 1846 507 1879 hoc
516 1856 558 1880 esse
570 1845 652 1880 mirabile
663 1847 767 1891 presagium

67 1895 128 1930 diuine
142 1897 260 1940 electionis⁸3
272 1897 301 1932 et⁷
312 1898 373 1932 statim
383 1898 489 1941 parentibus
502 1898 542 1931 eius
552 1898 598 1932 aitl:
611 1899 674 1932 ‘Hanc
689 1899 768 1933 inlautu-

67 1948 104 1981 lam
112 1949 146 1983 soli
154 1951 188 1984 deo
197 1951 344 1994 desponsandam
353 1950 425 1992 nutrite,
433 1955 450 1984 et
458 1955 500 1994 post
508 1949 645 1985 ablactationem
657 1952 768 1987 monasterio

66 2002 143 2036 tradite?
166 2003 207 2038 Hec
219 2003 268 2038 enim
279 2003 345 2048 puella,
357 2002 463 2047 Brithgiual
475 2008 544 2044 vocata,
556 2004 604 2047 apud
616 2002 724 2038 Wiltoniam
737 2005 768 2039 ab·
777 2017 796 2048 55

67 2054 134 2090 batissa
142 2055 212 2097 effecta,
220 2057 239 2091 in
247 2062 310 2092 sancta
317 2056 455 2092 conuersatione
465 2056 521 2091 vitam
532 2055 595 2091 finiuit.
641 2049 716 2102 Elapsis
726 2065 768 2101 post

68 2108 202 2152 depositionem
218 2116 281 2146 sancte
299 2111 365 2145 Edithe
384 2111 437 2145 annis
454 2110 558 2151 tresdecim,
573 2110 656 2155 apparuit
672 2110 768 2146 Dunstano

67 2162 210 2208 archiepiscopo,
218 2164 294 2199 dicens:
307 2164 453 2206 ‘Reminiscens,
463 2163 526 2207 inquit,
537 2163 622 2197 dominus
631 2164 768 2199 miserationum

67 2225 147 2259 suarum,
159 2217 259 2262 assumpsit
271 2229 306 2260 me,
318 2218 413 2263 placetque
425 2217 511 2252 ineffabili
523 2216 598 2252 bonitati
609 2228 643 2252 sue
651 2223 669 2252 vt
679 2217 769 2253 clarificer

68 2268 86 2300 in
99 2270 176 2303 salutem
188 2271 270 2304 fidelium
284 2281 359 2304 suorum
372 2272 420 2313 apud
432 2271 522 2311 homines,
534 2281 589 2313 quam
601 2270 708 2313 glorificauit
720 2274 768 2316 apud
776 2286 798 2316 40

68 2322 161 2363 angelicos
169 2322 254 2358 concines
262 2323 281 2357 in
289 2323 338 2358 celis.
360 2322 413 2357 Vade
421 2334 465 2368 ergo
472 2322 580 2356 Wiltoniam
588 2328 606 2357 et
612 2322 674 2357 diuina
682 2324 770 2359 mandata

68 2383 166 2418 exequere,
181 2381 200 2410 et
215 2386 282 2420 corpus
297 2386 358 2411 meum
375 2376 398 2410 de
413 2381 461 2411 terra
477 2376 550 2411 eleuare
565 2377 623 2411 stude.
646 2376 675 2411 Ne
690 2377 770 2421 dubites,

68 2436 102 2461 nec
110 2428 146 2462 vlla
155 2433 173 2463 te
180 2429 258 2463 fantasia
267 2429 329 2464 deludi
339 2430 444 2465 existimes:
455 2429 490 2464 hoe
501 2429 551 2465 enirn
559 2429 642 2465 veritatis
653 2429 685 2465 tibi
697 2431 771 2466 dabitur

87 2495 117 2527 ¹T.
125 2499 164 2528 adds
171 2500 254 2531 edificauit.
287 2499 404 2531 lewlnrudt
440 2500 472 2530 ³et
479 2510 559 2532 concom.
566 2502 582 2530 in
590 2501 630 2533 Boll.
665 2500 769 2535 ‘Belicam

67 2535 186 2570 ⁵om.inBoll.
208 2539 375 2571 ‘Bollrevelalionis
395 2539 441 2570 'om
450 2541 465 2570 in
473 2540 491 2572 T.
511 2541 568 2572 ‘uolt
576 2541 621 2572 dixit.
641 2541 770 2582 ”RBn'thgina
