1762 2803
140 159 184 201 290
332 145 412 199 mota
427 142 543 206 trunca
558 139 653 206 ancha.

138 264 235 299 innumera
254 264 390 298 candidatorum
409 265 511 306 multitudo,
530 275 607 299 coronas
629 275 694 299 aureas
712 264 732 299 in
750 264 840 309 capitibus

139 317 256 361 gestantium,
271 317 388 351 inestimabili
406 317 476 361 fulgore
493 317 603 359 micantium,
621 327 655 362 per
674 317 751 352 ecclesie
767 317 840 352 ianuam

139 371 243 415 irrumpens
258 375 300 404 ante
315 370 376 413 ipsum
389 371 498 414 conglobata
510 370 572 412 astitit,
584 381 620 404 vna
632 381 677 404 voce
691 371 773 405 salutans
784 376 802 404 et
814 369 841 403 di-

139 436 195 460 cens:
208 423 273 458 ‘Salue
284 423 380 458 Dunstane
390 429 453 458 noster
458 424 469 467 ¹,
483 423 539 458 salue.
562 423 637 458 Mandat
646 423 684 467 tibi,
696 434 751 468 quem
765 423 795 468 pie
810 424 841 457 de-

122 478 215 520 tsideras,
227 476 275 511 iilius
289 476 325 518 dei,
337 477 428 520 quatinus,
440 477 456 511 si
466 483 541 521 paratus
551 488 577 519 es,
588 478 653 512 venias
665 483 684 512 et
693 478 742 511 diem
753 477 806 520 hanc,
818 477 841 511 ad

139 530 190 564 euius
202 529 289 574 gaudium
303 528 363 573 spiras
369 530 380 571 ²,
392 529 487 564 nobiscum
502 529 595 564 celebres!
617 530 648 564 Ad
664 531 712 574 quod
727 531 758 564 ille
773 530 841 575 imper·

138 583 212 617 territus
222 592 305 624 manens,
313 582 428 617 sciscitatust
438 588 467 617 est
477 582 508 627 qui
519 587 586 618 essent.
609 584 718 625 ‘Cherubim
725 584 815 627 inquiunt,
823 589 841 618 et

138 635 230 680 Seraphin
244 646 319 678 sumus;
335 640 354 670 et
365 636 458 679 responde
471 635 515 680 quid
526 635 583 670 velis)
606 635 658 670 Tunc
667 635 707 671 ille:
721 636 791 671 ‘Hodie
802 635 841 671 dies

138 688 285 723 solemnissimus
296 694 329 731 est,
338 694 355 723 et
366 688 454 723 incumbit
463 689 508 723 mihi
518 700 567 733 pane
574 690 625 723 verbi
636 690 665 723 dei
675 690 749 734 plebem
759 690 841 731 reficere,

106 741 130 785 no
138 747 156 776 et
164 743 262 776 ostendere
269 741 295 775 illi
303 743 394 785 quomodo
401 743 424 776 ad
432 742 467 776 hoc
474 742 560 786 gaudium
569 742 628 786 possit
636 743 740 786 peruenire.
763 743 841 787 Propter

138 796 187 838 quod
197 800 215 830 et
227 794 278 828 multi
289 800 420 836 conuenerunt,
428 806 462 829 nec
473 795 532 829 debeo
541 795 582 828 illos
593 795 688 839 decipere:
705 801 723 829 et
735 796 776 829 ideo
787 795 841 829 hodie

137 848 201 882 venire
212 858 249 881 non
259 850 345 891 possum)
368 847 404 889 Qui
416 847 513 882 dixerunt:
526 847 582 891 ‘Eya,
590 853 665 892 paratus
674 854 714 883 esto
722 848 752 882 in⁴
761 849 790 883 die
801 849 841 883 sab-

138 900 186 935 bati:
204 904 266 944 presto
280 899 306 934 sis
319 900 362 933 hinc
377 900 473 934 nobiscum
487 901 566 934 Romam
579 900 648 943 venire,
661 906 679 935 et
693 912 755 935 coram
769 912 841 935 summo

139 954 226 997 pontifice
241 953 342 995 “Sanctus,
357 958 436 994 sanctus,
450 954 538 986 sanctus’¹
553 953 658 986 eternaliter
671 955 748 987 canere!
771 953 841 987 Annuit

104 1006 175 1050 ²15ille,
191 1012 209 1041 et
224 1005 250 1039 illi
264 1006 358 1040 recedunt.
382 1005 438 1039 Lecto
453 1005 507 1050 igitur
522 1017 544 1040 eo
560 1005 590 1040 die
608 1007 631 1040 ad
649 1006 725 1040 missam
740 1006 841 1050 euangelio,

139 1060 225 1103 loquutus
238 1064 267 1093 est
281 1060 304 1092 ad
319 1059 393 1102 plebem
408 1059 485 1102 qualiter
500 1069 594 1103 nunquam
609 1065 662 1093 antea
677 1059 735 1094 suerat
750 1060 841 1103 loquutus,

139 1112 250 1147 ⁵ostendens
259 1122 295 1155 qua
302 1110 372 1145 ratione
379 1111 428 1145 filius
436 1111 466 1145 dei
474 1122 548 1146 carnem
555 1112 639 1153 induerit,
646 1123 679 1146 cur
685 1112 760 1146 humani
768 1112 842 1157 generis

139 1166 260 1199 saluationem
272 1174 309 1197 non
321 1163 356 1197 nisi
368 1164 463 1197 moriendo
476 1163 600 1208 compleuerit,
612 1165 766 1208 quemadmodum
780 1175 841 1199 resur·
871 1163 874 1169 “

138 1229 185 1261 gens
204 1228 215 1251 a
233 1215 310 1250 mortuis
329 1216 393 1250 mortis
412 1216 516 1260 principem
535 1216 656 1260 superauerit,
675 1222 693 1251 et
712 1217 841 1253 famulantibus

112 1271 208 1314 coangelis
221 1270 280 1304 celum
290 1269 386 1313 ingressus
395 1269 424 1304 sit.
447 1269 519 1304 Deinde
530 1269 638 1313 sanguinem
651 1269 719 1304 Christi
728 1270 842 1315 incompara-

139 1323 199 1359 biliter
219 1323 304 1358 omnibus
323 1321 411 1358 creaturis
429 1322 490 1357 docuit
508 1332 550 1358 esse
570 1323 717 1367 prestantiorem,
736 1328 842 1369 tantamque

139 1377 225 1412 fiduciam
235 1376 254 1410 in
265 1375 365 1411 effusionet
378 1375 472 1420 sanguinis
481 1375 530 1410 illius
542 1377 631 1410 mundum
642 1376 709 1411 habere
722 1388 783 1421 posse,
795 1383 814 1412 vt
826 1379 842 1412 si

138 1441 186 1465 vnus
199 1429 265 1474 aliquis
279 1429 334 1463 totius
348 1429 412 1462 mundi
427 1434 502 1473 peccata
515 1429 597 1472 haberet,
612 1440 673 1473 neque
687 1431 711 1463 de
725 1430 842 1464 multitudine

139 1495 200 1527 neque
214 1483 238 1517 de
254 1482 379 1525 magnitudine
396 1482 493 1516 criminum
509 1481 535 1516 illi
550 1487 600 1516 esset
618 1483 754 1526 desperandum
771 1483 787 1517 si
803 1494 842 1517 me·

112 1548 131 1578 ²5
140 1536 229 1570 diatorem
235 1534 265 1568 dei
271 1539 289 1568 et
295 1534 390 1568 hominum
395 1534 471 1568 haberet
477 1534 586 1568 aduocatum
590 1534 602 1568 ³.
622 1535 645 1568 Et
653 1545 739 1570 reuersus
747 1537 770 1570 ad
780 1536 842 1578 altare,

140 1589 238 1624 celebrauit
247 1587 334 1621 misteria.
356 1586 393 1619 Vbi
402 1592 463 1620 autem
470 1591 546 1620 ventum
556 1591 584 1619 est
595 1587 618 1619 ad
629 1588 776 1621 benedictionem
786 1599 842 1632 super

140 1643 233 1686 populum,
242 1640 309 1674 iterum
320 1640 343 1673 ab
354 1639 411 1682 altari,
420 1639 552 1683 predicaturus,
563 1640 670 1683 regreditur,
678 1640 703 1674 ita
710 1646 729 1674 vt
737 1652 774 1674 non
784 1641 843 1675 homi-

140 1705 184 1730 nem
192 1694 225 1729 sed
234 1693 319 1737 angelum
327 1692 376 1736 loqui
384 1698 464 1736 putares.
488 1691 556 1726 Iterum
566 1692 589 1726 ad
599 1692 656 1726 altare
664 1693 767 1736 reuertitur,
775 1698 793 1727 et
801 1695 843 1728 data

140 1747 268 1781 benedictione
279 1746 345 1779 iterum
355 1747 378 1779 ad
389 1746 477 1789 populum
488 1745 539 1786 redit,
551 1746 667 1789 stupentibus
678 1747 753 1787 cunctis,
767 1752 785 1780 et
799 1758 843 1781 mox

112 1808 132 1838 30
140 1806 159 1835 vt
167 1801 189 1834 ad
198 1799 309 1843 loquendum
317 1809 337 1832 os
346 1798 422 1841 aperuit,
430 1803 480 1831 tanta
488 1797 569 1831 claritate
576 1798 637 1831 vultus
646 1798 685 1831 eius
696 1799 815 1842 resplenduit,
823 1805 843 1834 vt

140 1864 194 1889 nemo
202 1852 221 1887 in
229 1862 272 1887 eum
283 1851 379 1886 intendere
389 1856 457 1895 posset.
481 1851 556 1885 Obitum
568 1861 622 1885 suum
634 1851 670 1885 illis
680 1850 748 1886 instare
757 1852 843 1896 predixit,

139 1908 249 1950 promittens
264 1916 284 1939 se
300 1905 335 1938 illis
350 1915 445 1948 nunquam
458 1905 587 1938 defuncturum
593 1905 605 1938 ⁷.
629 1905 652 1937 Et
664 1910 707 1938 tunc
720 1906 744 1938 ad
759 1916 843 1940 mensam

139 1958 209 1994 domini
220 1968 317 2002 regressus
328 1962 361 1991 est.
385 1957 455 1991 Eadem
467 1957 502 1999 die,
514 1967 556 1991 cum
567 1967 578 1990 a
589 1967 654 1991 mensa
666 1962 739 2001 sumpto
751 1959 791 1991 cibo
803 1969 843 1992 sur·

140 2013 224 2053 rexisset¹
235 2010 332 2046 ecclesiam
344 2011 401 2055 petiit,
409 2015 427 2045 et
438 2009 540 2055 designauit
551 2011 611 2044 locum
621 2010 641 2044 in
651 2021 687 2055 quo
698 2010 772 2054 sepeliri
781 2011 844 2047 voluit.

112 2082 131 2111 35
142 2066 185 2098 Mox
200 2065 277 2108 languor
291 2074 333 2097 eum
348 2063 425 2105 inuasit;
445 2069 497 2097 senta
512 2063 556 2097 seria
571 2063 618 2098 lecto
636 2064 726 2104 decubuit,
742 2075 843 2108 omnesque

141 2120 261 2153 aduentantes
273 2117 296 2150 ad
308 2117 402 2161 sequenda
417 2116 485 2150 Christi
497 2115 574 2160 vestigia
589 2116 675 2150 inritauit.
698 2116 778 2151 Sabbato
794 2117 844 2152 enim

141 2183 183 2206 cum
198 2171 263 2206 horam
278 2181 330 2203 suam
346 2175 458 2214 expectaret,
474 2168 533 2203 subito
552 2180 594 2203 curn
611 2169 664 2212 lecto,
679 2169 698 2204 in
715 2181 751 2213 quo
767 2170 843 2214 iacebat,

140 2236 199 2269 vsque
218 2225 241 2257 ad
260 2222 355 2267 superiora
377 2223 449 2257 leuatus
468 2228 502 2264 est,
521 2227 544 2263 et,
563 2222 645 2257 trabibus
664 2223 800 2264 obsistentibus,
820 2225 843 2257 ad

141 2284 209 2312 terram
219 2276 285 2311 leniter
295 2276 392 2311 demissus.
416 2276 522 2320 iterumque
529 2286 587 2320 vsque
597 2276 619 2310 ad
629 2277 691 2310 trabes
700 2286 742 2310 cum
753 2276 799 2310 lecto
810 2287 844 2311 suo

112 2348 133 2377 40
141 2336 204 2374 raptus
220 2334 253 2371 est,
264 2333 283 2362 vt
295 2329 352 2372 prius,
363 2334 381 2363 et
392 2328 459 2362 iterum
474 2328 540 2362 leniter
552 2328 654 2369 demissus;
671 2329 706 2361 hoc
717 2339 776 2371 vsque
789 2329 843 2362 tertio

141 2383 250 2417 factumest.
266 2380 366 2416 ⁸Videntes
374 2381 408 2415 hoc
416 2381 448 2424 qui
455 2382 544 2423 astabant,
549 2380 607 2416 territi
615 2380 711 2424 fugientes,
717 2386 735 2414 et
743 2380 844 2424 parietibus

141 2435 204 2476 innixi,
216 2435 239 2469 de
254 2434 309 2478 longe
323 2445 397 2468 sursum
412 2432 523 2477 aspicientes
538 2433 607 2468 exitum
623 2432 650 2467 rei
665 2432 727 2467 videre
740 2433 844 2478 cupiebant.

142 2489 234 2522 Conuocat
245 2499 310 2522 onmes
323 2488 431 2521 Dunstanus
442 2486 472 2531 qui
486 2487 548 2531 fugam
561 2486 644 2529 inierant,
656 2485 717 2535 taliter
730 2497 762 2520 eos
774 2487 844 2522 demul-

152 2561 355 2599 ,¹T.noster;E,pater.
405 2560 455 2590 ⁵VB.
464 2560 538 2599 suspiras.
590 2559 724 2589 ³E.scissitatus.
777 2559 843 2591 ⁴alut.

142 2600 298 2630 ⁵*⁵FromOsbern.
340 2600 474 2631 ⁵Ereffussione.
514 2600 563 2630 ⁷VB.
572 2599 666 2629 defuturum.
708 2598 844 2630 ³From0stern.
