1762 2803
131 152 173 192 292
322 137 401 190 mutu
417 135 533 197 attenua
548 135 641 197 uncte.

129 257 242 292 Teutonicus
255 257 329 292 nomine
341 257 433 300 Clemens,
446 268 501 302 quem
513 257 611 292 sacerdos1
622 268 656 300 pro
668 257 721 301 culpa
734 256 832 301 voluptatis

130 316 149 345 et
162 309 274 344 contumacie
286 310 305 343 in
318 310 412 344 interitum
424 311 484 344 carnis
498 311 574 344 sathane
585 310 696 352 tradiderat;
713 310 811 353 septennio
822 320 833 342 a

131 364 210 397 demone
220 373 323 406 possessus,
332 363 355 395 de
366 363 406 396 loco
417 364 440 397 ad
452 364 512 396 locum
523 362 602 397 instabili
614 362 707 396 ferebatur
718 367 773 396 motu.
797 361 833 395 Hic

131 417 154 450 ad
172 416 253 450 tumbam
270 415 329 448 sancti
345 415 436 449 Dunstani
452 416 537 459 perlatus,
553 426 595 450 cum
610 416 633 449 ad
649 420 748 449 nocturnas
762 414 834 458 vigilias

113 466 269 511 5resp0nsorium
284 467 360 500 ‘Videte
375 467 492 501 miraculum’
508 467 625 512 inciperetur,
640 468 706 502 saltum
721 468 740 501 in
755 467 833 502 sublime

130 521 186 564 dedit,
193 527 211 555 et
217 521 322 555 demonium
329 531 371 555 cum
379 522 468 566 sanguine
475 522 561 556 euomuit.
595 514 676 557 Cuidam
684 521 736 556 seni²
744 527 761 555 et
769 521 834 556 claudo

130 574 213 618 precepit
224 574 330 608 Dunstanus
341 574 360 607 in
371 575 460 618 sompnis,
472 574 555 609 sanitatis
566 575 624 618 gratia
635 576 716 609 tumbam
729 586 781 609 suam
791 574 834 609 visi-

130 633 174 663 tare.
197 628 251 671 Quod
264 638 306 661 cunr
318 627 397 670 fecisset,
408 634 426 662 et
436 628 481 662 nihil
492 629 556 663 salutis
567 634 676 663 consecutus
688 628 757 671 fuisset,
768 630 834 673 despe-

130 687 180 715 ratus
189 681 212 716 ad
223 692 256 715 sua
266 681 326 715 redire
337 681 390 725 cepit.
413 682 447 716 Cui
458 682 474 716 is
486 681 517 725 qui
529 683 598 716 dudum
610 682 708 716 dormienti
719 687 834 726 apparuerat,

103 744 122 765 10
130 735 181 767 vultu
193 744 274 774 seuerus,
288 739 340 767 veste
353 736 431 768 decorus
444 735 527 777 occurrit,
539 735 645 768 sciscitans³
656 736 705 768 vnde
717 735 793 775 veniret,
805 735 834 768 vel

131 797 167 830 quo
179 787 274 831 pergendo
283 787 372 821 tenderet.
395 787 546 832 ‘Recuperande‚
557 787 621 831 inquit,
631 787 695 822 salutis
706 788 764 832 gratia
773 787 835 821 iussus

131 842 154 874 ad
162 845 245 875 sanctum
254 840 283 874 dei
294 841 410 875 Dunstanum
419 841 503 885 perrexi;
516 842 550 876 sed
560 841 605 874 nihil
615 841 718 885 proficiens,
727 842 750 875 ad
760 842 835 875 domum
853 864 855 867 .

131 903 191 928 meam
207 892 268 928 redire
283 893 366 927 decreui)
389 894 422 928 ‘Et
438 905 472 938 ego
488 904 535 937 sum,
549 893 613 938 inquit,
627 893 740 936 Dunstanus,
753 893 834 927 omnium

131 958 228 982 seruorum
242 946 271 981 dei
285 958 396 981 conseruus:
416 947 525 982 necessariis
538 947 646 991 quibusdam
659 947 719 981 causis
731 953 835 990 occupatus,

105 1008 123 1039 15
132 1011 169 1033 non
182 1004 265 1044 poteram
279 999 387 1033 hisdiebus
402 1000 485 1044 requiem
501 999 582 1044 corporis
597 1000 633 1034 mei
648 999 728 1038 visitare,
744 1011 778 1034 nec
793 1010 835 1044 pre-

132 1053 210 1087 sentiam
225 1062 285 1085 meam
297 1052 339 1086 filiis
352 1052 420 1087 ibidem
435 1052 551 1087 manentibus
565 1052 657 1087 exhibere.
680 1053 727 1086 Nam
740 1053 835 1087 ecclesiam

131 1105 161 1140 dci
171 1106 245 1149 quidam
256 1106 374 1140 aduersarius
382 1107 497 1141 exheredare
505 1106 607 1150 temptauit,
616 1108 648 1141 sed
659 1107 696 1150 (me
704 1107 770 1148 tutore)
776 1106 783 1126 ⁴
790 1105 835 1140 nihil

131 1159 204 1193 efficere
212 1157 275 1200 potuit.
299 1158 352 1192 Nunc
363 1163 424 1192 autern
436 1159 518 1192 confecto
529 1159 607 1202 negotio,
615 1160 638 1193 ad
647 1160 707 1193 locum
718 1158 836 1202 requietionis

131 1221 173 1245 mee
186 1211 239 1246 vado.
261 1209 309 1245 Vide
323 1221 367 1254 ergo
378 1215 398 1245 vt
409 1211 439 1245 illa
452 1211 481 1245 die
495 1216 513 1245 te
525 1211 550 1245 ibi
562 1210 660 1252 inueniam,
673 1211 758 1255 quatinus
771 1217 836 1255 perte

104 1273 123 1294 κο
131 1264 208 1308 gratiam
223 1274 284 1296 meam
299 1263 346 1297 meis
361 1263 431 1297 ciuibus
447 1264 555 1298 ostendam.'
583 1263 666 1298 Rediens
681 1274 730 1307 ergo,
746 1269 764 1298 et
779 1274 836 1298 sanus

131 1317 212 1357 effectus,
220 1316 281 1360 palam
289 1316 360 1349 cunctis
367 1327 403 1360 que
410 1316 481 1350 viderat
489 1322 508 1349 et
516 1317 598 1350 audierat
606 1317 703 1350 enarrauit.
748 1310 836 1361 Quodam

131 1370 181 1404 enim
194 1376 277 1412 tempore
289 1369 308 1403 in
319 1375 409 1404 nocturna
421 1370 493 1404 visione
504 1370 555 1404 visus
568 1375 597 1403 est
609 1369 717 1404 Dunstanus
728 1380 738 1403 a
750 1369 836 1403 fratribus

131 1424 155 1457 de
164 1422 242 1458 ecclesia
251 1421 307 1457 exire.
330 1423 391 1464 Quem
399 1434 440 1457 cum
451 1429 551 1457 exeuntem
561 1422 641 1457 retinere
650 1423 723 1464 vellent,
731 1423 782 1457 ‘Non
793 1434 836 1466 pos-

132 1486 178 1518 sum,
194 1475 257 1518 inquit,
273 1475 298 1508 ibi
313 1486 393 1515 manere,
409 1481 485 1519 propter
504 1475 601 1519 spurcitias
619 1476 709 1508 malorum
726 1485 803 1517 morum,
818 1481 836 1509 et

105 1537 123 1567 25
133 1538 206 1561 reorum
215 1527 234 1560 in
245 1527 323 1561 ecclesia
333 1528 467 1570 sepultorum:
491 1528 530 1561 Nec
538 1528 594 1560 multo
602 1533 643 1570 post
651 1527 728 1561 ecclesia
736 1527 837 1562 Saluatoris

132 1580 170 1624 igni
186 1580 281 1614 combusta
296 1585 330 1622 est,
341 1579 422 1623 parietes
436 1579 546 1621 ceciderunt,
558 1590 591 1613 nec
603 1580 700 1623 quicquam
714 1590 737 1613 ex
751 1580 836 1614 omnibus

133 1632 241 1668 monasterii
252 1632 330 1666 officinis
346 1632 481 1667 incombustum
496 1632 590 1674 remansit,
603 1638 667 1677 preter
679 1632 804 1667 dormitorium
819 1639 837 1667 et

133 1686 249 1721 refectorium
268 1690 286 1719 et
305 1686 397 1720 modicam
416 1686 490 1720 claustri
509 1691 586 1729 partem.
634 1679 757 1720 Lamfrancus
776 1692 836 1721 autem

91 1759 92 1762 =
133 1739 288 1784 archiepiscopus,
308 1739 404 1773 ecclesiam
424 1739 487 1773 Sancti
505 1738 611 1781 Saluatoris,
628 1749 683 1783 quam
700 1738 791 1782 prefatum
809 1739 837 1772 in-

105 1804 124 1833 30
133 1793 218 1827 cendium
231 1791 314 1826 inutilem
328 1792 396 1826 fecerat
409 1792 463 1827 simul
478 1797 496 1826 et
508 1797 595 1834 vetustas,
610 1791 691 1825 funditus
704 1792 805 1834 destruere,
819 1798 837 1826 et

132 1841 257 1888 augustiorem
271 1850 378 1878 construere
393 1845 480 1888 cupiens;
499 1845 590 1878 celebrato
605 1844 689 1878 triduano
704 1844 771 1878 ieiunio
784 1845 837 1879 iussit

132 1908 210 1942 corpora
224 1902 334 1938 sanctorum,
348 1908 384 1941 que
399 1898 418 1932 in
432 1896 516 1932 orientali
529 1903 581 1940 parte
596 1896 655 1940 ipsius
670 1897 747 1931 ecclesie
763 1898 837 1932 humata

133 1956 190 1992 erant,
202 1950 221 1984 in
235 1948 367 1983 occidentalem
379 1954 455 1993 partem,
468 1948 500 1983 vbi
512 1950 565 1983 beate
578 1948 636 1983 Marie
648 1949 747 1983 memoriat
759 1950 837 1984 celebris

133 2004 239 2044 habebatur,
258 2002 359 2036 transferri.
388 2002 462 2036 interea
480 2003 516 2035 duo
538 2002 606 2035 milites
624 2002 756 2045 archiepiscopi
776 2009 837 2036 coram

105 2068 123 2098 35
133 2055 201 2091 feretro
212 2053 260 2090 beati
273 2054 364 2090 Dunstani
377 2060 427 2090 terre
438 2055 561 2099 procumbunt
566 2054 577 2097 ²,
589 2053 733 2089 misericordiam
744 2060 762 2090 et
777 2055 837 2090 indul-

133 2110 213 2154 gentiam
224 2118 259 2152 per
270 2108 334 2143 merita
346 2107 385 2143 eius
397 2109 432 2143 sibi
443 2109 466 2142 ab
479 2108 545 2143 abbate
557 2108 620 2143 Sancti
632 2108 730 2152 Augustini
742 2110 765 2144 de
778 2115 837 2144 morte

133 2162 205 2206 nepotis
221 2161 265 2202 eius,
281 2172 336 2205 quem
353 2172 413 2204 nuper
428 2161 536 2203 occiderant,
552 2161 592 2195 dari
607 2161 726 2204 postulantes.
754 2162 837 2206 Denegat

133 2216 195 2258 abbas,
204 2215 296 2257 denegant
304 2219 322 2248 et
330 2214 396 2248 fratres
406 2214 487 2248 defuncti
495 2214 526 2258 qui
534 2215 623 2248 astabant.
647 2215 727 2258 Iungunt
735 2216 764 2249 alii
772 2226 837 2259 preces

133 2279 176 2301 suas
184 2266 270 2311 precibus
279 2266 363 2307 militum,
371 2268 405 2299 sed
416 2266 435 2299 in
442 2278 522 2301 vanum:
535 2267 551 2299 N
553 2278 574 2300 ec
583 2266 632 2300 enirn
643 2266 683 2300 illos
693 2272 724 2300 aut
734 2267 837 2300 reuerentia

105 2332 124 2361 40
133 2320 196 2361 sancti,
212 2323 243 2353 aut
258 2319 365 2362 supplicans
383 2318 480 2353 multitudo
497 2318 571 2353 flectere
589 2318 647 2362 potuit
665 2319 688 2352 ad
706 2318 837 2353 miserendum.

134 2373 177 2407 Pius
189 2377 250 2407 autem
263 2370 376 2412 Dunstanus,
388 2381 425 2405 non
437 2371 463 2405 sic
475 2371 537 2405 auditu
549 2370 633 2414 difficilis,
641 2371 716 2405 surdam
727 2370 750 2404 ab
762 2370 837 2406 infantia

134 2427 230 2461 mulierem
240 2425 281 2469 ipsa
291 2426 337 2460 hora
347 2436 368 2459 se
379 2427 504 2469 requirentem
514 2424 608 2460 exaudiuit
621 2430 639 2458 et
651 2424 668 2458 ei
679 2434 741 2457 coram
752 2425 838 2461 omnibus

134 2480 215 2514 auditum
222 2477 324 2523 perfectum
332 2477 416 2513 reddidit.
438 2478 503 2512 Abbas
511 2483 572 2513 autem
581 2477 600 2511 in
611 2487 644 2512 sua
655 2476 751 2522 pertinatia
762 2477 837 2523 rigidus,

154 2548 286 2585 ¹al.episcopus.
335 2547 449 2578 ²Cf0sbern.
500 2547 533 2578 ΒΕ.
542 2548 629 2577 scissitans.
674 2545 835 2578 ‘Osbmeitimore

134 2588 140 2606 ⁵
150 2588 168 2616 T.
176 2587 252 2616 memoria
259 2587 313 2616 Marie.
