1762 2803
128 138 172 178 216
319 106 398 188 mota
414 133 530 196 trumba
545 133 638 196 tinctio.

128 253 233 298 impositam
245 255 328 290 hostibus
340 256 416 299 girando
428 256 541 299 monstrauit,
553 261 570 290 et
582 266 670 300 equorum
683 256 745 291 caudis
757 256 831 302 ligatam

129 308 165 342 vita
178 309 261 352 priuauit,
274 314 291 342 et
306 309 392 343 radicitus
407 310 483 353 stirpem
497 310 547 344 illam
560 311 610 343 iuxta
622 310 656 345 viri
669 310 699 343 dei
712 311 830 354 propheciam

129 362 202 395 deleuit.
247 355 375 396 Columbanus
389 372 439 405 vero,
454 363 517 396 relicto
534 364 552 396 in
568 362 677 397 Alamannia
692 363 782 407 discipulo
797 374 831 397 suo

130 415 188 457 Gallo,
201 414 292 448 transiens
307 416 326 448 in
339 414 415 457 Italiam,
429 415 506 449 Bobium
520 416 616 450 cenobium
632 416 738 458 construxit,
751 421 769 450 et
784 417 832 450 circa

112 478 121 507 5
130 477 198 501 annum
207 467 275 500 domini
284 468 439 501 sexcentesimum
447 469 623 511 quintumdecimum
631 480 680 502 nono
688 468 722 502 kal.
729 470 832 504 decembris

130 521 178 554 obiit.
201 519 294 552 Nonnulla
302 531 374 563 quoque
383 520 453 554 famosa
461 522 536 554 cenobia
542 522 561 554 in
567 521 677 555 Alamannia
682 523 789 565 construxit,
796 533 831 566 que

128 572 213 614 usquein
222 572 330 605 hodiernum
339 573 387 605 diem
396 574 419 606 ad
427 573 556 606 monachatum
565 574 614 607 solos
624 575 739 617 Hibernicos,
745 580 764 609 vt
770 575 832 617 fertur,

129 625 231 659 admittunt.

206 738 221 774 ti
234 730 267 771 De
278 747 348 771 sancto
361 729 480 772 Curuannro
492 748 578 772 nrrscoro
590 747 613 771 ar
624 749 741 772 courrssonn
746 741 758 772 ¹.

171 821 189 855 X
203 820 258 864 regali
269 819 420 855 Hiberniensium
435 819 520 865 prosapia
533 831 567 854 rex
578 819 656 863 quidam,
669 820 743 855 nomine
756 820 833 855 Muriar-

104 894 122 915 10
193 874 268 915 dachus,
285 874 337 908 diues
354 878 372 908 et
390 879 461 918 potens,
477 872 551 917 regibus
571 873 660 908 Hibernie
677 874 748 909 cunctis
766 874 834 918 aliquot

131 928 184 960 annis
196 927 294 969 imperans,
308 927 364 959 fidem
377 937 432 968 quam
445 931 551 968 susceperat
563 927 679 959 christianam
696 927 731 969 piis
747 928 833 970 operibus

131 980 196 1024 iugiter
208 979 312 1013 exornabat.
334 979 386 1012 onr
397 984 457 1012 autem
470 978 509 1012 eius
521 978 594 1021 Sabina,
606 988 639 1022 pro
652 978 689 1013 vite
705 979 800 1013 sanctitate
816 983 834 1012 et

132 1033 215 1066 miranda
226 1031 364 1065 conuersatione
376 1036 439 1065 sancta
450 1031 557 1072 celebratur,
569 1036 587 1065 et
599 1031 687 1065 memoria
698 1030 746 1066 illius
758 1041 818 1065 annua
823 1031 834 1072 ²,

132 1086 163 1120 ubi
174 1084 276 1128 requiescit,
286 1083 363 1119 deuota³
374 1084 456 1119 habetur.
486 1083 556 1118 Accidit
568 1082 617 1118 enim
628 1090 648 1119 vt
659 1083 733 1128 quidam
744 1096 777 1119 rex
789 1083 835 1118 alius

105 1152 122 1180 15
132 1138 221 1172 Hibernia
233 1136 313 1171 felicitati
323 1136 371 1170 illius
383 1142 401 1170 et
412 1136 469 1181 glorie
480 1135 570 1179 inuidens,
582 1136 676 1171 nocturnis
687 1136 758 1172 insidiis
771 1148 834 1181 regem

132 1202 174 1225 cum
191 1201 248 1224 vxore
264 1195 282 1223 et
297 1189 369 1232 familia,
385 1190 438 1223 vnica
455 1189 494 1223 eius
513 1190 549 1222 filia
567 1189 604 1223 vite
623 1195 722 1232 reseruata,
739 1191 835 1224 occideret.

132 1245 206 1277 illectus
217 1244 291 1276 demum
303 1241 437 1286 pulchritudine
450 1242 510 1285 puelle
526 1252 560 1275 rex
576 1241 654 1285 iniquus,
665 1252 707 1275 cum
724 1242 778 1276 nullis
793 1253 835 1286 per·

133 1295 248 1331 suasionibus
260 1306 301 1329 eam
313 1306 388 1329 mouere
400 1295 423 1329 ad
438 1304 549 1329 consensum
564 1293 645 1329 illicitum
661 1295 734 1337 ualeret,
745 1295 835 1339 virginem

132 1349 229 1394 oppressit.
243 1348 343 1392 ·Concepit
362 1348 428 1391 itaque,
447 1353 465 1381 et
484 1347 541 1381 filium
558 1347 642 1391 peperit:
661 1353 679 1382 et
698 1353 759 1382 tantus
777 1349 837 1391 fulgor

105 1423 124 1444 20
132 1402 216 1436 claritatis
228 1412 302 1434 omnem
312 1401 372 1435 locum
381 1400 504 1441 circumdedit,
515 1401 563 1444 quod
574 1411 607 1444 pre
617 1400 662 1434 lucis
671 1400 727 1434 nimio
737 1402 836 1445 splendore

133 1456 163 1491 vix
178 1455 245 1499 aliquid
264 1454 330 1489 intueri
349 1454 389 1498 quis
405 1459 479 1499 posset3
499 1454 600 1497 domusque
616 1458 654 1488 tota
669 1453 748 1489 flammis
765 1453 837 1489 absumi

134 1510 235 1554 putabatur.
253 1507 294 1541 Hoc
302 1508 342 1542 viso
353 1506 450 1551 episcopus
461 1507 535 1550 quidam
544 1512 618 1541 sanctus
627 1508 694 1550 gratias
705 1507 739 1541 deo
749 1507 837 1549 referens,

134 1563 222 1595 infantem
241 1572 252 1594 a
270 1571 313 1603 rege
329 1561 444 1594 educandum
460 1560 517 1603 petiit,
532 1565 551 1593 et
568 1559 678 1602 baptizatum
699 1560 760 1604 lingua
779 1561 837 1604 patria

135 1613 258 1648 ‘Nulluhoc’4
274 1624 317 1646 eum
333 1613 436 1656 appellauit.
466 1612 547 1645 Educato
566 1612 640 1646 demum
659 1623 717 1656 puero
736 1619 754 1647 et
772 1613 837 1648 studiis

107 1682 125 1711 ²5
134 1667 236 1700 litterarum
254 1665 325 1708 tradito,
342 1665 382 1698 vice
398 1666 476 1707 quadam
495 1670 569 1697 sanctus
586 1663 688 1707 episcopus,
705 1670 788 1698 armenta
804 1676 838 1700 sua

135 1719 283 1753 consideraturus
294 1728 335 1751 cum
347 1727 404 1761 puero
416 1727 507 1761 egressus,
519 1727 593 1751 vaccam
605 1721 725 1760 pregnantem
741 1728 838 1753 occurrere

134 1772 182 1806 vidit.
213 1771 272 1813 Quam
284 1770 351 1803 diutius
365 1770 439 1803 intuens
456 1780 503 1813 puer
519 1774 598 1810 sanctus,
610 1770 679 1802 ventris
695 1769 765 1803 inclusa
781 1781 838 1804 onera

134 1824 240 1858 admirando
253 1822 362 1856 subridebat.
393 1822 517 1865 Interrogatus
529 1822 551 1854 ab
563 1821 650 1865 episcopo
662 1823 705 1865 quid
718 1822 744 1856 sic
756 1823 838 1857 intentus

133 1876 250 1921 inspexisset,
262 1875 297 1910 ait:
317 1874 390 1918 ‘Video
402 1874 465 1919 inquit,
477 1873 559 1908 mirabile
573 1878 591 1908 et
607 1875 655 1918 quod
672 1874 752 1909 matricis
769 1874 838 1911 sobolis

83 1947 85 1949 ’
106 1950 125 1979 30
133 1941 210 1975 prorsus
222 1934 305 1964 naturam
316 1929 388 1964 uidetur
400 1929 495 1963 excedere.
526 1928 573 1961 Nam
588 1938 629 1962 cum
641 1939 702 1971 vacca,
714 1928 760 1973 nigri
772 1929 838 1964 coloris

134 1982 215 2017 exterius
230 1987 267 2015 tota
283 1986 375 2026 appareat,
387 1980 441 2015 nimis
457 1981 528 2015 videtur
545 1980 627 2015 mirabile
642 1992 678 2024 qua
695 1991 750 2015 causa
765 1981 838 2016 latentis

134 2042 198 2069 nature
215 2034 322 2068 dissimilem
346 2035 403 2068 fetum
426 2033 533 2076 concepisse
557 2033 662 2077 preualeat:
685 2033 759 2068 Vitulus
777 2040 838 2069 autem

134 2088 234 2123 rubicundo
250 2087 310 2121 colore
322 2087 429 2129 flauescens,
441 2086 460 2119 in
472 2086 531 2120 fronte
542 2087 601 2119 instar
611 2086 663 2120 stelle
673 2085 750 2120 candide
761 2086 838 2121 formam

134 2142 216 2186 preferre
227 2139 309 2174 videtur:
337 2140 376 2173 Nec
387 2150 449 2174 mora:
469 2138 563 2173 emittente
579 2138 636 2173 fetum
653 2150 714 2181 vacca,
730 2139 776 2174 sicut
792 2151 839 2184 puer

107 2212 125 2240 35
134 2194 239 2238 predixerat
249 2192 344 2236 reperitur.
393 2185 488 2225 Defuncto
498 2192 572 2224 demum
583 2191 614 2234 qui
625 2202 668 2225 eum
679 2193 788 2225 educauerat
799 2193 839 2235 epi-

135 2256 196 2291 scopo,
208 2244 307 2289 assumpsit
319 2255 361 2280 eum
374 2249 433 2279 mater
447 2254 481 2278 sua
495 2248 514 2278 et
530 2242 643 2278 Britanniam
654 2244 761 2287 nauigatura
771 2254 838 2279 nauem

155 2316 160 2333 ¹
172 2315 201 2345 Ed.
209 2315 225 2344 in
233 2315 298 2351 Colgan,
307 2314 319 2343 I.
327 2324 342 2351 p.
349 2315 383 2350 679.
404 2313 438 2342 The
446 2313 473 2342 lise
480 2313 494 2342 is
501 2313 579 2350 compiled
590 2312 629 2342 from
638 2313 666 2342 the
673 2312 709 2341 Vita
716 2311 738 2350 by
746 2313 795 2349 Beda,
803 2323 839 2351 pre·

136 2357 186 2386 ccded
194 2355 216 2393 by
223 2365 243 2384 an
252 2358 312 2384 extract
323 2354 362 2383 from
372 2353 399 2382 the
409 2353 480 2383 fabulous
490 2352 559 2382 Libellus
569 2353 589 2382 de
601 2356 636 2382 ortu
645 2353 661 2382 S.
673 2352 760 2390 Cuthberh,
772 2353 790 2382 ol
797 2353 838 2384 irish

136 2396 187 2433 origin
198 2395 230 2432 ted.
238 2394 303 2423 Surtees
311 2394 351 2430 Soc,
364 2394 417 2430 Biogr.
425 2394 470 2422 hiisc.
477 2402 493 2430 p.
500 2393 533 2431 63),
541 2394 572 2422 and
583 2392 657 2422 followed
667 2392 689 2428 by
696 2401 716 2421 an
728 2397 789 2423 extract
799 2394 839 2424 from

136 2437 163 2465 the
175 2435 245 2464 Historia
256 2434 376 2464 translationum
390 2434 422 2471 (ed.
435 2433 500 2462 Surtees
512 2433 552 2470 Soc,
566 2433 607 2469 Opp.
621 2432 659 2462 Sim.
672 2431 719 2467 Dum,
731 2442 746 2470 p.
759 2434 794 2471 158)
807 2435 839 2464 and

137 2474 215 2505 Simeou's
223 2474 264 2505 Hist.
273 2474 315 2504 Eccl.
323 2473 396 2503 Dunelm.
405 2473 427 2511 (in
435 2473 516 2510 Twysden
524 2474 584 2502 Decem
592 2472 667 2511 Script.);
676 2471 716 2501 with
723 2473 791 2511 addings
798 2473 838 2504 from

136 2515 163 2543 the
171 2514 241 2542 Historia
249 2515 269 2542 de
276 2514 292 2542 S.
300 2514 387 2543 Cuthberto
395 2513 444 2551 (Surt.
453 2513 494 2548 Soc,
503 2513 544 2549 Opp.
551 2513 588 2541 Sim.
595 2512 649 2551 Dum),
658 2512 742 2548 Reginaldi
749 2513 811 2542 libellus
819 2514 839 2543 de

136 2553 230 2582 admirandis
237 2553 319 2583 Cuthberti
326 2552 408 2582 virtutibus
417 2552 466 2591 (Surt.
474 2551 517 2589 Soc.)
525 2556 555 2580 etc.
740 2552 746 2570 ²
757 2552 775 2582 E.
782 2553 837 2583 anima.

136 2593 141 2610 ³
152 2592 185 2621 Lib.
192 2592 263 2621 celebris.
442 2591 448 2607 ⁴
458 2591 491 2620 Lib.
500 2591 572 2620 Mullucc.
