1762 2803
117 115 119 120 ’
148 127 194 172 474
340 116 420 167 mono
436 112 553 174 utronno
568 112 661 175 anulio.
726 115 850 159 [trama

175 241 190 279 ti
198 241 252 285 Quod
260 241 387 288 episcoporum
395 241 469 286 quidam
477 246 495 275 et
503 241 606 286 principum
615 252 656 276 cum
664 240 691 275 eis
699 240 735 275 sint
742 240 825 286 profecti,

284 300 302 329 et
310 293 358 340 quod
366 296 426 341 puelle
434 296 510 340 paruule
518 296 537 329 in
545 306 608 330 earum
616 300 657 330 cetu
664 300 722 329 erant.

173 352 250 395 Interim
262 361 305 394 dum
321 360 340 393 in
355 360 391 393 fide
403 359 470 394 Christi
486 364 504 393 et
519 370 581 393 amore
596 365 623 393 tot
633 358 724 402 uirginum
737 358 852 392 instruuntur

150 412 200 447 milia
214 413 237 446 ad
253 413 288 446 iter
303 412 415 456 dispositum,
432 423 442 446 a
461 422 504 456 rege
523 419 575 456 patre
590 412 666 456 virginis
683 416 805 455 preparantur
820 422 852 445 na-

150 464 203 509 uigia,
231 465 335 498 Extiterunt
350 466 445 499 intereas
461 465 521 509 puelle
540 471 558 499 et
574 463 704 509 quampluresl
719 463 801 508 paruule,
816 463 852 498 lac-

150 517 221 552 tantes²
236 522 254 551 et
270 517 363 560 infantule‚
378 528 415 561 que
433 528 474 551 cum
491 518 550 551 adhuc
568 517 692 559 inueniuntur,
707 528 744 550 non
760 515 852 550 modicum

133 584 141 613 5
151 571 260 615 quibusdam
268 577 357 615 generant
367 571 489 616 ambiguitatis
500 572 611 616 scrupulum.
635 571 716 613 Quarum
724 570 803 615 quedam
811 580 853 614 sep·

151 629 222 667 tennes,
235 624 264 659 vel
281 624 410 669 quinquennes
426 630 444 660 et
459 624 506 659 inira
520 625 599 666 suerunt,
610 624 664 659 vnius
677 624 732 658 etiam
748 623 796 666 anni,
809 634 853 667 que-

151 679 194 710 dam
206 678 236 710 vel
247 677 322 718 dimidii,
331 690 352 711 ac
362 679 439 711 duorum
453 677 595 711 mensium³vix
607 677 712 711 extiterunt.
734 677 757 709 Et
769 677 803 709 hec
815 682 854 709 erat

152 729 203 772 ratio,
211 730 366 775 quemadmodum
376 741 435 775 nuper
445 730 545 765 earundem
554 728 645 774 virginum
655 730 733 774 quedam
743 734 854 774 apparentes

152 788 219 818 testate
233 790 285 817 suntt
305 784 346 817 ‘Ex
361 784 414 818 nobis
421 784 437 825 ¹‚’
451 783 540 827 inquiunt,
556 783 623 817 ‘multe
639 783 705 817 iratres
720 783 822 817 habuerunt
837 787 855 817 et

126 853 144 875 10
154 847 234 879 sorores,
246 842 331 881 cognatas
345 838 400 871 etiam
412 842 430 871 et
442 838 476 871 sibi
487 837 600 880 propinquas
614 841 668 880 atque
680 836 745 870 charas
757 841 854 878 matronas,

154 900 190 934 que
207 890 293 933 [quando]
301 889 312 932 1,
324 890 394 933 angelis
409 890 445 923 sibi
460 889 617 929 annuntiantibus,
633 889 800 934 peregrinationem
813 900 855 933 pre-

154 944 234 976 scierunt
244 943 312 975 instare
323 943 408 983 suturam,
416 943 551 985 coronamque⁶
559 942 640 983 martirii,
648 942 757 985 virginitatis
764 942 855 984 premium

154 993 189 1028 sibi
197 994 261 1028 celitus
269 994 386 1039 promissum,
395 1005 468 1029 sorores
476 999 494 1028 et
502 999 589 1039 cognatas
597 1006 638 1029 curn
647 994 718 1029 filiabus
730 993 811 1039 paruulis
822 993 856 1029 sibi

154 1047 271 1092 associantes,
282 1047 406 1083 retributionis
415 1047 490 1083 eterna⁷
500 1048 570 1092 premia
581 1053 599 1082 et
607 1041 648 1083 illas
660 1047 727 1092 pariter
738 1052 802 1091 optant
813 1058 855 1082 con·

126 1114 143 1144 15
154 1100 207 1144 sequi
220 1102 294 1136 secum.¹
318 1101 416 1135 Peruenit⁸
429 1106 514 1145 preterea
526 1112 589 1136 rumor
604 1113 667 1136 earum
681 1106 699 1136 et
714 1102 763 1136 sama
776 1100 820 1135 felix
834 1101 856 1135 ad

154 1155 252 1199 episcopos
263 1161 312 1188 terre
326 1155 379 1197 illius,
390 1156 414 1188 ad
427 1155 497 1189 nobiles
509 1166 582 1199 quoque
595 1160 614 1189 et
627 1155 720 1198 militares,
732 1154 764 1199 qui
777 1154 857 1189 scientes

154 1218 198 1243 vere
206 1208 248 1251 quia
256 1207 351 1242 dominus⁹
359 1213 398 1242 erat
404 1218 445 1242 cum
453 1208 480 1242 eis
488 1219 522 1251 per
528 1218 583 1251 quem
591 1208 633 1241 talia
641 1209 714 1250 fiebant,
718 1207 785 1242 relictis
793 1218 856 1251 quam-

155 1262 218 1305 plures
229 1260 302 1294 illorum
314 1259 386 1301 diuitiis,
395 1260 513 1304 dignitatibus
524 1266 542 1295 et
552 1260 611 1302 terris,
620 1259 679 1304 patria
686 1265 704 1294 et
712 1259 799 1304 cognatis,
808 1271 856 1293 asso·

155 1314 197 1350 ciati
205 1320 247 1349 sunt
255 1315 287 1357 eis,
296 1314 408 1360 peregrinari
418 1320 436 1349 et
447 1314 483 1360 ipsi
491 1315 591 1359 cupientes,
600 1314 655 1350 etiam
660 1314 673 1334 ¹⁰
681 1314 728 1349 mori
736 1325 770 1359 pro
778 1314 856 1349 Christo.

127 1382 146 1404 πο
156 1370 245 1403 intereas
253 1374 305 1402 erant
311 1369 429 1402 nihilominus
437 1379 501 1413 regum
507 1369 582 1412 quidam
588 1368 605 1410 ¹¹,
611 1368 701 1408 comitum,
707 1369 773 1402 ducum
780 1379 800 1402 ac
808 1369 858 1412 prin-

157 1422 218 1466 cipum
223 1421 241 1464 11,
249 1432 327 1465 quorum
337 1422 411 1465 quidam
417 1421 429 1439 ¹³
440 1422 511 1454 illarum
522 1427 584 1465 patres
589 1420 602 1439 u
610 1422 708 1454 extiterunt
719 1426 736 1455 et
741 1421 754 1441 11
765 1421 830 1455 fratres
841 1425 858 1454 et

157 1474 215 1517 amici,
219 1475 293 1518 quidam
299 1474 353 1508 etiam
361 1474 429 1518 sponsi,
435 1473 496 1519 quas¹³
502 1474 521 1508 in
528 1473 613 1518 proximo
619 1474 692 1508 fuerunt
697 1474 715 1516 ¹⁵,
722 1474 737 1508 si
745 1473 770 1518 [in
777 1474 836 1519 patria
847 1473 858 1495 ¹⁷

157 1527 295 1567 remansissent,
303 1527 388 1561 connubii
400 1527 480 1569 legitimo
491 1528 531 1561 iure
542 1527 619 1561 ducturi.
642 1528 714 1561 Interea
722 1529 766 1561 dum
776 1537 858 1571 expense

158 1581 181 1614 ad
193 1578 227 1613 iter
234 1578 387 1623 peregrinationis
398 1584 453 1623 atque
464 1578 536 1622 nauigia
547 1584 674 1623 preparantur,
682 1579 742 1623 angeli
749 1579 825 1613 veniunt
837 1579 859 1612 de

128 1651 147 1680 ²5
159 1632 208 1675 celis,
217 1639 235 1667 et
242 1632 318 1667 veniunt
324 1632 337 1652 ¹⁸
344 1632 401 1666 sancti
413 1644 434 1667 ac
441 1632 522 1677 virgines
534 1643 591 1675 sacre,
600 1631 694 1667 consocias
705 1644 749 1669 suas
758 1634 859 1675 visitantes,

159 1688 237 1729 illasque
244 1687 267 1720 ad
275 1686 389 1729 propositum
397 1686 470 1720 salubre
478 1691 496 1719 et
504 1692 587 1720 sanctum
596 1686 723 1721 confortantes.

203 1760 216 1796 ll
225 1759 253 1793 De
261 1759 367 1802 genealogia
375 1760 427 1792 beate
435 1759 502 1793 Vrsule
510 1759 637 1802 sociarumque
645 1770 720 1793 suarum
728 1759 818 1803 virginum

444 1811 577 1854 principalium.

183 1859 860 1914 Presatus¹⁹itaquerexpatersanctevirginisVrsule,treshabuitsorores

160 1928 178 1957 et
187 1927 225 1956 tres
235 1922 310 1965 fratres;
322 1934 359 1957 vna
369 1933 453 1957 sororum
466 1922 540 1967 losippa
553 1922 651 1965 dicebatur,
659 1929 678 1956 et
688 1923 810 1958 Chelindrisw
822 1922 861 1961 alia,

159 1975 213 2011 tertia
223 1987 267 2010 vero
279 1975 360 2010 Ewlalia.
381 1976 438 2010 Porro
449 1976 526 2010 fratrum
535 1987 583 2011 vnus
598 1976 696 2010 Helindius
701 1976 715 1996 11
726 1976 837 2020 [vocabatur]
845 1974 861 2016 11,

129 2041 149 2071 30
160 2029 252 2064 secundus
263 2029 370 2063 Ludrencus
376 2028 394 2072 11,
404 2029 468 2064 tertius
480 2034 540 2064 autem
552 2029 653 2065 Herwicus.
675 2029 727 2064 onr
736 2040 816 2074 namque
826 2029 861 2063 Lu·

160 2082 223 2117 drenei
231 2083 359 2126 Hirmegardis
367 2089 395 2116 est
402 2084 497 2126 appellata,
503 2095 581 2127 quorum
588 2083 626 2117 filia
633 2084 687 2117 beata
694 2083 727 2116 fuit
735 2083 820 2122 Pinnosa,
827 2092 861 2125 que

161 2139 203 2179 post
210 2140 291 2168 sanctam
296 2134 383 2169 Vrsulam
391 2135 445 2169 totius
454 2135 523 2180 collegii
531 2136 626 2169 beatarum
633 2133 723 2179 virginum
731 2136 806 2180 gerebat
813 2136 862 2180 prin·

162 2189 247 2231 clpatum.
270 2187 325 2222 Cuius
337 2199 389 2223 soror
399 2195 462 2223 sancta
473 2188 562 2222 Euodia²³
571 2199 634 2222 secum
646 2188 726 2233 profecta
739 2194 773 2230 est,
783 2197 862 2234 sequens

161 2250 209 2275 eam.
231 2240 329 2274 Herwicus
339 2241 430 2285 siquidem
441 2252 518 2275 vxorem
531 2242 609 2275 habebat
623 2252 658 2285 que
670 2247 774 2286 nuncupata
785 2247 814 2276 est
825 2240 863 2275 Ad-

132 2307 151 2337 35
161 2292 214 2335 vulgis
220 2292 239 2334 11,
248 2298 266 2326 et
273 2297 311 2326 tres
317 2293 335 2326 in
342 2294 376 2327 hoc
384 2293 450 2336 [sacro]
456 2294 468 2314 11
475 2294 558 2328 exercitu
564 2293 610 2327 filias
617 2294 725 2328 habuerunt.
740 2294 823 2336 Quarum
828 2301 863 2327 vna

183 2362 217 2392 ιΒ.
226 2362 272 2392 etiam
280 2363 332 2399 puelle
339 2363 397 2400 plures,
442 2363 477 2393 1Β.
485 2364 567 2394 lactentes.
611 2363 732 2394 ³E.n1entium.
772 2364 807 2394 1Ε.
815 2362 864 2393 vobis

161 2402 196 2433 ⁵E.
204 2403 288 2440 quomodo.
334 2402 464 2441 ⁰B.c.quoque.
512 2403 547 2434 1Β.
555 2407 615 2433 eterne.
661 2403 694 2433 1Ε.
703 2404 784 2434 Preuenit.
830 2401 863 2430 1Β·

161 2443 255 2484 quoddcus.
297 2442 396 2481 risuque.
437 2444 448 2461 ¹¹
459 2443 554 2481 B.quedam.
595 2443 607 2460 11
618 2444 636 2473 Β.
644 2453 667 2483 pr.
676 2445 712 2476 filie.
753 2444 765 2461 11
776 2444 863 2482 equarum

161 2483 342 2524 priores;illarumom.
403 2482 414 2500 11
425 2494 455 2514 om.
463 2484 505 2515 inB.
566 2483 577 2502 ¹⁵
588 2484 606 2513 B.
614 2485 679 2522 quieas.
746 2483 757 2502 ¹⁰
768 2485 863 2515 B.suisse11t-

162 2526 173 2544 ¹⁷
184 2533 214 2553 om.
222 2524 239 2552 in
247 2524 265 2554 E.
333 2523 344 2541 ¹³
355 2524 373 2553 B.
381 2523 444 2561 aliique.
516 2524 527 2543 ¹⁹
538 2525 556 2555 B.
564 2524 650 2555 Predictus.
720 2524 732 2542 11
743 2525 761 2554 Β.
770 2522 863 2553 Thelindris.

161 2564 173 2583 11
184 2564 203 2594 Β,
211 2563 299 2594 Heluidius.
350 2563 390 2592 113.
399 2564 482 2594 Ludvicus.
528 2563 540 2581 11
551 2563 640 2595 B.Evodia.
687 2563 698 2582 11
709 2564 727 2595 B.
736 2564 834 2602 Hadewigis
