1762 2803
135 166 195 243 328Ι
325 165 406 217 mona
421 161 538 224 tremus
553 162 647 224 ababa

136 285 190 322 annis
207 286 226 321 in
240 285 331 321 dominica
344 296 389 320 cena
402 285 514 319 attondendo
527 283 634 330 precidere¹
647 284 723 329 capillos
736 285 807 319 solebat
822 289 840 319 et

136 351 212 385 vngues.
235 340 276 383 Que
287 339 348 374 omnia
360 339 457 383 diligenter
468 338 561 383 colligens,
573 337 659 383 quamdiu
667 337 717 379 vixit,
725 339 772 373 mira
784 339 839 373 deuo·

131 394 187 429 tione
193 394 277 427 excolere
285 404 322 427 non
330 392 411 436 neglexit
418 405 422 434 ;
432 392 529 435 positaque
537 402 593 435 super
601 392 657 424 altare
666 391 748 424 eiusdem
756 392 840 433 ecclesie,

137 449 180 490 post
195 445 235 479 eius
248 451 327 479 mortem
342 443 403 479 debita
416 443 475 478 adhuc
490 448 609 477 reseruantur
622 442 720 478 deuotione
733 448 752 478 et
763 454 840 478 venera-

120 500 192 538 5tione.
236 490 288 533 Cum
303 504 364 532 autem
377 503 418 531 octo
430 497 511 531 latrones
526 497 623 531 ecclesiam
639 497 698 531 saneti
713 498 800 541 martyris
812 499 841 532 in·

137 553 218 595 fringere
233 556 252 585 et
266 562 374 595 quecunque
391 556 486 595 asportare
501 555 578 594 possent
592 560 659 594 capere
674 550 807 590 decreuissent,
822 556 841 585 et

138 615 179 639 curn
195 604 273 638 diuersis
288 604 417 637 instrumentis
432 603 466 636 hoc
481 607 632 646 attemptassent3
645 609 715 646 martyr
727 603 757 637 dei
770 603 795 637 ita
808 614 841 638 eos

138 656 200 702 ligauit
211 656 304 700 diuinitus,
316 662 335 690 vt
347 667 381 690 nec
395 658 462 700 pedem
476 666 551 689 mouere
563 665 597 689 nec
609 661 703 699 arreptum
717 657 797 690 officium
810 658 841 690 de-

138 719 202 743 serere
213 715 295 752 possent.
319 709 374 741 Mane
382 714 443 741 autem
451 708 526 748 inuenti,
535 713 553 740 et
561 707 622 748 vincti,
633 708 721 750 episcopo
731 709 841 741 Theodredo

111 771 130 792 ro
139 765 182 796 sunt
199 761 306 805 presentati,
336 759 373 803 Qui
391 759 551 804 impremeditatus
574 759 685 794 sententiam
704 760 754 794 dedit
773 765 791 795 et
810 771 842 796 eos

139 814 188 857 affigi
200 814 286 858 patibulis
297 814 355 849 iussit.
379 813 503 855 Quamobrem
517 819 582 856 postea
593 812 612 847 in
624 823 645 847 se
657 823 749 854 reuersus,
761 813 843 856 grauiter

139 866 221 909 indoluit,
233 871 252 899 et
263 866 298 900 sibi
308 866 428 910 penitentiam
442 865 531 907 indicens,
543 864 611 899 diutius
623 875 643 898 se
655 865 742 909 grauibus
757 865 842 900 lamentis

140 919 195 957 dedit.
213 920 265 954 ldem
273 920 348 954 tandem
356 919 454 964 episcopus
463 930 530 963 corpus
537 919 623 964 martyris
631 920 654 953 ad
662 920 722 954 locum
729 919 842 955 deuotiorem
869 924 870 929 ’

140 974 236 1014 transtulit,
250 978 268 1007 et
280 974 405 1016 incorruptum
419 973 493 1016 reperit,
506 972 570 1016 tetigit,
582 973 626 1006 lauit
641 978 659 1006 et
674 972 749 1016 optimis
761 973 843 1007 vestibus

113 1036 132 1066 15
140 1026 225 1061 indutum
240 1025 301 1069 ligneo
316 1025 380 1059 locello
393 1025 480 1069 reposuit.
525 1018 609 1070 Quidam
622 1025 700 1065 iuuenis,
713 1025 761 1059 filius
776 1025 843 1060 nobilis

141 1079 241 1118 cuiusdam,
257 1078 338 1121 potentie
357 1088 390 1112 sue
409 1078 516 1112 auctoritate
534 1079 600 1112 ductus
619 1078 743 1122 integritatem
758 1078 843 1123 martyris

141 1131 216 1166 omnino
231 1130 295 1164 videre
310 1130 406 1164 affectauit.
430 1130 557 1174 Reseratoque
571 1131 636 1165 locello
652 1130 713 1173 astitit,
728 1131 812 1175 aspexit:
825 1137 843 1165 et

141 1184 160 1218 in
170 1184 235 1217 eodem
245 1187 339 1216 momento
350 1182 369 1216 in
380 1182 478 1216 amentiam
486 1193 566 1224 versum,
575 1181 594 1216 in
604 1183 702 1226 reprobum
713 1193 789 1217 sensum
797 1185 844 1218 deus

141 1236 193 1271 illum
206 1234 290 1277 tradidit;
303 1240 321 1269 et
335 1235 358 1269 ob
370 1235 431 1269 scelus
447 1234 486 1269 eius
498 1245 508 1268 a
520 1240 571 1277 patre
583 1235 670 1277 deiectus
683 1239 704 1269 et
715 1236 739 1269 ad
752 1247 843 1269 summam

115 1300 133 1321 20
141 1287 222 1332 inopiam
237 1289 343 1332 perductus,
358 1287 415 1322 vitam
434 1287 493 1322 finiuit
508 1287 602 1322 vermibus
618 1289 794 1332 consumptus.·----²
800 1283 844 1325 Rex

142 1342 216 1388 quidam
227 1340 321 1375 Danorum
332 1340 407 1375 nomine
418 1341 497 1375 Swanus
509 1352 551 1375 curn
563 1352 630 1386 magna
641 1342 716 1376 nauium
728 1342 845 1378 multitudine

142 1395 229 1439 Angliam
243 1394 318 1436 intrans,
332 1394 377 1428 nulli
390 1405 469 1438 parcens
482 1395 531 1437 etati,
543 1396 597 1429 sexui
607 1395 637 1429 vel
651 1395 716 1437 ordini,
730 1397 775 1430 cede
787 1403 806 1431 et
817 1397 845 1430 in-

143 1447 207 1483 cendio
219 1447 295 1481 cuncta³
306 1448 395 1489 vastabat,
408 1453 426 1481 et
438 1446 505 1491 vbique
517 1448 585 1491 predas
600 1459 662 1491 agens,
678 1449 700 1482 ab
714 1449 778 1483 incolis
790 1451 845 1484 totius

143 1506 192 1536 terre
207 1500 274 1534 tributa
290 1499 385 1543 exigebat:
406 1505 424 1533 et
439 1500 462 1533 ad
477 1500 552 1543 proprie
572 1500 695 1535 damnationis
714 1502 806 1536 cumulum
822 1514 845 1536 ex

116 1562 134 1592 ¹5
143 1554 188 1587 vrbe
197 1553 260 1585 Sancti
268 1552 361 1584 Edmundi
369 1551 449 1584 martiris
456 1553 527 1594 grande
534 1553 622 1586 tributum
629 1552 687 1595 petiit.
709 1553 802 1596 Alioquin,
810 1555 846 1588 nisi

144 1605 251 1644 solueretur,
258 1603 298 1638 urbi
306 1602 418 1645 incendium,
425 1603 531 1646 ciuibusque
539 1603 615 1638 exitium
623 1604 749 1646 comminatur.
767 1604 847 1651 insuper

144 1663 163 1691 et
171 1662 234 1689 sancto
243 1656 340 1689 Edmundo
348 1656 437 1699 probrose
446 1656 530 1690 detraxit.
548 1657 651 1691 Audientes
660 1658 695 1691 hoc
702 1658 758 1701 ciues,
764 1664 783 1693 et
790 1661 847 1694 vehe-

145 1715 218 1745 menter
225 1714 376 1753 expauescentes,
385 1714 428 1743 ante
436 1709 554 1752 sepulchrum
564 1710 622 1744 sancti
630 1710 723 1744 Edmundi
733 1723 754 1746 se
765 1719 846 1756 proster-

145 1767 197 1804 nunt,
211 1772 253 1796 cum
266 1761 327 1795 multis
341 1761 435 1796 lachrimis
450 1767 469 1795 et
480 1762 595 1806 singultibus,
605 1764 680 1797 deuotis
692 1764 778 1807 precibus
792 1776 846 1810 opem

117 1826 137 1854 30
145 1815 231 1858 martyris
242 1814 369 1858 implorabant.
393 1814 438 1848 Erat
447 1815 496 1849 enim
506 1815 525 1849 in
536 1816 601 1850 eodem
612 1817 651 1850 loco
662 1818 763 1851 monachus
772 1819 847 1862 quidam

145 1868 220 1903 nomine
234 1867 345 1911 Egelwinus,
358 1873 420 1901 sancto
433 1867 502 1902 martiri
515 1869 560 1903 adeo
573 1869 656 1911 deuotus,
669 1875 689 1905 vt
702 1870 741 1905 eius
753 1871 847 1907 secretalis

145 1920 265 1955 cubicularius
273 1920 338 1954 merito
347 1921 370 1953 ab
378 1920 463 1953 omnibus
471 1927 572 1954 vocaretur.
596 1922 637 1962 Hic,
645 1923 718 1965 quando
726 1923 761 1957 sibi
773 1929 848 1967 oportu-

145 1983 190 2007 num
203 1973 282 2015 videbat,
292 1972 343 2006 solus
354 1972 377 2005 ad
389 1972 484 2006 martirem
496 1972 608 2016 ingrediens,
622 1984 688 2018 corpus
700 1975 740 2009 eius
752 1975 849 2019 diligenter

145 2025 235 2066 abluebat,
251 2024 325 2068 capillos
344 2024 408 2067 capitis
427 2030 536 2059 reuerenter
551 2027 673 2061 demulcendo
691 2027 756 2070 planos
775 2029 848 2072 pectine

119 2086 137 2115 35
147 2078 240 2118 reddebat,
254 2077 337 2120 pilosque
352 2077 431 2121 pectinis
444 2077 543 2112 violentia4
558 2085 650 2114 extractos
663 2080 682 2113 in
694 2080 756 2124 pixide
771 2092 849 2125 ponens,

146 2131 199 2176 quasi
217 2130 287 2166 viuenti
305 2130 324 2164 in
343 2142 398 2165 carne
417 2130 501 2165 debitum
517 2131 612 2167 seruitium
627 2132 750 2177 impendebat.
779 2135 848 2170 Mutuis

146 2183 284 2219 allocutionibus
304 2194 335 2217 ore
353 2184 376 2217 ad
391 2195 418 2227 os,
433 2184 486 2228 quasi
504 2185 574 2220 amicus
593 2185 656 2228 amico,
675 2197 712 2221 non
731 2187 791 2223 solum
805 2188 849 2224 vtile

147 2247 257 2280 responsum
270 2238 314 2271 dare
327 2242 401 2272 sanctus
414 2248 451 2271 non
464 2239 538 2280 distulit,
551 2240 584 2273 sed
597 2240 651 2273 etiam
666 2239 757 2274 variarum
773 2252 850 2285 oppres-

147 2291 225 2333 sionum,
241 2300 287 2333 quas
304 2289 339 2323 sibi
354 2289 450 2332 referebat,
466 2290 514 2325 viam
533 2291 629 2327 leuaminis
646 2298 665 2326 et
682 2293 760 2328 salubris
779 2294 849 2329 consilii

119 2352 139 2383 40
147 2341 251 2378 notificauit.
275 2341 323 2376 Huic
332 2344 366 2376 sub
374 2343 432 2377 noctis
440 2343 513 2378 silentio
521 2344 583 2388 sopori
591 2345 652 2379 dedito
660 2352 735 2380 sanctus
741 2347 850 2382 Edmundus

147 2394 198 2429 vultu
217 2405 289 2427 merore
308 2395 390 2428 confecto
408 2395 469 2436 astitit,
485 2395 559 2430 dicens:
576 2397 652 2440 ‘Perge
667 2398 731 2440 inquit,
747 2399 770 2432 ad
786 2409 850 2443 regern

149 2447 244 2481 Danorum
257 2446 352 2490 Swanum,
364 2452 383 2481 et
394 2458 418 2482 ex
430 2453 482 2491 parte
498 2459 545 2492 mea,
556 2448 602 2484 nihil
618 2449 708 2491 dubitans,
719 2450 794 2494 precipe
806 2456 826 2487 vt
839 2463 850 2487 a

148 2509 231 2534 meorum
239 2498 354 2534 infestatione
365 2505 383 2534 et
393 2500 455 2535 tributi
465 2501 560 2537 exactione
571 2502 638 2537 ciuium
649 2502 729 2546 desistat,
742 2503 758 2538 si
768 2503 850 2540 diuinam

148 2552 275 2587 imminentem
286 2553 368 2597 effugere
379 2554 440 2597 cupiat
450 2554 548 2589 vltionem.¹
572 2556 618 2590 Cum
630 2561 690 2589 autem
702 2557 803 2592 monachus
816 2559 851 2593 hec

155 2609 190 2640 ¹E.
197 2610 304 2649 prescindere,
311 2611 329 2642 T.
337 2612 432 2650 prescidere.
473 2612 546 2645 ²added.
588 2614 622 2645 θΕ.
630 2621 681 2645 cunct.
722 2614 844 2648 ⁴E.biolentia.
