1762 2803
241 118 287 174 ve
302 116 402 171 &totto
418 117 534 170 tttltttro.
697 131 740 178 513

42 244 80 277 Nec
93 250 149 280 mora,
162 238 253 271 iudicum¹
264 238 369 280 iniquorum
382 237 465 271 unanimi
479 237 570 271 sententia
585 237 683 271 diffinitum
699 243 740 272 est:

41 295 82 340 quia
94 292 123 327 hic
135 291 189 325 homo
201 300 245 324 reus
256 295 284 324 est
295 290 365 331 mortis,
375 290 476 334 dignasque
489 300 524 335 pro
537 289 607 325 meritis
621 290 687 325 debeat
699 290 743 324 dare

42 356 103 394 penas.
121 343 194 378 lniectis
201 342 262 387 itaque
270 343 355 378 manibus
363 343 438 387 capitur,
443 342 525 385 trahitur,
530 343 610 388 primum
618 343 638 379 in
645 343 743 379 ecclesiam

42 400 107 435 deinde
115 408 149 441 per
157 396 258 438 ecclesiam,
267 395 307 430 sine
315 396 432 431 miseratione
440 397 475 432 vlla
483 402 575 432 tractatur.
598 396 681 442 Cumque
694 396 743 431 toras

43 452 138 489 ecclesiam
150 449 186 483 iam
200 455 250 484 esset
261 448 367 491 eliciendus
380 451 481 485 adueniens
493 451 545 494 virgo
557 450 713 491 reuerentissima,
725 455 761 492 et5

43 507 157 545 interrogans
168 512 201 535 cur
211 502 236 535 ita
246 502 363 535 innocentem
375 513 444 536 vexare
455 508 590 545 presumerent,
602 502 673 536 manica
685 502 744 546 expli-

44 562 82 592 cata
90 565 154 589 omnes
162 554 231 598 pariter
238 553 348 589 euentilauit.
371 555 447 589 Fecerat
455 554 504 589 enim
512 555 542 590 die
551 555 581 588 illo
589 555 641 588 beate
649 554 744 589 cuiusdam

43 608 117 654 virginis
125 608 144 642 in
152 606 209 642 missa
215 607 413 649 commemorationem,
418 613 436 642 et
442 608 482 652 ipsa
487 613 527 644 erat
535 619 571 652 que
579 607 664 643 iudicauit
670 617 744 642 causam

44 664 82 698 eius
90 663 113 695 de
121 670 176 695 manu
183 660 298 695 inimicorum
306 671 387 695 suorum.
419 654 465 695 Atio
470 671 543 705 quoque
549 666 634 705 tempore
639 660 745 694 infirmante

44 716 81 750 viro
89 713 119 748 dei
126 712 206 747 introiuit
213 712 303 754 inimicus,
311 719 330 747 et
337 712 448 748 terribilibus
455 714 513 748 oculis
521 713 596 747 intuens
604 724 652 754 eum,
658 713 743 748 baculum
754 727 774 750 ro

45 777 98 812 quem
109 776 164 799 manu
172 766 246 799 tenebat
253 765 320 799 leuauit
331 765 350 799 in
358 765 414 800 altum
422 776 502 810 eumque
514 766 568 800 tertio
578 765 638 800 valide
648 765 745 810 percussit.

45 821 74 853 Ad
90 819 138 862 quel
153 818 199 851 nihil
216 823 276 851 motus
294 829 359 852 seruus
374 818 404 852 dei
418 819 526 862 respondit:
542 819 592 853 ‘Iam
609 828 658 853 nunc
673 819 745 861 recede,

45 872 128 917 maligne,
136 871 221 915 quoniam
231 871 339 916 ampliorem
346 882 365 906 m
373 882 404 907 me
414 877 524 916 potestatem
535 882 572 906 non
584 872 655 910 habes;
666 872 700 906 sed
710 882 745 905 nec

46 926 91 960 hanc
102 924 177 958 omnino
188 925 272 967 haberes,
280 925 315 959 nisi
326 924 358 959 tibi
370 926 451 968 desuper
462 925 504 959 data
515 924 590 959 suisset.¹
634 917 709 959 Tentus
717 930 745 960 est

46 978 93 1012 enim
105 978 163 1010 semel
174 976 258 1010 inimicus
269 988 280 1010 a
290 977 329 1011 viro
341 977 370 1011 dei
381 983 399 1010 et
411 977 479 1012 diutius
490 977 604 1020 flagellatus:
618 987 652 1010 nee
664 977 715 1020 prius
726 982 746 1010 vt
757 989 774 1020 ¹5

46 1030 94 1064 abire
105 1035 168 1072 posset
179 1029 262 1072 obtinuit,
272 1040 328 1074 quam
338 1040 359 1063 se
370 1029 418 1063 vltra
429 1040 466 1064 non
478 1040 597 1065 reuersumm
608 1030 631 1064 ad
643 1039 691 1071 eum,
699 1029 746 1064 iure·

46 1083 120 1116 iurando
135 1083 255 1126 promitteret.
307 1076 331 1117 In
349 1081 485 1126 aquilonaribus
500 1082 568 1127 Anglie
588 1082 671 1127 partibus
689 1082 745 1116 homo

47 1135 117 1179 quidam
130 1141 169 1169 erat
180 1134 233 1169 valde
247 1134 361 1178 miserabilis,
372 1134 403 1180 qui
418 1134 509 1170 fortunam
524 1136 637 1181 paupertatis
648 1147 686 1170 non
698 1146 747 1180 eque

47 1189 112 1228 ferens,
120 1188 192 1221 diabolo
202 1188 289 1223 manum³
297 1188 346 1222 dedit
354 1194 372 1222 et
381 1188 486 1232 homagium
497 1188 514 1223 ei
523 1189 571 1223 fecit.
593 1189 676 1223 Tandem
689 1189 747 1222 miser

47 1240 77 1274 ille
84 1239 187 1283 intelligens
195 1246 271 1282 reatum,
279 1240 363 1284 penitere
375 1240 429 1284 cepit.
453 1240 476 1275 Et
487 1251 529 1275 curn
540 1240 612 1274 cuidam
620 1250 683 1274 casum
691 1250 745 1274 suum
756 1252 775 1274 πο

47 1299 65 1327 et
71 1291 184 1336 propositum
190 1293 296 1335 reuelasset‚
301 1293 357 1328 astitit
363 1293 380 1328 ei
386 1292 470 1327 diabolus
476 1293 495 1327 in
502 1293 562 1338 effigie
568 1299 655 1329 consueta
661 1295 690 1328 et⁴
698 1300 747 1335 nota,

48 1345 96 1379 illum
111 1345 219 1389 proditionis
237 1357 328 1390 arguens,
344 1346 463 1392 castigatione
479 1346 547 1381 crudeli
563 1357 584 1381 se
601 1346 663 1391 ipsum
682 1347 748 1391 punire

48 1399 131 1440 minatur,
139 1399 154 1433 si
162 1400 206 1443 quid
216 1400 253 1434 tale
262 1401 347 1434 decetero
357 1405 467 1444 attemptare
476 1405 598 1444 presumeret.
620 1400 645 1433 At
653 1400 709 1434 homo
716 1400 748 1434 ille

48 1452 111 1485 videns
123 1453 171 1495 quod
184 1452 269 1487 inimicus
283 1452 322 1487 eius
336 1453 454 1495 cogitationes
467 1452 526 1486 cordis
539 1453 568 1486 sui
581 1463 618 1486 non
632 1451 749 1495 cognouisset

49 1503 83 1537 nisi
94 1514 126 1537 eas
137 1504 189 1547 prius
200 1515 234 1548 per
244 1505 321 1539 verbum
332 1505 363 1539 vel
374 1504 447 1548 signum
461 1504 579 1549 prodidisset,
590 1504 705 1539 dissimulato
716 1505 748 1539 ali·
757 1517 775 1549 ²5

49 1556 132 1599 quamdiu
147 1556 248 1600 penitentie
266 1568 300 1592 sue
318 1558 412 1603 proposito
427 1558 450 1592 ad
465 1558 555 1593 ericum
572 1559 602 1593 dei
617 1558 695 1593 amicum
714 1558 749 1592 iter

49 1610 121 1644 tandem
134 1610 216 1654 arripuit,
229 1616 247 1645 et
262 1612 285 1645 ad
297 1612 364 1646 vadum
377 1612 469 1655 quoddam
484 1611 533 1645 illius
548 1610 617 1645 ssuuioli
632 1612 681 1655 quod
696 1617 749 1645 extra

50 1660 200 1706 Heselbergiam⁵
208 1663 264 1697 situm
272 1669 305 1706 est,
311 1664 388 1698 accessit
393 1664 405 1697 ⁸.
419 1664 442 1697 Et
450 1675 492 1697 cum
500 1665 566 1698 vadum
575 1663 639 1698 suisset
647 1664 749 1707 ingressus

50 1716 154 1757 superuenit
166 1716 250 1750 diabolus
263 1716 290 1751 ira
303 1726 370 1760 magna
385 1726 491 1756 succensus,
504 1721 522 1750 et
537 1725 605 1749 manus
619 1716 638 1750 in
653 1716 749 1751 hominem

49 1764 152 1810 immittens,
160 1768 259 1809 intremuit,
268 1775 286 1803 et
297 1769 333 1803 ait:
345 1768 404 1810 ‘Quid
416 1774 450 1810 est,
460 1769 525 1812 inquit,
533 1768 621 1812 proditor,
629 1768 679 1812 quod
689 1768 749 1803 tacere
758 1782 779 1812 30

50 1818 133 1854 voluisti?
156 1820 226 1855 Moliris
241 1827 315 1865 pactum
334 1827 417 1855 nostrum
435 1821 543 1863 dissoluere,
559 1822 592 1855 sed
611 1821 688 1865 frustra,
707 1821 750 1866 quia

50 1872 161 1916 proditionis,
173 1885 209 1918 qua
220 1874 263 1909 olim
275 1876 309 1909 deo
322 1875 440 1916 renunciasti,
450 1881 468 1908 et
478 1885 514 1918 qua
525 1885 574 1908 nunc
585 1875 629 1908 mihi
641 1875 750 1909 renunciare

51 1925 121 1967 cogitas,
133 1927 206 1960 soluere
217 1937 276 1971 penas
287 1927 342 1962 modo
353 1928 416 1967 debes,
426 1927 469 1970 quia
480 1927 517 1961 iam
528 1927 657 1961 miserabiliter
667 1928 750 1961 submer-

50 1976 108 2018 geris!
132 1978 155 2013 Et
169 1983 236 2013 tenens
249 1989 291 2013 eum
307 1979 395 2020 diabolus,
409 1979 434 2013 ita
449 1978 562 2013 immobilem
578 1978 638 2020 fecit⁷‚
653 1979 702 2023 quod
716 1990 750 2014 nee

50 2031 150 2069 procedere
158 2042 192 2065 nec
200 2031 219 2065 in
227 2032 275 2065 latus
283 2031 356 2075 aliquod
363 2031 419 2065 valuit
429 2031 527 2065 declinare.
550 2030 598 2065 Dum
609 2031 644 2065 hec
653 2038 751 2074 agerentur
759 2039 779 2069 35

50 2089 69 2112 m
82 2081 162 2125 ssumine,
175 2085 204 2118 vir
219 2084 249 2118 dei
261 2084 356 2118 ericust
369 2083 435 2128 angelo
447 2083 541 2119 reuelante
554 2088 620 2118 cuncta
632 2094 751 2128 cognoscens,

50 2135 119 2169 uocauit
131 2137 154 2170 ad
166 2147 187 2171 se
198 2137 322 2181 presbiterum
328 2135 339 2178 ⁹,
350 2141 369 2171 et
380 2136 417 2171 ait:
435 2136 539 2178 ‘Accelera
551 2136 615 2181 inquit,
627 2143 645 2171 et
656 2144 752 2183 assumpta

52 2195 104 2221 cruce
116 2200 157 2223 cum
171 2201 219 2235 aqua
231 2189 333 2233 benedicta,
345 2201 420 2225 occurre
431 2190 501 2224 homini
513 2200 568 2234 quem
580 2190 663 2225 diabolus
674 2190 692 2225 in
704 2191 752 2225 vado

52 2241 98 2280 quod
110 2247 163 2276 extra
170 2243 232 2277 villam
244 2248 277 2285 est,
289 2244 381 2287 captiuum
391 2248 447 2284 tenet,
459 2248 477 2275 et
488 2253 536 2286 aqua
547 2242 642 2276 benedicta
653 2253 751 2286 aspersum

52 2290 131 2327 adduces
138 2295 162 2328 ad
172 2297 212 2329 mc.¹
234 2295 260 2328 At
272 2295 303 2328 ille
314 2305 395 2338 pergens
406 2294 477 2328 inuenit
488 2295 583 2328 hominem
594 2295 619 2328 ita
629 2295 648 2328 in
660 2305 707 2339 aqua
718 2295 752 2330 im·
760 2302 781 2332 4⁰

52 2343 140 2381 mobiliter
151 2347 209 2382 fixum
220 2348 269 2392 quod
283 2348 357 2382 deloco
369 2359 390 2382 se
401 2359 476 2382 mouere
490 2359 527 2382 non
540 2348 604 2392 potuit.
631 2348 692 2390 Quem
706 2359 753 2393 aqua

52 2392 146 2432 benedicta
157 2401 277 2444 perfundens,
288 2401 390 2446 predonem
402 2400 476 2445 fugauit,
484 2406 503 2435 et
515 2400 606 2436 advirum
618 2401 647 2435 dei
659 2401 753 2436 hominem

72 2493 192 2530 ¹E.iudicium.
219 2500 343 2538 ²T.E.quem.
369 2500 578 2535 ³T.manum:E.1nanus.
604 2500 713 2531 *consetai
722 2511 754 2532 om.

53 2530 221 2602 {gssttielesbergiam
269 2539 375 2570 ‘Lacessit
421 2539 506 2570 'atvna
554 2540 669 2570 ¹T.uulricus.
715 2539 753 2571 ⁹⁵0.

96 2584 149 2607 neum.

75 2628 113 2655 vor.
121 2632 139 2657 11.
392 2625 416 2660 cl
