1762 2803
37 88 284 131 herminula-tuest
315 75 363 128 st.
377 76 513 134 latidum.
693 90 738 132 539

37 197 69 233 sibi
76 192 160 229 creditam
167 190 270 228 animarum,
277 188 316 230 plus
327 198 388 229 gerens
398 187 531 221 sollicitudinem
540 187 562 221 de
573 187 625 220 rebus
636 186 738 220 transitoriis

37 254 87 290 atque
94 241 169 278 caducis.
192 241 235 273 Erat
242 238 289 273 enim
296 237 357 273 eximie
364 237 462 282 prudencie,
471 248 572 281 summeque
579 237 690 277 abstinencie,
696 243 713 271 et
721 237 738 271 in

37 293 138 338 exequendis
151 291 228 333 negociis
241 290 319 323 sollerter
331 288 418 323 intentus:
434 299 481 322 nunc
491 299 538 322 noua
548 289 566 322 iu
578 289 616 322 loeo
626 288 739 321 fundamenta

37 346 105 385 iaciens,
113 349 130 376 et
141 352 181 375 rura
192 351 227 373 non
237 338 307 373 modica
317 338 406 380 addens,
418 350 469 382 porro
479 338 588 381 dispensator
599 338 655 372 fidelis
665 338 710 371 sicut
721 338 739 371 in

37 394 122 437 erogando
130 391 183 424 verbo
191 390 218 423 dei
226 399 266 422 cum
273 388 342 431 pietatis
350 388 417 421 actibus
424 388 530 430 inuigilabat‚
535 388 559 422 ita
566 394 584 422 et
592 387 610 421 in
617 386 739 430 dispensandis
748 391 756 420 5

37 442 107 480 terrenis
115 440 211 476 secundum
216 438 343 473 institucionem
351 438 464 481 apostolicam
469 439 571 479 desudabat,
576 445 593 472 et
600 437 698 472 uiuentibus
706 438 739 471 sub

37 508 55 531 se
63 492 174 529 communiter
181 496 231 533 prout
239 490 300 533 cuique
306 500 349 533 opus
354 496 390 523 erat
396 490 468 523 fideliter
472 489 565 524 distribuit.
579 490 739 533 Sanepresencium

38 544 126 581 occasione
136 551 214 575 curarum
225 551 333 583 nequaquam
344 541 388 574 illius
400 541 463 574 mentis
474 540 534 573 oculus
545 540 630 582 caligabat
641 551 652 573 a
662 546 739 574 contem·

37 595 114 640 placione
125 599 228 633 eternorum,
236 597 262 625 set
270 600 305 633 quo
312 590 386 634 amplius
395 591 446 624 rebus
458 590 531 624 ecclesia
542 590 647 631 fulciebatur,
655 601 676 624 eo
683 590 739 632 magis

38 645 113 679 inhiabat
125 643 147 675 ad
160 641 224 684 gaudia
239 640 294 683 patrie
305 641 379 674 celestis.
410 641 445 674 Hic
456 641 512 674 eciam
526 641 573 674 iussu
585 641 631 682 regis
644 641 710 682 Edgari
722 646 740 674 et
749 645 767 668 ¹⁰

38 694 136 729 auctoritate
147 691 202 724 sancti
214 691 325 731 Ethelquoldi
337 690 413 733 episcopi
424 701 487 733 corpus
499 691 544 723 alme
555 690 626 732 virginis
638 690 740 731 Withburge

38 744 98 779 sororis
106 748 164 776 sancte
173 741 279 774 Etheldrede
289 742 311 774 de
322 740 396 774 Dirham
403 740 489 775 transtulit
497 740 520 774 ad
527 740 561 784 Ely
566 750 606 774 cunt
611 750 675 784 magna
680 739 740 784 gloria.

38 794 128 836 ¹Quodam
135 799 193 825 autem
201 798 278 835 tempore
288 798 368 825 sanctum
376 793 486 826 Brithnotum
497 792 579 825 abbatem
589 792 612 825 ad
622 791 668 833 regis
675 791 740 825 curiam

38 844 100 885 Edgari
112 842 183 883 contigit
194 852 225 884 pro
237 842 309 875 ecclesia
319 841 396 884 negociis
407 840 498 885 proficisci.
520 842 550 881 Et,
560 847 578 874 ut
589 842 648 881 fertur,
659 851 698 874 curn
709 851 741 884 per

39 895 97 927 siluam
109 903 142 936 que
154 894 206 925 Noua
216 892 281 926 foresta
292 898 368 933 vocatur,
380 891 416 932 iret,
426 893 450 925 ad
461 902 510 925 vsum
522 898 583 925 nature
595 891 691 925 remociora
701 891 741 924 loca
749 898 767 929 15

38 942 111 987 repectit.
134 944 208 984 Canens,
216 947 234 976 vt
242 948 278 976 erat
286 941 359 985 simplex
370 948 386 976 et
397 952 459 984 magne
467 942 574 982 verecundie,
582 941 657 984 undique
667 941 740 975 circum-

38 993 101 1036 spexit:
120 992 198 1035 reginam
216 993 260 1027 forte
278 992 311 1026 sub
329 992 405 1036 quadam
424 993 484 1027 arbore
503 991 575 1027 offendit
589 992 689 1035 Aliritham,
703 991 740 1027 suis

38 1044 222 1078 veneficiisvacantem.
233 1043 352 1078 Perfantasias
357 1044 403 1078 enim
409 1050 425 1078 et
430 1051 484 1078 artem
490 1043 575 1087 magicam
580 1045 630 1078 velud
635 1043 652 1077 in
658 1042 740 1087 equinum

38 1094 100 1128 animal
115 1104 169 1135 versa,
184 1094 277 1137 putabatur
291 1095 396 1128 intuentihus
410 1105 449 1127 esse
463 1105 509 1137 equa
523 1100 540 1128 et
556 1105 591 1128 non
606 1094 672 1134 mulier,
684 1101 702 1128 vt
714 1093 739 1127 in-

39 1143 132 1177 satiabilem
151 1145 278 1177 exardescentis
296 1144 374 1177 luxurie²
392 1144 510 1187 intemperiem
529 1149 625 1185 saturaret;
642 1144 739 1177 discurrens
749 1154 768 1176 ιο

38 1195 70 1226 huc
80 1200 131 1236 atque
143 1194 183 1226 illuc
194 1204 233 1225 curn
245 1194 293 1236 equis
305 1204 325 1227 ac
337 1194 428 1234 dissiliens,
440 1204 458 1227 se
472 1194 514 1237 ipsis
526 1194 638 1227 irreuerenter
651 1192 739 1233 exhibuit;

39 1249 135 1286 contempto
146 1243 174 1277 dei
186 1244 247 1277 timore
258 1254 279 1279 ac
292 1244 338 1286 regie
349 1244 437 1286 dignitatis
451 1245 521 1284 honore,
533 1244 598 1277 crimen
609 1244 662 1286 glorie
673 1254 704 1276 sue
716 1243 740 1277 ita

39 1293 187 1336 contemptibiliter
194 1294 256 1328 intulit.
279 1294 318 1335 Quo
326 1294 369 1335 viso,
376 1304 412 1328 non
419 1295 485 1337 absque
492 1295 539 1327 luctu
548 1299 565 1328 et
577 1305 641 1338 pauore
649 1294 714 1337 ingenti
722 1294 740 1327 in

38 1343 98 1377 talibus
111 1355 129 1377 se
141 1350 240 1388 perceptam
253 1356 264 1378 a
275 1344 312 1378 viro
323 1351 384 1379 sancto
394 1344 482 1386 ingemuit.
505 1344 611 1378 Peritissima
621 1344 691 1377 veroin
703 1351 740 1377 arte

38 1394 141 1433 mechanica,
148 1400 167 1427 vt
178 1394 236 1434 fertur,
243 1395 344 1428 habebatur.
368 1395 398 1428 Set
410 1394 436 1427 vir
447 1393 518 1433 domini,
526 1405 547 1427 ex
558 1392 677 1427 huiuscemodi
689 1395 740 1428 rebus
749 1403 768 1434 ²5

39 1441 107 1476 nimium
115 1444 198 1485 turbatus,
206 1444 315 1487 quamtocius
322 1444 363 1477 inde
374 1443 450 1485 recessit,
458 1444 506 1477 etad
514 1444 559 1486 regis
567 1445 632 1478 curiarn
640 1444 740 1485 deueniens,

38 1492 125 1535 magnifice
140 1500 236 1538 susceptus,
251 1494 323 1530 ecclesie
339 1506 369 1529 sue
387 1494 460 1537 negocia
476 1494 529 1528 cicius
545 1494 652 1538 adimpleuit.
680 1497 741 1539 ltaque

38 1543 155 1577 munificencia
162 1545 207 1588 regis
214 1545 314 1588 perfunctus
321 1552 339 1580 et
346 1545 460 1586 exhilleratus,
468 1546 490 1578 ad
498 1556 530 1579 sua
535 1544 542 1563 ³
548 1546 604 1580 redire
611 1545 658 1579 viam
665 1545 742 1590 repeciit·

39 1593 61 1625 Et
68 1603 89 1626 ne
97 1593 173 1636 reginam
181 1596 220 1629 licet
228 1596 322 1629 abhorrens
330 1595 429 1637 declinaret,
437 1595 505 1629 adeius
513 1596 601 1629 descendit
609 1598 678 1629 aulam:
689 1606 741 1638 quam

38 1642 104 1676 fortuitu
111 1644 133 1677 ab
141 1645 221 1679 omnibus
228 1655 301 1679 vacuam
309 1645 378 1688 penitus
386 1645 451 1679 inuenit
459 1656 464 1686 3
475 1652 533 1679 tamen
544 1646 622 1680 celeriter
631 1646 689 1689 regine
697 1646 741 1680 illius
749 1657 769 1686 ³⁰

39 1691 107 1726 innotuit
121 1695 211 1728 aduentus.
234 1695 267 1729 Illa
277 1706 319 1729 vero
331 1695 391 1739 petiuit
401 1702 419 1729 vt
432 1707 472 1729 cum
483 1695 594 1731 festinacione
607 1697 630 1731 ad
642 1707 682 1731 eam
694 1697 742 1731 solus

38 1741 110 1785 veniret;
122 1751 140 1779 et
147 1747 194 1789 quod
202 1758 242 1780 cum
249 1758 270 1781 eo
278 1746 301 1781 de
308 1748 363 1781 salute
371 1747 428 1781 anime
436 1758 467 1781 sue
476 1757 511 1780 non
519 1749 565 1781 nulla
576 1754 650 1782 tractare
658 1748 741 1790 habuerit,

38 1795 129 1829 mandauit.
152 1797 184 1830 Cui
196 1797 279 1840 ingresso,
286 1798 344 1841 plures
355 1798 467 1832 enormitates
479 1798 550 1831 lasciuie
561 1798 613 1832 nimis
623 1798 742 1833 fauorabiliter

39 1848 54 1874 et
67 1842 181 1880 inuerecunde
192 1849 250 1880 locuta
262 1854 294 1888 est,
307 1848 387 1890 precibus
400 1853 417 1880 et
430 1847 522 1890 promissis
535 1847 582 1880 illum
595 1847 647 1880 veluti
661 1854 741 1882 sanctum

39 1893 101 1938 loseph
118 1898 179 1933 mulier
195 1899 277 1944 inpudica
292 1900 306 1934 si
321 1906 380 1944 posset
394 1900 521 1934 incontinencie
536 1899 569 1934 sibi
584 1901 634 1935 nodis
652 1901 740 1943 alliceret3
749 1912 769 1944 35

38 1945 119 1981 estimans
133 1950 193 1984 fraude
208 1952 284 1993 maligna
301 1957 379 1985 sanctum
394 1951 422 1985 dei
438 1950 455 1984 in
473 1952 537 1985 scelere
554 1961 613 1985 seeum
629 1951 741 1994 commisceri,

39 1997 117 2036 quoniam
125 2001 211 2042 perillum
218 2008 302 2036 metuerat
310 2001 366 2044 detegi
374 2013 385 2035 a
392 2001 461 2035 malicia
470 2012 522 2045 quarn
530 2001 577 2035 illam
585 2012 663 2036 exercere
670 2002 742 2042 inuenit,

40 2045 69 2080 llle
83 2047 147 2084 viribus
162 2057 180 2085 et
194 2052 252 2086 verbis
267 2053 331 2093 obstat,
346 2059 404 2099 negat,
419 2059 437 2086 et
455 2053 541 2086 abhorret.
567 2053 619 2086 Vnde
633 2052 652 2087 in
666 2053 742 2087 surorenr

39 2105 126 2139 commota,
134 2101 238 2144 quibusdam
245 2102 322 2137 euocatis
332 2102 404 2144 ancillis,
411 2103 481 2136 beatum
488 2103 544 2136 virum
556 2102 595 2137 neci
608 2103 676 2137 tradere
687 2103 742 2145 iussit,

39 2146 95 2181 nolens
102 2160 141 2183 esse
148 2153 258 2195 superstitem
267 2164 319 2196 quem
328 2154 365 2187 iore
375 2153 460 2187 dubitauit
471 2163 541 2186 suorurn
552 2153 646 2197 aliquando
658 2155 741 2188 scelerum
750 2161 771 2192 40

39 2197 144 2235 proditorem.
166 2203 254 2236 Admonet
266 2203 338 2236 ancillas
351 2213 453 2237 mucronum
465 2203 536 2246 copulas
547 2203 565 2237 in
576 2204 634 2246 ignem
644 2204 716 2242 feruere,
724 2212 742 2238 et

39 2245 69 2277 sub
80 2249 137 2284 asellis
151 2252 205 2287 sancti
219 2252 287 2287 abbatis
299 2253 373 2297 inprimi,
386 2253 494 2297 usquedum
507 2253 586 2297 spiritum
599 2254 635 2289 eius
648 2254 743 2289 excuciant.

40 2294 77 2336 Quo
87 2299 143 2336 lacto:
156 2303 232 2338 clamant
241 2304 323 2338 fautrices
333 2304 421 2347 lugenter⁴
432 2305 535 2340 intrinsecus
546 2306 598 2339 velud
609 2306 639 2339 tali
651 2306 743 2340 infortunio

39 2348 130 2386 pauetacte.
157 2354 209 2387 Vnde
221 2354 294 2388 ministri
306 2355 375 2389 abbatis
388 2362 405 2389 et
418 2356 447 2399 qni
461 2366 501 2390 cum
514 2356 543 2389 illo
554 2362 638 2390 venerant
651 2363 743 2390 accurrunt

39 2400 126 2442 monachi;
138 2413 178 2437 eum
184 2405 241 2439 subita
246 2412 301 2440 morte
306 2408 436 2448 preuentumab
441 2406 509 2440 ancillis
515 2407 593 2446 audiunt,
599 2411 616 2440 et
622 2406 741 2448 ingemiscunt·
750 2412 769 2442 45

38 2519 44 2536 ,
64 2484 69 2501 ¹
80 2487 103 2518 Cf.
111 2489 183 2522 Narratio
193 2493 213 2523 ud
223 2493 238 2524 S.
246 2494 339 2525 Edtvardum
350 2495 409 2534 Regem
416 2500 431 2526 et
440 2495 493 2531 Mart,
502 2495 552 2525 where
560 2495 612 2534 nearly
619 2495 645 2525 the
653 2504 695 2525 same
704 2498 742 2526 text·

64 2523 86 2555 lS.
93 2526 174 2563 luxuriam.
269 2535 275 2551 ³
286 2534 320 2564 MS.
327 2543 375 2565 suam.
475 2534 482 2552 ⁴
491 2534 513 2564 al·
520 2534 576 2573 lugent
