1762 2803
295 96 341 152 De
356 94 456 149 &millu
472 95 580 158 illitum.
745 111 773 155 3²
778 111 789 156 5

88 212 129 240 octo
136 208 197 241 vaccis
208 206 247 241 suis
258 207 367 242 miraculose
374 207 433 242 tribus
441 208 506 242 diebus
514 208 574 253 pauit5
587 213 605 242 et
615 218 662 253 aqua
671 206 726 241 sontis
736 208 759 241 ab
768 219 790 242 eo

89 260 185 295 benedicta
192 260 283 305 peridem
291 266 365 305 tempus
373 261 391 295 in
397 260 460 296 vinum
468 261 558 306 optimum
566 271 656 296 conuersa
663 266 696 296 est.
742 253 791 305 Qui·

89 314 131 348 dam
142 324 153 349 a
163 319 226 349 sancto
235 314 301 349 Pirano
310 325 321 348 a
331 319 390 349 morte
400 314 525 358 resuscitatus,
533 315 583 350 dedit
593 315 610 350 ei
620 314 678 349 filium
686 324 740 349 suum
748 324 790 348 cum

88 367 138 410 agris
146 367 214 402 multis
248 359 331 403 Sanctus
339 373 400 402 autem
409 368 488 402 Piranus
495 369 514 402 in
523 374 576 403 nocte
584 367 650 402 natalis
658 366 733 407 domini,
741 373 791 412 post-

88 431 144 463 quam
152 421 231 465 populus
240 420 279 454 eius
287 421 397 455 sacrificium
404 421 510 465 accepisset,
519 423 542 456 de
550 422 635 455 manibus
643 421 691 454 illius
699 420 760 454 exibat
767 421 790 454 ad
799 426 808 455 5

88 479 159 506 remota
164 473 204 507 loca
208 474 231 506 ad
236 473 302 507 cellam
308 479 371 507 sancte
377 474 430 508 Cote¹
437 474 543 518 virginis,vt
549 474 583 508 sibi
589 474 645 508 etiam
650 483 717 517 corpus
722 472 791 507 Christi

88 525 172 568 afferret3
185 531 203 560 et
211 531 253 559 ante
261 526 360 560 matutinas
370 526 437 561 iterum
445 527 530 561 veniebat
541 538 552 561 a
562 527 608 561 mari
616 525 724 561 occidentali
731 536 791 570 vsque

87 578 111 612 ad
117 578 321 613 Cluanam²ciuitatem
337 579 392 614 Petra
398 585 459 614 autem
465 585 529 615 sancte
536 580 580 615 Cote
586 579 667 625 virginis,
672 589 729 623 super
735 590 791 623 quam

88 631 129 676 ipsa
136 632 175 666 sola
184 642 236 666 orare
244 632 320 674 solebat,
328 633 347 666 in
358 633 404 666 mari
415 639 459 676 erat,
468 644 505 667 non
514 634 577 677 procul
588 644 599 667 a
608 634 649 667 loco
659 643 693 667 suo
704 637 791 666 constans

88 684 137 719 inter
144 686 213 727 vndas;
225 686 248 719 ad
256 685 305 719 illam
318 692 379 720 autem
390 692 461 731 petram
473 692 547 721 sanctus
555 687 633 721 Piranus
644 696 689 731 sepe
697 686 737 720 sine
748 685 790 719 naui
800 698 819 719 ro

87 737 141 772 siccis
149 739 227 780 pedibus
235 749 292 781 super
299 749 350 772 mare
357 740 468 773 ambulabat.
497 733 598 784 ³Quadam
606 745 667 774 autem
674 739 703 772 die
711 749 753 772 cum
759 750 791 772 ve-

88 788 146 824 nisset
153 790 231 824 Piranus
238 790 261 823 ad
267 790 333 824 cellam
341 797 403 825 sancte
410 791 461 833 Cote,
467 797 485 825 et
493 792 550 825 multa
558 792 612 825 turba
619 802 660 826 cum
667 801 694 831 eo,
699 790 791 824 dederunt

87 842 105 876 ei
116 842 141 876 ibi
152 843 171 877 in
183 843 243 877 cibum
255 844 353 878 humerum
365 845 414 879 suis:
427 851 446 879 et
457 856 481 879 ex
492 846 523 879 illo
531 846 609 879 humero
617 845 660 880 fecit
668 844 746 878 Pisanus
754 844 791 877 snr-

88 902 176 939 mentum,
190 897 232 938 mel,
246 897 317 940 piscem
331 903 349 931 et
361 899 481 941 cereuisiam;
493 904 511 933 et
523 909 564 932 cum
576 898 655 943 aquam*
668 897 723 932 sontis
734 898 790 932 bene-

88 948 170 992 dixisset,
177 949 196 983 in
203 949 267 983 vinum
275 949 365 993 optimum
372 961 426 985 versa
436 956 470 986 est.
493 951 537 986 Erat
548 957 610 986 autem
619 960 708 986 numerus
718 949 790 984 illorum
801 962 818 993 ¹5

88 1001 119 1044 qui
126 1002 149 1035 de
156 1012 201 1035 cena
209 1002 240 1034 illa
247 1003 322 1035 saturati
331 1008 378 1041 sunt,
384 1004 472 1047 nongenti
479 1010 497 1037 et
503 1004 622 1048 quadraginta
626 1003 667 1037 viri.
702 995 790 1047 Quodam

88 1059 171 1098 tempore
176 1064 218 1087 cum
223 1060 297 1088 sanctus
303 1055 380 1089 Piranus
387 1057 460 1091 sederet
465 1056 484 1089 in
490 1067 557 1100 magno
563 1056 639 1090 consilio
645 1056 745 1096 hominurn,
751 1062 790 1089 erat

88 1107 113 1140 ibi
122 1117 156 1141 rex
161 1107 262 1150 Corbanus,
268 1108 366 1152 quioculos
372 1119 451 1154 nequam
458 1115 476 1144 et
482 1110 591 1153 nephandos
597 1110 686 1144 habebat:
695 1108 789 1143 eratenim

88 1160 129 1195 talis
137 1166 203 1195 natura
211 1160 279 1195 malitie
290 1172 323 1196 sue
330 1167 350 1196 vt
357 1173 412 1206 quem
421 1162 513 1198 maliciose
524 1170 542 1198 et
553 1162 684 1209 perspicaciter
694 1162 790 1206 aspiceret,

88 1214 149 1248 statim
158 1214 198 1248 solo
205 1213 245 1248 visu
254 1214 370 1249 interficeret
393 1215 438 1250 Cum
450 1228 494 1261 ergo
505 1216 577 1251 iuuenis
588 1217 662 1261 quidam
673 1226 715 1249 cum
724 1215 790 1250 Pirano
798 1228 819 1250 ιο

88 1267 111 1301 ad
123 1267 220 1301 consilium
228 1266 315 1308 venisset,
324 1267 420 1303 Corbanus
431 1280 515 1303 terreum
526 1270 619 1304 maliciose
631 1269 662 1303 diu
676 1268 752 1302 intuitus
762 1274 790 1302 est

88 1324 106 1353 et
113 1319 186 1352 iuuenis
194 1318 213 1352 in
220 1324 289 1353 terram
297 1320 366 1354 cadens
374 1326 457 1355 mortuus
464 1327 498 1356 est.
521 1321 562 1356 Hoc
570 1322 636 1356 videns
645 1321 722 1355 Piranus
732 1319 791 1354 iratus

88 1378 116 1406 est
124 1378 188 1406 contra
199 1382 274 1416 regem:
287 1378 305 1406 et
315 1372 376 1407 statim
388 1384 422 1408 rex
433 1384 488 1408 cecus
498 1375 574 1408 effectus
585 1379 618 1409 est.
641 1374 693 1407 Tunc
704 1383 737 1407 rex
748 1383 791 1417 pro·

88 1425 152 1459 strauit
159 1436 180 1459 se
185 1425 208 1459 ad
214 1425 273 1469 pedes
281 1425 338 1460 sancti
344 1426 411 1468 Pirani,
416 1438 458 1462 eum
464 1437 532 1472 magna
539 1427 640 1462 humilitate
646 1425 719 1462 veniam
726 1437 791 1471 preca-

87 1479 145 1512 batur.
168 1479 238 1513 Orante
248 1484 309 1513 autem
318 1489 382 1523 proco
392 1485 455 1514 sancto
464 1480 536 1522 Pirano,
544 1480 604 1525 aperti
616 1487 659 1515 sunt
670 1479 718 1513 oculi
729 1479 790 1524 regis;
800 1496 818 1525 ³5

87 1530 160 1566 iuuenis
171 1532 226 1566 etiam
236 1537 320 1566 mortuus
331 1532 362 1566 illo
374 1538 437 1568 orante
449 1533 569 1568 resuscitatus
580 1539 609 1568 est
614 1533 625 1567 ³.
670 1525 721 1568 Cum
729 1538 790 1566 autem

87 1585 174 1628 alumpna
182 1589 245 1618 sancte
250 1584 295 1618 Cote
303 1595 345 1618 cum
351 1585 439 1630 alumpno
445 1585 452 1604 ³
458 1586 515 1620 sancti
523 1586 584 1620 Pirani
592 1586 683 1620 carnalem
692 1584 790 1619 amicitiam

87 1637 142 1671 vellet
154 1637 271 1680 coniungere,
283 1642 301 1670 et
313 1636 332 1671 in
344 1637 390 1671 silua
401 1638 480 1683 quadam
492 1638 625 1673 conuenientes
636 1644 713 1683 vterque
725 1637 790 1672 laciem

87 1690 161 1725 alterius
173 1689 305 1735 prospexisset,
313 1691 373 1725 subito
385 1692 481 1727 columbal
491 1693 515 1727 de
528 1692 568 1727 celo
580 1691 644 1727 cecidit
657 1692 706 1726 inter
719 1701 758 1734 eos,
772 1697 790 1727 et

88 1743 144 1777 nimio
155 1743 221 1777 timore
232 1743 332 1786 perterriti,
344 1744 389 1778 nihil
401 1745 435 1779 sibi
446 1745 529 1779 dicentes
542 1746 566 1779 ad
579 1745 660 1779 inuicem
672 1744 734 1788 sugam
746 1745 790 1778 arri·
799 1754 818 1782 30

87 1796 159 1839 pientes
167 1797 190 1829 ad
198 1796 264 1828 domos
272 1806 315 1829 suas
323 1796 412 1830 abierunt.
431 1797 462 1830 Ab
469 1797 500 1830 illa
507 1803 568 1831 autem
576 1798 606 1831 die
613 1808 672 1840 vsque
680 1797 703 1829 ad
711 1801 790 1829 mortem

88 1859 140 1882 suam
152 1848 204 1891 virgo
216 1846 247 1880 illa
261 1858 304 1881 ceca
317 1848 430 1892 permansit;
447 1855 465 1883 et
480 1848 558 1892 iuuenis,
570 1860 582 1883 a
595 1849 662 1883 Pirano
675 1854 790 1883 transmare

88 1902 172 1946 gallicum
180 1902 199 1935 in
207 1901 283 1935 exilium
291 1901 366 1943 missus,
374 1908 446 1946 septem
457 1903 511 1937 annis
520 1902 640 1947 penitentiam
651 1902 694 1947 egit,
702 1908 720 1936 et
732 1902 790 1946 scrip-

87 1960 138 1988 turas
153 1959 226 1988 sanctas
236 1952 305 1987 didicit.
349 1947 387 1988 ³In
402 1956 457 1989 domo
468 1960 531 1990 sancte
543 1955 588 1990 Cote
600 1956 670 2000 lignum
685 1955 704 1989 in
720 1956 790 1999 pariete

87 2008 168 2052 positum
175 2006 224 2052 ignis
230 2006 302 2041 incaute
308 2008 457 2051 apprehendens,
464 2009 540 2042 domum
546 2008 633 2043 incendit.
651 2008 723 2042 Videns
728 2014 790 2042 autem
799 2016 817 2046 35

89 2061 167 2095 Piranus
174 2060 248 2106 globum
253 2059 302 2104 ignis
310 2060 333 2094 de
341 2060 396 2094 domo
402 2060 421 2095 in
429 2061 486 2095 altum
496 2061 644 2105 con[s]cendere,
652 2062 724 2096 eleuata
734 2072 790 2095 manu

88 2114 161 2157 signum
170 2113 229 2146 crucis
239 2113 277 2155 igni
286 2114 382 2156 opposuit:
394 2119 412 2147 et
424 2114 485 2148 statim
496 2114 544 2157 ignis
551 2115 669 2149 vehementia
680 2114 765 2155 cessauit,
773 2122 791 2149 et

88 2167 154 2201 domus
167 2166 238 2210 integra
249 2171 267 2199 et
278 2165 330 2200 illesa
341 2166 448 2210 permansit.
497 2160 586 2212 Quedam
598 2168 659 2212 puella
672 2167 695 2201 ab
707 2167 791 2202 hostibus

87 2218 168 2263 iugulata
182 2223 201 2254 et
214 2218 307 2260 decollata,
319 2224 383 2254 orante
398 2225 462 2254 sancto
477 2219 543 2254 Pirano
556 2219 599 2255 vina
611 2225 630 2255 et
645 2230 690 2255 sana
705 2220 791 2255 surrexit.

89 2264 184 2315 Geranus,
195 2271 287 2316 presbiter
299 2277 362 2307 sancte
374 2272 425 2316 Cote,
436 2284 478 2307 cum
491 2284 526 2318 per
535 2273 585 2308 viam
598 2273 695 2309 ambulans
707 2279 791 2309 mortuus
798 2286 819 2314 ⁴⁰

88 2325 158 2368 suisset,
166 2324 253 2370 precibus
266 2325 324 2360 sancti
336 2325 398 2361 Pirani
404 2326 528 2367 resuscitatus,
537 2326 600 2362 multis
609 2326 663 2362 annis
674 2331 736 2361 sancte
745 2326 790 2363 Cote

88 2379 198 2413 ministrauit
203 2378 215 2412 ³.
238 2370 329 2412 Odranus
336 2384 354 2413 et
363 2379 462 2414 Medardus
469 2379 475 2397 ³
483 2380 550 2414 iratres
557 2380 649 2424 proficisci
655 2380 743 2420 volentes,
748 2390 790 2413 cum

88 2431 111 2466 ad
119 2436 202 2466 sanctum
211 2429 297 2466 Piranum
305 2430 406 2475 venissent,
415 2431 515 2467 Medardus
526 2442 567 2468 cum
578 2431 619 2478 ipso
627 2441 703 2467 manere
710 2431 789 2468 volebat.

108 2504 113 2521 ¹
124 2504 168 2542 Colg.
176 2504 253 2536 Coechee.
294 2504 300 2522 ²
310 2505 319 2536 i.
326 2514 340 2535 e.
346 2505 442 2542 Cluainsert;
452 2515 471 2537 or
477 2515 489 2537 r.
498 2506 586 2545 Sagiriaml
625 2505 651 2524 Μ
662 2514 692 2537 om.
700 2505 717 2536 in
724 2505 790 2544 Colgan.

88 2543 123 2576 ⁴E.
131 2545 180 2584 aquis
220 2544 356 2578 ’sceartuacua
396 2546 458 2586 ⁸C01g.
467 2547 514 2586 ignis.
556 2546 715 2586 ·c0lg.t1edranus.
