1762 2803
246 105 292 160 Do
307 103 406 156 &aucto
424 103 543 156 otthttto.
699 116 744 161 473

64 255 111 300 [MS.
119 256 140 291 T.
149 257 205 292 adds:
340 257 425 292 Narratio
431 258 442 292 ¹.

66 336 107 377 Illis
118 343 184 377 diebus
195 344 228 378 suit
239 344 257 378 in
266 343 334 388 Anglia
345 344 374 378 uir
381 345 455 389 quidam
466 356 574 390 magnarum
582 340 648 378 uirium
657 342 745 387 corporis,

44 397 68 438 (et
80 398 164 440 proplter
174 397 215 431 illas
226 397 276 431 uires
287 397 349 440 magni
361 397 446 432 nominis.
469 398 504 440 Qui
516 404 558 442 post
570 397 634 441 (multa
644 397 745 440 peceataln

44 448 159 483 consciencia
170 460 203 483 sua
215 449 345 493 reprehensus,
357 449 440 483 ordinem
454 450 590 485 cisterciensem
603 449 679 489 intrans,
691 448 745 482 ualde

44 501 146 538 seruensin
152 502 247 546 relligione
253 513 295 536 esse
301 501 355 546 cepit,
363 508 427 546 postea
434 504 485 545 uero)
490 509 589 547 temptatus
597 503 696 546 asatha(na
706 513 746 535 mu-

44 555 88 589 tauit
102 555 216 599 propositum
229 560 247 590 et
259 555 355 601 proposuit
366 556 395 598 se)
407 555 525 600 corporaliter
535 556 602 591 iturum
614 555 763 600 (Hierusalem5

44 608 77 641 Set
92 608 141 652 quia)
155 614 198 643 tunc
210 610 267 643 abbas
280 619 359 652 presens
372 619 408 642 uon
422 609 472 652 (erat,
485 609 553 643 distulit
567 610 669 651 relcessum
682 615 746 643 eontra

46 671 98 694 suam
107 662 227 704 uolunta(tem
235 662 254 695 in
262 661 311 694 diem
320 662 432 703 crastinum).
455 663 525 696 Eadem
533 668 586 696 nocte
594 672 635 695 cum
647 663 671 695 de
681 672 746 695 neces-

46 713 106 755 (sariis
119 715 142 747 ad
154 714 221 748 lectum
233 714 314 755 rediret),
326 714 371 747 uidit
383 725 439 757 supra
450 716 541 757 quandam
556 715 633 757 (trabem
646 714 746 748 dormitorii

44 766 152 810 demonem)
157 767 254 801 sedentem
262 765 281 801 iu
289 765 351 811 specie
359 766 417 801 simie.
434 766 457 800 Et
464 766 512 812 cepit
520 767 599 812 cogitare
608 767 656 811 quod
663 767 746 801 diabolus

45 825 100 853 esset.
124 820 147 853 Et
154 820 247 862 (senciens
254 830 274 854 se
282 820 374 863 cognitum
383 821 464 862 delmou
470 822 493 854 de
501 822 552 854 trabe
560 830 616 863 super
621 820 672 854 111111
680 820 746 854 desiliit
756 831 775 854 10

45 876 63 906 et
70 872 113 915 (tam
122 872 198 915 sortiter)
203 872 307 907 uerberauit
313 873 362 917 quod
370 872 445 917 sanguis
453 873 476 907 de
485 872 559 907 naribus
565 873 604 907 eius
611 872 675 907 exiret.
694 872 746 906 Tunc

45 926 128 960 nouicius
138 927 196 961 tribus
207 927 271 961 diebus
284 926 309 969 tin
320 927 374 969 lecto)
386 927 445 970 magis
456 932 539 961 mortuus
550 937 604 971 quam
615 926 668 960 uiuus
680 926 747 967 iacens,

45 979 113 1023 apertis
121 979 177 1014 oculis
186 979 240 1014 nichil
248 979 326 1014 uidebat.
349 979 440 1024 Apparuit
451 987 512 1015 autem
524 979 540 1014 ei
549 985 623 1014 sanctus
631 979 747 1021 Benedictus,

45 1033 118 1068 dicens:
131 1033 224 1078 ‘Sequere
236 1034 277 1069 me.r
301 1033 324 1067 Et
335 1039 424 1078 ceperunt
435 1034 535 1069 ascendere
547 1032 635 1069 sublimes
647 1033 719 1077 gradus,
729 1038 747 1068 et

45 1092 97 1119 erant
107 1087 126 1120 in
137 1087 213 1130 singulis
223 1087 310 1131 gradibus
321 1088 410 1121 demones
418 1088 458 1128 duo,
467 1087 497 1131 qui
508 1088 599 1121 nouicium
607 1086 747 1130 percuciebant:
757 1097 775 1128 ¹5

46 1138 179 1184 qui²fatigatus
187 1150 241 1175 suum
249 1140 343 1175 ductorem
351 1139 387 1174 iam
395 1139 447 1184 sequi
456 1150 492 1175 non
501 1145 576 1184 poterat.
599 1138 679 1174 Sanctus
687 1138 749 1174 euim³

47 1198 89 1236 post
100 1204 121 1226 se
133 1193 240 1237 respiciens,
248 1193 309 1237 posuit
321 1204 396 1226 manum
408 1204 464 1237 super
475 1199 529 1238 caput
539 1193 604 1227 nouicii
615 1199 633 1226 et
641 1193 748 1226 consortauit

48 1256 96 1279 eum.
120 1245 164 1280 Post
171 1246 239 1290 gradus
247 1246 287 1280 illos
299 1245 344 1280 uidit
355 1245 415 1280 locum
425 1257 491 1291 magne
502 1246 587 1281 claritatis
597 1251 615 1280 et
625 1245 721 1280 uiriditatis
729 1245 747 1279 iu

47 1299 122 1343 regione
137 1300 179 1343 puri
194 1299 248 1341 aeris,
261 1305 279 1334 et
293 1299 338 1334 uidit
352 1299 377 1334 ibi
392 1300 481 1344 capellam
496 1300 515 1335 in
531 1311 574 1335 aere
587 1300 698 1344 pendentem
711 1305 747 1333 1111

47 1363 129 1395 paruam,
137 1358 156 1387 vt
166 1353 263 1387 miraretur
271 1353 294 1386 ad
304 1353 347 1396 quid
358 1353 404 1387 sacta
413 1359 457 1387 erat.
480 1353 513 1387 Cui
523 1359 609 1387 sanctus:
622 1352 674 1386 *Noli
686 1352 777 1386 1111111111

47 1416 104 1447 opera
116 1405 150 1447 dei,
162 1406 193 1448 qui
207 1407 258 1440 solus
271 1406 305 1439 scit
318 1406 410 1439 racionem
425 1417 502 1449 operum
518 1407 602 1439 suorum.¹
626 1405 672 1438 Cum
688 1411 748 1438 autem

48 1456 147 1491 intrassent
159 1458 253 1502 capellam,
263 1462 281 1491 et
292 1458 357 1491 ductus
367 1457 432 1492 luisset
443 1457 527 1492 nouicius
536 1468 597 1492 coram
608 1456 679 1500 uirgine
691 1456 749 1490 Maria

48 1510 95 1543 inter
110 1511 200 1543 infinitam
216 1510 353 1544 candidatorum
369 1510 503 1544 multitudinem
518 1511 564 1544 sicut
580 1510 608 1543 sol
624 1509 672 1542 inter
686 1510 749 1543 stellas

47 1564 163 1605 consedente,
172 1563 255 1608 promisit
267 1563 344 1607 (seruire
353 1563 376 1606 ei)
385 1568 403 1597 et
411 1563 430 1597 11
439 1563 518 1598 seruicio
526 1563 566 1598 eius
574 1572 632 1607 usque
640 1562 663 1597 ad
671 1568 749 1597 mortem

47 1628 161 1660 permanere.
185 1618 208 1651 Et
215 1618 240 1652 ait
247 1617 321 1651 domina
329 1630 333 1652 :
346 1618 447 1652 ‘Reducite
455 1629 498 1652 euru
506 1618 555 1651 unde
562 1616 674 1651 adduxistis!
697 1617 749 1650 Tunc
760 1630 766 1649 2
769 1630 777 1659 5

47 1676 121 1704 sanctus
133 1670 243 1705 Benedictus
255 1670 315 1715 posuit
327 1681 369 1705 eum
381 1675 423 1715 post
435 1670 520 1713 hostium,
532 1670 606 1705 dicens:
619 1670 699 1714 ‘Aspice
710 1669 750 1703 dili-

48 1730 118 1767 genter,
127 1730 145 1757 et
152 1724 210 1757 retine
219 1736 255 1767 que
263 1723 336 1757 uisurus
344 1726 375 1757 es!
395 1724 418 1757 Et
426 1735 468 1757 ecce
476 1725 529 1757 beata
539 1724 591 1767 uirgo
602 1724 660 1767 pedes
668 1723 749 1757 omnium

48 1775 73 1808 ibi
85 1776 190 1808 sedencium
202 1787 236 1818 per
247 1776 331 1809 ordinem
342 1776 404 1809 lauare
416 1776 468 1819 cepit,
477 1782 495 1809 et
505 1782 579 1809 sanctus
591 1775 701 1808 Benedictus
709 1782 751 1818 post

48 1838 89 1861 eam
104 1827 158 1861 ssexis
173 1827 251 1871 genibus
266 1827 347 1861 extersit.
375 1828 418 1861 Post
434 1827 468 1861 hec
483 1833 557 1861 sanctus
573 1826 684 1861 Benedictus
698 1826 751 1861 iussit

49 1881 139 1925 Raphaeli
154 1881 262 1925 archangelo
278 1886 297 1914 ut
310 1881 385 1915 duceret
398 1880 490 1915 nouiciuni
504 1891 540 1924 quo
553 1881 648 1915 ducendus
661 1886 704 1915 erat.
727 1881 750 1915 Et
759 1891 779 1920 30

49 1945 90 1968 cum
104 1934 200 1968 duceretur
213 1934 235 1968 ad
247 1932 359 1979 paradisum,
373 1933 417 1968 uidit
431 1933 521 1968 ciuitatem
535 1944 559 1968 ex
572 1943 621 1975 auro,
635 1932 686 1967 cuius
698 1940 750 1978 porta

49 1987 138 2022 immense
147 1987 272 2032 pulcritudinis
280 1993 330 2030 erat,
343 1987 409 2022 herbas
421 1992 439 2021 et
450 1987 525 2021 arbores
534 1985 672 2031 pulcherrimas,
680 1992 698 2021 et
706 1998 751 2022 aucs

49 2047 144 2075 cantantes
154 2041 204 2075 uidit.
227 2042 266 2076 Sub
276 2052 313 2074 una
323 2042 388 2074 arbore
400 2046 438 2074 erat
449 2041 490 2074 sons
500 2040 645 2084 limpidissimus
656 2040 707 2074 cuius
717 2041 750 2074 riui

49 2106 83 2138 per
94 2095 174 2128 mediam
184 2095 276 2129 ciuitatem
286 2094 372 2128 ssuebant.
395 2094 434 2128 Sub
444 2094 479 2128 alia
490 2095 556 2128 arbore
566 2093 612 2128 mire
624 2093 724 2128 altitudinis
733 2100 751 2128 et

49 2148 121 2181 decoris
129 2153 168 2181 erat
178 2149 233 2181 homo
244 2147 379 2193 pulcherrimus
389 2153 407 2181 et
417 2153 485 2181 stature
494 2146 603 2192 pregrandis
612 2146 665 2190 quasi
675 2146 732 2191 gigas,
741 2158 751 2181 a
760 2157 779 2188 35

50 2201 128 2244 pedibus
139 2211 198 2243 usque
209 2202 232 2234 ad
244 2205 308 2244 pectus
320 2207 372 2234 ueste
384 2201 498 2235 diuersorum
509 2200 590 2233 colorum
598 2199 681 2233 uestitus.
704 2200 751 2234 ‘Hic

50 2258 82 2295 est,
93 2252 151 2297 inquit
163 2253 244 2296 angelus,
256 2258 308 2296 pater
319 2252 394 2287 humani
405 2252 479 2296 generis
491 2251 627 2296 prothoplastus
639 2251 706 2291 Adam,
717 2263 752 2296 per

50 2307 159 2351 sanguinem
171 2307 226 2341 lhesu
239 2306 306 2341 Christi
319 2308 431 2351 redemptus.
453 2306 588 2340 Vestimentum
600 2304 639 2338 eius
653 2310 682 2339 est
694 2306 752 2341 uestis

50 2360 80 2394 illa
91 2360 148 2404 glorie
158 2371 194 2403 qua
205 2361 314 2404 spoliauerat
325 2371 368 2394 eum
379 2360 453 2394 humani
465 2359 538 2403 generis
548 2358 639 2400 inimicus,
647 2369 682 2401 per
691 2364 752 2394 traus-

50 2414 165 2457 gressionem
174 2414 230 2448 diuini
238 2414 324 2448 mandati.
346 2414 377 2447 Ab
385 2414 438 2455 Abel,
447 2413 484 2447 filio
492 2424 526 2447 suo
533 2413 593 2456 primo
600 2411 647 2446 iusto
656 2412 704 2456 cepit
712 2413 752 2458 ipse
761 2423 781 2453 40

52 2479 161 2512 recuperare
169 2473 239 2501 uestem
248 2479 300 2502 suam
308 2479 343 2511 per
351 2468 399 2500 bona
406 2478 463 2511 opera
471 2467 550 2500 filiorum
561 2477 636 2500 suorum
646 2471 664 2500 et
672 2466 752 2500 filiarum

110 2556 115 2573 ¹
127 2557 152 2587 Ex
158 2557 202 2588 Viuc.
211 2557 250 2588 Bell.
258 2555 320 2586 xxix,
327 2557 341 2587 6,
422 2555 428 2572 ²
438 2556 456 2587 T.
463 2565 514 2593 quoni.
598 2555 604 2572 ³
615 2565 626 2586 r.
634 2560 691 2587 autem.
