1762 2803
220 73 283 135 'br
298 76 398 132 storto
414 78 535 132 autumo.
705 84 735 136 69

33 200 129 244 epistolam
143 201 167 235 de
179 211 223 235 uera
239 200 276 234 fide
291 205 341 234 esset
356 199 452 243 missurus,
466 200 562 245 epistolam
577 199 664 244 scriptam
679 209 736 244 super

32 254 88 287 altare
100 253 148 287 beati
159 253 208 288 Petri
219 253 285 299 posuit,
296 252 328 297 [et]
338 263 373 297 per
382 253 502 298 quadraginta
511 253 551 288 dies
560 252 650 295 ieiunans,
661 253 735 287 beatum

32 306 107 340 Petrum
118 307 192 341 assidue
203 307 285 341 exorauit
293 311 313 340 ut
324 306 410 350 quicquid
418 307 437 340 in
445 306 476 341 illa
486 307 532 341 soret
545 306 686 345 emendandum,
694 305 735 349 ipse

33 358 98 394 Petrus
111 359 214 403 corrigeret.
237 359 292 394 Vnde
305 360 384 402 (beatus)
396 359 462 394 Petrus
473 359 490 394 ei
502 369 595 404 apparens
608 358 665 393 dixit:
679 357 735 403 ‘Legi

32 418 50 447 et
61 413 168 447 emendaui.'
194 413 237 447 Alia
244 413 285 447 uice
292 424 327 457 per
334 412 468 457 quad(raginta)
476 413 516 447 dies
523 413 613 453 ieiunans,
621 412 684 445 orabat
691 411 734 446 bea·
743 423 752 454 5

32 471 70 499 tum
76 466 150 499 Petrum
156 471 176 500 ut
182 467 255 500 ueniam
261 467 284 500 de
290 465 371 509 peccatis
378 465 417 500 suis
425 466 536 509 impetraret.
559 465 593 499 Cui
599 466 664 499 beatus
670 464 735 498 Petrus

32 517 67 552 ait:
80 517 106 551 ‘O
117 528 170 562 papa,
181 522 255 562 peccata
266 523 297 552 tua
308 517 340 552 tibi
352 524 395 552 sunt
407 518 487 562 dimissa,
497 523 525 553 set
536 518 634 552 indiscreta
646 527 733 551 manuum

31 571 278 616 imposicioateexigetur!
301 572 468 607 HecVincencius.
511 565 621 607 Athilarex
630 571 734 612 Hunorum,

32 625 55 659 de
64 624 121 658 Gallia
130 624 208 669 fugatus,
216 625 235 659 in
245 626 339 661 redeundo
348 625 461 660 Pannoniam
472 625 574 661 deuastauit
583 624 659 659 ltaliam.
680 624 733 659 Tunc

32 677 71 712 Leo
79 688 133 722 papa,
141 683 238 722 postquam
248 677 308 712 tribus
317 678 383 713 diebus
391 683 408 712 et
416 678 500 713 noctibus
510 678 529 712 in
539 677 616 714 ecclesia
626 677 674 712 beati
684 676 733 712 Petri
743 690 762 712 ro

31 730 104 765 ieiuniis
113 736 131 765 et
140 731 255 765 oracionibus
264 736 353 773 uacasset,
361 731 386 765 ait
396 732 419 764 ad
428 742 483 765 suos:
496 731 541 772 ‘Qui
549 741 579 765 me
590 730 668 765 uoluerit
675 730 733 775 sequi,

32 782 68 817 iam
78 786 175 827 sequatur!
197 784 365 828 Appropinquante
375 783 430 827 igitur
439 783 503 818 Leone
513 794 561 827 papa
572 783 595 817 ad
605 783 692 824 Athilam,
702 784 734 818 de·

32 836 103 870 scendit
113 846 146 869 rex
155 838 179 869 de
187 846 239 879 equo,
248 841 266 869 et
276 836 354 880 pedibus
366 845 415 879 pape
426 846 447 869 se
457 835 575 879 prouoluens,
583 835 653 879 rogauit
662 845 705 869 eum
714 840 734 869 ut

30 893 102 932 peteret
110 889 132 922 ab
141 900 163 922 eo
171 888 257 932 quicquid
265 888 326 923 uellet.
349 888 385 930 Qui
394 888 461 929 statim,
469 888 516 923 sicut
524 887 585 931 peciit,
592 888 618 922 ita
625 893 644 922 et
651 887 734 932 optinuit,

31 946 51 974 ut
63 950 96 974 rex
107 941 176 975 scilicet
189 941 260 975 Italiam
272 942 371 975 desereret.
391 940 434 975 Rex
442 944 504 974 autem
515 940 559 974 dum
569 950 580 974 a
590 938 629 974 suis
639 946 735 984 rogaretur
743 952 761 982 ¹5

31 1004 64 1027 cur
76 993 126 1028 orbis
138 993 242 1028 dominator
254 1004 265 1027 a
278 993 374 1028 sacerdote
387 993 447 1028 uictus
461 997 515 1034 esset,
528 993 634 1037 respondit:
652 993 684 1027 ‘ln
699 993 734 1028 hoc

31 1046 77 1081 sacto
88 1047 175 1090 prospexi
186 1046 241 1080 michi
252 1051 270 1080 et
279 1046 337 1082 uobis.
359 1045 402 1080 Vidi
412 1046 462 1081 enim
470 1056 480 1080 a
488 1046 558 1080 dextris
566 1045 649 1091 episcopi
657 1045 734 1081 militem

31 1100 150 1135 fortissimum
161 1105 179 1135 et
189 1099 289 1134 terribilem
300 1110 342 1134 cum
351 1099 411 1144 gladio
422 1105 503 1134 extracto
514 1105 580 1141 astare,
591 1099 622 1144 qui
632 1099 689 1135 michi
699 1100 734 1135 ista

31 1153 76 1187 dixit
90 1154 138 1196 quod
154 1153 189 1187 nisi
204 1153 292 1196 episcopo
307 1153 326 1186 in
341 1152 377 1186 hiis
392 1163 428 1195 que
441 1152 509 1186 diceret
525 1153 677 1195 obtemperarem,
690 1163 733 1187 curn

31 1204 117 1239 omnibus
127 1205 174 1239 meis
184 1203 220 1238 cito
228 1204 332 1238 interirem?
355 1204 450 1238 Deserens
461 1204 516 1248 igitur
524 1204 595 1239 ltaliam
603 1205 677 1239 deuenit
685 1204 733 1239 Pan·
742 1214 761 1236 20

32 1257 111 1301 nonium,
119 1257 150 1291 ubi
158 1257 193 1292 cito
201 1262 243 1301 post
251 1257 285 1292 hec
293 1256 342 1292 obiit.
365 1256 406 1292 Hec
415 1257 518 1301 Martinus]

117 1400 132 1436 ii
145 1392 178 1434 DE
190 1410 260 1434 SANCTO
271 1393 368 1435 AUDOENO
380 1410 467 1435 Erlscoro
479 1411 501 1435 ET
513 1401 646 1437 CONFESSORE¹1

32 1472 119 1550 Vitam
139 1472 197 1507 sancti
212 1471 298 1507 Audoeni
313 1471 401 1517 episcopi,
418 1472 469 1506 cuius
484 1482 527 1508 ossa
543 1474 592 1519 apud
611 1473 733 1515 Cantuariam,

93 1526 140 1561 sicut
148 1526 224 1560 inferius
234 1525 316 1567 habetur,
324 1525 384 1559 delata
391 1531 439 1568 sunt,
448 1525 466 1560 in
476 1526 510 1561 hoc
521 1531 584 1561 nostro
595 1527 641 1561 libro
651 1528 733 1562 inserere

31 1578 103 1621 placuit.
125 1578 248 1621 Temporibus
257 1578 339 1612 Lotharii
348 1578 423 1623 gloriosi
432 1578 528 1623 principis,
535 1578 567 1613 filii
576 1579 676 1614 Hilderici²
684 1581 734 1624 regis

31 1631 147 1672 Francorum,
151 1631 346 1674 annovicesimo,iuxta
351 1632 415 1666 vrbem
420 1632 569 1676 suesslilonicam
573 1632 592 1666 in
597 1633 734 1668 locoSanctiato
742 1647 761 1677 25

31 1685 65 1718 orti
73 1690 116 1718 sunt
123 1689 162 1718 tres
169 1683 236 1718 fratres
245 1683 302 1727 gratia
310 1684 340 1718 dei
351 1684 416 1719 celitus
426 1684 532 1719 illuminati:
543 1686 592 1727 Ado,
600 1686 667 1728 Badot,
675 1687 734 1720 Dado.

31 1736 73 1771 Nati
87 1741 130 1771 sunt
144 1742 205 1770 autern
219 1741 271 1781 patre
283 1736 392 1779 Anchario⁴,
405 1742 464 1772 matre
478 1748 523 1772 vero
534 1738 587 1781 Aiga.
610 1738 657 1774 Cum
670 1746 734 1775 essent

31 1788 139 1824 nobilissimi
147 1788 208 1823 carnis
218 1788 293 1832 origine,
301 1789 374 1823 suerunt
384 1796 446 1824 tamen
457 1789 587 1824 studiosissimi
597 1790 627 1825 et⁵
634 1790 733 1827 christiane

31 1842 124 1887 religionis
132 1841 229 1877 deuotione
238 1842 384 1878 feruentissimi⁰.
407 1843 477 1878 Cuncta
487 1853 523 1888 que
533 1843 653 1889 possidebant
663 1844 703 1880 siue
712 1846 732 1880 in

30 1896 91 1930 fundis
103 1896 144 1930 siue
155 1896 174 1929 in
187 1895 259 1937 diuitiis,
271 1896 410 1930 necessitatibus
422 1897 520 1940 hospitum,
532 1908 639 1942 pauperum,
651 1899 732 1943 peregri-
740 1912 760 1942 50

30 1961 102 1992 norum,
110 1949 241 1985 monachorum
250 1959 322 1984 summo
330 1950 390 1984 studio
398 1950 534 1995 impendebant.
579 1944 663 1996 Contigit
670 1957 731 1987 autem

31 2015 53 2038 eo
61 2009 149 2048 tempore,
158 2009 241 2037 sanctum
249 2003 388 2045 Columbanum,
396 2014 464 2046 genere
470 2004 551 2046 Scotum,
556 2003 671 2039 fundatorem
677 2016 732 2040 ceno-

30 2056 101 2090 biorum
109 2055 223 2089 luxouiensis
231 2054 249 2088 in
257 2054 319 2096 Gallia,
326 2055 419 2089 bobiensis
426 2056 445 2089 in
454 2056 511 2096 Italia,
516 2067 540 2090 ex
548 2056 638 2091 Hibernia
645 2057 705 2092 insula
712 2060 731 2092 in

31 2108 99 2142 Gallias
107 2108 210 2142 aduenisse.
233 2107 317 2148 Quicum
325 2107 365 2140 viee
375 2109 454 2151 quadam
462 2109 485 2141 ab
495 2108 589 2143 Anchario
600 2109 682 2152 predicto
690 2120 731 2144 cum

30 2170 97 2203 magno
105 2160 171 2204 gaudio
182 2164 280 2202 susceptus
290 2158 361 2199 suisset,
368 2159 438 2193 oblatos
450 2160 486 2193 sibi
496 2166 534 2193 tres
545 2171 612 2204 pueros
620 2168 732 2197 memoratos
740 2174 760 2205 35

30 2212 130 2254 benedixit,
142 2219 161 2246 et
172 2211 237 2256 spiritu
251 2210 364 2256 prophetico,
377 2211 418 2245 illos
429 2212 448 2245 in
460 2212 558 2247 christiane
569 2212 662 2257 religionis
675 2214 732 2250 virtu-

30 2266 79 2300 tibus
87 2266 165 2301 eximios
172 2266 242 2301 tuturos
250 2265 335 2310 predixit,
343 2265 444 2300 honoribus
452 2271 470 2299 et
478 2265 565 2311 dignitate
573 2266 630 2300 seculi
638 2267 703 2310 claros,
712 2268 732 2303 in

30 2320 71 2354 aula
81 2320 136 2354 etiarn
147 2320 196 2364 regis
205 2319 301 2364 gloriosos.
323 2318 368 2353 Mox
378 2318 427 2353 enirn
435 2324 454 2354 vt
464 2320 565 2363 pubescere
575 2319 678 2364 inciperent
683 2320 695 2364 ²,
703 2333 733 2357 re·

29 2372 83 2416 gibus
99 2373 197 2407 Lothario⁸
213 2378 231 2408 et
247 2372 350 2418 Dagoberto
365 2372 384 2406 in
399 2371 470 2407 cunctis
484 2371 584 2417 gratissimi
598 2372 669 2409 inuenti
684 2383 733 2411 sunt.

50 2447 56 2465 ¹
66 2446 149 2485 Compiled
156 2447 196 2476 srorn
205 2448 233 2477 the
239 2447 276 2476 Vita
286 2447 357 2476 ascribed
367 2450 384 2475 to
391 2446 475 2484 Fridegod,
482 2448 498 2476 in
506 2447 560 2478 Sutius
570 2449 602 2479 and
608 2448 644 2480 Aet.
652 2449 681 2481 SS.
690 2451 731 2482 Boii.

29 2486 69 2524 Aug.
79 2487 104 2518 lV.
112 2496 128 2525 p.
136 2487 170 2517 810.
230 2486 367 2524 ²Vit.Hilperici.
427 2486 534 2517 'VitRado
595 2488 732 2521 'VitAuthario

29 2525 104 2557 tvitin.
165 2526 211 2557 uorn.
271 2525 407 2564 ⁷Vit.eeperunt.
466 2525 579 2559 ³E.lathario.
