1762 2803
119 96 174 179 v1³0
218 180 220 185 ,
323 123 402 176 anna
418 121 534 184 nepote
548 120 640 184 angre.

180 285 237 328 ‘lDe
248 302 324 326 snucrrs
337 285 471 326 Kalamon
483 302 553 325 ηοω
564 302 587 325 ar
598 301 706 333 ransmissa,
718 301 741 324 ur
752 301 777 324 m:

290 342 421 385 Kunrswmal
432 359 455 385 er
467 341 532 385 Tisna
544 359 652 384 ulammaus
658 349 668 383 ³.

133 424 202 502 REX
218 425 327 459 Merciorum
342 424 478 469 paganissimus
492 424 566 458 nomine
582 424 645 458 Penda
664 423 732 458 liberos
751 421 831 467 quinque

117 474 119 477 ’
187 477 347 511 christianissimos
354 476 422 520 genuit,
427 487 505 520 quorum
513 481 556 517 tres,
561 477 630 510 scilicet
637 477 702 517 Peada,
707 475 808 518 Wulserus,
814 481 832 509 ct

131 530 246 571 Ethelredus,
265 529 369 563 successiue
387 535 492 571 regnantes,
511 530 569 563 multa
587 535 661 563 strenue
681 534 699 563 et
717 528 832 563 laudabiliter

130 587 211 625 egerunt.
234 581 275 613 Due
287 586 348 623 autem
362 580 425 614 Pende
437 581 487 623 regis
501 581 538 614 filie
551 581 675 624 Kyneburga¹
687 584 705 615 et
719 580 832 624 Kyneswida

113 638 193 674 5vocate
204 638 251 673 sunt,
264 632 377 676 Kyneburga
388 643 432 667 vero
448 633 520 677 regales
536 633 610 677 nuptias
620 632 689 665 viduali
704 631 781 666 celibatu
796 632 831 665 deo

130 685 213 727 sacrauit,
222 685 335 730 Kyneswida
346 684 454 729 virginalem
466 685 580 730 triumphum
592 685 660 729 Christi
671 685 757 718 thalamis
767 684 831 718 intulit.

131 739 192 772 Primo
207 738 255 772 enim
271 739 395 772 memorabilis
410 739 479 782 regina,
492 739 601 772 immortalis
613 738 682 772 domini
697 749 760 772 amore
775 743 832 780 rapta,
872 728 878 742 ³

129 791 226 834 temporali
236 792 275 834 regi
285 802 318 824 suo
328 796 347 825 et
356 802 413 833 regno
423 791 554 825 abrenunciare
565 792 649 825 estuabat
660 802 681 824 ac
692 791 749 824 libera
760 790 831 825 ceruice

129 844 192 887 iugum
208 843 276 878 Christi
291 843 345 885 ferre,
363 844 399 878 iam
415 844 501 878 mortales
520 843 615 888 indignata
634 843 731 888 amplexus
746 853 782 887 que
797 844 832 877 deo

103 909 122 929 ro
130 897 233 937 adherebat,
246 907 281 939 que
292 902 354 930 mente
365 896 384 929 in
396 897 440 930 celis
452 901 545 940 nupserat,
557 897 652 939 eternique
665 896 717 940 regni
728 895 777 929 dotil
789 906 832 930 ane-

130 948 183 982 labat.
206 948 302 992 Acquisito
312 949 387 982 demum
396 949 445 992 regis
455 959 552 990 consensu,
560 949 627 983 melius
638 948 703 992 spiritu
712 959 766 992 quam
778 954 833 981 antea

106 996 110 999 ’
130 1012 185 1034 carne
204 1000 295 1034 coniuncti
310 1006 363 1035 sunt:
383 1011 427 1034 narn
442 1001 489 1034 alter
506 1001 525 1035 in
540 1001 621 1043 fratrem,
637 1001 694 1035 altera
711 1000 730 1035 in
749 1010 832 1035 sororem

130 1052 206 1088 transiit.
229 1053 327 1088 Confluunt
338 1054 361 1087 ad
371 1053 424 1088 eaml
435 1054 502 1087 ducum
513 1058 531 1087 ct
540 1053 644 1098 principum
656 1058 703 1095 nate,
710 1058 730 1088 vt
739 1054 831 1087 dominam

129 1112 252 1148 venerantes;
263 1117 355 1151 pauperes
363 1112 383 1141 vt
394 1106 483 1150 collegam
492 1107 671 1151 amplectebantur⁷;
684 1111 701 1140 et
712 1106 761 1140 tota³
772 1105 832 1140 multi-

103 1170 121 1198 15
130 1160 173 1192 tudo
181 1158 259 1192 filiarum
271 1169 311 1192 eam
319 1164 339 1192 vt
346 1164 425 1192 matrem
433 1159 524 1192 habebat:
540 1170 576 1202 que
587 1165 650 1202 spreta
661 1159 759 1193 liberorum
770 1170 831 1193 carna-

130 1209 174 1244 lium
186 1210 292 1254 propagine,
304 1210 422 1254 multiplicius
435 1210 532 1244 fecundata
543 1216 572 1244 est
585 1212 604 1244 in
616 1211 705 1254 spirituali
717 1211 784 1244 sobole.
806 1211 832 1244 At

130 1264 242 1305 Kineswida,
254 1264 313 1297 adhuc
327 1263 424 1296 immatura
435 1267 483 1297 etate
494 1263 557 1305 lactea,
569 1264 651 1297 nondum
663 1273 736 1297 sacrum
747 1263 832 1298 velamen

130 1316 218 1359 attigerat,
226 1316 259 1350 sed
268 1316 320 1360 quasi
328 1317 351 1350 ad
359 1316 432 1350 ianuam
440 1316 497 1349 diuini
508 1315 586 1349 cubiculi
596 1321 664 1357 astans,
672 1315 727 1350 vitam
738 1316 806 1350 sororis
814 1321 831 1350 et

130 1368 269 1404 sanctimoniam
287 1374 330 1403 ante
346 1368 427 1403 habitum
442 1368 535 1413 religionis
549 1370 639 1412 induerat,
658 1374 676 1403 et
694 1369 753 1413 qualis
772 1368 832 1403 futura

103 1433 122 1454 20
129 1427 184 1462 esset,
193 1427 236 1455 ante
246 1421 340 1465 religionis
350 1423 455 1465 ingressum
463 1423 580 1456 monstrabat.
604 1422 647 1465 Ipsa
654 1433 698 1456 vero
706 1422 770 1465 regina
777 1423 832 1456 totius

130 1474 231 1508 sanctitatis
243 1474 343 1517 speculum,
355 1474 421 1517 quibus
431 1473 532 1508 visceribus
542 1474 576 1508 sibi
588 1474 666 1508 creditas
677 1473 747 1508 animas
759 1474 832 1508 Christo

129 1526 228 1571 pepererit,
244 1525 336 1561 charitatis
355 1526 396 1561 sinu
415 1526 491 1569 fouerit;
510 1536 565 1571 quam
584 1527 661 1571 peruigil
680 1526 795 1561 obseruatrix
814 1533 832 1561 et

130 1579 201 1612 doctrix
215 1578 270 1611 suerit
284 1579 413 1611 mandatorum
429 1580 458 1611 dei
473 1584 492 1612 et
507 1578 565 1612 sancti
580 1579 680 1621 propositi;
699 1580 765 1622 quibus
784 1580 832 1613 inter

130 1630 192 1665 omnia
210 1630 304 1665 lachrimis
322 1630 448 1675 implorauerit
466 1630 497 1664 illa
514 1630 616 1675 solempnia
630 1635 730 1665 concentus
744 1630 831 1675 superni:

103 1695 121 1724 25
130 1683 193 1726 lingua
204 1683 285 1718 enodare
295 1693 333 1717 non
346 1683 417 1718 sufficit.
445 1683 549 1717 Miseratrix
561 1689 599 1718 erat
613 1694 718 1728 egenorum,
730 1685 761 1728 pia
773 1690 832 1718 mater

130 1736 243 1778 afflictorum,
258 1735 349 1770 incitatrix
362 1737 385 1769 ad
397 1736 508 1769 elemosinas
523 1741 541 1769 et
556 1737 681 1770 misericordie
696 1747 752 1779 opera
767 1748 832 1780 regum

129 1799 264 1833 germanorum.
287 1788 353 1823 Cetera
360 1788 409 1822 enim
417 1788 453 1823 vite
461 1788 506 1832 eius,
514 1789 610 1823 virtutibus
620 1794 638 1822 ct
647 1788 738 1823 miraculis
747 1789 831 1833 gloriosa,

130 1842 148 1875 in
161 1841 192 1874 illa
205 1842 300 1873 Danorum
312 1841 453 1884 depopulatione
465 1841 539 1874 suerunt
550 1842 593 1884 igne
605 1842 670 1881 deleta,
679 1843 709 1875 vel
722 1842 831 1885 scriptorum

129 1893 239 1936 negligentia
246 1898 309 1927 nostra
316 1893 373 1927 latent
381 1893 443 1927 secula
450 1904 454 1934 ;
466 1904 501 1936 quc
509 1898 547 1927 tota
554 1893 573 1926 in
581 1894 611 1927 ilio
619 1893 682 1927 celesti
688 1893 734 1927 libro
740 1894 831 1937 descripta

80 1965 82 1969 ν
102 1960 122 1989 30
130 1950 172 1980 sunt
180 1945 198 1979 in
206 1946 295 1979 memoria
303 1949 372 1980 eterna.
391 1945 436 1980 Post
444 1946 549 1980 diuturnum
558 1945 613 1990 igitur
620 1946 675 1980 huius
682 1946 719 1980 vite
727 1957 805 1990 agonem
813 1952 831 1980 et

130 2000 203 2042 longam
211 1998 301 2032 dominice
310 1998 377 2032 familie
385 1998 547 2042 dispensationem,
556 1998 574 2033 in
583 2009 650 2042 magna
660 1999 696 2033 vite
706 1999 800 2033 sanctitate
808 2000 831 2033 ad

130 2051 184 2086 stadii
195 2061 281 2085 coronam
292 2051 382 2094 peruenit.
435 2044 472 2086 Est
483 2057 544 2086 autem
555 2052 574 2085 in
586 2051 668 2085 orientali
680 2052 761 2095 regionis
772 2052 831 2096 plaga,

130 2114 167 2139 non
182 2104 246 2147 procul
261 2104 284 2138 ab
296 2114 350 2138 amne
363 2104 438 2138 nomine
450 2103 497 2146 Veh,
509 2105 559 2138 locus
576 2105 635 2138 dietus
649 2104 831 2145 Dormundescastrc‚

130 2156 160 2190 vbi
168 2157 278 2189 monasterio
287 2156 370 2189 edificato
378 2162 441 2190 sancta
449 2157 568 2200 Kyneburga
576 2158 644 2190 mundo
652 2162 762 2200 contempto,
770 2157 831 2191 multis

103 2220 121 2250 35
130 2208 246 2252 congregatis
255 2208 355 2252 virginibus
367 2209 460 2242 abbatissa
469 2208 533 2242 effecta
544 2213 582 2250 est;
595 2219 605 2242 a
613 2209 660 2251 quol
668 2208 718 2242 locus
726 2208 755 2242 ille
763 2219 831 2242 nomen

130 2261 206 2295 trahens
212 2265 217 2279 ¹
223 2260 336 2303 Kyneburge
344 2266 424 2295 castrum
429 2263 433 2277 '
439 2262 541 2295 vocabatur.
557 2261 648 2295 Processu
655 2263 730 2295 tandem
737 2262 831 2305 temporis

130 2323 195 2358 pacem
210 2318 228 2347 et
243 2313 350 2346 charitatem
365 2311 433 2347 Christi
448 2313 542 2347 sororibus
558 2313 669 2358 relinquens,
684 2314 732 2348 inter
750 2315 832 2348 luctuosa

130 2366 209 2402 filiarum
220 2365 291 2399 cantica
303 2370 362 2399 morte
374 2365 438 2409 soluta,
451 2366 499 2399 inter
513 2366 619 2410 angelorum
633 2367 698 2402 choros
712 2366 797 2412 migrauit
808 2367 831 2400 ad

150 2439 155 2457 ¹
166 2439 184 2470 E.
192 2439 295 2476 Kyneswida.
359 2437 365 2455 ²
376 2438 480 2476 Kyneswida.
501 2440 543 2469 Title
550 2440 566 2468 in
571 2440 589 2470 T.
596 2450 600 2470 ι
612 2440 636 2469 De
643 2440 702 2470 sanctis
710 2441 809 2477 Kyneswida
816 2443 832 2468 et

130 2480 228 2518 Kyneburga
235 2483 251 2508 et
258 2479 307 2507 Tibba
312 2479 351 2515 virg.
429 2478 435 2495 ⁸
443 2479 489 2508 Same
495 2482 528 2508 text
534 2479 550 2508 in
557 2479 602 2509 Bodl.
607 2490 642 2516 240,
648 2489 663 2517 p.
672 2481 707 2510 620.
729 2480 764 2509 The
771 2479 808 2508 Vita
818 2478 831 2507 is

129 2519 206 2557 probably
212 2519 233 2556 by
238 2519 281 2555 John
286 2518 303 2547 oi
308 2518 412 2556 Tynemouth.
458 2518 464 2536 ⁴
475 2519 493 2547 E.
502 2519 616 2557 Kynesburga;
626 2519 644 2549 T.
654 2520 751 2556 Kineburga.
797 2519 803 2536 ⁵
813 2517 830 2547 Ε,

130 2561 172 2590 dote.
213 2558 294 2589 ⁶E.sum.
336 2556 516 2596 ⁷E.arnplectabantur.
556 2559 652 2589 inlotam.
692 2559 764 2597 Βῃιῃιει,
