1762 2803
224 122 270 187 bc
285 128 386 184 &aneo
402 129 558 183 timorato.
700 141 741 187 135

39 249 131 296 aperiunt.
155 252 276 287 lamfrancus
284 252 318 286 hoc
326 252 391 287 videns
401 252 421 286 in
431 257 500 286 terram
511 251 638 296 prosternitur,
647 260 679 285 cur
686 250 744 284 abbas

40 305 66 338 sic
78 304 144 347 ploret,
151 305 220 349 aperiri
232 306 267 338 sibi
278 304 386 348 suppliciter
396 309 488 348 precatur.
510 304 562 337 Tunc
573 303 630 337 abbas
641 302 677 336 ait:
690 301 743 335 ¹Heu

40 356 91 399 mihi,
99 358 127 390 cui
135 357 171 392 tale
179 358 279 401 dampnum
287 358 367 391 minatur
374 357 431 391 deus!
447 356 476 391 Ve
484 356 534 398 mihi,
540 355 571 400 qui
577 366 638 389 meum
647 353 743 389 consilium

40 409 118 453 perdidi,
126 420 189 444 meum
200 409 309 444 adiutorium
321 409 385 444 amisi!
409 408 519 443 Multociens
530 419 572 443 curn
582 408 680 453 gemitibus
688 407 743 441 deum

39 461 103 506 rogaui
111 467 131 496 vt
139 462 199 497 virum
207 463 263 497 talem
271 461 317 496 mihi
328 467 420 507 prestaret
431 461 482 496 cuius
492 462 568 496 consilio
578 467 596 496 et
606 461 673 496 auxilio
684 460 761 499 locum5

40 515 95 550 istum
112 516 231 551 emendarem
243 521 261 551 et
273 527 310 560 que
325 521 388 550 essent
403 517 439 550 deo
454 515 520 560 placita
535 515 666 550 monachorum
679 514 743 550 usibus

39 568 167 613 instaurarem,
179 575 197 604 et
210 569 298 614 [quando]
305 569 316 612 ¹,
327 569 383 604 frater
395 569 510 611 Lamsrance,
522 568 557 603 huc
571 574 589 603 te
603 569 650 602 deus
662 567 743 609 adduxit,

39 633 105 665 preces
117 633 169 656 meas
180 623 276 657 exauditas
287 623 367 657 credidi:
384 633 433 657 nunc
444 628 514 663 autern,
526 621 589 656 nescio
601 621 671 666 quade
683 630 743 661 eausa,

40 676 82 708 hinc
90 675 186 708 discedere
194 686 224 708 me
232 675 295 708 relicto
303 674 378 719 satagis,
386 676 434 708 etad
443 676 516 709 deserta
524 683 602 718 pergere
611 673 673 716 cupis!
689 672 743 706 Lam-

39 727 118 768 srancu5‚
125 727 230 772 intelligens
238 727 350 762 voluntatem
363 737 415 762 suain
426 727 521 767 detectam,
530 732 548 760 et
558 726 673 769 propositum
682 725 744 759 cordis
754 735 772 756 ιο

40 779 73 820 sui,
85 780 133 823 quod
146 779 236 813 occultum
248 779 329 824 putabat,
340 779 436 814 euidenter
449 779 570 824 propalatum,
582 778 652 813 abbatis
664 777 743 823 pedibus

40 832 87 866 illico
95 832 203 876 aduoluitur,
211 838 230 867 et
237 833 315 877 qualiter
322 832 357 868 sibi
365 833 488 867 innotuissent
496 832 543 873 talla,
551 832 654 867 sciscitatur
659 833 670 866 ¹.
689 831 742 873 Quod

40 896 82 919 cum
93 886 150 919 abbas
159 896 194 930 per
204 886 288 920 ordinem
299 886 416 931 explicasset,
425 885 545 921 Lamsrancus
555 896 650 929 nunquam
660 886 683 919 ab
691 895 714 919 eo
722 895 743 919 se

40 938 165 973 discessurum
180 938 270 982 promisit.
297 940 349 973 Tunc
365 940 422 973 abbas
437 939 499 983 ipsum
514 939 595 982 priorem
611 938 709 978 constituit,
724 943 742 971 et

40 991 146 1023 interiorem
154 991 260 1024 monasterii
268 991 286 1024 ei
294 1002 357 1025 curam
365 991 462 1026 commisit.
753 999 771 1030 ¹5

316 1071 331 1106 11
342 1069 372 1103 Ex
379 1069 466 1104 cronebi

63 1124 187 1166 Lamlrancus
195 1143 219 1167 ex
227 1131 312 1166 omnibus
318 1132 432 1167 Normannie
440 1131 561 1174 monasteriis,
566 1136 674 1176 paupertate
682 1132 717 1166 loci
725 1137 743 1166 et

40 1185 129 1228 religione
142 1191 211 1229 captus,
224 1185 304 1219 Beccum
316 1185 411 1229 preelegit,
423 1186 453 1221 vbi
463 1185 530 1219 etiam⁴
542 1185 603 1229 ipsum
617 1184 745 1219 Herlwinum⁵

40 1238 125 1271 abbatem
136 1239 160 1271 ad
171 1238 277 1282 coquendos
288 1249 347 1282 panes
359 1238 487 1280 succinctum¹,
499 1244 518 1272 et
529 1248 595 1272 manus
606 1238 650 1271 fimo
661 1236 744 1272 sedatas⁷

41 1291 142 1335 conspexit.
158 1291 213 1335 Piger
219 1291 268 1326 enirn
273 1292 474 1335 postea⁴nronachatus
480 1291 587 1335 homo¹‚qui
593 1290 744 1334 nesciretagresti

41 1354 97 1386 opere
104 1343 172 1377 victum
180 1354 264 1387 querere,
270 1345 352 1387 publicas
360 1344 420 1378 scolas
428 1345 451 1378 de
459 1344 542 1378 dialetico
549 1343 644 1387 professus
652 1347 685 1383 est,
690 1348 709 1375 vt
717 1344 744 1376 sic
753 1354 772 1374 ao

41 1401 142 1439 egestatem
153 1395 187 1430 loci
197 1395 295 1430 scolarium
306 1395 413 1431 liberalitate
424 1401 540 1441 temperaret.
563 1395 625 1431 Gloria
634 1395 693 1430 laudis
701 1406 744 1430 con·

41 1448 91 1482 flauit
103 1450 151 1492 apud
163 1448 257 1493 improbos
266 1450 305 1483 viro
315 1449 408 1491 inuidiam,
416 1449 506 1484 intantum
516 1455 535 1484 vt
545 1459 556 1483 a
565 1447 629 1483 vicinis
644 1447 744 1493 capellanis

42 1498 79 1532 dux
92 1499 206 1532 Normannie
218 1499 323 1534 Willelmus
335 1501 417 1533 turbatus
429 1500 514 1540 ediceret,
525 1499 654 1533 Lamsrancum
666 1509 699 1543 pro
711 1510 744 1532 sua

41 1551 178 1595 importunitate
193 1551 306 1586 Normannia
325 1552 459 1596 repellendum.
486 1552 533 1586 Nam
550 1552 648 1586 Herlastus
665 1552 743 1596 quidam,

41 1604 185 1638 ducisWillelmi
190 1605 300 1647 capellanus,
304 1611 346 1639 ante
351 1606 450 1639 aduentum
456 1604 559 1639 Lamsranci
564 1604 663 1648 probabilis
668 1604 744 1638 scientie
753 1615 772 1644 25

42 1656 141 1697 estimatus,
147 1657 170 1689 ad
175 1656 403 1699 gimnasiumlLamfranci
409 1667 450 1691 cunr
457 1667 524 1701 magna
531 1657 623 1690 sociorum
629 1662 647 1691 et
655 1666 744 1699 equorum

41 1719 109 1753 pompa
120 1715 231 1752 peruenerat
240 1720 245 1743 :
257 1714 300 1743 tunc
307 1708 432 1751 Lamsrancus,
439 1720 463 1744 ex
471 1708 530 1753 prima
538 1708 617 1743 hominis
626 1708 744 1743 collocutione

41 1761 146 1805 intelligens
157 1762 206 1805 quod
219 1772 278 1805 prope
293 1761 338 1795 nihil
350 1761 410 1804 sciret,
421 1762 550 1797 abecedarium
555 1762 569 1782 ¹⁰
579 1761 604 1796 illi
616 1762 700 1806 apposuit
712 1773 744 1796 ex-

42 1814 163 1858 pediendum,
177 1814 263 1849 ferociam
277 1815 357 1850 hominis
368 1815 427 1850 italica
439 1815 504 1859 peritia
516 1816 542 1850 sic
555 1815 638 1849 eludens.
660 1815 702 1857 Quo
714 1815 744 1849 ille

42 1867 127 1908 irritatus,
134 1877 169 1909 per
177 1868 242 1901 ducem
250 1867 365 1903 Willelmum
373 1868 399 1902 sic
407 1868 472 1910 effecit,
480 1872 500 1903 vt
508 1867 628 1903 lamfrancus
639 1867 689 1902 omni
697 1868 744 1902 Nor·
753 1877 773 1907 ³0

41 1921 115 1953 mannia
122 1921 268 1954 submoueretur.

41 1982 54 2001 ¹¹
61 1982 99 2016 Nec
108 1987 168 2016 motus
176 1982 231 2016 animi
239 1982 267 2017 sui
276 1983 309 2018 hac
316 1983 396 2019 vindicta
401 1983 506 2019 Willelmus
514 1984 580 2019 sedare
587 1983 674 2027 valens¹¹,
682 1983 744 2019 villam

42 2037 133 2079 quandam
143 2036 226 2069 eiusdem
236 2038 342 2070 monasterii
350 2038 411 2071 voraci
421 2038 495 2071 llamma
504 2036 587 2071 consumi
596 2035 654 2071 iussit.
677 2036 744 2081 Sicque

43 2088 152 2122 Lamfranco
167 2089 283 2123 discedente:
303 2089 345 2132 quia
360 2089 424 2123 melior
439 2101 476 2124 non
492 2089 598 2132 habebatur,
609 2090 667 2133 tripes
679 2096 744 2134 quarto

42 2142 90 2185 pede
104 2140 163 2175 inutili
180 2151 239 2185 equus
257 2141 282 2175 illi
301 2142 391 2185 tribuitur,
411 2148 429 2177 et
448 2142 526 2178 famulus
541 2153 593 2178 vnus.
623 2143 669 2178 Cum
683 2150 772 2183 autem35

42 2195 83 2228 duci
97 2196 184 2237 obuiaret,
196 2204 243 2238 equo
255 2204 290 2238 per
304 2194 386 2238 singulos
401 2206 468 2239 passus
481 2202 535 2239 caput
548 2197 571 2230 ad
587 2202 655 2231 terram
668 2196 750 2231 submit-¹

41 2252 97 2289 tente,
107 2248 172 2281 ducem
184 2247 255 2281 salutat.
278 2246 321 2280 Dux
329 2248 389 2291 primo
400 2248 469 2283 vultum
480 2248 551 2291 auertit,
563 2250 595 2283 sed
606 2249 667 2284 diuina
678 2255 744 2294 agente

42 2300 144 2342 clementia,
156 2311 200 2334 mox
216 2299 320 2334 miserando
335 2301 423 2343 respexit,
439 2307 457 2335 et
474 2308 519 2335 nutu
536 2302 658 2336 beniuolentie
675 2303 744 2337 aditum

41 2353 129 2397 loquendi
141 2352 236 2387 concessit.
258 2351 310 2386 Tunc
322 2352 405 2387 beatus¹³
417 2354 537 2389 Lamsrancus
550 2354 575 2389 ait
586 2355 676 2391 dicens¹⁴:
695 2355 744 2390 ‘Tuo

62 2423 67 2442 ¹
75 2423 113 2452 Te.
120 2423 198 2460 quoniam.
239 2421 246 2439 ²
260 2422 279 2451 E.
284 2421 376 2452 scissitatur.
421 2422 427 2439 ³
434 2422 628 2459 CiClrron.Bron1t.968,
636 2423 700 2460 Higden
707 2424 729 2453 Vl
732 2424 744 2459 1,

41 2462 228 2496 ⁶,Wi11.Ma1m.G.P.1,
258 2460 332 2490 *aton
363 2461 493 2491 ὖΕ.11ε111111111111.
524 2461 662 2491 61511511111111111.
695 2461 742 2492 'orn

42 2500 57 2529 in
68 2500 94 2529 Br.
170 2500 177 2517 ¹
186 2499 235 2530 W.M.
243 2499 300 2529 Factus
307 2509 345 2536 ergo
352 2499 373 2528 ibi
380 2500 465 2529 monachus
472 2500 525 2530 horno.
609 2501 615 2517 ⁰
625 2501 643 2532 T.
651 2501 744 2539 gignasiurn.

42 2538 53 2557 ¹⁰
64 2539 82 2570 E.
90 2539 214 2571 abhecedn'aum.
292 2538 303 2557 ¹¹
313 2539 347 2568 The
354 2539 437 2578 following
443 2542 457 2570 is
463 2541 510 2578 again
518 2540 565 2570 taken
572 2541 611 2571 sronr
619 2541 696 2579 Crispin's
702 2542 744 2572 Vita.

42 2578 53 2596 ¹²
63 2579 101 2610 Te.
108 2579 169 2610 volens.
209 2578 222 2596 ¹¹
232 2589 262 2609 om.
270 2578 286 2609 in
293 2579 311 2610 T.
