1762 2803
269 104 314 159 De
330 101 431 155 &untia
447 100 528 154 Qsshhfl.
706 114 749 159 307

48 225 128 267 differas,
135 230 154 260 vt
164 225 245 260 saneris.¹
269 225 309 267 Quo
317 225 370 266 sacto,
378 229 490 259 sanaturum
498 223 564 268 gaudio
572 222 653 258 recessit.
697 215 750 259 Osse

49 279 144 313 cuiusdam
155 289 200 312 auce
211 278 231 311 in
242 283 304 321 guttur
315 277 388 311 iuuenis
399 277 462 318 infixo,
472 282 491 311 et
502 278 548 311 collo
559 277 578 311 in
589 283 681 311 tumorem
690 287 751 315 verso,

49 341 91 365 cum
100 330 148 364 lotus
158 331 181 364 de
192 330 242 364 fonte
249 329 325 373 virginis
337 329 356 363 in
367 329 445 363 oratorio
455 340 521 373 preces
532 330 615 370 fudisset,
623 328 683 362 subito
694 338 751 362 sanus

50 382 131 423 effectus,
139 393 175 425 quo
186 393 207 416 os
217 380 261 416 illud
270 381 377 416 deuenisset
386 380 460 425 penitus
471 380 571 426 ignorabat.
616 373 697 416 Cuidam
708 391 751 415 con·

50 441 107 469 tracto
118 435 170 478 virgo
182 440 245 468 sancta
257 445 349 479 apparens
362 435 380 467 in
393 436 477 479 sompnis
490 437 574 469 membra
586 435 653 469 debilia
666 435 769 471 manibuss

50 488 88 523 suis
96 492 134 522 tam
142 487 212 523 fortiter
220 487 322 522 attrectauit
330 498 351 522 ac
362 487 378 522 si
389 488 492 523 membrum
500 488 573 533 aliquod
581 487 675 523 auelleret.
697 486 752 521 Vnde

51 552 84 585 pro
92 541 148 574 nimio
156 541 219 575 dolore
227 541 308 575 clamans
316 547 334 575 et
342 540 438 584 euigilans,
444 547 528 576 sanatum
536 552 557 576 se
565 540 641 576 inuenit.
686 533 753 585 Quan-

51 592 104 628 dam¹
114 594 210 628 mulierem
222 599 291 628 mutam
303 600 321 629 et
333 593 374 628 colli
386 593 479 629 inflatione
490 600 581 636 vexatam,
589 593 641 637 virgo
648 599 711 628 sancta
720 604 752 636 ap-

50 657 119 691 parens
132 646 197 691 digitos
212 658 256 681 suos
271 647 347 682 immisit
361 646 380 681 in
395 658 417 682 os
432 647 471 682 eius
486 654 504 682 et
519 653 597 692 tangens
612 645 693 690 linguam
707 646 752 688 eius,

51 699 127 733 sanauit.
150 700 210 733 Alteri
219 701 274 733 surdo
285 706 303 733 et
313 705 363 733 muto
374 700 456 733 auditum
466 706 484 733 et
495 700 587 743 loquelam
597 699 681 738 reddidit,
689 698 752 732 mulie·
762 707 781 727 ιο

51 761 91 786 rem
99 752 282 786 ademonevexatarn
290 752 379 793 liberauit,
384 757 401 785 et
409 752 484 786 alteram
491 752 566 786 cecitate
574 760 682 795 percussam
690 750 753 785 lumen

52 803 86 838 celi
97 803 160 837 videre
172 804 219 839 fecit.
263 797 361 839 Venerunt
374 804 397 837 ad
410 803 479 839 fontem
491 803 555 838 Coludi
569 802 656 838 mulieres
669 803 754 846 quedam,

53 856 104 900 [que]
111 856 157 890 sicut
165 868 176 891 e
184 857 257 891 diuerso
265 857 310 898 loco,
316 857 342 891 sic
350 862 401 890 erant
409 862 427 891 et
433 855 504 891 merito.
524 856 572 890 Aliis
578 855 652 900 quidem
660 866 727 899 aquam
734 854 753 889 in

53 910 102 943 fonte
108 919 145 943 non
154 909 293 955 reperientibus,
301 915 362 944 cetere
370 920 414 943 vasa
422 920 456 943 sua
463 909 542 953 implere
549 913 661 943 meruerunt.
681 908 704 942 Et
712 918 753 943 cum

52 961 123 1005 relique
138 973 175 996 non
188 963 285 997 eredentes
300 974 342 998 cum
357 962 482 1007 indignatione
496 973 562 1006 aquam
576 961 648 997 ostendi
663 966 754 1006 peterent,
763 970 781 1000 15

52 1015 143 1049 inclinatis
150 1016 200 1049 vasis
207 1026 265 1049 vacua
275 1016 351 1049 inuenta
362 1021 409 1049 sunt.
433 1015 456 1049 Et
467 1025 509 1048 cum
521 1015 570 1048 domi
580 1014 681 1056 venissent,
693 1014 754 1048 omnia

53 1078 97 1102 vasa
105 1078 139 1102 sua
145 1079 192 1112 aqua
198 1068 267 1112 repleta
273 1068 363 1103 viderunt.
408 1060 489 1104 Cuidam
497 1073 547 1102 muto
553 1066 651 1112 loquelam,
657 1072 675 1102 et
683 1066 754 1101 mulieri

53 1132 96 1155 cece
107 1121 170 1155 lumen
178 1122 272 1156 oculorum
282 1121 342 1164 dedit;
354 1121 455 1165 idropicam
465 1121 484 1154 in
495 1121 557 1165 specie
568 1121 652 1155 columbe
662 1130 755 1164 apparens

54 1179 72 1208 et
87 1174 152 1207 crebro
167 1174 237 1208 alarum
252 1174 330 1208 verbere
344 1179 428 1208 ventrem
443 1173 558 1217 perlustrans
577 1172 659 1215 sanauit3
678 1173 754 1206 alteram

54 1226 154 1268 idropicam
165 1226 259 1260 valitudini
271 1226 358 1267 restituit3
374 1226 458 1260 claudum
469 1225 532 1266 erexit,
543 1230 562 1259 et
572 1230 612 1259 tres
625 1235 679 1258 cecos
691 1224 755 1258 illumi·
764 1234 783 1256 ιο

54 1277 109 1312 nauit.
155 1271 221 1312 Puella
232 1283 282 1312 muta
293 1284 311 1312 et
322 1283 414 1313 contracta
425 1279 448 1312 ad
459 1279 532 1312 beatam
540 1277 663 1321 Margaretam
673 1277 755 1320 reginam

55 1330 119 1372 delata,
127 1341 212 1374 gressum
224 1330 298 1374 recepit.
321 1330 354 1364 Cui
366 1330 419 1363 beata
430 1330 494 1374 regina
505 1341 597 1374 apparens
608 1330 691 1373 precepit
701 1335 722 1363 vt
732 1329 756 1362 ad

55 1388 136 1418 sanctam
152 1384 223 1418 Ebbam
239 1394 319 1428 pergens
334 1383 426 1428 loquelam
441 1383 538 1427 reciperet.
561 1383 657 1426 Quocum
669 1382 756 1423 venisset,

55 1437 108 1470 beata
115 1437 166 1470 Ebba
174 1437 208 1471 sibi
216 1448 313 1481 apparens,
317 1437 384 1471 blanda
391 1447 447 1471 manu
455 1436 517 1471 oculos
525 1436 565 1471 eius
572 1442 590 1470 et
598 1436 663 1470 faciem
671 1436 756 1481 palpans,

55 1495 110 1533 atque
121 1500 155 1533 per
166 1490 214 1524 labia
225 1490 306 1532 trahens,
317 1490 352 1524 ait:
368 1490 442 1534 ‘Surge
455 1489 497 1534 quia
510 1489 602 1533 loquelam
613 1488 710 1533 recepisti!
733 1488 756 1523 Et
765 1500 784 1530 ²5

56 1547 120 1576 sanata
135 1553 214 1587 surgens
228 1543 323 1577 benedixit
337 1543 398 1577 deum.
443 1535 521 1577 quenis
535 1542 610 1586 quidam
625 1542 687 1576 multis
704 1542 757 1577 annis

56 1600 118 1629 mutus
129 1601 146 1629 et
157 1594 264 1629 mirabiliter
271 1595 350 1636 inflatus,
358 1596 381 1629 ad
389 1596 472 1629 tumbam
480 1600 543 1629 sancte
551 1595 654 1639 Margarete
662 1596 726 1639 regine
734 1595 757 1628 de

56 1647 126 1681 ventris
142 1648 236 1681 inflatione
249 1648 340 1681 medelam
356 1648 431 1691 recepit,
444 1654 462 1681 et
477 1648 500 1680 ad
516 1648 614 1681 oratorium
630 1653 693 1681 sancte
705 1648 758 1681 Ebbe

56 1699 142 1741 venienti,
150 1701 204 1734 beata
211 1699 263 1743 virgo
271 1700 326 1734 nimis
337 1700 420 1743 speciosa
431 1700 448 1734 ei
458 1710 556 1743 apparens,
564 1700 640 1743 digitum
648 1700 728 1733 suumin
737 1709 758 1733 os

57 1753 96 1787 eius
111 1752 172 1796 posuit
185 1758 203 1787 et
218 1753 308 1786 discessit.
331 1752 426 1796 Engilans
440 1753 471 1787 ille
487 1763 528 1787 curn
544 1759 628 1787 sanatum
643 1762 664 1787 se
677 1752 758 1791 vidisset,
766 1762 786 1792 30

57 1805 142 1850 apparuit
157 1805 174 1839 ei
191 1805 258 1839 iterum
273 1810 336 1839 sancta
351 1804 409 1847 Ebba,
423 1804 530 1849 precipiens
543 1811 563 1839 vt
578 1806 653 1839 beatum
667 1805 758 1839 Thomam

58 1864 158 1902 martyrem
166 1857 311 1902 peregrinando²
318 1857 396 1892 festinus
405 1850 550 1892 adiret—Est
557 1863 618 1892 autern
626 1868 680 1892 mons
689 1858 759 1900 Coludi,

58 1911 97 1946 siue
103 1910 234 1946 monasterium
240 1910 305 1946 Coludi
311 1909 410 1954 antiquitus
418 1910 514 1953 famosum,
523 1911 574 1946 locus
581 1910 655 1956 quidam
665 1911 683 1946 in
692 1911 759 1953 Scotia,

58 1975 69 1997 a
77 1964 171 1998 Berewico
179 1974 245 1998 versus
253 1963 322 1996 boriam
334 1974 368 1997 sex
379 1964 480 1997 miliaribus
491 1964 567 2004 distans,
575 1974 631 2006 supra
641 1974 692 1997 mare
702 1965 759 2004 situs;

58 2018 81 2050 ab
93 2016 157 2050 incolis
171 2015 284 2060 temporibus
298 2014 366 2049 nostris
380 2015 501 2060 Coldingham
513 2021 594 2060 vocatur,
606 2020 624 2049 et
639 2027 650 2050 a
665 2015 759 2051 monachis
768 2027 787 2057 35

58 2069 184 2104 dunelmensis
192 2067 268 2104 ecclesie
276 2067 392 2103 inhabitatur.

81 2167 129 2210 [MS.
137 2168 177 2202 Tib.
185 2166 254 2202 adds³:

81 2240 141 2280 Anno
149 2246 218 2281 domini
226 2245 378 2290 octingentesimo
386 2245 524 2290 septuagesimo
531 2246 660 2290 applicuerunt
667 2246 687 2280 in
698 2247 760 2281 Scotia

59 2298 152 2333 innumeri
166 2299 219 2341 Dani,
232 2298 323 2342 (quorum)
335 2298 391 2331 duces
408 2297 481 2332 fuerunt
496 2297 588 2342 Hynguar
600 2303 619 2331 et
633 2298 706 2340 Hubba,
721 2299 761 2333 dire

62 2352 203 2396 (peruersiltatis
218 2352 302 2386 homines
317 2357 335 2386 et
350 2351 459 2385 fortitudinis
474 2350 566 2394 inaudite;
585 2351 630 2395 (qui)
643 2352 698 2387 totius
714 2354 762 2388 lines

60 2405 128 2449 Anglie
134 2406 152 2440 in
159 2405 289 2441 exterminium
295 2404 401 2449 a(ddu)cere
407 2409 499 2446 conantes,
504 2415 572 2448 pueros
578 2411 596 2440 et
601 2415 657 2440 senes
663 2407 761 2451 q(uosque)
770 2417 790 2447 ⁴⁰

81 2477 114 2509 ¹T.
124 2480 141 2509 E.
150 2481 237 2517 Quendam.
267 2479 426 2517 'Eperigrinando
458 2478 762 2518 ³Thesollowingpassageiswritten

60 2518 155 2588 bzaqpnther
162 2521 204 2589 hgand
212 2530 233 2549 on
240 2520 267 2550 the
274 2529 321 2558 space
328 2519 356 2549 test
362 2523 418 2549 vacant
424 2519 446 2556 by
451 2519 479 2549 the
486 2519 605 2550 formerscribe.
624 2520 638 2550 It
645 2520 659 2550 is
666 2521 705 2551 from
713 2520 761 2551 Math-

84 2567 101 2587 es
124 2569 162 2590 ,an
182 2570 205 2597 qo.

397 2608 428 2631 Η
