1762 2803
111 122 141 164 94
301 109 381 161 rurae
396 105 512 168 tertona
528 104 620 169 anglie.

112 227 250 272 euangelizandi
261 228 346 273 gentibus
355 238 388 272 pro
396 228 471 262 domino
481 228 561 262 laborem
569 226 689 270 susciperent.
713 227 754 261 Non
763 226 812 262 enim

112 283 181 326 pasche
191 281 240 316 diem
251 282 362 316 dominicum
373 292 406 315 suo
416 286 503 326 tempore,
511 282 544 316 sed
556 292 567 315 a
578 280 713 324 quartadecima
721 291 780 324 vsque
790 282 812 314 ad

112 335 219 370 vicesimam
233 335 309 378 [lunam]
321 335 454 377 obseruabant;
471 346 506 378 que
519 333 629 378 computatio
642 334 813 377 octogintaquatuor

112 398 203 422 annorum
211 387 277 421 circulo
285 387 394 421 continetur.
417 387 454 421 Sed
462 392 480 421 et
489 387 524 421 alia
532 386 611 432 plurima
618 386 682 420 unitati
690 385 812 421 ecclesiastice

96 454 104 485 5
113 441 204 476 contraria
215 440 309 475 faciebant.
333 441 368 483 Qui
379 451 420 474 cum
430 441 485 485 longa
494 440 616 485 disputatione
627 440 692 484 habita,
701 451 761 485 neque
771 450 813 485 pre-

113 496 169 537 cibus,
178 504 237 537 neque
245 493 370 536 hortamentis,
378 504 439 537 neque
450 493 605 537 increpationibus
613 493 712 537 Augustini
724 504 744 528 ac
756 492 813 528 socio-

113 558 154 581 rum
166 547 205 580 eius
217 556 314 579 assensum
326 548 404 589 prebere
415 546 521 588 voluissent,
534 548 567 580 sed
579 556 622 579 suas
634 546 695 590 potius
707 547 813 580 traditiones

112 599 208 640 uniuersis,
220 609 256 642 que
267 609 301 642 per
313 600 376 633 orbem
388 598 423 632 sibi
433 598 453 632 in
465 599 538 633 Christo
550 599 666 641 concordant,
678 599 760 633 ecclesiis
771 608 814 643 pre-

113 653 192 692 ferrent3
205 655 278 684 sanctus
286 656 339 694 pater
346 651 461 693 Augustinus
468 651 517 684 hunc
527 650 611 684 laboriosi
622 661 642 684 ac
652 651 701 695 longi
709 650 814 685 certaminis

86 718 105 739 ro
113 705 170 739 finem
178 703 225 745 fecit,
232 708 250 737 et
256 703 322 738 dixit¹2
335 703 468 738 ‘Obsecremus
473 703 534 746 deum,
542 704 573 747 qui
581 703 662 738 habitare
668 703 710 737 sacit
717 704 814 738 unanimes

112 758 131 791 in
140 759 194 791 domo
203 756 260 800 patris
268 756 301 799 sui,
309 763 328 791 vt
338 757 379 801 ipse
386 756 439 790 nobis
450 756 544 791 insinuare
553 757 650 791 celestibus
658 757 716 800 signis
724 758 813 801 dignetur,

113 822 149 855 que
166 810 261 853 sequenda
275 810 353 853 traditio,
369 809 435 853 quibus
450 809 473 843 sit
490 809 525 844 viis
540 811 563 844 ad
578 809 683 853 ingressum
698 809 750 854 regni
766 809 814 843 illius

114 864 256 908 properandum.
278 863 385 897 Adducatur
397 862 462 906 aliquis
474 873 528 906 eger:
544 868 562 897 et
574 872 608 906 per
619 862 671 896 cuius
683 873 749 907 preces
761 862 814 896 suerit

114 924 193 959 curatus,
201 916 255 950 huius
265 917 311 950 fides
322 922 340 951 et
350 916 431 960 operatio
440 917 474 950 deo
484 917 550 950 deuota
560 921 615 959 atque
623 916 708 950 omnibus
719 916 814 960 sequenda

88 983 105 1012 15
114 971 209 1004 credatur.¹
232 970 285 1010 Quod
300 980 342 1002 cum
357 969 462 1009 aduersarii,
474 969 516 1002 licet
530 968 599 1009 inuiti²,
611 970 738 1010 concederent,
750 970 815 1002 allatus

115 1028 143 1057 est
155 1021 229 1067 quidam
240 1022 263 1056 de
274 1032 343 1065 genere
350 1021 459 1064 Augurum,
468 1021 561 1055 oculorum
571 1020 612 1055 luce
619 1020 707 1064 priuatus.
730 1021 815 1063 Quicum

114 1076 185 1109 oblatus
194 1074 290 1107 Britonum
299 1073 428 1114 sacerdotibus,
434 1073 490 1106 nichil
498 1073 596 1107 curationis
604 1073 633 1106 v'el
641 1073 742 1107 sanationis
750 1074 815 1106 horum

114 1125 216 1162 ministerio
229 1126 343 1170 perciperet3
361 1126 436 1160 tandem
447 1125 568 1170 Augustinus,
581 1125 628 1159 iusta
643 1125 753 1160 necessitate
767 1137 815 1160 com-

114 1182 184 1225 pulsus,
197 1180 253 1213 flectit
268 1190 328 1223 genua
343 1189 377 1214 sua
391 1180 414 1212 ad
429 1184 500 1222 patrem
516 1178 585 1213 domini
600 1179 658 1212 nostri
673 1179 728 1214 Ihesu
742 1179 815 1217 Christi,

88 1247 106 1266 κο
114 1235 216 1277 deprecans
224 1238 243 1265 vt
250 1232 311 1265 visum
319 1243 366 1273 ceco,
375 1242 430 1274 quem
438 1232 529 1272 amiserat,
537 1231 648 1274 restitueret,
656 1237 674 1265 et
683 1243 717 1275 per
726 1232 815 1265 illumina-

114 1287 183 1321 tionem
198 1284 251 1319 vnius
267 1284 346 1319 hominis
361 1284 480 1327 corporalem,
493 1284 512 1318 in
528 1284 649 1328 plurimorum
664 1285 719 1319 corde
734 1284 816 1319 fidelium

115 1337 213 1383 spiritualis
221 1337 298 1381 gratiam
306 1337 350 1371 lucis
360 1338 473 1371 accenderet.
497 1337 535 1371 Nec
543 1348 599 1378 mora,
607 1337 720 1371 illuminatur
727 1349 786 1379 cecus,
795 1348 816 1371 ac

114 1403 170 1427 verus
181 1401 252 1425 summe
261 1391 306 1425 lucis
316 1402 370 1435 preco
381 1391 404 1424 ab
414 1391 499 1425 omnibus
509 1391 613 1435 predicatur
621 1390 741 1434 Augustinus.
763 1391 816 1425 Tunc

116 1447 200 1480 Britones
211 1445 322 1479 confitentur
331 1445 404 1488 quidem
414 1444 527 1478 intellexisse
538 1455 558 1478 se
566 1455 628 1478 veram
639 1455 681 1478 esse
689 1444 737 1478 viam
745 1444 816 1478 iusticie

89 1509 107 1537 25
116 1509 171 1542 quam
179 1497 282 1542 predicaret
290 1496 415 1540 Augustinus3
427 1498 461 1530 sed
469 1507 506 1529 non
514 1508 569 1540 posse
580 1507 600 1530 se
610 1497 679 1540 absque
690 1508 765 1530 suorum
773 1508 816 1530 con-

115 1562 172 1585 sensu
187 1561 208 1583 ac
224 1549 296 1583 licentia
311 1549 376 1592 priscis
392 1549 475 1582 abdicare
491 1550 577 1583 moribus.
599 1549 654 1583 Vnde
669 1550 785 1593 postulabant
797 1555 816 1584 vt

110 1603 197 1638 'secundo
212 1603 295 1645 synodus
309 1602 392 1645 pluribus
407 1601 548 1636 aduenientibus
563 1602 621 1635 fieret.
645 1602 698 1643 Quod
712 1614 753 1636 cum
767 1609 816 1637 esset

116 1660 209 1693 statutum,
216 1658 307 1687 venerunt
318 1659 390 1697 septem
401 1653 496 1686 Britonum
508 1653 589 1697 episcopi
601 1658 619 1687 et
630 1654 693 1697 plures
705 1654 739 1688 viri
752 1655 816 1688 doctis-

116 1708 163 1751 simi,
169 1707 248 1741 maxime
256 1707 279 1741 de
287 1706 400 1740 nobilissimo
407 1716 470 1750 eorum
476 1705 588 1741 monasterio
595 1705 756 1748 ‘Bencornaburc‚'
762 1708 817 1741 modo

89 1774 108 1802 3³
116 1763 139 1795 ab
149 1760 215 1803 Anglis
226 1760 300 1802 Bangor
311 1765 374 1792 vocato
380 1758 390 1798 Β,
401 1759 430 1791 cui
441 1760 524 1802 tem'pore
537 1760 567 1792 illo
579 1759 646 1792 Dinoot
656 1760 713 1793 abbas
726 1759 817 1803 prefuisse

116 1819 205 1848 narratur.
220 1812 256 1854 Qui
263 1812 306 1845 ituri
315 1813 338 1845 ad
346 1811 436 1856 prefatum
445 1812 541 1845 concilium
547 1813 553 1831 ⁴
560 1817 652 1846 venerunt
660 1812 720 1855 primo
728 1814 751 1846 ad
759 1823 817 1857 quen-

115 1870 158 1903 dam
169 1868 228 1901 virum
240 1871 324 1900 sanctum
335 1877 356 1900 ac
367 1867 477 1910 prudentem
489 1866 520 1910 qui
531 1867 580 1910 apud
591 1877 623 1900 eos
635 1866 757 1901 anachoritice
766 1866 817 1907 vixit,

115 1921 232 1955 consulentes
240 1930 263 1953 an
272 1920 294 1953 ad
303 1919 446 1963 predicationem
454 1919 553 1963 Augustini
562 1930 605 1953 suas
615 1920 702 1953 deserere
710 1920 817 1954 traditiones

81 2011 82 2015 ,
115 1975 210 2008 deberent.
229 1972 265 2014 Qui
273 1971 378 2015 respondit:
391 1971 421 2005 ‘Si
429 1972 484 2005 homo
492 1971 522 2006 dei
531 1977 564 2014 est,
573 1971 671 2015 sequimini
679 1972 741 2006 illum!
761 1972 817 2006 Dixe-

88 2042 107 2071 35
115 2032 169 2061 runt:
182 2025 215 2058 ‘Et
225 2025 274 2059 vnde
284 2025 318 2058 hoc
329 2035 427 2068 possumus
435 2026 534 2068 probarei’
558 2025 581 2059 Et
589 2024 629 2059 ille:
642 2025 817 2068 ‘Dominusinquit

116 2080 140 2113 ait
149 2077 229 2111 “Tollite
237 2077 300 2120 iugum
308 2087 370 2111 meum
378 2087 434 2120 super
441 2088 479 2119 vos,
487 2083 506 2111 et
513 2077 578 2111 discite
585 2087 596 2110 a
604 2087 634 2111 me
641 2079 684 2121 quia
692 2077 741 2112 mitis
749 2088 791 2112 sum
799 2083 818 2112 et

115 2132 190 2166 humilis
199 2131 269 2164 corde.”
293 2130 313 2164 Si
323 2141 367 2174 ergo
375 2130 490 2174 Augustinus
501 2131 532 2165 ille
542 2130 591 2164 mitis
602 2135 631 2164 est
642 2135 661 2165 et
671 2131 746 2165 humilis
757 2132 817 2172 corde,

116 2184 203 2220 credibile
213 2189 242 2218 est
252 2183 295 2227 quia
306 2183 368 2227 iugum
378 2183 445 2217 Christi
457 2189 475 2218 et
486 2184 526 2227 ipse
538 2189 604 2228 portet,
615 2189 633 2217 et
643 2183 695 2217 vobis
706 2185 817 2227 portandum

116 2239 185 2272 offerat
208 2237 242 2270 Sin
252 2242 314 2270 autem
324 2236 393 2269 inmitis
403 2247 423 2269 ac
434 2238 525 2280 superbus
535 2242 568 2279 est,
576 2241 648 2270 constat
657 2236 699 2279 quia
709 2247 747 2270 non
757 2241 785 2271 est
795 2238 818 2270 de

89 2301 109 2330 40
117 2292 156 2333 deo,
166 2300 226 2332 neque
237 2289 289 2323 vobis
301 2290 341 2323 eius
352 2299 413 2323 sermo
425 2291 527 2324 curandus!
551 2290 574 2323 Et
585 2289 622 2323 illi:
639 2289 672 2322 ‘Et
683 2291 732 2323 vnde
743 2290 773 2324 vel
783 2290 818 2323 hoc

117 2345 212 2378 dinoscere
222 2343 337 2376 valemus⁵?'
360 2342 474 2384 ‘Procurate,
482 2343 545 2386 inquit,
553 2348 572 2376 vt
582 2344 622 2385 ipse
633 2342 683 2384 prior
694 2353 736 2376 cum
746 2344 785 2376 suis
795 2344 818 2375 ad

117 2397 177 2429 locum
189 2395 255 2438 synodi
266 2396 356 2438 adueniat,
368 2400 386 2428 et
398 2395 414 2428 si
424 2395 476 2429 vobis
488 2394 678 2439 appropinquantibus
690 2395 818 2437 assurrexerit,

117 2450 196 2483 scientes
208 2448 249 2491 quia
260 2448 338 2482 ramulus
348 2447 416 2482 Christi
428 2453 461 2490 est,
472 2449 622 2493 obtemperanter
633 2448 684 2482 illum
696 2448 761 2483 audite.
785 2448 818 2482 Sin

137 2520 267 2550 ¹al.utdiceret.
301 2522 436 2551 ssT.inuitilicet.
470 2522 596 2551 ³m0d0-vocato
604 2522 660 2552 added.
690 2521 819 2552 ¹E.consilium.

117 2560 123 2578 ⁶
133 2561 152 2591 E.
159 2560 247 2597 valeamus,
257 2561 275 2589 T.
282 2560 356 2591 valemus.
