1762 2803
230 88 234 96 ’
267 103 313 159 me
327 101 428 155 sancto
443 100 573 160 uiderat.
727 112 771 157 329

69 223 113 256 nihil
121 224 196 258 curauit.
218 224 271 266 Nam,
280 223 327 259 sicut
337 233 413 258 narrare
421 228 547 264 consueuerat,
554 222 600 266 ipse,
608 227 627 256 ct
635 222 671 256 duo
679 220 723 255 socii
733 219 772 254 sni¹

70 276 170 312 existentes
183 277 203 312 in
214 287 292 318 camera,
303 287 340 311 non
352 276 388 311 nisi
399 277 471 311 unicam
483 276 575 311 habebant
586 286 657 321 capam,
668 281 686 308 et
697 273 773 319 quilibet

70 339 134 366 eorum
146 329 225 366 tunicam
233 330 320 373 tantum&
328 330 361 366 sed
373 336 392 366 et
402 330 469 365 lectum
479 330 569 365 infimum.
592 329 677 364 Exeunte
684 339 729 372 ergo
736 338 773 361 vno

70 394 112 417 curn
118 384 191 428 capaad
197 383 294 419 lectionem
299 384 415 427 audiendam,
422 385 487 429 reliqui
495 384 514 419 in
520 382 712 423 cameraresidebant;
721 386 739 415 et
747 381 773 415 sic

70 436 173 471 alternatim
182 437 271 472 exierunt.
292 438 384 482 Panisque
395 445 413 473 et
420 449 486 481 pamm
494 439 517 472 de
524 438 568 471 vino
575 447 616 471 cum
625 434 697 480 potagio
705 434 732 468 cis
740 444 773 477 pro
781 441 790 470 5

71 489 112 523 cibo
123 490 237 524 sufficiebat:
252 501 290 525 non
301 490 351 525 enim
363 501 428 525 carnes
439 495 470 525 aut
481 490 548 534 pisces,
559 488 594 523 nisi
605 490 624 522 in
636 488 665 522 die
677 485 774 525 dominica,

71 542 101 576 vel
116 541 146 577 die
164 542 261 588 solempni,
276 543 306 577 vel
325 542 416 578 sociorum
432 555 466 578 seu
481 542 581 578 amicorum
596 541 695 587 presentia,
710 549 774 575 eorum

71 601 171 640 paupertas
186 595 237 641 ipsos
252 598 349 632 comedere
363 597 458 641 permisit;
478 602 496 631 et
511 602 573 630 tamen
589 606 634 640 sepe
649 593 710 629 retulit
725 594 774 638 quod

72 659 166 693 nunquam
177 649 196 683 in
203 649 240 684 vita
250 661 284 685 sua
292 655 329 685 tam
337 650 439 693 iocundam,
447 656 485 685 tarn
493 650 619 685 delectabilem
627 648 705 683 duxerat
713 647 774 681 vitam.

73 701 143 736 Etcum
149 702 258 746 Richardus,
263 704 339 739 scientie
345 710 363 739 et
369 704 473 748 eloquentie
480 704 533 738 donis
541 704 646 743 adornatus,
652 700 774 746 magistralem
784 711 803 734 ro

72 755 176 791 cathedram
184 756 252 791 ibidem
260 758 361 793 ascendere
369 758 392 792 ab
398 757 483 791 omnibus
491 756 625 790 acclamabatur
632 756 709 798 dignus;
721 753 775 788 rediit

72 808 95 841 ad
106 808 185 851 patriam
196 814 282 848 suamet
294 810 317 843 ad
328 809 466 844 uniuersitatem
478 808 598 843 oxoniensem
610 818 631 842 se
642 805 745 848 deelinauit,
757 813 775 841 et

72 859 141 895 ibidem
152 867 195 907 post
205 863 297 898 modicum
309 869 382 908 tempus
390 863 495 899 cathedram
503 862 626 907 magistralem
634 860 722 901 ascendit,
729 859 775 901 aliis,

73 925 109 958 que
124 920 178 952 antea
192 917 295 962 collegerat,
310 916 410 952 liberaliter
424 918 501 952 studens
516 927 607 961 errogare.
630 916 697 950 Postea
711 915 776 949 beatus

74 968 178 1004 Richardus
185 971 287 1005 Bononiam
295 971 419 1015 proficiscens,
427 971 583 1016 per'septennium
591 975 609 1005 et
617 968 695 1014 amplius
704 966 774 1012 [rurist]
785 982 803 1011 ¹5

73 1032 164 1056 canonum
174 1024 243 1057 fluenta
254 1024 280 1057 sie
290 1024 355 1066 hausit,
363 1025 411 1068 quod
419 1024 507 1067 magister
514 1034 564 1064 suus,
572 1022 678 1057 infirmitate
685 1023 775 1061 detentus,

73 1074 96 1106 ad
105 1074 194 1108 lectiones
204 1086 247 1109 suas
254 1077 294 1110 vice
304 1087 338 1110 sua
345 1077 482 1117 continuandas,
490 1086 524 1118 pre
534 1076 619 1110 omnibus
630 1074 725 1117 discipulis
736 1073 776 1108 suis

74 1127 142 1161 dictum
151 1128 265 1163 Richardum
275 1128 334 1173 elegit.
358 1128 393 1171 Qui
404 1139 438 1173 per
447 1127 542 1163 dimidium
552 1138 622 1162 annum
632 1133 650 1162 et
660 1126 739 1172 amplius
749 1127 775 1161 sic

75 1181 176 1224 prudenter
183 1186 201 1215 et
211 1181 304 1216 humiliter
311 1181 330 1215 in
338 1181 398 1216 officio
405 1182 437 1216 illo
444 1192 466 1216 se
474 1182 558 1223 habehat,
565 1182 614 1225 quod
623 1191 634 1216 a
641 1186 679 1215 tota
686 1180 775 1215 vniuersi-

74 1239 111 1266 tate
119 1234 192 1268 laudem
203 1239 221 1268 et
232 1235 321 1268 honorem
332 1234 399 1269 meruit
408 1235 491 1269 obtinere
498 1234 622 1278 singularem:
634 1244 706 1268 necnon
716 1243 727 1268 a
738 1243 775 1267 ma·
785 1247 805 1267 ro

75 1285 132 1329 gistro
148 1298 182 1321 suo
195 1292 263 1322 tantam
277 1287 353 1331 gratiam
365 1288 440 1328 inuenit,
453 1288 502 1331 quod
515 1287 588 1321 vnicam
603 1285 660 1320 filiam
675 1296 728 1320 suam
742 1286 777 1320 sibi

76 1339 169 1381 heredem,
178 1351 219 1374 cum
228 1340 313 1374 omnibus
323 1339 378 1374 terris
388 1346 407 1374 et
417 1340 471 1373 bonis
481 1339 525 1380 suis,
533 1351 557 1372 ex
564 1339 657 1373 voluntate
667 1339 705 1372 filie
713 1339 778 1372 obtulit

75 1390 179 1426 affectuose.
202 1391 239 1426 Sed
255 1392 320 1426 beatus
336 1391 439 1427 Richardus
454 1391 490 1426 alia
504 1391 591 1436 cogitans,
607 1403 618 1426 a
633 1390 697 1435 spiritu
714 1397 778 1426 saneto

75 1445 180 1489 inspiratus,
192 1445 285 1480 humiliter
297 1445 364 1490 gratias
377 1445 416 1480 eis¹
428 1444 530 1489 relerebat;
547 1449 565 1480 et
579 1455 676 1490 exponens
689 1444 778 1489 quasdam

75 1497 153 1532 curiales
165 1499 245 1532 cautelas
257 1505 275 1532 et
285 1498 439 1543 peregrinationis
450 1509 529 1538 causam,
539 1497 622 1542 promisit
633 1508 654 1532 se
665 1498 777 1532 voluntatem
788 1511 806 1540 ¹5

76 1550 158 1594 ipsorum
167 1550 186 1584 in
198 1561 232 1584 suo
239 1550 310 1585 reditu⁵
317 1551 413 1595 perlicere.
434 1551 463 1585 Ac
471 1551 498 1586 sic
507 1550 610 1586 Richardus
618 1551 641 1585 ad
649 1557 718 1585 terram
725 1561 778 1585 suam

76 1613 168 1644 reuersus,
176 1603 237 1637 statim
249 1609 290 1646 post
301 1604 401 1637 aduentum
413 1614 467 1638 suum
478 1603 498 1637 in
509 1604 595 1648 Angliam
607 1604 630 1637 ad
641 1603 779 1638 uniuersitatem

77 1655 166 1698 Oxon[ie]
184 1666 276 1696 remeans,
291 1654 310 1689 in
327 1656 426 1698 laboribus,
440 1656 508 1700 vigiliis
523 1662 541 1690 et
559 1655 666 1691 multimoda
683 1656 779 1691 afflictione

76 1708 166 1753 corporali
177 1708 248 1751 uiuens,
259 1708 341 1744 unanimi
353 1719 431 1744 assensu
443 1708 562 1745 cancellarius
574 1708 642 1744 ibidem
657 1714 685 1745 est
698 1709 779 1745 effeetus.

77 1762 146 1797 Beatus
160 1773 206 1796 vero
221 1762 336 1804 Edmundus‚
352 1769 395 1797 tunc
410 1763 560 1807 archiepiscopus
579 1763 733 1808 cantua[riensis],
748 1763 808 1808 qui3o

77 1815 236 1849 conuersationem
247 1815 287 1850 eius
298 1822 317 1850 et
327 1815 424 1850 discretam
434 1816 530 1850 scientiam
541 1816 572 1851 diu
581 1822 624 1850 ante
635 1820 751 1860 cognouerat,
758 1827 780 1851 ac

77 1869 132 1902 etiam
138 1868 231 1904 Robertus
237 1868 377 1913 lincoln[iensis]
384 1869 488 1913 episeopus,
494 1869 570 1912 dictuls}
576 1869 582 1889 ⁸
588 1869 747 1913 crossum-caput,
752 1869 781 1903 vir

77 1921 188 1954 venerabilis
199 1920 305 1962 sanctitatis,
314 1932 351 1954 vno
363 1922 482 1965 eodemque]
494 1927 583 1965 tempore,
594 1921 636 1956 licet
647 1920 742 1966 utriusque
752 1921 781 1956 in-

77 1972 448 2018 tentiovtrumquetate[re]t³,rnagistrum
454 1972 781 2008 Richardumincancellariumsuum

78 2027 187 2071 adoptarunt
200 2035 319 2070 magnacum
332 2026 419 2061 instantia
432 2026 535 2061 laborantes
541 2026 552 2061 ⁸.
578 2026 662 2062 Tandem
673 2033 716 2062 voto
726 2028 781 2063 dicti⁹
790 2041 808 2071 ³5

78 2073 135 2123 patris
148 2079 307 2123 CantuarliensisL
319 2078 371 2113 cuius
381 2089 448 2123 preces
458 2084 476 2113 et
486 2080 573 2114 mandata
583 2086 714 2125 preuenerant,
725 2081 781 2126 gratis

78 2132 185 2177 obsequitur
198 2138 216 2168 et
229 2138 336 2167 reuerenter
348 2133 464 2177 obtemperat
475 2133 569 2168 voluntati.
597 2133 665 2168 Beatus
678 2133 733 2179 igitur
745 2134 782 2169 Ed-

79 2186 159 2220 mundus
169 2185 262 2230 propriam
273 2185 302 2220 sui
312 2185 392 2219 nominis
401 2185 539 2230 inscriptionem
548 2192 566 2220 et
574 2186 666 2230 dignitatis
676 2187 782 2231 imaginem,

78 2237 150 2273 titulum
160 2239 230 2274 scilicet
239 2243 257 2274 et
267 2238 352 2283 sigillum,
360 2243 378 2272 et
390 2238 445 2273 totius
455 2238 623 2284 archiepiscopatus
633 2239 702 2276 maiora
709 2251 782 2286 queque

79 2291 96 2326 ei
111 2291 206 2327 commisit.
233 2292 287 2336 Cepit
305 2292 360 2336 igitur
373 2291 477 2326 Richardus
492 2292 573 2337 quotidie
588 2292 606 2327 in
622 2293 676 2327 bonis
692 2304 811 2336 crescerem

79 2344 201 2378 ministerium
205 2344 241 2378 sibi
246 2344 338 2386 traditum,
346 2344 360 2363 ¹⁰
365 2344 412 2377 fastu
419 2344 507 2386 superbie
513 2346 594 2388 dempto,
600 2345 679 2379 fideliter
683 2355 782 2389 exercere3

80 2407 146 2431 manus
151 2397 248 2432 excutiens
255 2395 330 2442 penitus
337 2406 349 2430 a
356 2406 454 2430 munerum
462 2396 574 2442 acceptione,
580 2408 616 2442 que
623 2397 686 2433 oculos
693 2408 783 2434 excecare

100 2480 105 2499 ¹
116 2481 156 2512 Boll.
164 2481 202 2512 eius.
281 2480 288 2499 ²
298 2481 338 2512 Bell.
347 2490 417 2519 cappam,
425 2485 442 2512 et
449 2482 517 2511 tunicam
524 2486 590 2519 tentum,
598 2487 613 2513 ct
620 2482 685 2521 quilibet
692 2492 746 2513 eorum
753 2483 764 2514 l.
771 2485 781 2515 i.

79 2521 115 2551 ³so
123 2522 182 2559 Sl.;E.
190 2522 227 2558 mel,
235 2521 275 2552 Boll.
283 2521 344 2551 mellea.
371 2521 453 2552 ⁴Boll.ei.
480 2522 514 2551 ⁵1¹3.
522 2522 589 2554 redditu.
620 2523 723 2553 'Edictum
747 2522 783 2556 1Ε,

80 2561 133 2593 lateat.
180 2561 448 2601 ⁸Botl.acloprare..taborarum
495 2561 530 2593 ¹13.
538 2561 584 2594 dicto.
631 2561 766 2596 ”sermono
