1762 2803
138 84 166 151 aa
251 164 253 170 χ
329 71 409 157 noto
424 102 540 166 naamon
556 102 648 166 anate.

139 227 225 260 attentius
240 226 339 259 obseruari.
361 226 421 259 Tante
434 226 490 258 etiarn
504 226 609 259 humilitatis
623 226 739 258 firmamento
754 224 840 257 fundatus

140 279 211 323 c[ra]t¹,
222 283 242 313 vt
256 278 312 313 diuini
325 277 395 312 seruitii
410 288 509 312 consonam
525 278 648 322 simphoniam
662 287 704 311 cum
719 277 769 310 omni
781 276 841 309 cordis

139 331 240 366 intentione
259 330 383 375 persoluensl‚
401 331 525 375 cuiuscunque
543 331 618 366 alterius
637 340 699 365 curam
721 331 764 364 totis
785 328 841 364 animi

140 386 234 420 conatibus
250 390 267 419 et
282 384 375 419 exercitiis
390 383 472 419 studiose
491 384 615 429 perimpleret.
638 383 698 427 Quem
714 383 794 417 nominis
813 381 841 416 sui

122 439 232 483 5signaculo
245 443 293 472 tanta
305 438 387 472 vicinalis
400 437 458 482 gratie
471 437 550 481 signauit
563 438 648 480 affinitas,
660 438 709 481 quod
721 436 841 470 mundialium

139 492 225 526 curialem
241 491 339 532 incessum,
351 491 458 526 humilitatis
473 491 535 535 stipite
549 492 645 531 radicatus,
657 490 731 534 penitus
746 488 842 524 recusauit.

139 545 226 578 Virtualis
239 545 293 588 igitur
305 543 398 587 dignitatis
411 545 487 578 dextera
500 543 618 588 presignitus,
630 542 744 586 precentoris
750 543 761 584 ³,
774 542 842 576 elemo-

140 597 207 640 sinarii,
226 602 244 631 et
263 597 366 641 supprioris
385 608 438 631 curas
457 596 582 631 ordinabiliter
601 596 719 639 dispensauit.
750 595 779 629 Ab
802 594 842 628 aliis

140 651 214 693 quidem
231 650 300 691 officiis,
318 649 383 693 quibus
402 650 464 683 fluxus
482 649 575 683 seculares
593 653 720 692 tempestuose
736 647 842 688 influebant,

114 713 132 733 ro
140 702 200 747 ipsum
214 703 237 735 ad
250 707 323 746 tempus
338 702 410 735 celestis
424 701 567 745 dispensationis
579 711 645 734 manus
658 699 788 744 s[c]eptrigera
801 710 842 743 pre-

141 758 227 797 seruauit‚
240 767 263 789 ne
276 767 310 799 per
321 756 385 789 labiles
397 755 490 798 lapsorum
503 755 575 788 labores
587 753 659 788 nouitas
673 753 744 792 mentis,
756 752 842 787 virtutum

140 809 229 852 progenie
241 814 344 851 perornata,
356 808 401 842 false
413 808 515 842 dilectionis
526 808 647 851 degeneraret
658 806 677 840 in
689 807 779 841 tenebras.
803 806 843 840 Sic·

140 872 176 904 que
195 867 287 904 protector
301 861 456 904 promptissimus,
474 861 514 894 Noe
532 870 643 903 preseruans
663 860 687 893 de
706 859 778 900 diluuio,
795 859 842 892 Loth

140 914 164 948 de
172 913 235 947 celesti
243 913 333 953 incendio,
343 912 394 947 lsaac
404 913 427 947 de
438 912 545 947 imminente
556 912 622 956 gladio,
632 911 699 955 loseph
708 912 731 945 de
739 911 842 955 calumpnia

114 977 132 1007 15
141 967 223 1000 mulieris
234 973 252 999 et
263 966 345 999 custodia
356 965 441 1004 carceris,
450 965 528 1008 Moysen
540 966 562 998 ab
575 964 664 1009 Egyptiis¹
674 965 726 998 Raab
737 965 760 998 de
772 964 842 998 excidio

141 1019 226 1061 ciuitatis,
246 1019 309 1052 Ionam
328 1029 339 1052 a
357 1018 439 1062 periculo
458 1017 597 1060 submersionis,
613 1018 718 1051 Susannam
737 1028 747 1051 a
766 1018 843 1051 testibus

141 1072 196 1114 falsis,
206 1071 301 1105 Danielem
312 1082 323 1105 a
333 1071 422 1112 leonibus,
430 1076 469 1105 tres
480 1081 547 1115 pueros
559 1071 582 1104 ab
594 1070 677 1115 ignibus;
691 1075 728 1105 tam
740 1070 843 1114 regularem

140 1126 214 1159 viuendi
225 1125 322 1159 formulam
335 1135 345 1158 a
357 1130 447 1168 potestate
459 1124 548 1158 seuientis
563 1124 620 1158 seculi
636 1124 712 1158 feliciter
723 1124 843 1167 preseruauit.

142 1171 217 1213 Interea
228 1183 344 1212 accrescente
356 1184 406 1212 tante
418 1177 503 1211 bonitatis
511 1178 560 1212 fama
567 1177 635 1212 volatili
645 1188 678 1222 per
689 1177 769 1221 regionis
781 1177 843 1220 spacia

113 1239 132 1261 ²⁰
140 1232 233 1275 ampliora,
253 1231 327 1275 contigit
346 1231 453 1265 monasterii
471 1231 585 1274 prepositum
604 1232 623 1264 in
643 1241 709 1265 manus
733 1231 843 1265 confratrum

141 1286 232 1328 prioratus
247 1284 327 1317 officium
343 1284 449 1326 resignare:
462 1284 545 1327 Cumque
557 1283 628 1318 validus
640 1283 721 1317 omnium
733 1289 844 1327 mutuusque

141 1348 244 1371 consensus
261 1347 296 1380 per
310 1348 365 1371 voces
382 1336 464 1381 singulas
483 1336 540 1371 sancti
560 1336 665 1380 spiraminis
684 1336 806 1370 insufflatione
825 1336 843 1369 in

140 1392 202 1434 ipsum
213 1391 332 1431 confluerent,
340 1396 377 1423 tarn
389 1391 497 1423 catholicum
509 1390 538 1423 dei
550 1390 637 1423 athletam
649 1389 725 1432 dignum
736 1395 844 1433 reputarunt

141 1449 160 1477 et
167 1442 228 1477 debita
236 1442 330 1476 electionis
339 1442 397 1476 forma
405 1443 506 1486 elegerunt,
515 1443 560 1475 tanti
568 1442 630 1476 oneris
639 1447 749 1486 supportare
757 1442 844 1476 laborem.

114 1504 133 1533 ¹5
142 1497 184 1538 Qui,
192 1502 246 1539 prout
254 1496 295 1529 fuit⁴
304 1495 368 1539 spiritu
377 1496 493 1537 humillimus,
502 1496 562 1529 taliter
569 1506 679 1539 responsum
687 1496 778 1529 exarauit:
787 1495 844 1537 ‘Quid

142 1550 235 1593 pigmeam
250 1548 398 1582 insufficientiam
414 1549 516 1592 proponitis
532 1549 603 1592 erigere
617 1549 637 1581 in
652 1553 761 1582 structuram
778 1548 844 1582 edificii

142 1601 236 1636 militantis
252 1602 342 1635 ecclesie?
365 1601 413 1644 Quid
429 1601 509 1636 cecitatis
524 1602 585 1635 abisso
600 1602 718 1635 submersum
736 1601 844 1635 existimatis

142 1656 218 1688 hostiles
230 1655 317 1688 excubias
329 1655 426 1687 oculariter
433 1656 543 1696 preuidere?
566 1655 614 1696 Quid
626 1666 691 1688 canem
703 1660 799 1696 mortuum,
808 1666 844 1688 non

142 1711 237 1751 potentem
250 1706 321 1749 latrare,
333 1706 400 1750 putatis
414 1707 499 1751 luporum
512 1707 611 1741 insidiosas
623 1707 703 1741 cautelas
716 1706 845 1749 confringere?

115 1768 134 1799 30
143 1760 236 1804 Numquid
248 1760 309 1795 debite
321 1761 489 1805 circumspectionis
500 1760 557 1795 oculis
569 1760 670 1805 preuidetis
682 1761 730 1804 quod
742 1760 761 1793 in
772 1760 844 1794 defectu

143 1812 242 1847 cinctoriefi
252 1813 365 1847 defensionis
373 1813 445 1847 vineam
455 1813 524 1847 domini
531 1813 640 1847 fraudulenti
648 1814 714 1856 vulpes
722 1813 845 1847 demoliuntur

142 1873 160 1900 et
176 1868 285 1900 destruunt?
308 1866 365 1910 Igitur
380 1866 473 1901 mortifera
488 1868 539 1901 clade
554 1866 656 1910 ignorantie
672 1866 769 1908 inuolutus‚
782 1877 845 1910 quam-

142 1931 197 1963 quam
205 1920 302 1963 columpne
310 1920 375 1963 ligatus
383 1920 498 1964 diuersisque
506 1920 598 1963 supplitiis
609 1920 703 1961 laceratus,
712 1920 778 1963 prefati
790 1919 844 1953 officii

142 1983 178 2007 non
193 1979 307 2015 acceptarem
321 1973 417 2008 excubias.5
441 1973 512 2016 Quibus
527 1974 651 2007 excusationis
664 1973 720 2007 titulis
732 1972 751 2007 in
763 1973 844 2007 medium

115 2036 133 2066 55
142 2025 244 2068 diuulgatis,
257 2026 275 2058 in
289 2025 344 2058 alium
356 2025 447 2073 publicata
459 2031 487 2059 est
500 2025 589 2060 stabilitas
603 2025 703 2059 electionis.
726 2025 785 2066 Quem
798 2026 845 2058 infra

143 2078 219 2112 breuem
235 2088 325 2111 annorum
340 2079 474 2113 reuolutionem
487 2079 571 2121 portione
586 2079 659 2113 mortali
672 2079 723 2113 clade
736 2088 844 2121 percussum

143 2130 252 2174 pestilentie,
260 2141 315 2172 mors,
324 2131 403 2164 humane
411 2132 520 2166 conditionis
528 2132 646 2174 deuastatrix,
654 2131 756 2176 vital[em]⁰
767 2131 845 2176 disposi-

142 2184 211 2218 tionem
227 2184 339 2227 compescuit
353 2195 487 2219 consummare.
509 2185 579 2220 Volens
592 2185 647 2230 igitur
661 2185 742 2220 increate
755 2185 845 2229 sapientie

142 2237 258 2281 prouidentia
276 2237 360 2271 salutaris
379 2239 478 2280 lucernam,
494 2239 540 2272 tanti
555 2238 629 2272 luminis
648 2239 749 2283 fulgoribus
764 2239 845 2283 vndique

114 2306 135 2337 40
142 2291 277 2334 perlustratam,
292 2290 379 2324 virtutum
391 2290 485 2325 vernantia
500 2292 589 2326 mundare
603 2292 683 2326 maculas
697 2292 815 2326 tenebrarum
827 2295 845 2324 et

143 2344 189 2377 lucis
204 2355 238 2377 sue
251 2343 312 2376 radios
324 2343 380 2376 oculis
393 2345 499 2386 expandere
514 2345 631 2387 mortalibus;
643 2347 724 2380 secunda
734 2346 774 2379 vice
788 2345 845 2379 libera

142 2396 254 2429 confratrum
268 2395 381 2439 singulorum
393 2396 486 2430 voluntate
497 2397 515 2430 in
527 2398 604 2439 gradum
615 2398 713 2441 pristinum
726 2397 846 2440 solempniter

117 2492 120 2499 ρ
142 2454 171 2484 est
179 2448 254 2489 electus,
263 2450 336 2482 domino
344 2448 416 2491 singula
423 2448 548 2494 dispensante.
565 2450 601 2493 Qui
609 2450 697 2495 ponderis
705 2449 845 2485 intollerabilem

162 2515 167 2532 ¹
178 2514 196 2544 E.
204 2518 232 2544 est.
309 2512 315 2530 ²
326 2513 344 2543 E.
353 2513 453 2552 persolueris.
530 2514 536 2532 ³
547 2515 564 2545 E.
572 2516 675 2554 pretentoris.
752 2514 757 2533 ⁴
769 2515 786 2545 E.
795 2513 845 2544 fuen't,

143 2553 148 2570 ¹
159 2554 177 2584 Ei
186 2553 256 2583 tintorie.
316 2552 322 2569 ⁰
333 2553 351 2582 E.
359 2553 401 2583 vital.
