<?xml version="1.0" encoding="UTF-8"?>
<!DOCTYPE html PUBLIC "-//W3C//DTD XHTML 1.0 Transitional//EN"
    "http://www.w3.org/TR/xhtml1/DTD/xhtml1-transitional.dtd">
<html xmlns="http://www.w3.org/1999/xhtml" xml:lang="en" lang="en">
 <head>
  <title>
</title>
<meta http-equiv="Content-Type" content="text/html;charset=utf-8" />
  <meta name='ocr-system' content='tesseract 3.04.00' />
  <meta name='ocr-capabilities' content='ocr_page ocr_carea ocr_par ocr_line ocrx_word'/>
</head>
<body>
  <div class='ocr_page' id='page_1' title='image "./MN5111ucmf_0/MN5111ucmf_0_0538.png"; bbox 0 0 1762 2803; ppageno 0'>
   <div class='ocr_carea' id='block_1_1' title="bbox 139 89 649 168">
    <p class='ocr_par' dir='ltr' id='par_1_1' title="bbox 139 89 649 168">
     <span class='ocr_line' id='line_1_1' title="bbox 139 89 649 168; baseline -0.01 -17"><span class='ocrx_word' id='word_1_1' title='bbox 139 97 183 151; x_wconf 76' lang='lat'>448</span> <span class='ocrx_word' id='word_1_2' title='bbox 209 165 211 168; x_wconf 13' lang='grc' dir='ltr'>ι</span> <span class='ocrx_word' id='word_1_3' title='bbox 329 96 409 149; x_wconf 64' lang='lat' dir='ltr'>utut</span> <span class='ocrx_word' id='word_1_4' title='bbox 425 93 541 156; x_wconf 67' lang='lat' dir='ltr'>termut</span> <span class='ocrx_word' id='word_1_5' title='bbox 557 89 649 157; x_wconf 71' lang='lat' dir='ltr'>tinnitu.</span> 
     </span>
    </p>
   </div>
   <div class='ocr_carea' id='block_1_2' title="bbox 113 216 844 2496">
    <p class='ocr_par' dir='ltr' id='par_1_2' title="bbox 113 216 844 2496">
     <span class='ocr_line' id='line_1_2' title="bbox 139 216 840 262; baseline -0.001 -10"><span class='ocrx_word' id='word_1_6' title='bbox 139 217 255 253; x_wconf 82' lang='lat' dir='ltr'>dulcedinem</span> <span class='ocrx_word' id='word_1_7' title='bbox 269 217 316 253; x_wconf 93' lang='lat' dir='ltr'>illius</span> <span class='ocrx_word' id='word_1_8' title='bbox 330 216 395 262; x_wconf 86' lang='lat' dir='ltr'>iugiter</span> <span class='ocrx_word' id='word_1_9' title='bbox 406 216 499 252; x_wconf 88' lang='lat' dir='ltr'>inserebat</span> <span class='ocrx_word' id='word_1_10' title='bbox 511 217 609 252; x_wconf 84' lang='lat' dir='ltr'>mentibus.</span> <span class='ocrx_word' id='word_1_11' title='bbox 632 216 700 252; x_wconf 82' lang='lat' dir='ltr'>Sancta</span> <span class='ocrx_word' id='word_1_12' title='bbox 712 221 773 252; x_wconf 88' lang='lat' dir='ltr'>autem</span> <span class='ocrx_word' id='word_1_13' title='bbox 784 216 840 261; x_wconf 86' lang='lat' dir='ltr'>virgo,</span> 
     </span>
     <span class='ocr_line' id='line_1_3' title="bbox 140 269 840 316; baseline -0.001 -10"><span class='ocrx_word' id='word_1_14' title='bbox 140 271 201 315; x_wconf 87' lang='lat' dir='ltr'>agnita</span> <span class='ocrx_word' id='word_1_15' title='bbox 209 276 246 306; x_wconf 90' lang='lat' dir='ltr'>tam</span> <span class='ocrx_word' id='word_1_16' title='bbox 254 272 293 306; x_wconf 89' lang='lat' dir='ltr'>eius</span> <span class='ocrx_word' id='word_1_17' title='bbox 301 281 356 316; x_wconf 88' lang='lat' dir='ltr'>quarn</span> <span class='ocrx_word' id='word_1_18' title='bbox 364 270 426 304; x_wconf 80' lang='lat' dir='ltr'>fratris</span> <span class='ocrx_word' id='word_1_19' title='bbox 437 270 466 305; x_wconf 91' lang='lat' dir='ltr'>sui</span> <span class='ocrx_word' id='word_1_20' title='bbox 473 270 536 305; x_wconf 88' lang='lat' dir='ltr'>Vltani</span> <span class='ocrx_word' id='word_1_21' title='bbox 546 269 647 312; x_wconf 68' lang='lat' dir='ltr'>sanctitate,</span> <span class='ocrx_word' id='word_1_22' title='bbox 656 280 690 314; x_wconf 92' lang='lat' dir='ltr'>per</span> <span class='ocrx_word' id='word_1_23' title='bbox 700 280 766 305; x_wconf 91' lang='lat' dir='ltr'>manus</span> <span class='ocrx_word' id='word_1_24' title='bbox 778 279 840 305; x_wconf 89' lang='lat' dir='ltr'>eorum</span> 
     </span>
     <span class='ocr_line' id='line_1_4' title="bbox 139 323 841 369; baseline -0.001 -10"><span class='ocrx_word' id='word_1_25' title='bbox 139 326 174 359; x_wconf 92' lang='lat' dir='ltr'>deo</span> <span class='ocrx_word' id='word_1_26' title='bbox 188 325 252 359; x_wconf 88' lang='lat' dir='ltr'>obtulit</span> <span class='ocrx_word' id='word_1_27' title='bbox 265 330 336 369; x_wconf 87' lang='lat' dir='ltr'>partem</span> <span class='ocrx_word' id='word_1_28' title='bbox 350 324 457 359; x_wconf 88' lang='lat' dir='ltr'>hereditatis</span> <span class='ocrx_word' id='word_1_29' title='bbox 473 335 512 367; x_wconf 93' lang='lat' dir='ltr'>sue,</span> <span class='ocrx_word' id='word_1_30' title='bbox 526 325 588 360; x_wconf 88' lang='lat' dir='ltr'>villam</span> <span class='ocrx_word' id='word_1_31' title='bbox 603 323 672 358; x_wconf 91' lang='lat' dir='ltr'>scilicet</span> <span class='ocrx_word' id='word_1_32' title='bbox 685 335 740 369; x_wconf 90' lang='lat' dir='ltr'>quam</span> <span class='ocrx_word' id='word_1_33' title='bbox 754 324 841 358; x_wconf 85' lang='lat' dir='ltr'>‘Fossas’</span> 
     </span>
     <span class='ocr_line' id='line_1_5' title="bbox 140 378 841 421; baseline 0 -10"><span class='ocrx_word' id='word_1_34' title='bbox 140 383 211 420; x_wconf 88' lang='lat' dir='ltr'>vocant,</span> <span class='ocrx_word' id='word_1_35' title='bbox 222 383 242 412; x_wconf 89' lang='lat' dir='ltr'>vt</span> <span class='ocrx_word' id='word_1_36' title='bbox 255 378 386 412; x_wconf 86' lang='lat' dir='ltr'>monasterium</span> <span class='ocrx_word' id='word_1_37' title='bbox 400 383 527 411; x_wconf 83' lang='lat' dir='ltr'>construerent</span> <span class='ocrx_word' id='word_1_38' title='bbox 540 379 563 411; x_wconf 91' lang='lat' dir='ltr'>ad</span> <span class='ocrx_word' id='word_1_39' title='bbox 576 383 686 421; x_wconf 88' lang='lat' dir='ltr'>perpetuum</span> <span class='ocrx_word' id='word_1_40' title='bbox 702 378 841 421; x_wconf 85' lang='lat' dir='ltr'>peregrinorum</span> 
     </span>
     <span class='ocr_line' id='line_1_6' title="bbox 123 430 841 472; baseline -0.001 -9"><span class='ocrx_word' id='word_1_41' title='bbox 123 430 244 472; x_wconf 82' lang='lat' dir='ltr'>5hospitium.</span> <span class='ocrx_word' id='word_1_42' title='bbox 268 430 356 463; x_wconf 87' lang='lat' dir='ltr'>Edificato</span> <span class='ocrx_word' id='word_1_43' title='bbox 368 434 430 462; x_wconf 86' lang='lat' dir='ltr'>autem</span> <span class='ocrx_word' id='word_1_44' title='bbox 441 431 558 471; x_wconf 87' lang='lat' dir='ltr'>monasterio,</span> <span class='ocrx_word' id='word_1_45' title='bbox 566 430 644 463; x_wconf 89' lang='lat' dir='ltr'>Vltanus</span> <span class='ocrx_word' id='word_1_46' title='bbox 655 434 715 463; x_wconf 89' lang='lat' dir='ltr'>rector</span> <span class='ocrx_word' id='word_1_47' title='bbox 725 430 772 463; x_wconf 89' lang='lat' dir='ltr'>sedit</span> <span class='ocrx_word' id='word_1_48' title='bbox 784 430 803 462; x_wconf 89' lang='lat' dir='ltr'>in</span> <span class='ocrx_word' id='word_1_49' title='bbox 814 440 841 470; x_wconf 91' lang='lat' dir='ltr'>eo,</span> 
     </span>
     <span class='ocr_line' id='line_1_7' title="bbox 141 480 841 526; baseline -0.001 -9"><span class='ocrx_word' id='word_1_50' title='bbox 141 481 233 517; x_wconf 87' lang='lat' dir='ltr'>Foillanus</span> <span class='ocrx_word' id='word_1_51' title='bbox 241 493 285 517; x_wconf 91' lang='lat' dir='ltr'>vero</span> <span class='ocrx_word' id='word_1_52' title='bbox 294 483 347 517; x_wconf 87' lang='lat' dir='ltr'>beate</span> <span class='ocrx_word' id='word_1_53' title='bbox 354 481 431 525; x_wconf 83' lang='lat' dir='ltr'>virginis</span> <span class='ocrx_word' id='word_1_54' title='bbox 442 493 462 517; x_wconf 91' lang='lat' dir='ltr'>se</span> <span class='ocrx_word' id='word_1_55' title='bbox 472 482 550 516; x_wconf 84' lang='lat' dir='ltr'>reddidit</span> <span class='ocrx_word' id='word_1_56' title='bbox 561 481 627 516; x_wconf 90' lang='lat' dir='ltr'>officio.</span> <span class='ocrx_word' id='word_1_57' title='bbox 650 482 704 524; x_wconf 85' lang='lat' dir='ltr'>Quod</span> <span class='ocrx_word' id='word_1_58' title='bbox 712 492 753 516; x_wconf 90' lang='lat' dir='ltr'>cum</span> <span class='ocrx_word' id='word_1_59' title='bbox 763 480 841 526; x_wconf 76' lang='lat' dir='ltr'>plurImo</span> 
     </span>
     <span class='ocr_line' id='line_1_8' title="bbox 139 535 841 580; baseline -0.001 -11"><span class='ocrx_word' id='word_1_60' title='bbox 139 535 244 580; x_wconf 86' lang='lat' dir='ltr'>peregisset</span> <span class='ocrx_word' id='word_1_61' title='bbox 251 542 340 580; x_wconf 88' lang='lat' dir='ltr'>tempore,</span> <span class='ocrx_word' id='word_1_62' title='bbox 348 537 461 579; x_wconf 87' lang='lat' dir='ltr'>deuotasque</span> <span class='ocrx_word' id='word_1_63' title='bbox 469 536 551 569; x_wconf 88' lang='lat' dir='ltr'>fidelium</span> <span class='ocrx_word' id='word_1_64' title='bbox 559 540 631 569; x_wconf 86' lang='lat' dir='ltr'>mentes</span> <span class='ocrx_word' id='word_1_65' title='bbox 639 536 662 569; x_wconf 93' lang='lat' dir='ltr'>ad</span> <span class='ocrx_word' id='word_1_66' title='bbox 670 536 758 570; x_wconf 90' lang='lat' dir='ltr'>virtutum</span> <span class='ocrx_word' id='word_1_67' title='bbox 769 535 841 569; x_wconf 86' lang='lat' dir='ltr'>culmen</span> 
     </span>
     <span class='ocr_line' id='line_1_9' title="bbox 139 588 841 634; baseline 0 -11"><span class='ocrx_word' id='word_1_68' title='bbox 139 591 211 634; x_wconf 86' lang='lat' dir='ltr'>erigere</span> <span class='ocrx_word' id='word_1_69' title='bbox 219 594 237 623; x_wconf 93' lang='lat' dir='ltr'>et</span> <span class='ocrx_word' id='word_1_70' title='bbox 244 590 267 623; x_wconf 92' lang='lat' dir='ltr'>ad</span> <span class='ocrx_word' id='word_1_71' title='bbox 273 588 392 633; x_wconf 85' lang='lat' dir='ltr'>perfectionis</span> <span class='ocrx_word' id='word_1_72' title='bbox 399 589 516 632; x_wconf 87' lang='lat' dir='ltr'>studui[sse]t</span> <span class='ocrx_word' id='word_1_73' title='bbox 521 589 527 608; x_wconf 93' lang='lat'>¹</span> <span class='ocrx_word' id='word_1_74' title='bbox 533 589 605 633; x_wconf 85' lang='lat' dir='ltr'>fastigia</span> <span class='ocrx_word' id='word_1_75' title='bbox 611 588 702 623; x_wconf 88' lang='lat' dir='ltr'>concitare</span> <span class='ocrx_word' id='word_1_76' title='bbox 707 589 723 631; x_wconf 78' lang='lat'>²3</span> <span class='ocrx_word' id='word_1_77' title='bbox 732 600 774 623; x_wconf 89' lang='lat' dir='ltr'>cum</span> <span class='ocrx_word' id='word_1_78' title='bbox 780 593 841 623; x_wconf 86' lang='lat' dir='ltr'>autem</span> 
     </span>
     <span class='ocr_line' id='line_1_10' title="bbox 140 642 841 687; baseline -0.001 -10"><span class='ocrx_word' id='word_1_79' title='bbox 140 643 215 678; x_wconf 81' lang='lat' dir='ltr'>fratrem</span> <span class='ocrx_word' id='word_1_80' title='bbox 226 654 280 677; x_wconf 89' lang='lat' dir='ltr'>suum</span> <span class='ocrx_word' id='word_1_81' title='bbox 287 643 380 685; x_wconf 78' lang='lat' dir='ltr'>Vhanum,</span> <span class='ocrx_word' id='word_1_82' title='bbox 389 653 461 676; x_wconf 86' lang='lat' dir='ltr'>necnon</span> <span class='ocrx_word' id='word_1_83' title='bbox 472 642 537 677; x_wconf 86' lang='lat' dir='ltr'>fratres</span> <span class='ocrx_word' id='word_1_84' title='bbox 549 644 568 676; x_wconf 91' lang='lat' dir='ltr'>in</span> <span class='ocrx_word' id='word_1_85' title='bbox 579 642 655 677; x_wconf 88' lang='lat' dir='ltr'>cenobio</span> <span class='ocrx_word' id='word_1_86' title='bbox 667 643 756 687; x_wconf 83' lang='lat' dir='ltr'>degentes</span> <span class='ocrx_word' id='word_1_87' title='bbox 767 642 841 677; x_wconf 87' lang='lat' dir='ltr'>visitare</span> 
     </span>
     <span class='ocr_line' id='line_1_11' title="bbox 113 695 841 740; baseline 0 -11"><span class='ocrx_word' id='word_1_88' title='bbox 113 707 131 729; x_wconf 89' lang='lat' dir='ltr'>ro</span> <span class='ocrx_word' id='word_1_89' title='bbox 139 696 257 737; x_wconf 87' lang='lat' dir='ltr'>decreuisset,</span> <span class='ocrx_word' id='word_1_90' title='bbox 269 697 364 730; x_wconf 86' lang='lat' dir='ltr'>celebratis</span> <span class='ocrx_word' id='word_1_91' title='bbox 376 695 474 730; x_wconf 89' lang='lat' dir='ltr'>missarum</span> <span class='ocrx_word' id='word_1_92' title='bbox 488 695 596 740; x_wconf 86' lang='lat' dir='ltr'>solempniis</span> <span class='ocrx_word' id='word_1_93' title='bbox 607 696 673 740; x_wconf 83' lang='lat' dir='ltr'>virgini</span> <span class='ocrx_word' id='word_1_94' title='bbox 686 696 783 730; x_wconf 88' lang='lat' dir='ltr'>Geretrudi</span> <span class='ocrx_word' id='word_1_95' title='bbox 794 696 841 730; x_wconf 87' lang='lat' dir='ltr'>vale·</span> 
     </span>
     <span class='ocr_line' id='line_1_12' title="bbox 140 750 841 794; baseline -0.003 -9"><span class='ocrx_word' id='word_1_96' title='bbox 140 751 203 785; x_wconf 90' lang='lat' dir='ltr'>dicens</span> <span class='ocrx_word' id='word_1_97' title='bbox 215 756 233 784; x_wconf 93' lang='lat' dir='ltr'>et</span> <span class='ocrx_word' id='word_1_98' title='bbox 244 751 330 784; x_wconf 88' lang='lat' dir='ltr'>fratribus</span> <span class='ocrx_word' id='word_1_99' title='bbox 342 756 360 784; x_wconf 92' lang='lat' dir='ltr'>et</span> <span class='ocrx_word' id='word_1_100' title='bbox 372 750 547 793; x_wconf 86' lang='lat' dir='ltr'>sanctimonialibus,</span> <span class='ocrx_word' id='word_1_101' title='bbox 559 760 659 794; x_wconf 89' lang='lat' dir='ltr'>eorumque</span> <span class='ocrx_word' id='word_1_102' title='bbox 674 761 694 784; x_wconf 86' lang='lat' dir='ltr'>se</span> <span class='ocrx_word' id='word_1_103' title='bbox 710 750 841 784; x_wconf 90' lang='lat' dir='ltr'>commendans</span> 
     </span>
     <span class='ocr_line' id='line_1_13' title="bbox 140 802 842 848; baseline -0.001 -11"><span class='ocrx_word' id='word_1_104' title='bbox 140 804 231 848; x_wconf 81' lang='lat' dir='ltr'>precibus,</span> <span class='ocrx_word' id='word_1_105' title='bbox 238 803 320 847; x_wconf 91' lang='lat' dir='ltr'>corporis</span> <span class='ocrx_word' id='word_1_106' title='bbox 328 803 357 837; x_wconf 88' lang='lat' dir='ltr'>sui</span> <span class='ocrx_word' id='word_1_107' title='bbox 364 803 478 846; x_wconf 86' lang='lat' dir='ltr'>sepulturam</span> <span class='ocrx_word' id='word_1_108' title='bbox 486 805 565 846; x_wconf 89' lang='lat' dir='ltr'>quadam</span> <span class='ocrx_word' id='word_1_109' title='bbox 573 803 629 837; x_wconf 92' lang='lat' dir='ltr'>animi</span> <span class='ocrx_word' id='word_1_110' title='bbox 640 803 779 846; x_wconf 81' lang='lat' dir='ltr'>perspicacitate</span> <span class='ocrx_word' id='word_1_111' title='bbox 788 802 842 846; x_wconf 82' lang='lat' dir='ltr'>[eis]²&#39;</span> 
     </span>
     <span class='ocr_line' id='line_1_14' title="bbox 140 855 841 901; baseline -0.004 -9"><span class='ocrx_word' id='word_1_112' title='bbox 140 855 226 892; x_wconf 87' lang='lat' dir='ltr'>attentius</span> <span class='ocrx_word' id='word_1_113' title='bbox 237 856 381 891; x_wconf 86' lang='lat' dir='ltr'>commendabat.</span> <span class='ocrx_word' id='word_1_114' title='bbox 404 855 427 889; x_wconf 88' lang='lat' dir='ltr'>Et</span> <span class='ocrx_word' id='word_1_115' title='bbox 438 855 538 901; x_wconf 88' lang='lat' dir='ltr'>assumptis</span> <span class='ocrx_word' id='word_1_116' title='bbox 550 866 613 891; x_wconf 90' lang='lat' dir='ltr'>secum</span> <span class='ocrx_word' id='word_1_117' title='bbox 625 855 683 890; x_wconf 90' lang='lat' dir='ltr'>tribus</span> <span class='ocrx_word' id='word_1_118' title='bbox 695 855 786 898; x_wconf 85' lang='lat' dir='ltr'>fratribus,</span> <span class='ocrx_word' id='word_1_119' title='bbox 798 855 841 889; x_wconf 93' lang='lat' dir='ltr'>dum</span> 
     </span>
     <span class='ocr_line' id='line_1_15' title="bbox 140 908 842 952; baseline -0.004 -8"><span class='ocrx_word' id='word_1_120' title='bbox 140 911 170 944; x_wconf 91' lang='lat' dir='ltr'>vie</span> <span class='ocrx_word' id='word_1_121' title='bbox 189 910 262 943; x_wconf 90' lang='lat' dir='ltr'>nescius</span> <span class='ocrx_word' id='word_1_122' title='bbox 282 921 316 952; x_wconf 90' lang='lat' dir='ltr'>per</span> <span class='ocrx_word' id='word_1_123' title='bbox 337 910 430 952; x_wconf 83' lang='lat' dir='ltr'>quendam</span> <span class='ocrx_word' id='word_1_124' title='bbox 449 910 515 942; x_wconf 91' lang='lat' dir='ltr'>saltum</span> <span class='ocrx_word' id='word_1_125' title='bbox 534 911 575 951; x_wconf 89' lang='lat' dir='ltr'>iret,</span> <span class='ocrx_word' id='word_1_126' title='bbox 595 910 647 942; x_wconf 89' lang='lat' dir='ltr'>adest</span> <span class='ocrx_word' id='word_1_127' title='bbox 666 910 739 951; x_wconf 90' lang='lat' dir='ltr'>quidam</span> <span class='ocrx_word' id='word_1_128' title='bbox 759 908 842 942; x_wconf 87' lang='lat' dir='ltr'>minister</span> 
     </span>
     <span class='ocr_line' id='line_1_16' title="bbox 114 961 842 1007; baseline 0.003 -14"><span class='ocrx_word' id='word_1_129' title='bbox 114 973 131 1004; x_wconf 80' lang='lat'>15</span> <span class='ocrx_word' id='word_1_130' title='bbox 141 962 213 1004; x_wconf 87' lang='lat' dir='ltr'>diaboli,</span> <span class='ocrx_word' id='word_1_131' title='bbox 222 963 252 1007; x_wconf 91' lang='lat' dir='ltr'>qui</span> <span class='ocrx_word' id='word_1_132' title='bbox 260 962 324 996; x_wconf 87' lang='lat' dir='ltr'>falsam</span> <span class='ocrx_word' id='word_1_133' title='bbox 332 961 406 1006; x_wconf 89' lang='lat' dir='ltr'>hospitii</span> <span class='ocrx_word' id='word_1_134' title='bbox 417 961 505 995; x_wconf 84' lang='lat' dir='ltr'>simulans</span> <span class='ocrx_word' id='word_1_135' title='bbox 517 961 653 1004; x_wconf 85' lang='lat' dir='ltr'>humanitatem,</span> <span class='ocrx_word' id='word_1_136' title='bbox 664 961 699 995; x_wconf 92' lang='lat' dir='ltr'>illis</span> <span class='ocrx_word' id='word_1_137' title='bbox 708 972 773 995; x_wconf 88' lang='lat' dir='ltr'>necem</span> <span class='ocrx_word' id='word_1_138' title='bbox 785 966 842 1006; x_wconf 81' lang='lat' dir='ltr'>parat.</span> 
     </span>
     <span class='ocr_line' id='line_1_17' title="bbox 141 1015 841 1060; baseline -0.004 -9"><span class='ocrx_word' id='word_1_139' title='bbox 141 1017 206 1060; x_wconf 90' lang='lat' dir='ltr'>Neque</span> <span class='ocrx_word' id='word_1_140' title='bbox 219 1016 268 1050; x_wconf 90' lang='lat' dir='ltr'>enim</span> <span class='ocrx_word' id='word_1_141' title='bbox 280 1016 338 1050; x_wconf 90' lang='lat' dir='ltr'>latere</span> <span class='ocrx_word' id='word_1_142' title='bbox 353 1020 424 1060; x_wconf 89' lang='lat' dir='ltr'>poterat</span> <span class='ocrx_word' id='word_1_143' title='bbox 437 1015 497 1050; x_wconf 91' lang='lat' dir='ltr'>virum</span> <span class='ocrx_word' id='word_1_144' title='bbox 513 1015 578 1059; x_wconf 88' lang='lat' dir='ltr'>spiritu</span> <span class='ocrx_word' id='word_1_145' title='bbox 590 1020 654 1048; x_wconf 91' lang='lat' dir='ltr'>sancto</span> <span class='ocrx_word' id='word_1_146' title='bbox 665 1015 746 1059; x_wconf 90' lang='lat' dir='ltr'>plenum,</span> <span class='ocrx_word' id='word_1_147' title='bbox 758 1015 841 1049; x_wconf 91' lang='lat' dir='ltr'>dolosum</span> 
     </span>
     <span class='ocr_line' id='line_1_18' title="bbox 141 1068 842 1104; baseline -0.003 0"><span class='ocrx_word' id='word_1_148' title='bbox 141 1069 223 1104; x_wconf 86' lang='lat' dir='ltr'>satellitis</span> <span class='ocrx_word' id='word_1_149' title='bbox 232 1070 308 1103; x_wconf 88' lang='lat' dir='ltr'>sathane</span> <span class='ocrx_word' id='word_1_150' title='bbox 317 1069 490 1103; x_wconf 87' lang='lat' dir='ltr'>machinamentum.</span> <span class='ocrx_word' id='word_1_151' title='bbox 513 1069 566 1103; x_wconf 90' lang='lat' dir='ltr'>Vnde</span> <span class='ocrx_word' id='word_1_152' title='bbox 574 1069 597 1102; x_wconf 91' lang='lat' dir='ltr'>ad</span> <span class='ocrx_word' id='word_1_153' title='bbox 606 1068 667 1102; x_wconf 89' lang='lat' dir='ltr'>omnia</span> <span class='ocrx_word' id='word_1_154' title='bbox 675 1069 753 1102; x_wconf 87' lang='lat' dir='ltr'>aduersa</span> <span class='ocrx_word' id='word_1_155' title='bbox 761 1068 842 1102; x_wconf 86' lang='lat' dir='ltr'>animum</span> 
     </span>
     <span class='ocr_line' id='line_1_19' title="bbox 140 1120 841 1167; baseline -0.004 -10"><span class='ocrx_word' id='word_1_156' title='bbox 140 1124 211 1157; x_wconf 89' lang='lat' dir='ltr'>habens</span> <span class='ocrx_word' id='word_1_157' title='bbox 217 1127 306 1167; x_wconf 87' lang='lat' dir='ltr'>paratum,</span> <span class='ocrx_word' id='word_1_158' title='bbox 311 1133 363 1156; x_wconf 90' lang='lat' dir='ltr'>more</span> <span class='ocrx_word' id='word_1_159' title='bbox 370 1121 422 1155; x_wconf 92' lang='lat' dir='ltr'>solito</span> <span class='ocrx_word' id='word_1_160' title='bbox 427 1121 445 1155; x_wconf 92' lang='lat' dir='ltr'>in</span> <span class='ocrx_word' id='word_1_161' title='bbox 452 1121 577 1165; x_wconf 89' lang='lat' dir='ltr'>spiritualibus</span> <span class='ocrx_word' id='word_1_162' title='bbox 583 1120 657 1155; x_wconf 86' lang='lat' dir='ltr'>canticis</span> <span class='ocrx_word' id='word_1_163' title='bbox 663 1132 740 1165; x_wconf 82' lang='lat' dir='ltr'>pernox,</span> <span class='ocrx_word' id='word_1_164' title='bbox 746 1121 771 1166; x_wconf 86' lang='lat' dir='ltr'>[a]</span> <span class='ocrx_word' id='word_1_165' title='bbox 776 1120 841 1165; x_wconf 91' lang='lat' dir='ltr'>quibus</span> 
     </span>
     <span class='ocr_line' id='line_1_20' title="bbox 140 1174 841 1219; baseline -0.004 -9"><span class='ocrx_word' id='word_1_166' title='bbox 140 1181 194 1211; x_wconf 87' lang='lat' dir='ltr'>nocte</span> <span class='ocrx_word' id='word_1_167' title='bbox 202 1187 222 1209; x_wconf 90' lang='lat' dir='ltr'>ac</span> <span class='ocrx_word' id='word_1_168' title='bbox 230 1176 260 1210; x_wconf 87' lang='lat' dir='ltr'>die</span> <span class='ocrx_word' id='word_1_169' title='bbox 268 1177 302 1210; x_wconf 92' lang='lat' dir='ltr'>deo</span> <span class='ocrx_word' id='word_1_170' title='bbox 313 1176 348 1209; x_wconf 91' lang='lat' dir='ltr'>soli</span> <span class='ocrx_word' id='word_1_171' title='bbox 354 1185 423 1209; x_wconf 88' lang='lat' dir='ltr'>vacans</span> <span class='ocrx_word' id='word_1_172' title='bbox 433 1186 470 1208; x_wconf 89' lang='lat' dir='ltr'>nou</span> <span class='ocrx_word' id='word_1_173' title='bbox 480 1176 570 1218; x_wconf 75' lang='lat' dir='ltr'>cessabat,</span> <span class='ocrx_word' id='word_1_174' title='bbox 577 1180 665 1208; x_wconf 86' lang='lat' dir='ltr'>euentum</span> <span class='ocrx_word' id='word_1_175' title='bbox 673 1176 699 1208; x_wconf 85' lang='lat' dir='ltr'>rei</span> <span class='ocrx_word' id='word_1_176' title='bbox 707 1174 841 1219; x_wconf 89' lang='lat' dir='ltr'>imperterritus</span> 
     </span>
     <span class='ocr_line' id='line_1_21' title="bbox 113 1227 842 1273; baseline -0.005 -10"><span class='ocrx_word' id='word_1_177' title='bbox 113 1243 133 1263; x_wconf 83' lang='lat'>20</span> <span class='ocrx_word' id='word_1_178' title='bbox 141 1230 255 1273; x_wconf 78' lang='lat' dir='ltr'>expectabat,</span> <span class='ocrx_word' id='word_1_179' title='bbox 264 1239 285 1262; x_wconf 91' lang='lat' dir='ltr'>se</span> <span class='ocrx_word' id='word_1_180' title='bbox 292 1239 313 1261; x_wconf 88' lang='lat' dir='ltr'>ac</span> <span class='ocrx_word' id='word_1_181' title='bbox 322 1228 381 1262; x_wconf 89' lang='lat' dir='ltr'>socios</span> <span class='ocrx_word' id='word_1_182' title='bbox 389 1227 450 1260; x_wconf 90' lang='lat' dir='ltr'>diuine</span> <span class='ocrx_word' id='word_1_183' title='bbox 458 1228 521 1271; x_wconf 89' lang='lat' dir='ltr'>pietati</span> <span class='ocrx_word' id='word_1_184' title='bbox 530 1228 669 1260; x_wconf 64' lang='lat' dir='ltr'>commendans,</span> <span class='ocrx_word' id='word_1_185' title='bbox 692 1227 736 1261; x_wconf 89' lang='lat' dir='ltr'>Post</span> <span class='ocrx_word' id='word_1_186' title='bbox 746 1227 842 1261; x_wconf 88' lang='lat' dir='ltr'>matutina-</span> 
     </span>
     <span class='ocr_line' id='line_1_22' title="bbox 141 1279 842 1324; baseline -0.004 -10"><span class='ocrx_word' id='word_1_187' title='bbox 141 1292 182 1315; x_wconf 89' lang='lat' dir='ltr'>rum</span> <span class='ocrx_word' id='word_1_188' title='bbox 194 1292 238 1324; x_wconf 87' lang='lat' dir='ltr'>ergo</span> <span class='ocrx_word' id='word_1_189' title='bbox 250 1281 379 1324; x_wconf 85' lang='lat' dir='ltr'>expletionem,</span> <span class='ocrx_word' id='word_1_190' title='bbox 391 1291 433 1312; x_wconf 80' lang='lat' dir='ltr'>cunt</span> <span class='ocrx_word' id='word_1_191' title='bbox 444 1280 472 1313; x_wconf 88' lang='lat' dir='ltr'>vir</span> <span class='ocrx_word' id='word_1_192' title='bbox 484 1285 558 1313; x_wconf 88' lang='lat' dir='ltr'>sanctus</span> <span class='ocrx_word' id='word_1_193' title='bbox 569 1279 640 1313; x_wconf 87' lang='lat' dir='ltr'>videret</span> <span class='ocrx_word' id='word_1_194' title='bbox 651 1280 785 1313; x_wconf 88' lang='lat' dir='ltr'>commilitones</span> <span class='ocrx_word' id='word_1_195' title='bbox 798 1289 842 1312; x_wconf 92' lang='lat' dir='ltr'>suos</span> 
     </span>
     <span class='ocr_line' id='line_1_23' title="bbox 141 1332 842 1378; baseline -0.003 -10"><span class='ocrx_word' id='word_1_196' title='bbox 141 1339 235 1378; x_wconf 88' lang='lat' dir='ltr'>pauentes,</span> <span class='ocrx_word' id='word_1_197' title='bbox 247 1333 351 1367; x_wconf 82' lang='lat' dir='ltr'>confortans</span> <span class='ocrx_word' id='word_1_198' title='bbox 361 1343 393 1366; x_wconf 88' lang='lat' dir='ltr'>eos</span> <span class='ocrx_word' id='word_1_199' title='bbox 403 1332 460 1366; x_wconf 82' lang='lat' dir='ltr'>dixit:</span> <span class='ocrx_word' id='word_1_200' title='bbox 475 1332 553 1375; x_wconf 89' lang='lat' dir='ltr'>‘Nolite,</span> <span class='ocrx_word' id='word_1_201' title='bbox 564 1342 626 1376; x_wconf 88' lang='lat' dir='ltr'>queso,</span> <span class='ocrx_word' id='word_1_202' title='bbox 638 1332 703 1366; x_wconf 88' lang='lat' dir='ltr'>fratres</span> <span class='ocrx_word' id='word_1_203' title='bbox 714 1333 756 1374; x_wconf 89' lang='lat' dir='ltr'>mei,</span> <span class='ocrx_word' id='word_1_204' title='bbox 768 1332 842 1372; x_wconf 81' lang='lat' dir='ltr'>turbari,</span> 
     </span>
     <span class='ocr_line' id='line_1_24' title="bbox 141 1384 842 1429; baseline -0.003 -9"><span class='ocrx_word' id='word_1_205' title='bbox 141 1386 196 1421; x_wconf 89' lang='lat' dir='ltr'>nolite</span> <span class='ocrx_word' id='word_1_206' title='bbox 204 1387 268 1420; x_wconf 87' lang='lat' dir='ltr'>mortis</span> <span class='ocrx_word' id='word_1_207' title='bbox 276 1385 372 1419; x_wconf 88' lang='lat' dir='ltr'>formidine</span> <span class='ocrx_word' id='word_1_208' title='bbox 380 1385 462 1419; x_wconf 88' lang='lat' dir='ltr'>concuti:</span> <span class='ocrx_word' id='word_1_209' title='bbox 474 1390 546 1429; x_wconf 87' lang='lat' dir='ltr'>oportet</span> <span class='ocrx_word' id='word_1_210' title='bbox 552 1385 627 1429; x_wconf 90' lang='lat' dir='ltr'>quidem</span> <span class='ocrx_word' id='word_1_211' title='bbox 634 1384 668 1418; x_wconf 91' lang='lat' dir='ltr'>hec</span> <span class='ocrx_word' id='word_1_212' title='bbox 677 1384 721 1427; x_wconf 87' lang='lat' dir='ltr'>lieri,</span> <span class='ocrx_word' id='word_1_213' title='bbox 729 1390 800 1429; x_wconf 90' lang='lat' dir='ltr'>oportet</span> <span class='ocrx_word' id='word_1_214' title='bbox 808 1395 842 1418; x_wconf 92' lang='lat' dir='ltr'>nos</span> 
     </span>
     <span class='ocr_line' id='line_1_25' title="bbox 140 1437 842 1482; baseline -0.003 -7"><span class='ocrx_word' id='word_1_215' title='bbox 140 1445 189 1476; x_wconf 87' lang='lat' dir='ltr'>stare</span> <span class='ocrx_word' id='word_1_216' title='bbox 203 1445 245 1474; x_wconf 84' lang='lat' dir='ltr'>ante</span> <span class='ocrx_word' id='word_1_217' title='bbox 258 1439 337 1474; x_wconf 88' lang='lat' dir='ltr'>tribunal</span> <span class='ocrx_word' id='word_1_218' title='bbox 351 1438 423 1473; x_wconf 86' lang='lat' dir='ltr'>Christi.</span> <span class='ocrx_word' id='word_1_219' title='bbox 447 1438 565 1482; x_wconf 80' lang='lat' dir='ltr'>Mementote,</span> <span class='ocrx_word' id='word_1_220' title='bbox 579 1437 611 1473; x_wconf 89' lang='lat' dir='ltr'>filii</span> <span class='ocrx_word' id='word_1_221' title='bbox 624 1437 732 1482; x_wconf 87' lang='lat' dir='ltr'>charissimi,</span> <span class='ocrx_word' id='word_1_222' title='bbox 744 1439 842 1475; x_wconf 86' lang='lat' dir='ltr'>verborum</span> 
     </span>
     <span class='ocr_line' id='line_1_26' title="bbox 113 1492 842 1537; baseline -0.001 -9"><span class='ocrx_word' id='word_1_223' title='bbox 113 1507 131 1536; x_wconf 81' lang='lat'>²5</span> <span class='ocrx_word' id='word_1_224' title='bbox 141 1494 210 1529; x_wconf 89' lang='lat' dir='ltr'>domini</span> <span class='ocrx_word' id='word_1_225' title='bbox 221 1495 231 1511; x_wconf 92' lang='lat'><strong>“</strong></span> <span class='ocrx_word' id='word_1_226' title='bbox 236 1493 297 1536; x_wconf 90' lang='lat' dir='ltr'>nolite,</span> <span class='ocrx_word' id='word_1_227' title='bbox 308 1493 407 1537; x_wconf 89' lang='lat' dir='ltr'>inquientis</span> <span class='ocrx_word' id='word_1_228' title='bbox 412 1492 424 1534; x_wconf 75' lang='lat'>⁴,</span> <span class='ocrx_word' id='word_1_229' title='bbox 432 1492 497 1527; x_wconf 89' lang='lat' dir='ltr'>timere</span> <span class='ocrx_word' id='word_1_230' title='bbox 508 1504 540 1527; x_wconf 91' lang='lat' dir='ltr'>eos</span> <span class='ocrx_word' id='word_1_231' title='bbox 549 1493 580 1536; x_wconf 93' lang='lat' dir='ltr'>qui</span> <span class='ocrx_word' id='word_1_232' title='bbox 588 1492 672 1526; x_wconf 88' lang='lat' dir='ltr'>occidunt</span> <span class='ocrx_word' id='word_1_233' title='bbox 682 1503 754 1537; x_wconf 90' lang='lat' dir='ltr'>corpus,</span> <span class='ocrx_word' id='word_1_234' title='bbox 762 1493 842 1527; x_wconf 87' lang='lat' dir='ltr'>animam</span> 
     </span>
     <span class='ocr_line' id='line_1_27' title="bbox 141 1545 842 1590; baseline -0.001 -10"><span class='ocrx_word' id='word_1_235' title='bbox 141 1553 203 1581; x_wconf 89' lang='lat' dir='ltr'>autem</span> <span class='ocrx_word' id='word_1_236' title='bbox 221 1558 259 1580; x_wconf 91' lang='lat' dir='ltr'>non</span> <span class='ocrx_word' id='word_1_237' title='bbox 277 1551 357 1590; x_wconf 85' lang='lat' dir='ltr'>possunt</span> <span class='ocrx_word' id='word_1_238' title='bbox 375 1545 474 1579; x_wconf 86' lang='lat' dir='ltr'>occidere.¹&#39;</span> <span class='ocrx_word' id='word_1_239' title='bbox 506 1546 577 1587; x_wconf 81' lang='lat' dir='ltr'>Quodsi</span> <span class='ocrx_word' id='word_1_240' title='bbox 596 1545 750 1590; x_wconf 87' lang='lat' dir='ltr'>appropinquauit</span> <span class='ocrx_word' id='word_1_241' title='bbox 769 1551 842 1589; x_wconf 90' lang='lat' dir='ltr'>tempus</span> 
     </span>
     <span class='ocr_line' id='line_1_28' title="bbox 142 1597 842 1648; baseline -0.003 -14"><span class='ocrx_word' id='word_1_242' title='bbox 142 1600 253 1644; x_wconf 73' lang='grc' dir='ltr'>[Ποεῑι-υῐη]5</span> <span class='ocrx_word' id='word_1_243' title='bbox 261 1605 279 1634; x_wconf 94' lang='lat' dir='ltr'>et</span> <span class='ocrx_word' id='word_1_244' title='bbox 287 1600 328 1648; x_wconf 84' lang='lat' dir='ltr'>ideo</span> <span class='ocrx_word' id='word_1_245' title='bbox 336 1609 384 1634; x_wconf 87' lang='lat' dir='ltr'>nunc</span> <span class='ocrx_word' id='word_1_246' title='bbox 393 1598 478 1633; x_wconf 89' lang='lat' dir='ltr'>dominus</span> <span class='ocrx_word' id='word_1_247' title='bbox 486 1609 519 1633; x_wconf 91' lang='lat' dir='ltr'>suo</span> <span class='ocrx_word' id='word_1_248' title='bbox 527 1598 575 1633; x_wconf 89' lang='lat' dir='ltr'>iusto</span> <span class='ocrx_word' id='word_1_249' title='bbox 583 1597 651 1640; x_wconf 90' lang='lat' dir='ltr'>iuditio,</span> <span class='ocrx_word' id='word_1_250' title='bbox 658 1598 699 1633; x_wconf 89' lang='lat' dir='ltr'>licet</span> <span class='ocrx_word' id='word_1_251' title='bbox 707 1599 759 1634; x_wconf 91' lang='lat' dir='ltr'>nobis</span> <span class='ocrx_word' id='word_1_252' title='bbox 767 1599 842 1641; x_wconf 89' lang='lat' dir='ltr'>occulto,</span> 
     </span>
     <span class='ocr_line' id='line_1_29' title="bbox 141 1652 842 1696; baseline -0.001 -8"><span class='ocrx_word' id='word_1_253' title='bbox 141 1665 176 1688; x_wconf 89' lang='lat' dir='ltr'>nos</span> <span class='ocrx_word' id='word_1_254' title='bbox 187 1654 206 1687; x_wconf 89' lang='lat' dir='ltr'>in</span> <span class='ocrx_word' id='word_1_255' title='bbox 218 1664 284 1687; x_wconf 89' lang='lat' dir='ltr'>manus</span> <span class='ocrx_word' id='word_1_256' title='bbox 299 1653 373 1686; x_wconf 88' lang='lat' dir='ltr'>tradidit</span> <span class='ocrx_word' id='word_1_257' title='bbox 388 1652 498 1695; x_wconf 87' lang='lat' dir='ltr'>iniquorum,</span> <span class='ocrx_word' id='word_1_258' title='bbox 510 1652 605 1686; x_wconf 89' lang='lat' dir='ltr'>laudantes</span> <span class='ocrx_word' id='word_1_259' title='bbox 619 1662 661 1685; x_wconf 91' lang='lat' dir='ltr'>eum</span> <span class='ocrx_word' id='word_1_260' title='bbox 676 1652 695 1686; x_wconf 90' lang='lat' dir='ltr'>in</span> <span class='ocrx_word' id='word_1_261' title='bbox 711 1663 746 1696; x_wconf 91' lang='lat' dir='ltr'>quo</span> <span class='ocrx_word' id='word_1_262' title='bbox 762 1664 799 1687; x_wconf 91' lang='lat' dir='ltr'>non</span> <span class='ocrx_word' id='word_1_263' title='bbox 814 1658 842 1686; x_wconf 86' lang='lat' dir='ltr'>est</span> 
     </span>
     <span class='ocr_line' id='line_1_30' title="bbox 141 1705 843 1750; baseline -0.001 -11"><span class='ocrx_word' id='word_1_264' title='bbox 141 1707 227 1749; x_wconf 87' lang='lat' dir='ltr'>iniquitas</span> <span class='ocrx_word' id='word_1_265' title='bbox 238 1706 281 1749; x_wconf 89' lang='lat' dir='ltr'>quia</span> <span class='ocrx_word' id='word_1_266' title='bbox 290 1706 349 1738; x_wconf 89' lang='lat' dir='ltr'>iustus</span> <span class='ocrx_word' id='word_1_267' title='bbox 360 1710 388 1738; x_wconf 92' lang='lat' dir='ltr'>est</span> <span class='ocrx_word' id='word_1_268' title='bbox 399 1705 418 1737; x_wconf 88' lang='lat' dir='ltr'>in</span> <span class='ocrx_word' id='word_1_269' title='bbox 430 1705 515 1738; x_wconf 91' lang='lat' dir='ltr'>omnibus</span> <span class='ocrx_word' id='word_1_270' title='bbox 526 1705 561 1738; x_wconf 90' lang='lat' dir='ltr'>viis</span> <span class='ocrx_word' id='word_1_271' title='bbox 572 1705 616 1746; x_wconf 82' lang='lat' dir='ltr'>suis,</span> <span class='ocrx_word' id='word_1_272' title='bbox 628 1716 691 1738; x_wconf 88' lang='lat' dir='ltr'>eorum</span> <span class='ocrx_word' id='word_1_273' title='bbox 699 1706 761 1739; x_wconf 90' lang='lat' dir='ltr'>verbis</span> <span class='ocrx_word' id='word_1_274' title='bbox 769 1708 800 1750; x_wconf 90' lang='lat' dir='ltr'>qui</span> <span class='ocrx_word' id='word_1_275' title='bbox 809 1717 843 1749; x_wconf 93' lang='lat' dir='ltr'>pro</span> 
     </span>
     <span class='ocr_line' id='line_1_31' title="bbox 114 1757 842 1803; baseline 0 -10"><span class='ocrx_word' id='word_1_276' title='bbox 114 1772 133 1802; x_wconf 76' lang='lat'>50</span> <span class='ocrx_word' id='word_1_277' title='bbox 141 1764 251 1795; x_wconf 89' lang='lat' dir='ltr'>testamento</span> <span class='ocrx_word' id='word_1_278' title='bbox 263 1758 321 1803; x_wconf 90' lang='lat' dir='ltr'>ipsius</span> <span class='ocrx_word' id='word_1_279' title='bbox 329 1758 348 1792; x_wconf 94' lang='lat' dir='ltr'>in</span> <span class='ocrx_word' id='word_1_280' title='bbox 356 1762 434 1792; x_wconf 90' lang='lat' dir='ltr'>mortem</span> <span class='ocrx_word' id='word_1_281' title='bbox 444 1768 477 1792; x_wconf 86' lang='lat' dir='ltr'>sua</span> <span class='ocrx_word' id='word_1_282' title='bbox 487 1757 600 1793; x_wconf 86' lang='lat' dir='ltr'>tradiderunt</span> <span class='ocrx_word' id='word_1_283' title='bbox 610 1768 691 1803; x_wconf 88' lang='lat' dir='ltr'>corpora,</span> <span class='ocrx_word' id='word_1_284' title='bbox 700 1758 779 1794; x_wconf 89' lang='lat' dir='ltr'>humiles</span> <span class='ocrx_word' id='word_1_285' title='bbox 788 1764 842 1803; x_wconf 89' lang='lat' dir='ltr'>atque</span> 
     </span>
     <span class='ocr_line' id='line_1_32' title="bbox 142 1809 842 1855; baseline -0.001 -9"><span class='ocrx_word' id='word_1_286' title='bbox 142 1811 229 1855; x_wconf 83' lang='lat' dir='ltr'>intrepidi</span> <span class='ocrx_word' id='word_1_287' title='bbox 235 1812 317 1845; x_wconf 89' lang='lat' dir='ltr'>dicamus</span> <span class='ocrx_word' id='word_1_288' title='bbox 325 1823 328 1846; x_wconf 96' lang='lat'><strong>:</strong></span> <span class='ocrx_word' id='word_1_289' title='bbox 338 1814 348 1830; x_wconf 82' lang='lat'>‘¹</span> <span class='ocrx_word' id='word_1_290' title='bbox 354 1810 455 1845; x_wconf 91' lang='lat' dir='ltr'>Moriamur</span> <span class='ocrx_word' id='word_1_291' title='bbox 462 1816 480 1844; x_wconf 92' lang='lat' dir='ltr'>et</span> <span class='ocrx_word' id='word_1_292' title='bbox 488 1821 522 1844; x_wconf 92' lang='lat' dir='ltr'>nos</span> <span class='ocrx_word' id='word_1_293' title='bbox 528 1810 547 1844; x_wconf 90' lang='lat' dir='ltr'>in</span> <span class='ocrx_word' id='word_1_294' title='bbox 553 1809 753 1854; x_wconf 68' lang='lat' dir='ltr'>simplicitatelnostra,</span> <span class='ocrx_word' id='word_1_295' title='bbox 760 1817 778 1847; x_wconf 93' lang='lat' dir='ltr'>et</span> <span class='ocrx_word' id='word_1_296' title='bbox 786 1817 842 1846; x_wconf 86' lang='lat' dir='ltr'>testes</span> 
     </span>
     <span class='ocr_line' id='line_1_33' title="bbox 141 1863 841 1909; baseline -0.003 -8"><span class='ocrx_word' id='word_1_297' title='bbox 141 1871 194 1901; x_wconf 91' lang='lat' dir='ltr'>erunt</span> <span class='ocrx_word' id='word_1_298' title='bbox 205 1876 262 1909; x_wconf 89' lang='lat' dir='ltr'>super</span> <span class='ocrx_word' id='word_1_299' title='bbox 272 1875 307 1899; x_wconf 93' lang='lat' dir='ltr'>nos</span> <span class='ocrx_word' id='word_1_300' title='bbox 317 1864 377 1900; x_wconf 90' lang='lat' dir='ltr'>celum</span> <span class='ocrx_word' id='word_1_301' title='bbox 389 1869 407 1898; x_wconf 89' lang='lat' dir='ltr'>et</span> <span class='ocrx_word' id='word_1_302' title='bbox 419 1870 468 1898; x_wconf 85' lang='lat' dir='ltr'>terra</span> <span class='ocrx_word' id='word_1_303' title='bbox 479 1865 528 1908; x_wconf 92' lang='lat' dir='ltr'>quod</span> <span class='ocrx_word' id='word_1_304' title='bbox 540 1864 607 1899; x_wconf 92' lang='lat' dir='ltr'>iniuste</span> <span class='ocrx_word' id='word_1_305' title='bbox 618 1863 708 1908; x_wconf 86' lang='lat' dir='ltr'>perditis⁷</span> <span class='ocrx_word' id='word_1_306' title='bbox 721 1866 771 1900; x_wconf 90' lang='lat' dir='ltr'>nos.&#39;’</span> <span class='ocrx_word' id='word_1_307' title='bbox 795 1865 841 1900; x_wconf 88' lang='lat' dir='ltr'>Nam</span> 
     </span>
     <span class='ocr_line' id='line_1_34' title="bbox 142 1918 843 1962; baseline -0.004 -8"><span class='ocrx_word' id='word_1_308' title='bbox 142 1931 176 1954; x_wconf 90' lang='lat' dir='ltr'>nos</span> <span class='ocrx_word' id='word_1_309' title='bbox 187 1919 236 1953; x_wconf 89' lang='lat' dir='ltr'>serui</span> <span class='ocrx_word' id='word_1_310' title='bbox 247 1918 321 1952; x_wconf 91' lang='lat' dir='ltr'>inutiles</span> <span class='ocrx_word' id='word_1_311' title='bbox 332 1928 364 1952; x_wconf 87' lang='lat' dir='ltr'>cur</span> <span class='ocrx_word' id='word_1_312' title='bbox 375 1918 440 1952; x_wconf 87' lang='lat' dir='ltr'>mortis</span> <span class='ocrx_word' id='word_1_313' title='bbox 449 1918 497 1952; x_wconf 86' lang='lat' dir='ltr'>viam</span> <span class='ocrx_word' id='word_1_314' title='bbox 508 1918 580 1961; x_wconf 83' lang='lat' dir='ltr'>ingredi</span> <span class='ocrx_word' id='word_1_315' title='bbox 589 1918 746 1961; x_wconf 89' lang='lat' dir='ltr'>pertimescamus,</span> <span class='ocrx_word' id='word_1_316' title='bbox 757 1919 797 1954; x_wconf 92' lang='lat' dir='ltr'>sine</span> <span class='ocrx_word' id='word_1_317' title='bbox 808 1929 843 1962; x_wconf 86' lang='lat' dir='ltr'>qua</span> 
     </span>
     <span class='ocr_line' id='line_1_35' title="bbox 141 1971 842 2014; baseline -0.001 -7"><span class='ocrx_word' id='word_1_318' title='bbox 141 1974 164 2007; x_wconf 87' lang='lat' dir='ltr'>ad</span> <span class='ocrx_word' id='word_1_319' title='bbox 179 1983 242 2007; x_wconf 88' lang='lat' dir='ltr'>veram</span> <span class='ocrx_word' id='word_1_320' title='bbox 257 1971 314 2006; x_wconf 91' lang='lat' dir='ltr'>vitam</span> <span class='ocrx_word' id='word_1_321' title='bbox 331 1972 394 2014; x_wconf 88' lang='lat' dir='ltr'>nequit</span> <span class='ocrx_word' id='word_1_322' title='bbox 413 1971 453 2004; x_wconf 89' lang='lat' dir='ltr'>fieri</span> <span class='ocrx_word' id='word_1_323' title='bbox 472 1971 566 2013; x_wconf 90' lang='lat' dir='ltr'>transitus,</span> <span class='ocrx_word' id='word_1_324' title='bbox 583 1981 624 2005; x_wconf 91' lang='lat' dir='ltr'>cum</span> <span class='ocrx_word' id='word_1_325' title='bbox 641 1972 699 2005; x_wconf 64' lang='lat' dir='ltr'>‘deum</span> <span class='ocrx_word' id='word_1_326' title='bbox 715 1977 733 2006; x_wconf 92' lang='lat' dir='ltr'>et</span> <span class='ocrx_word' id='word_1_327' title='bbox 748 1972 842 2006; x_wconf 91' lang='lat' dir='ltr'>dominum</span> 
     </span>
     <span class='ocr_line' id='line_1_36' title="bbox 113 2024 842 2071; baseline -0.004 -10"><span class='ocrx_word' id='word_1_328' title='bbox 113 2038 131 2068; x_wconf 81' lang='lat'>35</span> <span class='ocrx_word' id='word_1_329' title='bbox 141 2031 225 2061; x_wconf 88' lang='lat' dir='ltr'>nostrum</span> <span class='ocrx_word' id='word_1_330' title='bbox 240 2025 300 2069; x_wconf 86' lang='lat' dir='ltr'>ipsam</span> <span class='ocrx_word' id='word_1_331' title='bbox 315 2024 387 2059; x_wconf 86' lang='lat' dir='ltr'>subisse</span> <span class='ocrx_word' id='word_1_332' title='bbox 402 2024 491 2059; x_wconf 90' lang='lat' dir='ltr'>veraciter</span> <span class='ocrx_word' id='word_1_333' title='bbox 504 2025 613 2059; x_wconf 79' lang='lat' dir='ltr'>credamus?</span> <span class='ocrx_word' id='word_1_334' title='bbox 636 2024 684 2066; x_wconf 81' lang='lat' dir='ltr'>Quin</span> <span class='ocrx_word' id='word_1_335' title='bbox 700 2025 766 2069; x_wconf 92' lang='lat' dir='ltr'>potius,</span> <span class='ocrx_word' id='word_1_336' title='bbox 782 2025 842 2071; x_wconf 89' lang='lat' dir='ltr'>ipsum</span> 
     </span>
     <span class='ocr_line' id='line_1_37' title="bbox 141 2076 843 2122; baseline -0.004 -8"><span class='ocrx_word' id='word_1_337' title='bbox 141 2078 277 2120; x_wconf 88' lang='lat' dir='ltr'>benedicentes,</span> <span class='ocrx_word' id='word_1_338' title='bbox 293 2077 343 2111; x_wconf 91' lang='lat' dir='ltr'>iuxta</span> <span class='ocrx_word' id='word_1_339' title='bbox 359 2076 403 2110; x_wconf 90' lang='lat' dir='ltr'>illud</span> <span class='ocrx_word' id='word_1_340' title='bbox 420 2077 497 2120; x_wconf 88' lang='lat' dir='ltr'>apostoli</span> <span class='ocrx_word' id='word_1_341' title='bbox 514 2078 578 2111; x_wconf 90' lang='lat' dir='ltr'>sedule</span> <span class='ocrx_word' id='word_1_342' title='bbox 595 2082 657 2111; x_wconf 92' lang='lat' dir='ltr'>mente</span> <span class='ocrx_word' id='word_1_343' title='bbox 673 2078 769 2113; x_wconf 87' lang='lat' dir='ltr'>uoluamus</span> <span class='ocrx_word' id='word_1_344' title='bbox 784 2078 843 2122; x_wconf 88' lang='lat' dir='ltr'>“quia</span> 
     </span>
     <span class='ocr_line' id='line_1_38' title="bbox 142 2129 843 2175; baseline -0.001 -9"><span class='ocrx_word' id='word_1_345' title='bbox 142 2142 179 2166; x_wconf 90' lang='lat' dir='ltr'>non</span> <span class='ocrx_word' id='word_1_346' title='bbox 192 2137 235 2165; x_wconf 89' lang='lat' dir='ltr'>sunt</span> <span class='ocrx_word' id='word_1_347' title='bbox 248 2131 338 2173; x_wconf 86' lang='lat' dir='ltr'>condigne</span> <span class='ocrx_word' id='word_1_348' title='bbox 354 2130 450 2173; x_wconf 89' lang='lat' dir='ltr'>passiones</span> <span class='ocrx_word' id='word_1_349' title='bbox 464 2130 518 2163; x_wconf 92' lang='lat' dir='ltr'>huius</span> <span class='ocrx_word' id='word_1_350' title='bbox 534 2129 623 2173; x_wconf 88' lang='lat' dir='ltr'>temporis</span> <span class='ocrx_word' id='word_1_351' title='bbox 636 2131 659 2164; x_wconf 90' lang='lat' dir='ltr'>ad</span> <span class='ocrx_word' id='word_1_352' title='bbox 673 2130 752 2165; x_wconf 86' lang='lat' dir='ltr'>futuram</span> <span class='ocrx_word' id='word_1_353' title='bbox 768 2132 843 2175; x_wconf 86' lang='lat' dir='ltr'>gloriam</span> 
     </span>
     <span class='ocr_line' id='line_1_39' title="bbox 141 2183 843 2230; baseline -0.004 -9"><span class='ocrx_word' id='word_1_354' title='bbox 141 2196 178 2230; x_wconf 89' lang='lat' dir='ltr'>que</span> <span class='ocrx_word' id='word_1_355' title='bbox 195 2185 307 2219; x_wconf 89' lang='lat' dir='ltr'>reuelabitur</span> <span class='ocrx_word' id='word_1_356' title='bbox 322 2184 340 2218; x_wconf 92' lang='lat' dir='ltr'>in</span> <span class='ocrx_word' id='word_1_357' title='bbox 360 2183 438 2217; x_wconf 81' lang='lat' dir='ltr'>uobis.&#39;&#39;&#39;</span> <span class='ocrx_word' id='word_1_358' title='bbox 468 2184 551 2227; x_wconf 87' lang='lat' dir='ltr'>Cumque</span> <span class='ocrx_word' id='word_1_359' title='bbox 570 2188 643 2218; x_wconf 90' lang='lat' dir='ltr'>sanctos</span> <span class='ocrx_word' id='word_1_360' title='bbox 662 2184 728 2219; x_wconf 85' lang='lat' dir='ltr'>fratres</span> <span class='ocrx_word' id='word_1_361' title='bbox 747 2184 843 2220; x_wconf 88' lang='lat' dir='ltr'>dominicis</span> 
     </span>
     <span class='ocr_line' id='line_1_40' title="bbox 141 2236 843 2281; baseline -0.001 -8"><span class='ocrx_word' id='word_1_362' title='bbox 141 2238 203 2274; x_wconf 89' lang='lat' dir='ltr'>verbis</span> <span class='ocrx_word' id='word_1_363' title='bbox 216 2238 320 2272; x_wconf 90' lang='lat' dir='ltr'>consolatus</span> <span class='ocrx_word' id='word_1_364' title='bbox 331 2237 401 2276; x_wconf 82' lang='lat' dir='ltr'>luisset,</span> <span class='ocrx_word' id='word_1_365' title='bbox 413 2236 494 2279; x_wconf 85' lang='lat' dir='ltr'>prelatus</span> <span class='ocrx_word' id='word_1_366' title='bbox 506 2237 572 2270; x_wconf 92' lang='lat' dir='ltr'>diaboli</span> <span class='ocrx_word' id='word_1_367' title='bbox 584 2237 663 2278; x_wconf 87' lang='lat' dir='ltr'>satelles,</span> <span class='ocrx_word' id='word_1_368' title='bbox 676 2248 712 2271; x_wconf 92' lang='lat' dir='ltr'>non</span> <span class='ocrx_word' id='word_1_369' title='bbox 724 2238 761 2272; x_wconf 87' lang='lat' dir='ltr'>iam</span> <span class='ocrx_word' id='word_1_370' title='bbox 775 2239 843 2281; x_wconf 89' lang='lat' dir='ltr'>hospes</span> 
     </span>
     <span class='ocr_line' id='line_1_41' title="bbox 113 2289 843 2335; baseline 0.001 -12"><span class='ocrx_word' id='word_1_371' title='bbox 113 2293 175 2332; x_wconf 63' lang='lat' dir='ltr'>aosed</span> <span class='ocrx_word' id='word_1_372' title='bbox 189 2291 253 2333; x_wconf 91' lang='lat' dir='ltr'>hostis,</span> <span class='ocrx_word' id='word_1_373' title='bbox 267 2301 304 2323; x_wconf 89' lang='lat' dir='ltr'>non</span> <span class='ocrx_word' id='word_1_374' title='bbox 319 2290 376 2323; x_wconf 88' lang='lat' dir='ltr'>multo</span> <span class='ocrx_word' id='word_1_375' title='bbox 392 2289 469 2333; x_wconf 89' lang='lat' dir='ltr'>stipatus</span> <span class='ocrx_word' id='word_1_376' title='bbox 485 2289 542 2323; x_wconf 90' lang='lat' dir='ltr'>milite</span> <span class='ocrx_word' id='word_1_377' title='bbox 555 2289 589 2323; x_wconf 91' lang='lat' dir='ltr'>sed</span> <span class='ocrx_word' id='word_1_378' title='bbox 604 2290 661 2323; x_wconf 90' lang='lat' dir='ltr'>multo</span> <span class='ocrx_word' id='word_1_379' title='bbox 677 2291 756 2324; x_wconf 89' lang='lat' dir='ltr'>demone</span> <span class='ocrx_word' id='word_1_380' title='bbox 771 2292 843 2335; x_wconf 90' lang='lat' dir='ltr'>plenus,</span> 
     </span>
     <span class='ocr_line' id='line_1_42' title="bbox 142 2342 843 2390; baseline 0 -11"><span class='ocrx_word' id='word_1_381' title='bbox 142 2346 249 2390; x_wconf 89' lang='lat' dir='ltr'>episcopum</span> <span class='ocrx_word' id='word_1_382' title='bbox 270 2349 354 2378; x_wconf 89' lang='lat' dir='ltr'>sanctum</span> <span class='ocrx_word' id='word_1_383' title='bbox 375 2353 417 2376; x_wconf 90' lang='lat' dir='ltr'>cum</span> <span class='ocrx_word' id='word_1_384' title='bbox 440 2342 494 2376; x_wconf 90' lang='lat' dir='ltr'>sociis</span> <span class='ocrx_word' id='word_1_385' title='bbox 516 2343 616 2385; x_wconf 87' lang='lat' dir='ltr'>decollauit,</span> <span class='ocrx_word' id='word_1_386' title='bbox 636 2349 654 2376; x_wconf 94' lang='lat' dir='ltr'>et</span> <span class='ocrx_word' id='word_1_387' title='bbox 673 2345 734 2378; x_wconf 86' lang='lat' dir='ltr'>abdita</span> <span class='ocrx_word' id='word_1_388' title='bbox 755 2345 843 2379; x_wconf 87' lang='lat' dir='ltr'>siluarum</span> 
     </span>
     <span class='ocr_line' id='line_1_43' title="bbox 141 2396 844 2443; baseline -0.003 -12"><span class='ocrx_word' id='word_1_389' title='bbox 141 2403 232 2443; x_wconf 90' lang='lat' dir='ltr'>petentes,</span> <span class='ocrx_word' id='word_1_390' title='bbox 244 2397 262 2430; x_wconf 94' lang='lat' dir='ltr'>in</span> <span class='ocrx_word' id='word_1_391' title='bbox 274 2397 363 2430; x_wconf 90' lang='lat' dir='ltr'>vilissimo</span> <span class='ocrx_word' id='word_1_392' title='bbox 375 2396 414 2428; x_wconf 91' lang='lat' dir='ltr'>loco</span> <span class='ocrx_word' id='word_1_393' title='bbox 426 2401 532 2429; x_wconf 88' lang='lat' dir='ltr'>sanctorum</span> <span class='ocrx_word' id='word_1_394' title='bbox 544 2407 620 2440; x_wconf 89' lang='lat' dir='ltr'>corpora</span> <span class='ocrx_word' id='word_1_395' title='bbox 630 2397 741 2440; x_wconf 91' lang='lat' dir='ltr'>relinquunt,</span> <span class='ocrx_word' id='word_1_396' title='bbox 753 2404 770 2431; x_wconf 94' lang='lat' dir='ltr'>et</span> <span class='ocrx_word' id='word_1_397' title='bbox 782 2402 844 2432; x_wconf 88' lang='lat' dir='ltr'>vestes</span> 
     </span>
     <span class='ocr_line' id='line_1_44' title="bbox 142 2447 844 2496; baseline -0.004 -10"><span class='ocrx_word' id='word_1_398' title='bbox 142 2456 160 2487; x_wconf 93' lang='lat' dir='ltr'>et</span> <span class='ocrx_word' id='word_1_399' title='bbox 173 2461 231 2495; x_wconf 90' lang='lat' dir='ltr'>equos</span> <span class='ocrx_word' id='word_1_400' title='bbox 245 2455 350 2484; x_wconf 84' lang='lat' dir='ltr'>sanctorum</span> <span class='ocrx_word' id='word_1_401' title='bbox 364 2447 383 2482; x_wconf 92' lang='lat' dir='ltr'>in</span> <span class='ocrx_word' id='word_1_402' title='bbox 396 2448 500 2493; x_wconf 90' lang='lat' dir='ltr'>longinquis</span> <span class='ocrx_word' id='word_1_403' title='bbox 514 2450 596 2493; x_wconf 86' lang='lat' dir='ltr'>partibus</span> <span class='ocrx_word' id='word_1_404' title='bbox 607 2449 735 2485; x_wconf 86' lang='lat' dir='ltr'>vendiderunt.</span> <span class='ocrx_word' id='word_1_405' title='bbox 758 2449 844 2496; x_wconf 88' lang='lat' dir='ltr'>Migrauit</span> 
     </span>
    </p>
   </div>
   <div class='ocr_carea' id='block_1_3' title="bbox 142 2518 843 2600">
    <p class='ocr_par' dir='ltr' id='par_1_3' title="bbox 142 2518 843 2600">
     <span class='ocr_line' id='line_1_45' title="bbox 161 2518 843 2559; baseline -0.004 -10"><span class='ocrx_word' id='word_1_406' title='bbox 161 2521 167 2538; x_wconf 78' lang='lat'>¹</span> <span class='ocrx_word' id='word_1_407' title='bbox 177 2521 195 2549; x_wconf 88' lang='lat' dir='ltr'>T.</span> <span class='ocrx_word' id='word_1_408' title='bbox 202 2520 219 2549; x_wconf 86' lang='lat' dir='ltr'>E.</span> <span class='ocrx_word' id='word_1_409' title='bbox 227 2520 291 2549; x_wconf 89' lang='lat' dir='ltr'>studuit.</span> <span class='ocrx_word' id='word_1_410' title='bbox 331 2520 337 2537; x_wconf 74' lang='lat'>²</span> <span class='ocrx_word' id='word_1_411' title='bbox 347 2518 379 2548; x_wconf 87' lang='lat' dir='ltr'>Vit.</span> <span class='ocrx_word' id='word_1_412' title='bbox 387 2520 435 2554; x_wconf 88' lang='lat' dir='ltr'>adds;</span> <span class='ocrx_word' id='word_1_413' title='bbox 446 2519 476 2548; x_wconf 91' lang='lat' dir='ltr'>iam</span> <span class='ocrx_word' id='word_1_414' title='bbox 484 2520 518 2548; x_wconf 90' lang='lat' dir='ltr'>eius</span> <span class='ocrx_word' id='word_1_415' title='bbox 525 2520 587 2549; x_wconf 86' lang='lat' dir='ltr'>vocatio</span> <span class='ocrx_word' id='word_1_416' title='bbox 594 2520 614 2548; x_wconf 92' lang='lat' dir='ltr'>ad</span> <span class='ocrx_word' id='word_1_417' title='bbox 620 2529 680 2549; x_wconf 85' lang='lat' dir='ltr'>sacmm</span> <span class='ocrx_word' id='word_1_418' title='bbox 686 2521 741 2550; x_wconf 82' lang='lat' dir='ltr'>aderat</span> <span class='ocrx_word' id='word_1_419' title='bbox 748 2520 843 2559; x_wconf 86' lang='lat' dir='ltr'>martyrium</span> 
     </span>
     <span class='ocr_line' id='line_1_46' title="bbox 142 2559 842 2600; baseline -0.001 -10"><span class='ocrx_word' id='word_1_420' title='bbox 142 2560 293 2598; x_wconf 52' lang='lat' dir='ltr'>*sommus</span> <span class='ocrx_word' id='word_1_421' title='bbox 318 2559 415 2597; x_wconf 65' lang='grc' dir='ltr'>4εοΊ“,;Ε.</span> <span class='ocrx_word' id='word_1_422' title='bbox 423 2559 478 2597; x_wconf 84' lang='lat' dir='ltr'>inquit.</span> <span class='ocrx_word' id='word_1_423' title='bbox 504 2559 550 2590; x_wconf 78' lang='lat' dir='ltr'>⁵om.</span> <span class='ocrx_word' id='word_1_424' title='bbox 574 2560 703 2598; x_wconf 61' lang='lat' dir='ltr'>“Rsimplicite</span> <span class='ocrx_word' id='word_1_425' title='bbox 727 2560 842 2600; x_wconf 61' lang='lat' dir='ltr'>&#39;alperdnnt</span> 
     </span>
    </p>
   </div>
   <div class='ocr_carea' id='block_1_4' title="bbox 0 0 890 2803">
    <p class='ocr_par' dir='ltr' id='par_1_4' title="bbox 0 0 890 2803">
     <span class='ocr_line' id='line_1_47' title="bbox 0 0 890 2803; baseline 0 0"><span class='ocrx_word' id='word_1_426' title='bbox 0 0 890 2803; x_wconf 95' lang='lat' dir='ltr'> </span> 
     </span>
    </p>
   </div>
  </div>
 </body>
</html>
