1762 2803
73 118 75 124 ’
123 127 177 202 ⁶4⁰.
387 120 512 182 utpmttt
529 122 560 168 ΙΙ.

123 245 212 279 Edmundi
219 245 264 288 regis
272 245 354 285 audierat,
361 251 453 287 eapropter
463 246 486 278 ad
497 245 553 287 ipsum
563 245 654 287 confugere
665 245 692 278 vel
703 255 742 278 sero
749 245 827 281 intende·

123 297 159 337 bat,
167 306 237 338 sperans
245 296 267 329 ab
275 305 296 329 eo
304 295 363 329 celitus
371 295 440 338 aliquod
448 295 544 329 subsidium
552 295 633 338 optinere.
657 294 719 328 Filiam
726 305 767 337 ergo
775 306 827 339 quam

123 346 199 380 hahebat
213 345 328 388 interpellauit
343 352 361 379 vt
376 346 399 379 ad
414 352 492 379 sanctum
506 346 594 380 martirem
611 356 649 380 eam
665 345 739 379 duceret.
769 347 827 380 Paruit

123 396 201 439 genitrici
213 395 277 438 parua¹
285 395 381 439 progenies,
390 401 407 429 et
414 401 494 430 conserto
502 396 563 429 itinere
574 396 635 429 mulier
642 405 683 429 ceca
691 401 751 429 sancto
762 396 827 431 martiri

107 457 115 486 5
124 452 236 489 presentatur.
259 448 312 480 Secus
323 448 381 479 locum
388 446 432 480 sacri
440 447 516 489 corporis
524 447 613 479 oraciones
621 446 695 487 exhibet,
703 451 720 478 et
727 445 826 488 impetratas

124 496 233 531 asecretario
243 507 301 531 sacras
312 496 330 530 in
340 503 391 530 nocte
402 497 469 539 vigilias
479 502 550 531 exercet.
572 496 661 538 Anticipat
670 495 741 529 deuocio
752 495 827 530 mulieris

124 548 206 590 pietatem
213 547 258 589 regis
266 553 282 581 et
290 546 374 581 martiris:
387 558 426 580 curn
434 547 478 580 inter
485 546 595 580 matutinales
602 546 662 580 laudes
670 547 698 579 lux
705 557 751 579 noua
759 546 804 588 cepit
811 548 827 580 ei

124 595 243 639 illu[ce]scere,
259 603 276 630 et
295 597 332 630 dies
347 598 436 640 repentine
451 598 533 630 claritatis
548 596 652 629 sollemniter
665 607 753 639 apparere.
773 597 827 642 *Quid

124 648 185 689 plura?
207 647 284 689 Recepto
293 647 335 688 visu,
344 648 399 680 cuntis
410 648 428 681 in
439 647 512 681 ecclesia
523 647 622 680 festinanter
633 646 706 679 innotuit
718 646 766 690 quod
776 647 827 679 eam²

98 708 116 728 ιο
125 697 198 730 christus
203 697 351 731 dominietmartir
357 698 458 731 Edmundus
464 698 512 731 nouis
518 697 600 731 sideribus
605 698 699 731 illustrauit.
713 697 772 730 Cuntis
777 697 828 739 igitur

125 748 205 782 Christus
219 748 291 791 [meritis
304 747 399 791 Edmundi]
414 749 470 781 locum
482 748 568 791 sepulture
581 758 611 782 sue
626 747 748 782 venerantibus
762 746 827 782 aditum

125 799 174 842 regni
182 800 248 833 celestis
256 798 326 841 aperiat.

159 913 189 946 DE
200 919 318 946 MERCATORE
329 919 362 946 CUI
374 919 458 946 SANCTUS
469 913 583 947 EnnltJNbus
595 919 681 947 ruurlun
693 919 794 946 SURREPTA

422 970 530 997 RESTlTUlT.

302 1033 367 1067 Uidam
385 1033 464 1077 prediues
482 1033 528 1068 vrbis
547 1034 636 1068 Londonie
655 1039 740 1068 mercator
757 1033 827 1067 nomine

323 1085 444 1118 Deonnannus
455 1085 478 1117 ad
488 1084 574 1118 nundinas
585 1085 641 1117 sancti
652 1085 740 1118 Edmundi
752 1084 799 1117 affuit
811 1091 827 1117 et

100 1143 117 1173 15
127 1144 166 1167 suas
180 1133 197 1166 in
210 1133 246 1166 foro
259 1144 309 1176 gazas
320 1134 397 1176 exposuit
411 1134 550 1177 emptoribusque
563 1134 620 1178 precio
633 1133 743 1168 redimendas
756 1134 827 1177 reliquit.

126 1186 181 1219 Erant
193 1184 211 1218 in
224 1184 305 1218 nundinis
318 1185 398 1218 custodes
411 1185 436 1218 sui
450 1186 485 1218 suis
498 1185 584 1219 mercibus
598 1185 679 1228 deputati,
694 1185 734 1219 dum
750 1191 827 1218 oraturus

127 1237 227 1279 procederet
238 1237 261 1269 ad
273 1236 362 1269 basilicam
373 1235 419 1270 beati
430 1236 505 1269 martiris
516 1243 533 1270 et
541 1237 587 1279 regis
597 1237 692 1270 Edmundi.
715 1237 763 1269 Dum
770 1241 827 1269 autem

126 1288 144 1320 in
152 1287 233 1320 cimiterio
241 1285 326 1329 primum³
333 1291 374 1320 tunc
381 1292 453 1329 poneret
460 1286 566 1329 ingressum:
577 1286 644 1329 nequis
652 1286 708 1320 turrim
716 1285 810 1328 precideret
816 1285 827 1327 ⁴,

127 1347 179 1370 manu
194 1337 263 1379 propria
276 1347 375 1370 crumenam
387 1337 458 1379 accepit,
472 1348 505 1379 que
520 1337 586 1378 lapides
600 1347 639 1370 cunr
651 1342 722 1370 moneta
735 1336 827 1379 preciosos,

100 1394 118 1415 2⁰
127 1398 221 1430 aureosque
231 1386 254 1419 ad
265 1387 341 1419 valorem
352 1387 411 1419 decem
421 1397 517 1420 marcarum
527 1387 593 1428 argenti
604 1387 707 1420 continebat.
730 1388 827 1419 Prostratus

127 1442 184 1470 autem
203 1436 248 1470 circa
266 1436 312 1479 regis
327 1442 343 1469 et
358 1437 432 1469 martiris
450 1438 561 1477 mauseolum,
580 1437 667 1480 marsupio
686 1436 739 1470 oblito
759 1447 828 1470 suorum

127 1487 206 1530 implorat
224 1487 353 1529 indulgenciam
370 1487 477 1521 delictorum.
501 1488 547 1521 Huic
565 1488 640 1531 quedam
658 1487 718 1521 mulier
734 1487 828 1529 rapacitate

128 1538 195 1572 seuiens
212 1538 285 1571 latenter
301 1538 397 1580 appropiat,
413 1538 498 1580 sectisque
514 1537 572 1572 furtim
587 1538 646 1572 loculis
658 1537 739 1571 'celeriter
753 1537 795 1571 abiit
811 1543 828 1570 et

149 1041 234 1092 osbertus.

128 1598 186 1621 secum
193 1599 226 1630 que
232 1593 312 1629 rapuerat
320 1589 389 1620 ethnica
397 1588 470 1620 deterior
478 1589 576 1629 asportauit.
592 1590 666 1620 Manum
673 1588 736 1621 deinde
743 1594 828 1620 mercator

101 1642 118 1672 ²5
127 1643 146 1671 ut
159 1637 267 1670 oblacionem
279 1637 414 1679 apprehenderet
426 1637 512 1681 marsupio
528 1637 597 1671 iniecit:
613 1643 639 1671 set
651 1639 673 1671 de
685 1637 720 1672 suis
732 1637 756 1671 nil
769 1637 828 1672 loculis

128 1689 195 1730 vspiam
203 1689 272 1721 inuenit.
295 1690 345 1721 Tunc
352 1688 375 1721 ad
385 1689 473 1731 egregium
485 1688 512 1722 dei
523 1688 610 1721 martirem
621 1698 713 1722 conuersus
722 1699 761 1722 cum
770 1688 827 1722 dolore

128 1739 184 1773 cordis
195 1738 230 1772 ait:
243 1740 298 1772 ‘Cum
309 1739 355 1782 apud
367 1745 390 1780 te,
398 1738 477 1782 princeps
489 1745 553 1779 sancte,
563 1740 581 1773 in
592 1745 622 1773 tua
632 1750 699 1773 orarem
711 1739 788 1780 ecclesia,
798 1750 828 1772 cur

127 1789 219 1833 permisisti
234 1800 291 1822 meam
306 1789 356 1831 diripi
372 1789 463 1831 pecuniam
478 1789 552 1823 cruentis
567 1791 646 1824 manibus
661 1790 763 1834 impiorum?
793 1791 828 1831 Cur

127 1851 187 1873 secura
195 1850 252 1872 coram
260 1846 276 1872 te
284 1850 318 1872 non
326 1840 357 1872 fuit
365 1850 403 1872 mea
411 1841 502 1882 possessio,
511 1840 539 1882 qui
549 1841 628 1882 preciosa
639 1850 706 1883 queque
716 1841 788 1883 negocia
799 1846 827 1873 tuo

99 1899 119 1929 50
127 1890 241 1924 custodienda
252 1889 316 1923 credidi
328 1890 440 1923 testimonio?
468 1891 511 1923 Cum
525 1890 542 1924 in
556 1890 621 1925 deliciis
635 1890 688 1932 glorie
700 1891 766 1934 positus
778 1889 827 1924 facile

126 1940 182 1984 possis
192 1941 250 1974 ablata
259 1940 353 1981 restituere,
361 1940 395 1974 noli
406 1952 439 1982 me,
447 1941 524 1984 preciose
535 1941 562 1975 dei
573 1942 632 1974 martir
644 1942 742 1984 Edmunde,
751 1941 828 1984 spoliatis

127 1991 189 2035 opibus
203 1991 314 2025 defraudare!
342 1992 408 2025 Exiens
421 1992 471 2033 igitur
483 2004 494 2025 a
508 1994 573 2034 templo
586 1993 665 2034 peruenit
680 1994 703 2025 ad
714 1994 786 2025 ostium:
798 1992 827 2024 vbi

127 2042 206 2076 incautus
221 2052 292 2075 manum
306 2052 356 2075 suam
371 2041 415 2075 inter
430 2052 518 2084 pressuras
532 2043 623 2085 populares
642 2054 693 2085 super
711 2043 827 2076 mulierculam

127 2092 183 2134 posuit
189 2103 223 2135 que
228 2092 285 2125 furtim
291 2102 330 2125 cum
337 2092 397 2125 loculis
405 2102 455 2134 gazas
464 2092 500 2126 eius
508 2093 626 2135 apprehendit.
641 2094 665 2126 Et
672 2092 731 2127 statim
738 2091 828 2135 [ευοιηίῑ]ὕ

99 2153 118 2184 35
127 2143 185 2185 vipera
204 2153 289 2175 venenum
306 2142 353 2185 quod
371 2142 443 2183 biberat,
462 2143 539 2176 consessa
558 2143 649 2177 mercatori
668 2144 762 2186 dampnum
781 2143 827 2186 quod

127 2192 227 2236 ingesserat.
256 2193 317 2234 ‘Ecca
332 2192 391 2236 inquit,
403 2194 453 2227 heros
465 2192 539 2236 illustris,
552 2194 632 2237 quicquid
644 2194 715 2237 surripui
727 2194 761 2228 tuis
772 2200 799 2229 est
810 2194 827 2227 in

128 2243 194 2284 loculis,
202 2244 288 2285 nichilque
298 2244 320 2277 de
330 2244 389 2286 spoliis
399 2245 461 2277 ablatis
472 2250 593 2286 consumptum
600 2250 637 2285 est;
652 2245 686 2278 noli
698 2245 763 2278 crimen
771 2255 828 2278 nieum

127 2293 231 2337 publicando
246 2294 330 2336 detegere,
344 2294 379 2327 noli
392 2295 447 2332 scelus
460 2294 526 2335 initum,
540 2305 571 2337 pro
586 2305 619 2337 quo
631 2306 707 2337 peream,
719 2294 827 2329 diffamarel’

128 2345 157 2378 Sic
164 2343 259 2376 admissum
266 2344 313 2385 luget
321 2344 411 2385 flagicium,
420 2346 526 2386 spondetque
534 2345 631 2387 penitencie
639 2347 737 2379 remedium.
763 2346 827 2379 Abdita

98 2408 118 2436 40
127 2405 168 2436 ergo
176 2394 208 2427 sub
216 2393 315 2436 amphibalo
323 2395 391 2426 sublata
399 2394 473 2436 protulit,
479 2402 496 2428 et
504 2393 583 2428 innoxia⁶
590 2396 659 2438 propria
665 2396 702 2429 viro
707 2397 785 2438 restituit,
791 2396 828 2429 sine

127 2447 185 2489 aliqua
191 2446 272 2488 porcione
280 2445 403 2488 quantumlibet
411 2445 505 2480 imminuta.
528 2446 562 2490 Qui
570 2446 690 2481 vehemencius
699 2447 827 2490 obstupescens,

146 2545 253 2585 ¹Tit.proua.
319 2544 430 2575 ²MS.eciam.
497 2545 608 2586 ³MS.primo.
675 2546 725 2577 1Μὸ.
732 2547 827 2586 ρτεεεὶἀετεῐ.

125 2584 131 2603 ⁵
142 2594 172 2615 om
236 2600 238 2604 =
252 2586 259 2603 ⁶
268 2584 299 2615 Tit.
307 2594 344 2615 corr.
352 2588 369 2615 to
376 2584 442 2615 innoxio.
