1762 2803
261 118 307 173 Be
322 116 422 170 sancto
438 116 585 175 totototo.
728 131 771 175 243

72 238 191 274 monasticam
203 239 273 274 ducens
279 238 342 281 vitam,
350 237 411 273 obitus
420 237 448 272 sui
459 237 508 272 diem
519 237 601 282 angelica
611 235 724 273 reuelatione
732 248 774 281 cog·

72 291 127 326 nouit*
161 285 775 337 ScrutatisquoqueregumAngliegestis‚deregnoNorthanhum·

72 345 147 379 brorum
157 355 212 390 reges
221 346 302 390 quinque
308 346 319 386 ¹,
327 345 397 379 scilicet
404 344 536 386 Alkmundum,
547 344 651 385 Edwinum,
662 343 775 385 Osvvaldum,

73 397 175 440 Oswinum,
183 404 201 432 et
208 398 318 442 Alwoldum,
329 397 416 442 martyrio
427 402 522 432 coronatos
533 397 600 432 inueni.
623 397 652 432 De
664 407 721 441 regno
730 406 775 430 vero

73 450 194 485 Orientalium
209 452 312 496 Anglorum
331 451 415 485 similiter
429 456 526 495 quattuor:
545 451 657 496 Sigibertum
676 461 687 485 a
706 451 793 492 Penda,5

74 502 201 539 Ethelbertum
214 505 237 538 ab
250 504 297 547 Offa,
312 504 429 538 Edmondum
445 505 469 538 ab
484 504 557 547 lnguar,
569 504 681 547 Sigibertum
693 514 704 536 a
717 513 775 546 nepo-

73 554 123 589 tibus
134 555 172 590 suis
184 556 243 601 gladio
255 563 334 592 necatos.
358 557 386 591 De
397 568 456 601 regno
462 568 507 592 vero
519 557 629 591 Mereiorum
641 556 749 597 Kenelmus,
757 562 776 590 et

74 607 175 649 Wistanus,
189 610 289 654 gloriosum
304 609 412 654 martyrium
427 609 488 654 adepti
504 615 552 644 sunt.
585 610 687 644 Edvvardus
703 618 776 653 quoque

73 661 129 694 totius
136 662 203 705 Anglie
211 663 335 697 monarchiam
343 668 415 703 tenens,
422 662 510 706 martyrio
518 668 619 697 coronatur.
643 661 708 696 Inueni
719 661 775 696 etiam

75 712 146 748 curiose
160 713 243 748 rimando
256 715 280 749 de
293 715 372 749 diuersis
383 714 451 758 Anglie
464 714 526 758 regnis
539 719 578 748 tum
590 726 601 748 a
614 714 691 758 paganis
702 718 741 748 turn
752 713 776 747 ab
785 723 804 745 ιο

74 764 158 808 inimicis,
169 774 232 810 preter
241 766 334 811 principes
344 773 363 801 et
376 767 444 800 amicos
456 766 486 800 dei
495 766 581 811 prefatos,
588 767 652 811 viginti
664 777 718 810 reges
730 765 777 800 alios

75 818 136 863 gladio
146 830 179 854 seu
189 830 262 855 veneno
274 820 360 856 occisast.
409 812 518 856 Cuthredus
528 824 589 854 autern
597 830 631 853 rex
639 817 777 860 Northumbrie,

76 878 94 906 et
109 872 197 906 Alfredus
212 883 245 906 rex
259 872 412 912 westsaxonum,
427 872 517 906 dederunt
532 876 596 905 sancto
608 871 709 905 Cuthberto
720 876 777 904 totam

75 928 144 959 terram
154 924 202 960 inter
213 924 294 960 Thesam
305 924 382 960 fluuium
395 930 413 959 et
425 923 497 965 Tinam,
509 930 527 959 et
537 923 650 969 episcopatui
662 923 778 959 dunelmensi

76 978 183 1012 adiecerunt
190 978 251 1012 omnia
259 978 282 1012 ad
290 979 415 1022 episcopatum
423 977 586 1022 hagustaldensem
593 977 709 1022 pertinentia.
725 978 779 1011 Tem·
789 987 807 1017 ¹5

76 1041 122 1074 pore
130 1042 203 1074 quoque
213 1031 262 1075 regis
270 1030 360 1065 Willelmi
367 1029 422 1074 primi
432 1030 516 1075 Edgarus
523 1040 557 1064 rex
565 1030 626 1065 Scotie
634 1030 708 1065 donauit
716 1034 779 1064 sancto

78 1083 178 1118 Cuthberto
188 1089 206 1118 et
216 1083 312 1118 monachis
325 1083 476 1118 dunelmensibus
489 1083 593 1118 Berwicum
606 1093 647 1118 cum
659 1082 698 1119 suis
710 1093 779 1128 appen-

77 1135 149 1179 dentiis,
157 1141 175 1170 et
183 1136 310 1181 Coldingham.

369 1225 385 1263 ll
395 1224 481 1259 Narratio
486 1224 498 1259 ³.

101 1290 184 1343 Quidam
192 1302 266 1332 sanctus
274 1298 395 1341 fugandorum
403 1298 503 1332 demonum
508 1298 610 1332 incredibili
618 1302 708 1342 potestate
717 1298 779 1342 predi-

78 1355 113 1392 tus,
126 1360 163 1384 non
179 1351 238 1384 solum
251 1360 330 1394 presens
345 1360 405 1394 neque
418 1351 475 1384 verbo
490 1354 566 1392 tantum,
578 1351 611 1385 sed
624 1351 693 1385 absens
706 1361 779 1395 quoque
789 1361 809 1382 το

79 1402 171 1437 interdum
187 1402 239 1437 cilicii
255 1402 283 1437 sui
298 1402 376 1437 fimbriis
391 1408 422 1437 aut
437 1403 520 1447 epistolis
534 1403 597 1438 missis
612 1414 688 1448 corpora
704 1405 781 1438 obsessa

79 1457 159 1491 curabat.
182 1456 205 1490 Et
216 1457 259 1490 dum
273 1455 320 1490 miro
331 1456 410 1490 affectu⁴
419 1455 567 1500 frequentaretur
577 1467 588 1490 a
599 1457 678 1501 populis¹
688 1457 781 1500 prefectis,

80 1508 176 1543 comitibus
184 1515 203 1543 et
210 1508 325 1543 diuersarum
336 1513 447 1553 potestatum
457 1508 662 1544 iudicibus-ferebatur
671 1509 721 1544 enirn
731 1508 781 1543 omni

80 1567 124 1606 potu
132 1561 206 1606 penitus
214 1562 312 1604 abstinere,
320 1566 338 1595 et
349 1572 383 1606 pro
393 1562 434 1596 cibo
442 1567 514 1607 septem
521 1567 592 1596 tantum
601 1562 665 1597 caricis
673 1562 783 1597 sustentari⁶

80 1620 122 1649 —vt
132 1626 156 1649 ex
165 1614 231 1649 virtute
243 1615 307 1656 honor,
317 1614 342 1648 ita
354 1626 378 1648 ex
388 1615 458 1649 honore
468 1615 540 1649 vanitas
550 1615 598 1659 cepit
611 1616 706 1660 obrepere.
729 1615 782 1657 Quod
792 1628 811 1658 ²⁵

81 1667 150 1701 malum
157 1667 188 1701 ille
195 1667 226 1701 vbi
234 1667 313 1711 primum
324 1666 383 1711 potuit
391 1667 410 1702 in
418 1677 439 1701 se
449 1667 517 1702 sentire
526 1667 612 1711 grassari,
617 1667 648 1702 diu
657 1668 782 1711 multumque⁸

81 1720 173 1754 discutere
190 1725 265 1754 conatus
284 1724 317 1761 est,
333 1721 366 1754 sed
383 1719 448 1764 repelli
466 1720 541 1764 penitus
555 1719 585 1755 vel
600 1719 654 1755 tacita
672 1720 784 1754 conscientia

81 1772 152 1807 vanitas
163 1777 295 1815 perseuerante
307 1771 374 1806 virtute
385 1783 422 1806 non
434 1773 503 1816 potuit:
516 1773 589 1818 Vbique
600 1773 650 1808 eninr
661 1784 729 1807 nomen
743 1773 783 1807 eius

82 1827 171 1861 demones
186 1825 306 1867 fatebantur⁷,
322 1826 421 1860 excludere
435 1836 446 1860 a
461 1836 482 1861 se
501 1825 623 1862 confluentem
639 1826 727 1871 populum
746 1837 783 1861 non

81 1879 158 1913 valebat.
186 1879 242 1912 Virus
256 1873 331 1912 interim
343 1879 403 1913 latens
416 1879 502 1923 serpebat
517 1880 536 1912 in
551 1884 630 1923 pectore,
642 1885 660 1913 et
672 1879 724 1913 cuius
739 1884 784 1913 nutu
794 1893 813 1923 30

83 1943 107 1966 ex
115 1932 191 1965 aliorum
200 1930 307 1974 corporibus
318 1931 408 1966 demones
417 1930 531 1975 fugabantur,
539 1932 622 1976 seipsum
632 1931 707 1966 occultis
717 1931 784 1976 cogita-

82 1984 163 2019 tionibus
177 1983 262 2018 vanitatis
277 1994 315 2018 non
331 1988 402 2027 poterat
417 1995 502 2028 purgare.
524 1984 577 2019 Totis
591 1984 646 2029 igitur
660 1984 746 2029 precibus
761 1985 785 2019 ad

83 2039 139 2072 deum
153 2037 211 2071 fertur
224 2047 292 2078 orasse,
305 2041 331 2077 vt,
344 2036 436 2080 permissa
449 2037 468 2070 in
482 2047 503 2071 se
516 2038 613 2071 mensibus
626 2038 707 2082 quinque
720 2038 787 2072 diaboli

83 2094 179 2133 potestate,
187 2088 252 2123 similis
262 2088 298 2123 illis
308 2088 361 2123 fieret
372 2099 419 2133 quos
429 2088 471 2133 ipse
479 2095 580 2123 curauerat.
603 2089 670 2134 Sicque
677 2089 708 2125 ille
715 2095 787 2134 potens,

84 2144 115 2176 ille
130 2142 188 2186 signis
204 2147 259 2185 atque
275 2142 372 2176 virtutibus
390 2148 428 2177 toto
443 2143 513 2177 oriente
528 2143 617 2187 vulgatus,
633 2144 656 2177 ad
671 2143 723 2177 cuius
738 2142 787 2177 fores
796 2156 815 2186 35

84 2206 156 2230 summe
164 2194 217 2228 istius
225 2194 282 2228 seculi
294 2205 314 2229 se
324 2199 462 2238 prostrauerant
474 2200 580 2239 potestates,
587 2201 682 2240 correptus
689 2206 700 2229 a
708 2196 786 2231 demone

84 2253 113 2285 est
124 2253 186 2284 tentus
197 2248 216 2283 in
229 2247 312 2290 vinculis,
325 2253 344 2282 et
357 2248 418 2283 omnia
432 2259 468 2293 que
481 2248 597 2294 energumini
608 2248 668 2284 solent
679 2247 733 2289 ferre,
745 2260 788 2292 per-

84 2313 156 2347 pessus.
180 2301 247 2344 Quinto
261 2301 335 2336 demum
346 2312 412 2336 mense
424 2308 512 2346 purgatus
524 2308 558 2342 est,
569 2313 606 2336 non
620 2302 690 2336 tantum
702 2303 788 2345 demone,

85 2356 124 2397 sed,
136 2355 185 2399 quod
197 2354 222 2388 illi
234 2359 273 2388 erat
283 2353 345 2388 vtilius
357 2358 412 2398 atque
426 2354 514 2398 optacius,
526 2355 611 2389 vanitate.
634 2353 672 2388 Sed
686 2354 742 2389 michi
753 2355 788 2391 ista

84 2408 180 2452 replicanti
193 2413 257 2442 nostra
269 2406 371 2449 infelicitas,
383 2411 447 2441 nostra
458 2407 537 2441 occurrit
548 2407 651 2441 infirmitas.
673 2406 720 2449 Quis
733 2409 789 2451 enim,
797 2420 818 2448 40

86 2462 102 2495 si
121 2461 209 2505 paruulus
225 2471 267 2496 eum
282 2459 392 2501 salutauerit,
407 2465 438 2494 aut
454 2459 570 2494 adulantibus
586 2459 649 2495 verbis
666 2460 735 2496 femina
753 2472 790 2497 vna

106 2535 139 2565 ιΤ.
147 2540 218 2573 quatuor.
258 2534 393 2572 ’CfProl.p.5.
434 2533 703 2565 ³FromVine.Bell.XVlll.18.
743 2535 790 2566 ὀπὶ.

86 2574 237 2612 inT.;VB.ruodo.
269 2574 402 2606 'Esustentare
429 2572 625 2611 ¹T.E.diuquenultum.
655 2574 791 2606 ⁷E.fetebantur.

422 2629 453 2655 lta
