1762 2803
114 116 142 169 48
306 115 385 166 muta
401 111 517 174 tratum
532 110 626 174 analio.

114 234 169 269 nudis
184 235 263 277 pedibus
279 246 321 270 eum
336 236 363 269 ire
378 235 512 278 compulerunt.
541 235 562 268 In
577 234 644 268 itinere
659 244 704 268 vero
720 233 817 278 languidus

114 288 189 331 quidam
201 288 262 322 iacens
274 289 353 322 clamare
365 287 413 331 cepit
425 293 443 321 et
454 287 525 321 dicere:
539 287 608 321 ‘Serue
620 286 650 320 dei
666 286 740 327 excelsi,
751 285 818 321 adiuua

115 352 150 383 me,
159 346 178 375 vt
186 341 216 385 qui
228 341 303 384 propria
313 341 364 374 iaceo
376 342 477 384 depressus
489 340 600 381 infirmitate,
611 344 642 373 tua
653 340 731 373 releuari
744 350 817 373 merear

115 394 252 428 intercessione.
276 394 335 427 Credo
346 394 396 427 enim
404 394 452 437 quod
463 393 547 427 inuocato
557 403 614 436 super
624 403 655 426 me
663 391 731 426 Christi
743 392 818 426 nomine

98 447 194 487 5celerem
210 445 264 480 michi
280 446 340 490 possis
356 447 434 480 reddere
449 445 557 481 sanitatem?
581 446 619 480 Nec
638 456 694 486 mora,
711 446 745 479 sub
760 446 818 479 oculis

115 499 202 539 omnium,
214 499 245 542 qui
261 498 330 533 iacebat
345 499 447 543 languidus,
459 499 516 533 sancti
532 498 602 533 meritis
618 498 694 532 hilaris1
705 499 785 532 surrexit
800 504 818 532 et

115 562 176 587 sanus.
222 545 300 595 Egressi
309 557 351 585 sunt
361 557 422 585 autem
430 552 480 585 ciues
487 552 587 585 Verolamii
598 551 671 584 obuiam
682 556 751 592 sancto,
760 556 778 584 et
789 563 818 585 ar-

115 605 203 649 ripientes
220 615 263 638 eum
280 605 359 638 atrocius
374 605 505 649 spoliauerunt,
520 605 591 638 viscera
608 604 647 637 eius
664 604 755 648 patefacta
770 604 818 638 serto

115 659 157 701 palo
170 658 189 689 in
204 664 272 691 terram
285 659 346 691 defixo
359 658 510 701 circumligantes,
524 664 542 691 et
557 657 634 700 flagellis
648 669 691 691 eum
703 657 765 691 nimiis
776 669 819 691 con-

89 721 107 741 10
115 715 203 750 terentes,
211 709 230 742 in
242 710 317 743 circuitu
329 710 366 753 pali
374 710 467 743 ambulare
475 710 562 750 fecerunt,
571 715 589 743 et
596 709 649 752 quasi
660 710 683 743 ad
694 709 767 752 signum
777 715 819 753 post

116 763 150 796 hec
164 767 245 796 statuunt
258 762 372 807 cultellisque
386 769 404 796 et
417 762 504 797 lanceolis
518 762 566 806 quod
580 761 670 806 reliquum
684 767 724 796 erat
737 762 819 806 corporis

116 815 227 849 confodiunt.
256 816 290 849 Vir
306 807 368 850 autein
385 816 459 858 domini,
477 822 564 859 tanquam
583 816 639 849 nichil
658 815 700 849 mali
719 821 818 859 pateretur,

110 868 166 906 ‚vultu
178 868 230 902 hilari
242 869 301 902 stabat
313 869 429 909 constantior,
438 874 456 902 et
466 869 519 911 signa
530 869 559 902 sui
567 868 643 901 martirii
652 873 689 901 toto
697 867 733 901 iam
742 879 819 912 corpore

117 921 226 966 preferebat,
238 922 364 966 prodigiosum
379 922 449 956 cunctis
462 923 485 956 de
498 934 518 956 se
531 922 613 966 prebens
628 921 758 966 spectaculum,
771 922 819 965 quod

90 986 108 1015 15
117 980 159 1018 post
169 980 219 1008 tanta
230 975 325 1018 supplicia,
332 981 375 1018 post
386 981 412 1009 tot
423 975 487 1009 mortis
500 986 568 1018 genera
579 975 638 1009 adhuc
649 975 712 1009 viuere
724 975 819 1018 potuisset.

118 1028 188 1063 Eadem
206 1028 250 1062 hora
269 1027 343 1072 plurimi
362 1028 483 1063 constantiam
502 1028 560 1063 sancti
575 1027 676 1072 videntesffi
690 1027 820 1063 renunciantes

117 1073 182 1123 ydolis,
197 1081 295 1115 christiane
310 1082 354 1114 fidei
371 1093 392 1115 se
407 1082 532 1121 subdiderunt,
548 1087 649 1124 martyrem
665 1082 786 1124 deprecantes
800 1087 820 1115 vt

117 1133 175 1177 ipsius
187 1132 318 1167 intercessione
330 1134 447 1168 beatitudinis
459 1139 522 1168 eterne
536 1133 635 1178 participes
648 1133 688 1168 fieri
700 1138 819 1175 mererentur,

117 1198 151 1231 pro
159 1197 195 1230 qua
202 1186 272 1220 animas
281 1198 350 1230 ponere
358 1187 434 1221 minime
445 1188 572 1221 formidabant.
595 1187 635 1229 Quo
647 1186 724 1230 cognito,
734 1187 820 1232 princeps

91 1250 109 1271 κο
117 1239 185 1274 vocatis
197 1250 241 1273 mox
252 1239 398 1283 spiculatoribus,
410 1251 474 1274 omnes
486 1240 516 1284 qui
529 1241 605 1274 deorum
615 1250 677 1274 curam
688 1240 791 1273 abiecerunt
802 1245 820 1273 et

117 1293 212 1335 culturam,
224 1298 242 1326 et
256 1292 357 1327 doctrinam
371 1293 432 1327 clerici
447 1294 575 1337 sequebantur,
588 1293 665 1327 interfici
678 1293 735 1326 iussit.
758 1293 784 1326 At
795 1293 821 1326 illi

117 1346 173 1379 ferale
192 1346 306 1388 complentes
324 1346 408 1386 edictum,
424 1345 473 1379 mille
489 1346 540 1380 viros
559 1346 614 1379 morti
632 1346 752 1387 tradiderunt,
767 1347 820 1380 beato

118 1397 229 1441 Amphibalo
237 1398 320 1432 intuente
329 1409 430 1441 eorumque
438 1398 509 1432 animas
517 1397 592 1431 domino
600 1398 746 1431 commendante
768 1398 820 1431 Tunc

118 1461 165 1485 unus
177 1451 207 1494 qui
219 1450 286 1485 ceteris
297 1451 383 1485 audacior
390 1451 491 1492 videbatur,
501 1451 527 1485 sic
538 1451 598 1485 virum
610 1451 640 1485 dei
651 1451 701 1494 prior
712 1451 819 1495 alloquitur:

92 1504 261 1543 25‘Crudelissime
281 1505 381 1543 hominum,
397 1515 429 1538 cur
446 1499 573 1547 imprudentes
592 1504 633 1537 illos
650 1504 775 1546 persuasionis
790 1510 820 1538 tue

118 1557 182 1590 fraude
198 1556 292 1600 decepisti,
308 1562 326 1590 et
341 1556 415 1590 monitis
431 1556 466 1590 tuis
482 1555 562 1589 irretitos
577 1567 588 1590 a
602 1556 672 1590 cultura
687 1556 764 1590 deorum
779 1557 820 1590 sub-

118 1609 201 1644 traxisti?
223 1610 305 1643 Tuorum
317 1609 416 1644 subtilitate
427 1610 525 1643 verborum
536 1614 623 1654 parentes
637 1614 654 1643 et
667 1608 720 1643 amici
734 1609 791 1643 nostri
802 1610 821 1643 in

119 1662 240 1706 perditionem
252 1662 341 1696 abierunt.
364 1663 402 1696 Sed
410 1662 494 1706 quamuis
502 1664 546 1696 deos
554 1668 572 1696 et
580 1663 664 1696 homines
675 1663 698 1696 ad
708 1662 820 1696 iracundiam

119 1715 250 1759 supramodum
262 1715 396 1758 prouocaueris,
405 1726 468 1750 eorum
479 1720 541 1749 tamen
552 1715 629 1758 gratiam
640 1715 741 1759 penitendo
752 1715 822 1759 poteris

93 1782 111 1809 30
119 1768 225 1812 promereri.
249 1768 332 1803 Perfecto
344 1768 448 1813 penitencie
462 1769 496 1802 hoc
507 1768 541 1802 erit
550 1768 654 1809 indiciuml,
664 1768 680 1802 si
691 1773 760 1802 sectam
772 1767 821 1802 illam

119 1831 174 1865 quam
185 1821 280 1865 hucusque
291 1822 366 1855 tenuisti
378 1822 489 1863 deserueris,
499 1827 517 1855 et
529 1823 574 1855 deos
585 1822 668 1862 inuictos,
677 1832 723 1864 quos
734 1821 822 1864 ignorans

119 1874 195 1909 forsitan
207 1874 303 1916 offendisti,
317 1874 389 1920 ceperis
404 1876 485 1909 adorare.
508 1875 560 1908 Tunc
573 1885 638 1908 omnes
650 1884 696 1917 quos
709 1873 749 1907 neci
764 1884 823 1918 nuper

118 1927 213 1968 tradidisti,
224 1939 258 1971 per
269 1939 302 1962 sue
314 1928 414 1962 diuinitatis
425 1929 526 1972 potentiam
538 1928 563 1961 dii
574 1928 709 1971 omnipotentes
721 1939 732 1961 a
745 1928 822 1961 mortuis

119 1982 142 2014 ad
150 1980 206 2014 vitam
215 1983 337 2015 reuocabunt.¹
360 1981 412 2016 Tunc
420 1987 494 2016 sanctus
502 1981 527 2015 ait
535 1993 539 2016 ι
553 1980 611 2015 ‘Dum
620 1981 665 2015 deos
673 1986 718 2022 tuos,
727 1992 738 2014 o
745 1991 822 2025 pagane,

93 2046 111 2076 35
119 2034 175 2068 nimis
186 2033 270 2067 laudibus
282 2035 353 2068 conaris
365 2035 458 2076 extollere,
466 2035 485 2068 in
492 2034 549 2070 verbo
557 2039 588 2068 tuo
596 2039 614 2067 te
626 2033 700 2068 noueris
711 2033 822 2067 offendisse:

120 2087 176 2120 Solus
188 2086 237 2120 enim
249 2087 335 2120 dominus
347 2098 399 2120 meus
411 2088 464 2121 Iesus
475 2088 560 2121 Christus
571 2087 646 2120 suscitat
657 2092 739 2120 mortuos
751 2092 769 2120 et
778 2086 823 2120 viui·

119 2139 166 2172 ficat.
190 2138 233 2171 illos
240 2149 285 2173 uero
293 2150 339 2182 quos
347 2138 399 2182 quasi
410 2140 454 2173 deos
465 2139 524 2173 colitis
534 2144 552 2173 et
561 2144 646 2182 putentes
655 2138 673 2172 in
682 2139 720 2172 celo
729 2138 823 2180 estimatis,

119 2196 205 2236 potenter
216 2197 308 2226 tormenta
319 2192 412 2236 patiuntur
423 2193 442 2225 in
454 2193 531 2226 inferno.
555 2192 627 2226 Horum
639 2191 739 2236 participes
750 2196 768 2225 et
779 2191 823 2226 socii

120 2246 139 2278 in
150 2244 245 2279 tormentis
257 2250 311 2279 erunt
322 2245 389 2286 iniusti,
400 2245 482 2286 adulteri,
495 2246 583 2287 maledici,
594 2245 686 2287 ceterique
696 2245 727 2289 qui
739 2246 782 2279 dum
794 2245 823 2278 hic

93 2311 113 2341 40
120 2299 208 2341 vitarent,
217 2298 287 2333 similes
297 2309 318 2332 se
327 2299 436 2333 demonibus
445 2310 479 2343 per
487 2305 538 2333 actus
546 2299 635 2342 reprobos
648 2298 772 2333 reddiderunt.
795 2298 824 2332 Tu

121 2361 198 2395 quoque,
210 2363 287 2395 pagane,
298 2363 340 2386 cum
353 2352 418 2386 ceteris
432 2353 530 2386 cultoribus
542 2352 637 2392 idolorum,
649 2351 685 2384 nisi
697 2351 750 2385 citius
761 2351 824 2385 relicto

121 2404 226 2448 gentilitatis
237 2415 299 2438 errore
311 2406 334 2438 ad
345 2405 400 2439 fidem
409 2404 476 2439 Christi
486 2404 604 2444 conuertaris,
613 2404 683 2437 eisdem
693 2404 746 2447 penis
757 2403 824 2437 inferni

122 2456 229 2493 subiacebis.
252 2457 378 2492 Misericordia
391 2458 421 2492 dei
433 2468 500 2502 magna
513 2463 551 2492 est:
565 2456 621 2490 nolite
635 2457 739 2501 desperare.
762 2457 780 2491 A
790 2456 824 2491 viis

125 2564 247 2596 '²E,halarisr
292 2565 636 2604 '²constantiam—videntesom.inT.Tan.
682 2566 801 2597 ³E.iudicium.
