1762 2803
281 98 327 154 bt
342 96 441 151 &aaut
457 96 604 160 bernuino.
753 111 794 156 135

93 221 116 255 ad
133 221 214 254 tumbam
230 220 288 255 sancti
303 219 428 264 confugerunt,
443 219 517 264 pietatis
531 220 571 254 eius
586 219 673 253 auxilium
688 223 707 253 et
725 224 796 263 protec-

93 273 161 307 tionem
177 273 301 317 implorantes.
325 274 376 315 Quos
391 273 473 317 magistri
486 273 616 318 perquirentes
628 283 662 307 nec
675 271 797 313 inuenientes,

93 326 141 360 circa
152 327 233 360 tumbam
244 326 302 361 sancti
312 327 342 362 vbi
355 325 442 370 prostrati
453 325 537 360 iacebant
549 325 669 367 ambulantes,
680 324 725 359 nec¹
734 330 796 358 tamen

93 379 134 412 illos
148 378 212 412 videre
226 384 257 413 aut
273 379 315 413 illos
332 390 375 413 esse
393 388 440 421 quos
458 380 559 422 querebant
577 379 674 412 aduertere
693 382 797 421 potuerunt.

94 430 161 475 Sitque
174 442 207 465 sua
222 432 319 466 seueritate
332 430 424 474 frustrati;
441 430 511 466 meritis
524 431 582 465 sancti
597 430 650 475 pueri
665 429 736 464 liberati
748 434 814 469 sunt.5

93 476 177 529 Quidam
192 495 215 518 ex
231 484 301 519 clericis
317 484 400 529 Stigandi
417 483 549 529 archiepiscopi
566 483 631 528 spiritu
647 488 721 517 tumens
737 487 755 516 et
772 493 796 517 ex

93 537 196 571 diuitiarum
208 537 272 582 copiis,
287 538 353 583 quibus
368 539 458 580 affluebat,
474 549 495 573 se
510 537 557 572 inter
572 537 632 572 socios
647 548 684 572 non
699 536 796 571 minimum

79 586 186 633 estimans,
203 592 281 634 quadam
299 591 339 625 vice
358 591 424 625 lectum
444 591 478 625 sibi
496 601 553 635 super
571 591 631 624 locum
650 589 717 634 quietis
738 589 796 624 sancti

93 642 175 686 episcopi
190 648 276 678 extruere
291 643 348 678 iussit.
376 644 418 678 Alta
431 644 480 678 enim
496 644 519 678 de
534 654 555 678 se
570 643 650 688 sapiens,
665 643 683 677 in
699 642 796 687 equalitate

92 695 168 729 aliorum
188 696 251 729 humili
269 697 309 730 loco
326 697 386 730 iacere
404 697 484 730 dedecus
503 696 537 730 sibi
556 707 598 730 esse
616 696 741 730 arbitrabatur.
770 695 795 728 At
805 707 823 728 ιο

93 758 134 781 cum
146 759 167 782 se
178 749 239 792 sopori
251 749 337 790 dedisset,
349 759 440 783 excussus
452 753 480 783 est
491 759 533 782 cum
542 748 589 782 lecto
599 753 617 782 et
628 748 687 783 aloco
698 749 795 792 proiectus,

92 800 170 845 talique²
181 802 289 835 temeritatis
304 811 338 835 sue
353 801 442 844 obsequio
457 801 533 834 edoctus
547 806 575 834 est
589 801 629 844 ipse
643 804 661 834 et
676 800 746 834 similes
762 800 796 834 sui.

94 846 141 888 Post
152 855 228 888 multum
240 864 284 888 vero
295 855 384 898 temporis
396 853 492 888 ecclesiam
504 854 650 887 cantuariensem
662 863 703 888 cum
712 852 796 893 officinis,

92 911 110 940 et
121 906 216 941 ecclesiam
226 907 284 940 sancti
294 906 387 948 lobannis,
394 917 452 940 vorax
461 906 535 940 llamma
546 907 671 950 consumpsit:
683 916 719 949 que
731 911 796 949 postea

92 958 213 993 Lamlrancus
236 959 386 1003 archiepiscopus
409 959 506 1003 reparauit,
529 963 547 992 et
569 959 588 992 in
611 957 707 993 ecclesiam
730 968 797 993 nouam
807 970 824 1001 ¹5

92 1022 169 1056 corpora
180 1017 285 1047 sanctorum
297 1013 425 1055 episcoporum
437 1012 455 1045 in
467 1011 568 1056 aquilonari
582 1016 635 1056 parte
653 1020 710 1055 super
727 1010 796 1045 voltum

92 1064 127 1098 sub
141 1065 218 1108 singulis
233 1065 303 1098 locellis
318 1065 405 1098 decenter
420 1064 519 1098 collocauit.
550 1064 571 1098 ln
586 1064 617 1098 illa
631 1064 681 1098 enim
697 1064 797 1108 conflagra-

92 1118 142 1150 tione
161 1122 229 1160 quanta
245 1118 325 1160 dampna
346 1117 397 1150 locus
411 1118 457 1160 >ipse
478 1127 579 1160 perpessus
596 1117 625 1158 sit,
644 1117 705 1150 nullus
724 1117 797 1150 edicere

92 1174 164 1212 potest;
184 1169 252 1203 scilicet
266 1171 285 1202 in
301 1179 350 1210 auro,
365 1171 384 1202 in
399 1173 482 1212 argento,
496 1168 515 1202 in
531 1169 583 1202 libris
598 1168 665 1202 diuinis
680 1174 697 1202 et
710 1168 796 1203 seculari-

92 1221 132 1256 bus.
160 1220 240 1264 Insuper
257 1226 276 1255 et
294 1221 388 1264 priuilegia
405 1230 522 1254 romanorum
538 1221 650 1264 pontificum,
666 1226 684 1255 et
699 1231 763 1265 regum
779 1226 796 1255 et
805 1234 824 1254 ιο

91 1273 195 1317 principum
207 1273 259 1318 regni
272 1283 296 1307 ex
311 1273 382 1317 integro
399 1278 507 1318 consumpta
522 1277 570 1307 sunt.
602 1266 641 1307 His
657 1273 681 1307 ita
696 1273 796 1317 dispositis,

92 1336 139 1360 unus
151 1337 174 1360 ex
185 1326 271 1360 fratribus
283 1326 348 1360 Helias
360 1327 434 1360 nomine
447 1327 465 1359 in
481 1336 556 1360 scamno
572 1326 640 1361 sedens
656 1337 717 1361 coram
735 1326 796 1371 sepul·

92 1378 136 1412 chro
147 1379 195 1413 beati
207 1379 304 1422 Bregwini,
315 1380 417 1423 posteriora
428 1389 462 1413 sua
472 1380 596 1414 irreuerenter
608 1379 632 1414 ad
648 1378 692 1413 illud
707 1380 767 1422 uertit,
778 1385 797 1414 et

92 1432 143 1474 operi
155 1432 227 1465 cuidam
238 1443 276 1465 non
287 1432 364 1465 multum
376 1431 414 1465 vtili
426 1436 474 1465 totus
485 1432 568 1465 intendit.
602 1431 625 1466 Et
637 1442 679 1466 ecce
695 1442 719 1466 ex
734 1433 797 1476 inspe-

92 1490 131 1519 rato
141 1484 189 1519 inter
199 1484 284 1529 scapulas
295 1479 401 1529 percussus,
409 1484 432 1519 ab
443 1494 500 1529 opere
511 1495 545 1519 suo
556 1494 630 1519 cessare
641 1483 710 1518 inuite³
717 1484 796 1530 compel-
805 1498 823 1530 ²5

92 1537 139 1573 litur.
163 1537 266 1573 Exterritus
278 1549 322 1582 ergo
334 1538 393 1573 erexit
403 1548 430 1581 se,
441 1537 488 1572 scire
497 1538 562 1572 volens
572 1538 665 1583 quiscum
675 1543 797 1583 percusserat.

93 1591 130 1625 Sed
142 1602 183 1625 cum
195 1593 288 1624 neminem
299 1592 376 1633 videret,
387 1592 456 1625 resedit
468 1596 491 1632 et,
503 1596 522 1625 vt
534 1591 591 1634 prius,
603 1591 660 1625 labori
672 1601 706 1625 suo
721 1602 797 1635 operam

78 1644 147 1678 dedit.
176 1644 200 1677 Et
216 1654 258 1678 ecce
274 1645 355 1678 secundo
370 1645 389 1677 in
406 1644 453 1677 collo
469 1649 507 1678 tam
522 1645 602 1688 grauiter
617 1654 717 1688 percussus
732 1649 766 1687 est,
778 1649 797 1679 vt

92 1698 141 1740 quod
152 1697 201 1731 inter
212 1707 278 1731 manus
289 1697 367 1731 habebat
378 1697 465 1731 deorsum
475 1697 543 1731 cadens
554 1697 650 1738 amitteret,
661 1703 679 1732 et
689 1697 730 1741 ipse
742 1697 796 1732 celeri

93 1759 136 1782 casu
147 1755 197 1782 terre
208 1751 341 1792 procumberet.
371 1750 423 1783 Tunc
434 1750 523 1783 intellexit
537 1760 558 1783 se
575 1750 664 1783 honorem
680 1756 743 1784 sancto
760 1761 797 1784 non
806 1762 825 1791 30

92 1801 172 1844 dedisse,
178 1807 196 1835 et
203 1813 239 1845 que
247 1801 321 1845 pertulit
327 1802 374 1835 iusto
384 1801 437 1846 [dei]⁴
445 1801 511 1835 iudicio
520 1800 555 1836 sibi
563 1800 667 1837 accidissel.
687 1801 739 1837 ldem
747 1803 796 1837 enirn

92 1864 146 1888 casus
157 1855 209 1888 alteri
221 1855 271 1888 tratri
283 1855 382 1898 contigisse
393 1854 477 1888 refertur.
521 1847 579 1888 Venit
591 1855 614 1887 de
623 1855 725 1888 Teutonia⁸
735 1866 797 1889 mona-

93 1906 138 1940 chus
157 1907 231 1950 quidam
250 1906 360 1941 Lambertus
376 1907 456 1949 nomine,
473 1911 527 1941 notus
542 1907 612 1951 regine,
629 1918 684 1950 quarn
704 1906 797 1943 Henricus

92 1965 164 1994 mortua
174 1970 232 1995 vxore
245 1970 284 2002 sua,
296 1960 319 1993 de
333 1959 414 1994 Saxonia
429 1960 511 1994 duxerat.
541 1959 577 1994 Hic
593 1965 657 2005 rogatu
674 1960 738 2004 regine
754 1971 796 1995 cum

93 2012 179 2047 fratribus
195 2012 292 2047 Cantuarie
309 2013 339 2046 diu
355 2018 475 2047 conuersatus
494 2018 528 2055 est,
544 2018 563 2046 et
578 2014 630 2056 quasi
646 2014 747 2048 monachus
762 2014 824 2057 loci35

93 2069 193 2108 reputatus.
223 2065 269 2098 Cum
285 2068 347 2099 autem
361 2066 384 2099 de
395 2065 448 2099 beato
460 2065 558 2109 Bregwino
569 2066 645 2107 audiret,
656 2076 756 2100 succensus
768 2072 796 2101 est

93 2118 184 2152 desiderio
196 2117 275 2152 habendi
286 2127 353 2162 corpus
365 2118 405 2151 eius
416 2123 435 2151 et
444 2119 463 2151 in
472 2123 541 2152 terram
550 2128 603 2152 suam
613 2119 658 2152 illud
668 2119 796 2153 transferendi.

92 2170 162 2205 Verum
174 2182 216 2206 eum
227 2171 261 2205 hoc
273 2170 307 2205 sibi
319 2170 393 2204 difficile
404 2171 503 2213 videretur,
515 2170 619 2215 suspicatus
631 2176 659 2206 est
670 2182 691 2206 se
702 2182 736 2215 per
748 2173 796 2216 regi-

93 2234 136 2258 nam
147 2235 204 2268 posse
215 2224 263 2268 apud
275 2234 337 2267 regem
349 2222 423 2258 efficere
434 2224 520 2268 quatinus
530 2225 571 2269 ipse
583 2225 633 2268 regia
647 2229 737 2268 potestate
752 2226 771 2259 vi
786 2235 797 2260 a

93 2277 188 2311 monachis
200 2281 316 2321 extorqueret
328 2281 347 2311 vt
358 2276 393 2309 sibi
408 2278 530 2311 concederent
546 2278 595 2321 quod
612 2278 705 2322 querebat.
735 2278 797 2323 Super
804 2291 825 2322 40

93 2331 169 2374 negocio
180 2331 235 2374 igitur
245 2331 309 2375 regine
320 2330 419 2371 locuturus,
431 2330 545 2364 Londoniam
556 2331 618 2366 venit:
638 2335 656 2364 et
670 2331 730 2366 subita
746 2332 797 2367 infir-

93 2383 155 2417 mitate
165 2389 266 2428 correptus,
274 2383 360 2428 progredi
370 2382 416 2417 vltra
427 2384 513 2426 nequiuit,
522 2383 675 2427 Cantuariamque
687 2390 797 2429 reportatus,

94 2435 129 2469 cito
145 2436 254 2480 defungitur,
270 2440 289 2470 et
304 2435 351 2469 inter
366 2440 449 2468 mortuos
465 2435 531 2470 iratres
548 2436 641 2479 sepelitur.
671 2437 729 2472 Nocte
748 2439 798 2472 erum

89 2503 213 2546 ¹¹Wh.n0n.
253 2503 383 2542 ²Wh.utilique.
423 2503 549 2535 ’wtninuitus
590 2503 798 2544 ¹soWh.;om.inT.E.

93 2544 99 2562 ⁵
109 2544 127 2575 Ε.
136 2545 220 2577 accedisse.
283 2546 289 2565 θ
299 2545 317 2576 Ε,
325 2546 389 2576 tetania.
