1762 2803
251 154 297 209 atr
312 152 412 206 sancta
428 152 518 212 uttutu.
707 166 735 210 53

33 275 100 311 volatili
105 275 190 318 velocior,
195 276 289 309 veneficus
294 274 392 309 inuisibilis
398 274 445 318 rapit
452 280 470 308 et
476 274 558 317 retrahit,
564 280 652 319 raptaque
658 274 736 309 reddere

33 329 109 374 respuit,
117 329 169 373 punit
178 328 270 374 punibiles
277 328 287 361 ¹.
317 327 352 363 Die
358 327 407 362 enim
416 328 495 363 crastina
503 338 545 363 cunr
556 326 666 369 surrexeris,
674 328 697 361 ad
705 326 736 361 sil·

34 389 115 418 uestrem
122 383 202 417 vattem2
209 394 274 416 versus
285 383 416 416 occidentalem
428 382 507 426 plagam,
515 382 545 416 vbi
553 381 669 416 mansionem
680 380 737 415 habe-

33 437 67 479 bis,
75 447 151 480 gressus
159 441 200 470 tuos
208 436 278 479 dirige.¹
302 435 343 477 Quo
351 446 405 469 mane
413 436 465 477 facto,
473 442 491 469 et
502 435 597 469 mansione
606 440 648 478 apta
655 434 737 474 inuenta,

34 489 141 523 Dubricium
163 489 295 522 landunensem
310 488 417 532 episcopum
431 488 480 530 adiit,
496 487 527 532 qui
540 488 598 522 tonsis
612 487 681 531 capillis
696 486 754 528 eius5

33 552 119 585 coronam
137 542 236 582 benedixit,
252 547 270 575 et
286 542 309 574 ad
325 541 385 573 locum
400 551 454 573 suum
470 551 512 573 eum
528 539 605 572 remisit.
628 540 736 572 Constructa

33 595 94 636 itaque
106 594 187 632 ecclesia,
198 593 264 626 iltutus
274 591 354 635 vigilauit
366 591 465 626 ieiunando
474 591 553 634 assidue,
561 597 579 625 et
590 592 652 626 orabat
660 591 701 625 sine
711 590 737 624 in-

33 645 160 688 termissione;
177 646 270 679 laborabat
283 645 364 690 propriis
378 645 467 685 manibus,
481 645 500 679 in
516 644 580 679 alienis
594 644 687 679 laboribus
699 654 736 678 non

33 700 133 734 conlidens.
153 700 211 733 Nocte
219 699 279 733 media
287 709 353 742 aquam
360 697 442 742 frigidam
448 698 528 738 intrauit,
533 703 551 732 et
559 698 602 732 inde
610 699 633 732 ad
641 697 737 731 ecclesiam

33 763 113 796 pergens
122 758 140 785 et
148 762 208 795 genua
214 752 296 791 flectens,
305 762 379 785 summo
387 750 475 785 conditori
483 761 549 795 preces
557 750 651 786 fundebat.
685 742 736 786 Cum
747 761 766 783 ro

34 811 95 840 autem
104 805 148 839 rexl
156 804 204 839 illius
212 805 308 849 prouincie
316 805 346 838 die
354 805 433 848 quadam
442 804 534 838 venationi
545 804 638 839 insisteret
645 814 738 847 canesque

33 870 76 893 suos
85 864 126 902 post
135 869 210 892 ceruum
217 869 274 892 vnum
286 857 387 900 instigaret,
395 857 425 890 ille
437 857 539 899 exagitatus
552 857 614 899 sugam
624 856 681 899 petiit,
689 855 737 889 cubi·

33 912 94 943 culum
103 911 161 943 saneti
174 910 222 944 Iltuti
234 904 320 951 introiuit,
329 914 347 943 et
358 909 438 942 humano
446 908 499 952 quasi
511 919 563 942 more
570 909 594 942 ab
602 908 633 942 illo
642 907 737 953 querendo

34 962 122 1006 refugium
136 967 179 997 ante
193 962 251 1006 pedes
262 961 321 997 sancti
332 961 417 1005 fatigatus
427 962 528 1005 procubuit.
551 961 611 996 Canes
619 972 663 995 vero
671 971 737 1004 expec-

34 1021 93 1049 tantes
105 1015 204 1059 stupefacti
212 1026 222 1049 a
230 1015 324 1050 latratibus
333 1014 445 1059 [cessabant]
454 1014 464 1048 ¹.
488 1014 511 1049 Et
518 1014 612 1049 admirans
621 1025 654 1049 rex
661 1014 738 1049 latratus
748 1023 765 1053 15

34 1069 132 1109 silentium,
142 1068 197 1111 venit,
206 1075 224 1103 et
233 1080 289 1103 canes
301 1069 394 1113 mitigatos
408 1074 426 1101 et
440 1079 515 1102 ceruum
529 1068 650 1102 domesticum
662 1066 737 1101 inuenit.

35 1121 93 1155 Iratus
102 1133 135 1155 rex
141 1122 184 1165 quia
191 1133 257 1156 seruus
265 1122 295 1155 dei
302 1122 341 1155 sine
349 1121 423 1155 licentia
430 1132 464 1154 sua
470 1121 495 1154 ibi
500 1121 583 1155 habitare
590 1126 736 1164 presumpserat,

34 1184 108 1208 ceruum
122 1175 179 1218 petiit,
192 1174 257 1208 iltutus
269 1180 331 1208 tamen
342 1175 420 1208 reddere
433 1173 496 1207 noluit.
525 1173 568 1207 Rex
579 1173 653 1208 taudem
665 1172 737 1207 humili·

34 1231 88 1260 tatem
100 1226 134 1260 viri
147 1226 176 1260 dei
190 1226 309 1262 considerans
322 1231 340 1262 et
350 1226 464 1268 miraculum,
476 1237 513 1261 non
525 1226 598 1260 intrauit
610 1227 633 1260 ad
645 1237 693 1267 eum,
704 1227 737 1259 sed

34 1290 109 1313 ceruum
125 1280 160 1313 sibi
177 1280 264 1313 diuinitus
284 1280 345 1313 datum
361 1279 441 1313 libenter
455 1279 515 1313 eidem
535 1278 631 1314 concessit.
654 1279 737 1323 Cumque
747 1290 767 1311 ao

34 1342 97 1376 regern
113 1332 225 1367 esurientem
243 1334 266 1367 ad
282 1333 379 1377 prandium
395 1332 461 1366 lltutus
476 1331 579 1372 inuitasset,
593 1332 698 1367 ministrum
715 1332 737 1366 ad

34 1391 119 1429 stagnum
131 1385 191 1428 misit;
203 1386 235 1430 qui
246 1385 316 1430 piscem
328 1385 375 1420 mire
385 1385 518 1429 magnitudinis
528 1387 580 1420 rethe
588 1392 668 1429 captum,
676 1395 738 1418 coram

34 1449 78 1481 rege
84 1438 174 1481 apposuit.
194 1439 232 1472 Sed
239 1439 281 1481 quia
287 1439 314 1472 sal
322 1438 427 1481 appositum
432 1448 497 1471 mense
503 1449 540 1472 non
546 1444 590 1479 erat,
596 1443 670 1481 gustare
676 1436 738 1471 noluit.

35 1489 100 1524 iltutus
114 1501 164 1532 vero,
180 1501 248 1534 panem
264 1497 282 1524 et
301 1491 328 1524 sal
343 1491 374 1524 illa
389 1490 434 1524 hora
449 1501 487 1524 non
501 1491 578 1533 habens,
590 1490 649 1524 orauit
662 1490 738 1523 dicens:

35 1542 126 1576 ‘Effector
133 1543 216 1576 omniurn
224 1548 349 1578 creaturarum
357 1549 412 1587 atque
420 1543 497 1577 donator
503 1542 510 1562 ⁶
517 1548 578 1587 potest
586 1543 665 1584 efficere,
671 1544 686 1577 si
694 1553 738 1586 gus·
748 1554 766 1584 ²5

34 1595 107 1639 taueris,
116 1596 190 1630 domine
197 1606 237 1639 rex,
245 1601 264 1630 vt
272 1596 291 1630 in
299 1601 371 1639 gustato
379 1595 430 1639 pisce
441 1595 510 1630 habeas
518 1598 567 1640 quod
575 1597 644 1631 habere
652 1596 738 1630 affectas)

36 1647 76 1682 Hoc
84 1649 145 1682 audito
153 1659 187 1683 rex
195 1649 300 1692 comedens,
306 1649 422 1684 diuersorum
430 1649 512 1684 ciborum
521 1660 598 1693 sapores
605 1650 624 1684 in
632 1661 669 1684 vna
676 1650 738 1693 specie

36 1701 103 1743 habuit,
112 1709 130 1737 et
138 1708 210 1746 gustata
222 1713 269 1746 aqua
280 1704 303 1736 ab
313 1703 367 1737 Iltuto
379 1701 414 1736 sibi
425 1702 528 1746 propinata,
536 1703 620 1737 diuersos
628 1703 708 1747 liquores
719 1702 738 1736 in

35 1753 83 1788 illius
96 1755 162 1789 haustu
176 1755 271 1790 sentiebat,
294 1755 347 1789 Tunc
362 1754 436 1789 tradidit
447 1766 481 1789 rex
496 1755 555 1797 lltuto,
567 1756 618 1790 iussn
630 1755 690 1799 angeli
703 1755 738 1790 sibi

35 1808 145 1850 apparentis,
153 1814 211 1842 totum
220 1809 271 1842 illum
280 1808 346 1849 locum,
353 1809 377 1842 ad
389 1809 533 1842 construendum
545 1808 590 1842 inibi
600 1808 738 1842 monasterium.
747 1819 767 1848 30

37 1852 161 1894 Confluebant
169 1862 192 1893 ad
201 1866 284 1895 sanctum
291 1861 365 1894 lltutum
372 1860 457 1903 discipuli
464 1860 538 1902 plurimi
545 1873 549 1893 ι
557 1861 657 1905 interquos
665 1861 739 1894 suerunt

36 1910 133 1955 Sampson,
141 1912 234 1953 Paulinus,
243 1912 312 1954 Gildas,
320 1918 338 1946 et
347 1912 413 1946 Dauid.
435 1912 534 1947 Constituit
546 1914 595 1948 enirn
607 1913 739 1958 quinquaginta

36 1962 106 2006 tratres,
114 1964 146 2009 qui
153 1965 258 1999 continuam
270 1966 373 2000 animarum
382 1965 490 2000 memoriam
502 1965 596 2001 haberent.
618 1966 740 2011 Affligebatur

36 2016 84 2051 enirn
90 2019 154 2052 crebra
161 2019 235 2062 equoris
241 2019 359 2053 inundatione
365 2024 383 2052 et
388 2019 457 2053 lluuiali
463 2019 622 2064 appropinquante
628 2020 739 2054 alluuione⁶:

36 2071 83 2104 vnde
91 2071 131 2105 lusa
138 2071 162 2105 ad
170 2072 225 2105 deum
231 2082 293 2116 prece,
299 2077 388 2116 precepto
395 2073 456 2116 angeli
465 2072 534 2107 domini
542 2084 597 2107 mane
605 2075 739 2117 surgensvenit
748 2083 767 2113 35

10 2142 12 2145 <
36 2123 58 2155 ad
70 2135 121 2157 mare
133 2135 175 2157 curn
188 2125 264 2158 baculo:
276 2130 295 2157 et
308 2125 356 2167 cepit
368 2135 419 2157 mare
434 2125 498 2168 fugere
509 2125 559 2158 velut
574 2130 624 2159 esset
638 2125 739 2159 animatum

37 2176 127 2210 sensibile.
140 2175 217 2216 Quando
224 2187 270 2209 vero
277 2175 327 2210 littus
335 2176 422 2210 siccatum
431 2177 520 2222 apparuit,
529 2187 570 2212 curn
578 2177 643 2213 baculo
651 2178 739 2222 pupugit:

37 2230 54 2259 et
65 2226 107 2262 lons
119 2227 258 2271 limpidissimus
271 2230 294 2262 de
309 2236 358 2262 terra
373 2230 444 2273 erupit,
461 2236 479 2264 et
493 2230 536 2264 licet
551 2241 609 2274 prope
621 2237 697 2274 pontum
710 2231 739 2270 sit,

37 2287 101 2321 aquam
109 2286 171 2314 tamen
180 2281 247 2314 claram
258 2286 276 2314 et
288 2281 360 2314 dulcem
372 2291 447 2325 semper
459 2281 529 2316 emittit.
553 2282 591 2317 Nec
603 2289 631 2317 est
642 2293 738 2317 reuersum

37 2338 86 2387 {nare
98 2334 121 2367 ad
132 2333 206 2367 solitum
214 2344 272 2378 usque
283 2333 302 2367 in
314 2333 363 2367 diem
374 2334 489 2369 hodiernum.
522 2327 645 2379 Autumpnali
655 2341 739 2380 ternpore
747 2346 767 2375 40

38 2391 144 2430 luceperunt
151 2387 236 2422 volucres
247 2397 328 2421 messem
341 2387 398 2421 sancti
410 2387 458 2421 lltuti
470 2388 570 2432 decerpere
582 2395 600 2423 et
610 2389 650 2422 sere
657 2389 739 2423 vacuatis

39 2437 92 2479 spicis
105 2441 196 2474 deserere.
225 2440 266 2473 Hoc
279 2445 378 2484 comperto,
390 2439 484 2484 discipulis
497 2440 536 2475 suis
546 2441 650 2475 alternatim
662 2440 739 2486 singulis

39 2488 101 2526 diebus
116 2498 199 2537 segetem
214 2492 306 2528 custodire
319 2493 407 2538 precepit.
430 2493 522 2537 Sampson
534 2503 584 2535 vero,
596 2505 644 2529 unus
659 2493 739 2538 discipu-

57 2548 90 2580 ¹E.
96 2552 185 2589 punibulis3
195 2552 213 2582 T.
219 2552 298 2590 punibilis.
314 2551 436 2582 'sellodnant
456 2551 488 2581 ³V.
494 2561 523 2581 rex
529 2552 638 2581 llerchiaunus
646 2554 740 2590 prenomine

38 2584 113 2621 Vesanus.
129 2591 135 2608 ⁴
142 2592 159 2621 T.
165 2592 182 2621 E.
190 2592 298 2630 expectabant.
309 2591 338 2622 ⁵V.
344 2592 380 2621 don.
386 2591 500 2622 donandorum.
510 2591 653 2629 ⁶T.tt1uu10ne;v.
660 2593 740 2625 cimiteria.
