1762 2803
114 128 143 169 86
306 126 386 179 mona
401 123 517 186 tramae
533 124 626 187 analio.

115 246 194 280 doleant.
218 245 259 280 Hoc
274 245 323 279 enim
340 246 367 280 eis
383 246 466 280 concedit
482 251 545 280 sancta
560 245 665 290 predicatio,
681 249 699 279 et
715 248 777 277 tamen
793 244 816 277 de

115 299 156 341 ipsa
167 298 286 332 concessione
302 304 352 332 metu
365 299 447 332 animum
461 299 545 332 concutit.
569 299 616 331 Nam
628 309 669 332 cum
683 297 751 331 Paulus
763 307 816 339 apos-

115 351 163 386 tolus
175 352 253 386 diceret:
266 351 312 394 “qui
324 361 344 385 se
356 352 450 386 continere
461 362 498 386 non
510 356 575 395 potest,
584 351 649 385 habeat
659 359 736 385 vxorem
748 350 816 390 suam,¹'

116 404 177 439 statim
195 404 304 446 subiungere
323 404 403 438 curauit:
424 404 481 438 “Hoc
499 409 560 438 autem
579 403 620 438 dieo
638 404 740 437 secundum
758 401 817 435 indul-

99 470 107 499 5
116 458 202 501 gentiam,
218 468 255 490 non
270 458 372 490 secundum
387 457 501 502 imperium.”
529 458 570 491 Non
586 457 635 490 enim
651 457 756 501 indulgetur
769 455 817 498 quod

116 511 163 552 licet,
178 511 221 554 quia
238 510 305 544 iustum
321 515 354 545 est.
377 511 431 553 Quod
446 511 500 555 igitur
515 511 606 555 indulgeri
621 511 671 553 dixit,
687 510 760 553 culpam
775 519 817 543 esse

117 563 254 598 demonstrauit.
276 563 363 607 Vigilanti
374 575 418 597 uero
431 569 493 598 mente
506 565 622 607 pensandum
635 563 722 607 estquod
734 562 753 595 in
766 562 818 605 Syna

116 621 179 651 monte
190 615 276 649 dominus
288 617 311 650 ad
322 616 411 660 populum
422 617 521 659 locuturus,
533 616 584 660 prius
596 617 675 651 eundem
686 615 775 660 populum
787 615 818 648 ab·

116 669 185 703 stinere
194 680 205 702 a
214 668 320 703 mulieribus
331 669 418 712 precepit.
442 670 464 703 Et
474 670 489 703 si
500 670 574 704 illicvbi
582 670 709 713 dominusper
717 673 818 702 creaturam

90 734 109 754 ιο
117 722 207 754 subditam
219 721 324 754 hominibus
335 722 448 765 loquebatur,
458 727 508 755 tanta
519 722 625 765 prouisione
636 727 664 756 est
676 721 768 755 mundicia
779 731 818 753 cor·

116 774 166 818 poris
178 773 270 818 requisita,
281 779 300 808 vt
314 774 345 817 qui
356 775 413 808 verba
425 774 455 809 dei
468 774 584 818 perciperent
596 774 704 809 mulieribus
717 772 769 807 mixti
781 783 818 807 non

117 831 191 861 essent:
213 826 341 871 quantomagis
356 827 449 870 mulieres,
467 839 502 871 que
517 840 584 872 corpus
600 827 669 862 domini
687 825 819 870 omnipotentis

117 881 213 924 accipiunt,
222 881 314 913 custodire
321 881 340 913 in
348 891 369 914 se
377 881 487 914 mundiciam
495 882 556 914 carnis
564 883 637 923 debent,
645 893 669 915 ne
677 881 717 924 ipsa
727 880 819 913 inestima-

118 933 159 968 bilis
174 932 250 968 misterii
265 933 391 977 magnitudine
406 937 518 978 grauenturl
541 934 590 969 Hinc
604 934 672 969 etenim
688 935 710 969 ad
723 932 783 967 Dauid
796 933 819 967 de

92 1001 110 1031 15
119 987 181 1030 pueris
193 987 231 1020 suis
241 997 275 1029 per
284 988 398 1020 sacerdotem
406 987 477 1028 dicitur,
484 993 504 1021 vt
515 988 530 1021 si
541 998 552 1021 a
562 987 668 1021 mulieribus
679 987 742 1021 mundi
753 991 820 1026 essent,

119 1050 177 1082 panes
192 1039 322 1082 propositionis
337 1039 447 1082 acciperent,
460 1051 507 1083 quos
522 1040 597 1073 omnino
610 1052 648 1073 non
663 1040 772 1083 acciperent,
784 1038 820 1071 nisi

119 1091 170 1134 prius
178 1091 257 1124 mundos
268 1101 300 1124 eos
309 1091 368 1125 Dauid
376 1102 387 1124 a
394 1092 501 1126 mulieribus
511 1093 602 1126 fateretur.
625 1093 677 1126 Tunc
685 1096 746 1126 autem
753 1091 782 1124 vir
790 1090 820 1133 qui

119 1148 160 1185 post
168 1143 299 1176 admixtionem
305 1143 387 1186 coniugis
395 1144 443 1178 lotus
451 1155 497 1187 aqua
503 1144 622 1185 fuerit,etiam
628 1156 680 1178 sacre
687 1143 821 1178 communionis

119 1194 221 1228 misterium
228 1194 277 1228 valet
287 1195 377 1238 accipere,
385 1196 438 1229 curn1
446 1196 463 1229 ei
472 1197 523 1230 iuxta
530 1197 635 1240 prefinitam
643 1195 758 1236 sententiam,
766 1195 821 1229 etiam

92 1263 111 1284 ro
119 1247 214 1283 ecclesiam
228 1247 298 1282 licuerit
313 1248 393 1283 intrare!
437 1250 578 1295 illnlerrogalio
590 1250 634 1284 beati
642 1250 753 1295 Augustini:
798 1241 821 1284 Si

119 1307 161 1345 post
171 1301 276 1335 illusionem
284 1312 320 1344 que
327 1312 361 1345 per
369 1302 475 1345 sompnium
486 1304 532 1336 solet
543 1304 630 1344 accidere,
638 1304 667 1337 vel
675 1313 742 1346 corpus
752 1301 822 1335 domini

119 1354 194 1398 quilibet
202 1353 285 1397 accipere
292 1354 357 1397 valeat,
366 1355 401 1397 vel,
413 1355 429 1389 si
437 1357 523 1390 sacerdos
532 1356 559 1398 sit,
568 1367 620 1390 sacra
627 1356 708 1391 misteria
716 1355 822 1389 celebrarer

119 1407 284 1452 llResponsz'obeati
288 1407 369 1451 Gregorii
370 1408 437 1451 papst:
464 1402 822 1453 ‘Huncquidemtestamentumveteris

120 1461 170 1504 legis,
181 1460 228 1494 sicut
239 1459 258 1493 in
270 1460 360 1503 superiori
372 1461 449 1504 capitulo
460 1461 496 1495 iam
507 1462 592 1503 diximus,
603 1463 692 1505 pollutum
703 1461 750 1501 dicit,
758 1466 776 1494 et
787 1460 822 1494 nisi

94 1527 111 1555 25
120 1513 178 1546 lotum
191 1523 242 1555 aqua,
254 1512 271 1545 ei
282 1523 341 1556 vsque
352 1514 375 1546 ad
386 1525 485 1557 vesperum
497 1514 565 1547 intrare
577 1514 673 1548 ecclesiam
685 1525 722 1547 non
734 1513 822 1547 concedit.

122 1565 175 1605 Quod
186 1568 248 1597 tamen
260 1563 312 1597 aliter
323 1565 402 1607 populus
414 1565 513 1608 spiritualis
525 1565 635 1609 intelligens,
647 1566 681 1600 sub
693 1566 758 1599 eodem
771 1565 822 1599 intel·

104 1656 106 1659 v
121 1617 170 1650 lectu
180 1615 256 1659 accipiet
267 1627 303 1659 quo
313 1616 378 1659 prefati
389 1628 463 1652 sumus:
476 1618 518 1661 quia
526 1618 578 1661 quasi
585 1629 619 1662 per
627 1619 732 1662 sompnium
741 1618 823 1652 illuditur

121 1669 153 1712 qui
160 1673 259 1712 temptatus
267 1668 389 1712 immundicia,
395 1670 444 1704 veris
452 1670 561 1714 imaginibus
569 1671 588 1704 in
597 1671 704 1715 cogitatione
712 1670 822 1714 inquinatur.

122 1716 160 1756 Sed
172 1722 261 1756 lauandus
273 1727 301 1755 est
314 1733 366 1765 aqua,
377 1728 397 1756 vt
408 1723 471 1766 culpas
483 1724 597 1767 cogitationis
608 1724 708 1767 lachrymis
719 1724 790 1765 abluat3
804 1729 822 1757 et

95 1790 114 1819 30
122 1774 157 1810 nisi
172 1774 223 1818 prius
238 1773 285 1818 iguis
300 1775 425 1819 temptationis
439 1777 542 1819 recesserit,
556 1788 608 1811 reum
624 1788 644 1812 se
660 1777 711 1822 quasi
726 1787 785 1821 vsque
800 1777 823 1811 ad

122 1839 220 1872 vesperum
234 1834 336 1871 cognoscat.
359 1829 397 1863 Sed
409 1835 437 1864 est
450 1830 469 1863 in
481 1832 546 1864 eadem
557 1831 643 1865 illusione
654 1832 707 1866 valde
719 1830 823 1864 necessaria

121 1881 212 1922 discretio,
226 1891 262 1922 que
278 1881 369 1914 subtiliter
383 1893 463 1924 pensare
478 1884 544 1916 debeat
559 1894 582 1916 ex
595 1894 631 1926 qua
646 1894 667 1916 re
682 1883 751 1916 accidat
766 1883 823 1916 menti

122 1932 235 1967 dormientis¹
257 1932 362 1976 Aliquando
371 1934 420 1968 enim
429 1947 453 1969 ex
461 1935 539 1979 crapula,
548 1935 645 1979 aliquando
653 1948 677 1970 ex
685 1940 749 1970 nature
759 1946 824 1979 super-

122 1987 191 2020 fluitate
196 1986 226 2020 vel
233 1985 344 2028 infirmitate,
350 1986 447 2030 aliquando
455 1999 479 2021 ex
487 1988 595 2031 cogitatione
603 1988 696 2032 contingit.
719 1988 742 2021 Et
750 1988 824 2031 quidem

95 2054 113 2085 35
123 2050 164 2073 cum
177 2049 202 2072 ex
217 2042 282 2072 nature
296 2039 422 2081 superfluitate
436 2040 466 2073 vel
481 2040 586 2074 infirmitate
601 2041 689 2082 euenerit,
702 2040 776 2074 omnino
790 2040 824 2074 hec

122 2092 182 2126 illusio
197 2102 235 2125 non
251 2096 279 2124 est
294 2091 380 2135 timenda,
393 2092 435 2136 quia
446 2093 493 2127 hanc
504 2093 586 2127 animum
598 2093 712 2128 nescientem
726 2093 824 2137 pertulisse

123 2146 181 2189 magis
189 2145 288 2178 dolendum
297 2150 325 2178 est
332 2155 387 2188 quam
395 2146 467 2180 fecisse.
489 2147 535 2181 Cum
542 2158 586 2181 vero
594 2147 641 2181 vltra
649 2148 724 2181 modum
732 2147 824 2190 appetitus

122 2199 164 2242 gule
175 2197 193 2231 in
205 2197 300 2232 sumendis
310 2198 402 2232 alimentis
412 2199 486 2242 rapitur,
495 2205 549 2243 atque
560 2199 627 2233 idcirco
635 2200 733 2233 humorum
742 2205 824 2243 recepta-

123 2252 163 2285 cula
176 2255 280 2295 grauantur‚
292 2250 347 2284 habet
360 2251 427 2286 exinde
442 2252 515 2286 animus
530 2252 609 2297 aliquem
622 2257 698 2294 reatum,
710 2263 747 2286 nou
762 2257 824 2286 tamen

95 2315 181 2349 4ovsque
196 2305 219 2337 ad
234 2303 375 2347 prohibitionem
388 2305 501 2350 percipiendi
514 2306 572 2340 sancti
587 2305 669 2347 misterii,
681 2306 710 2340 vel
726 2305 824 2339 missarum

124 2357 226 2401 solempnia
239 2356 353 2392 celebrandi:
369 2369 411 2392 cum
422 2358 500 2393 fortasse
512 2364 542 2393 aut
555 2359 595 2393 dies
608 2358 666 2392 festus
678 2358 739 2402 exigit,
751 2364 782 2392 aut
794 2370 825 2393 ex·

124 2410 182 2445 hiberi
197 2409 303 2452 misterium,
316 2421 350 2454 pro
364 2422 386 2445 eo
400 2412 449 2454 quod
465 2413 552 2446 sacerdos
567 2411 613 2445 alius
628 2411 647 2445 in
661 2412 700 2446 loco
713 2412 771 2454 deest,
784 2412 825 2455 ipsa

124 2462 224 2495 necessitas
237 2463 334 2504 compellit.
358 2463 405 2496 Nam
418 2463 434 2496 si
447 2469 511 2497 assunt
525 2464 555 2496 alii
567 2464 598 2506 qui
611 2464 689 2506 implere
702 2464 825 2497 ministerium

123 2515 201 2556 valeant,
214 2514 273 2549 illusio
286 2525 320 2557 pro
334 2516 409 2560 crapula
421 2516 468 2550 facta
480 2527 491 2550 a
503 2516 620 2561 perceptione
634 2517 680 2551 sacri
694 2517 771 2551 misterii
782 2527 825 2561 pro-

247 2577 253 2595 ¹
263 2578 281 2607 T.
289 2578 306 2608 E.
314 2579 343 2609 cui.
564 2579 570 2596 ²
580 2589 620 2617 pape
627 2590 657 2609 om.
665 2581 681 2609 in
688 2581 706 2610 T.
