1762 2803
43 141 177 183 Menneu
255 129 301 185 lbi
316 127 352 183 θ.
368 128 537 182 winburnae.
698 133 743 189 569

43 257 108 292 offerre.
124 254 144 285 In
151 251 202 285 huius
208 249 262 283 enim¹
270 250 412 284 consuetudinem
418 259 477 283 secum
483 250 555 284 sociauit
561 249 657 283 Ethbinum
663 250 743 285 iuuenem

44 305 142 352 preclarum,
151 311 233 344 magnum
241 300 338 341 diaconum,
346 305 364 334 vt
371 301 452 334 sacerdos
463 300 525 343 dignus
536 300 610 335 diacono
620 306 745 335 sustentaretur

43 359 91 392 iusto¹
113 351 182 387 Accidit
193 352 269 395 quadam
282 351 310 385 die
323 351 365 385 dum
376 351 517 385 consuetudinem
529 350 631 395 explerent¹‚
642 357 659 384 et
672 351 704 384 iter
714 363 745 394 per

44 416 112 446 campos
128 404 145 437 in
159 408 237 446 tempore
251 401 313 436 messis
327 403 415 436 facerent:
435 402 536 437 inuenerunt
555 402 641 447 quendam
658 402 744 445 leprosum

44 459 127 493 iacentem
135 454 152 486 in
160 464 216 487 messe
223 453 298 495 grauiter
305 452 422 495 plangentem,
430 459 485 487 totum
493 463 555 496 corpus
563 453 661 487 vulneribus
669 453 744 496 plenum,
752 463 761 495 5

44 507 166 541 exclamantem
174 503 225 536 flebili
233 513 275 536 voce
282 501 314 545 [et]
322 502 403 536 auxilium
410 503 433 536 ab
441 503 465 536 eis
474 504 594 545 postulantem.
616 504 666 536 Tunc
674 508 745 536 sanctus

44 554 158 589 Winwaloeus
170 552 247 586 Ethbino
258 552 331 586 diacono
343 552 396 587 dixit:
409 552 480 586 ‘Frater
488 552 584 595 karissime,
594 553 677 596 quidnam
688 552 744 587 daturi

44 616 102 641 sumus
112 604 152 637 huic
163 603 234 646 pauperi
245 603 326 637 auxilium
338 602 410 637 anobis
421 603 526 646 postulanti?
537 614 597 637 aurum
608 614 642 637 non
655 603 745 646 habemus

45 663 132 698 argentum
141 664 178 686 non
187 654 302 695 recondimus,
309 654 351 687 nudi
361 654 439 697 pecuniis
448 655 498 687 huius
508 654 561 688 seculi
573 654 614 697 quid
624 655 678 687 acturi
686 663 746 687 sumus

45 706 83 741 huic
90 704 168 746 egentii’
190 706 265 738 Sanctus
275 704 339 738 etenim
351 704 444 745 Ethbinus,
452 704 522 747 spiritus
534 703 588 738 sancti
599 704 658 746 gracia
665 704 745 746 repletus,
754 716 773 738 ro

45 758 77 790 ait:
88 754 187 796 ‘Legimus
194 760 249 797 pater,
257 755 275 787 in
282 755 350 787 actibus
357 755 474 797 apostolorum
485 755 531 796 quod
542 754 594 788 beato
605 755 657 787 Petro
666 753 746 795 apostolo

45 815 83 838 cum
90 810 151 837 sancto
159 804 236 837 Iohanne
244 805 340 837 introeunte
348 804 365 836 in
377 804 465 847 templum,
473 803 543 837 claudus
553 802 623 847 quidam
634 802 746 837 elemosinam

45 854 95 898 peciit
103 858 120 888 et
128 853 228 896 sospitatem
239 864 308 897 gressus
316 853 381 888 itineris
391 854 414 888 ab
421 854 447 888 eis
456 854 529 898 accepit.
551 854 578 887 Tu
589 859 647 887 autem
654 852 745 897 appropin-

45 917 78 949 qua
93 904 164 947 pauperi
179 911 196 937 et
212 905 305 948 superioris
319 905 377 947 gracie
391 915 453 938 munus
468 905 551 947 inpertire
566 904 600 938 illi!
621 905 671 938 Tunc
684 904 745 937 beatus

45 955 159 989 Winwaloeus
170 960 218 988 stans
230 965 279 988 secus
290 965 383 998 pauperem
394 954 448 988 dixit:
462 956 511 997 ‘Que
523 960 563 988 suut
574 955 591 987 in
603 959 620 987 te
631 954 745 991 infirmitates,
754 962 773 994 ¹⁵

45 1006 99 1044 frater,
106 1003 151 1046 [pro]
157 1005 218 1046 quibus
224 1010 259 1037 tam
264 1004 324 1046 grauia
329 1005 476 1047 suspiriatamque
481 1003 544 1037 debilia
550 1004 603 1037 verba
609 1003 697 1037 emittisl¹
714 1002 746 1036 Ille

47 1056 68 1088 ab
76 1054 136 1086 intimo
143 1059 213 1095 pectore
221 1056 291 1088 trahens
298 1053 376 1097 suspin'a,
384 1064 423 1087 cum
430 1064 494 1096 magna
501 1053 599 1087 humilitate
607 1053 657 1096 [ait]:
670 1053 746 1095 ‘Magne

46 1104 123 1146 angustie
130 1114 225 1147 grauesque
233 1104 301 1138 dolores
313 1104 415 1148 quatiuntur
422 1104 439 1138 in
447 1115 518 1148 corpore
525 1102 580 1138 meo'.
602 1105 668 1137 Tamen
676 1102 746 1146 insuper

46 1165 88 1188 unus
95 1154 144 1187 dolor
155 1155 200 1189 inest
211 1155 240 1198 qui
251 1160 316 1189 tantum
327 1160 352 1189 est
363 1154 456 1189 infirmitati
466 1166 504 1188 mee
515 1154 576 1189 noxius
586 1160 604 1188 ut
616 1154 630 1188 si
642 1154 688 1188 hunc
700 1154 746 1188 diem

46 1205 81 1237 sine
90 1204 139 1237 huius
147 1205 210 1237 doloris
216 1204 288 1237 auxilio*
296 1204 386 1244 transiero,
391 1211 464 1237 mortem
470 1204 529 1246 pocius
535 1215 586 1245 quam
592 1204 645 1236 vitam
650 1203 746 1245 proximam
754 1213 774 1235 ao

48 1264 85 1286 esse
96 1254 149 1296 puto)
171 1254 199 1287 Ad
211 1254 257 1287 hunc
268 1254 329 1287 beatus
337 1254 453 1287 Winwaloeus
464 1254 499 1287 ait:
512 1253 563 1294 ¹Dic,
570 1255 627 1295 frater,
638 1263 672 1296 quo
682 1252 746 1285 auxilio

47 1303 104 1336 leuiari
115 1304 192 1345 poteris?
206 1305 255 1338 testis
265 1310 291 1337 est
302 1304 355 1337 michi
366 1304 408 1337 deus
420 1304 466 1347 quod
477 1310 536 1337 nostre
545 1304 602 1337 carnis
612 1311 679 1347 partein
690 1303 708 1336 in
721 1303 746 1336 tui

48 1353 108 1387 auxilio
119 1364 150 1396 pro
162 1359 192 1388 tuo
203 1354 293 1397 leuamine,
305 1354 319 1388 si
333 1354 427 1388 necessitas
439 1354 579 1398 comprobauerit,
593 1354 663 1397 posituri
675 1354 746 1388 sumus!

47 1405 118 1445 ‘Nares
128 1405 189 1448 inquit,
201 1416 241 1439 mee
252 1406 310 1439 dolore
320 1407 409 1439 vulnerum
420 1406 470 1448 plene
481 1405 561 1439 stercoris
571 1403 713 1439 concremantur⁵
723 1404 746 1437 ab

48 1454 111 1496 ardore,
119 1461 138 1489 vt
145 1456 197 1497 vides,
206 1461 253 1490 tante
264 1455 392 1498 infirmitaltisl.¹
415 1458 455 1489 Hoc
468 1456 549 1490 audiebat
560 1455 652 1496 Ethbinus,
660 1462 677 1489 et
684 1455 746 1488 librum
755 1461 774 1492 ²5

47 1514 97 1546 quem
104 1506 184 1546 gestabat
191 1516 243 1539 manu
251 1505 269 1539 in
277 1511 340 1539 terram
346 1506 430 1547 deposuit,
438 1511 454 1538 et
462 1515 556 1547 pauperem
562 1516 594 1548 per
598 1506 653 1538 latera
658 1504 747 1547 arripiens,

48 1553 86 1595 qaia
92 1565 157 1597 pronus
165 1555 182 1589 in
190 1562 235 1590 terra
243 1556 314 1597 iacebat,
322 1555 380 1589 erexit.
403 1556 487 1590 Sacerdos
494 1555 544 1599 igitur
549 1556 664 1590 winwaloeus
670 1555 693 1589 ad
697 1565 748 1589 nares

47 1604 82 1637 eius
89 1616 159 1639 manum
163 1607 258 1649 porrigens,
266 1617 331 1649 pauper
338 1607 390 1640 flebili
396 1616 438 1640 voce
446 1607 521 1640 clamare
526 1612 544 1640 vt
550 1612 616 1649 poterat
624 1607 677 1649 cepit:
690 1605 747 1646 ‘Noli

47 1654 106 1695 senior,
114 1656 149 1689 noli
158 1657 237 1690 manibus
246 1663 316 1699 tangere
324 1667 380 1697 nares,
388 1657 428 1699 quia
438 1656 486 1690 dolor
492 1667 528 1690 non
537 1656 625 1699 permittit.
648 1657 678 1690 Set
689 1656 704 1689 si
716 1665 747 1700 pro

47 1704 144 1739 remissione
155 1713 266 1749 peccatorum
277 1713 345 1739 tuorum
356 1707 432 1740 dolorem
444 1717 502 1740 meum
514 1707 578 1740 leuiare
589 1707 669 1747 volueris,
677 1716 748 1740 necesse
756 1720 776 1751 3⁰

48 1759 72 1786 est
83 1755 135 1788 miehi
143 1763 162 1789 vt
173 1756 190 1789 in
203 1767 233 1790 ore
241 1763 271 1790 tuo
282 1767 333 1790 nares
342 1767 390 1790 meas
397 1757 469 1798 miseris,
478 1763 495 1791 et
506 1757 530 1791 ita
541 1757 622 1790 traxeris.¹
645 1756 747 1790 Humiliauit

48 1813 66 1836 se
74 1804 135 1839 beatus
146 1806 260 1840 Winwaloeus
271 1808 300 1850 qui
312 1808 395 1841 exaltatus
405 1813 442 1840 erat
452 1807 518 1840 meritis
530 1808 547 1840 in
560 1807 602 1847 celo,
610 1813 627 1841 et
638 1807 708 1850 quando
715 1817 748 1850 pu·

47 1854 88 1888 tauit
95 1856 154 1891 leuiari
161 1857 232 1901 pauperi
240 1858 257 1892 in
268 1869 297 1892 ore
307 1868 338 1891 suo
348 1857 415 1900 accepit
424 1868 493 1892 carnem
505 1858 535 1892 filii
546 1858 579 1891 dei.
602 1859 618 1891 0
629 1868 657 1891 res
667 1857 748 1891 miranda

48 1910 64 1937 et
75 1906 176 1941 admiranda
187 1908 306 1951 stupendaque
317 1907 397 1942 omnibus
408 1907 530 1942 audientibus:
546 1919 587 1942 mox
598 1914 616 1941 vt
628 1908 651 1941 ad
663 1918 683 1941 se
696 1906 747 1941 norit

48 1954 107 1989 beatus
114 1957 234 1999 Winwaloeus,
240 1964 288 2000 petra
294 1958 377 1990 mirabilis
382 1958 399 1990 in
406 1958 442 1991 eius
448 1968 477 1991 ore
483 1958 549 1991 cecidit.
564 1959 588 1990 Et
594 1957 654 1991 beatus
660 1957 747 1991 Ethbinus
755 1969 775 2003 35

48 2012 77 2043 per
87 2005 141 2039 latera
152 2007 241 2040 dominum
250 2013 316 2048 tenens,
324 2018 391 2041 sursum
401 2008 467 2051 aspexit
476 2008 532 2043 celum
542 2013 625 2051 apertum,
634 2013 651 2041 et
661 2007 679 2041 in
691 2007 748 2052 capite
767 2034 777 2044 .

48 2054 110 2090 domini
118 2068 169 2100 quem
177 2060 246 2092 tenebat
253 2065 314 2092 sancta
321 2069 362 2092 crux
369 2060 453 2101 apparuit,
461 2059 566 2102 angelosque
576 2059 594 2092 in
604 2058 674 2092 obuiam
681 2058 747 2091 domini

48 2104 104 2140 venire
115 2108 163 2143 vidit.
186 2110 274 2143 Sacerdoti
284 2110 320 2143 ait:
333 2109 396 2142 ‘Pater
405 2114 470 2149 sancte,
478 2109 534 2151 ipsum
544 2119 595 2151 quem
607 2115 658 2142 teneo
668 2109 748 2143 manibus

48 2159 65 2187 et
75 2160 94 2190 tu
105 2168 140 2199 ore,
149 2159 238 2193 dominum
250 2160 320 2193 lhesum
331 2159 424 2200 Christum,
432 2159 461 2203 qui
472 2158 564 2203 pronubis
576 2159 624 2194 dedit
636 2159 748 2204 semetipsum

49 2207 128 2249 crucifigi,
136 2219 175 2242 esse
183 2211 245 2243 crede!
268 2210 360 2253 Cupientes
368 2216 425 2243 autem
433 2210 480 2242 illum
488 2215 546 2243 tenere
554 2210 639 2250 manibus,
647 2210 721 2244 eleuauit
728 2219 748 2244 se
755 2223 776 2255 40

48 2253 126 2308 dominus
132 2259 193 2293 lhesus
198 2259 277 2294 Christus
282 2259 300 2293 in
305 2259 384 2300 nubibus,
390 2259 457 2293 dicens:
465 2260 517 2293 ‘Non
523 2259 615 2293 erubuistis
620 2270 653 2301 me,
658 2259 702 2293 serui
709 2259 748 2302 mei,

49 2312 65 2337 in
73 2308 155 2351 angustiis
162 2310 211 2352 meis,
219 2321 251 2346 nee
258 2320 291 2354 ego
299 2311 398 2346 erubescam
405 2320 436 2345 vos
444 2309 462 2345 in
470 2320 523 2353 regno
530 2310 584 2355 patris
592 2310 631 2346 mei.
654 2311 748 2345 Hereditas

49 2361 104 2391 vestra
111 2369 178 2394 mecum
186 2367 223 2401 est;
236 2368 253 2396 et
260 2362 294 2396 hiis
301 2361 330 2404 qui
338 2361 389 2395 vestri
397 2361 433 2395 suis
442 2361 459 2394 in
471 2361 580 2395 oracionibus
587 2373 672 2396 memores
680 2362 748 2403 suerint,

49 2404 93 2460 salus
102 2408 119 2442 in
127 2421 181 2453 regno
188 2412 238 2445 meo!
260 2412 300 2446 Hiis
307 2411 364 2452 dictis,
371 2411 441 2446 euanuit
449 2422 470 2445 ex
477 2412 530 2446 oculis
541 2422 599 2446 eorum
611 2418 628 2445 et
636 2418 713 2454 receptus
721 2417 747 2445 est

49 2464 66 2487 111
77 2459 131 2492 celum
142 2472 182 2494 cum
192 2472 257 2503 magna
267 2462 328 2495 laude:
339 2462 429 2495 laudantes
440 2462 510 2503 quidem
519 2462 618 2503 audiebant,
625 2466 652 2495 set
661 2461 747 2494 neminem
755 2472 776 2504 45

67 2531 271 2571 ¹VE.huiusvlsitntionis.
323 2539 561 2580 tvuexpleueonsnetudine.
620 2537 748 2579 'Vunatiunt

101 2585 152 2608 meum
160 2588 219 2619 corpus.
283 2578 289 2598 ⁴
299 2578 422 2611 vacuatione.
482 2580 489 2599 ³
499 2580 532 2611 VE.
539 2584 595 2611 stercus
602 2583 689 2618 congerunt.
