1762 2803
96 131 137 184 198
282 130 362 183 muta
378 128 494 192 tanton
509 128 602 191 annito

94 249 193 284 festinaret.
217 248 299 294 Cumque
311 251 333 285 ad
345 252 460 295 presenciam
472 251 553 296 episcopi
564 252 653 286 adductus
665 251 734 294 suisset,
746 250 796 286 uenit

94 304 169 347 quidam
177 307 252 347 portans
260 303 279 336 in
286 304 360 338 brachio
368 315 402 338 suo
409 305 498 339 infantem
505 307 550 349 [tres
558 311 621 339 noctes
628 306 733 348 habentem]
739 305 750 339 ¹.
774 306 797 339 Et

95 356 119 391 ait
126 357 223 401 episcopus
229 357 268 389 uiro
274 361 346 391 sancto:
355 357 417 391 ‘Nunc
423 363 494 402 oportet
501 363 520 392 ut
525 359 611 392 ostendas
617 352 670 392 nobis
675 358 796 392 ministerium

95 415 147 454 tuum
157 410 173 444 si
184 419 248 443 uerum
258 410 281 442 sit
291 421 314 442 an
325 410 396 444 salsum.
420 411 504 455 Precipio
514 412 545 446 tibi
555 423 589 455 per
596 423 660 446 ueram
671 410 797 445 obedienciam

79 467 116 503 5ut
128 462 182 495 facias
195 462 250 493 istum
264 461 351 495 infantem
364 462 417 496 nobis
429 468 527 507 utrumque
539 464 654 497 innotescere
665 468 766 507 parentem,
778 468 798 497 ut

96 515 192 547 credamus
201 511 232 545 tibi
240 513 282 555 quia
290 525 313 546 ex
324 515 358 547 deo
370 516 401 547 es’
424 515 476 548 Tunc
486 521 562 552 ,sanctus
576 516 624 549 Goar
634 527 699 559 preces
709 516 732 548 ad
743 516 797 548 deum

96 577 138 599 cum
150 564 229 599 lacrimis
240 565 319 600 fundens
331 566 366 601 ait:
379 567 468 602 ‘Trinitas
479 573 546 611 sancta,
557 573 575 602 te
587 568 657 610 inuoco,
667 573 721 612 atque
733 568 798 610 infans,

96 619 115 652 in
127 618 201 652 nomine
213 617 297 652 trinitatis
310 624 329 653 te
341 619 421 662 coniuro,
435 625 454 653 ut
466 625 563 664 utrumque
576 621 628 654 nobis
642 626 693 655 tuum
707 621 799 654 edisseras

97 673 203 716 parentem'
227 671 250 705 Et
262 674 377 716 respondens
388 673 448 707 infans
458 673 491 708 ait:
504 674 509 692 ⁴
515 673 552 707 Iste
564 674 650 708 Rusticus
663 675 760 718 episcopus
771 679 799 708 est

71 736 89 756 10
97 732 149 770 pater
157 736 215 767 meus
223 730 241 759 et
249 731 307 760 mater
314 727 438 770 meaAfflagia
444 730 567 771 nuncupatur.¹
591 728 695 762 Proiecerat
701 728 750 761 enim
757 738 799 761 eum

98 785 157 812 mater
172 790 205 812 sua
220 779 239 811 in
254 779 342 813 concham
358 780 474 813 marmoriam
488 781 519 813 ubi
534 780 644 823 paupercule
658 780 725 814 femine
740 781 800 814 solent

98 832 177 867 infantes
189 842 232 866 suos
244 832 315 866 iactare.
339 832 447 877 Episcopus,
459 833 493 867 hoc
506 834 573 875 audito,
587 833 651 867 cecidit
661 833 684 867 ad
696 833 754 876 pedes
765 833 800 867 uiri

99 886 129 919 dei
137 891 155 919 et
161 886 194 920 ait:
208 885 270 919 ‘Nunc
277 886 315 920 scio
321 897 365 920 uere
371 888 413 930 quia
419 897 484 920 seruus
490 887 520 920 dei
526 897 546 920 es
553 886 581 920 cui
588 887 657 921 scelera
663 897 709 928 mea,
715 887 800 921 omnibus

100 938 209 977 abscondita,
218 936 242 969 ita
250 938 283 970 tibi
294 949 328 981 per
339 938 375 971 nati
386 939 422 971 mei
430 940 487 971 uerba
496 939 585 982 patefacta
593 941 644 972 sunt!
667 939 719 972 Tunc
727 944 801 972 sanctus

74 998 91 1028 15
100 990 135 1024 ait:
149 989 201 1022 ‘Heu
209 990 288 1032 domine,
297 1001 353 1034 quare
361 1001 395 1034 per
406 1001 436 1023 me
444 990 532 1024 miserum
543 996 560 1024 et
568 997 683 1035 peccatorem
689 996 720 1024 tua
728 996 802 1035 peccata

100 1043 189 1077 hactenus
208 1042 285 1076 latencia
304 1043 351 1077 lacta
367 1049 410 1077 sunt
426 1043 534 1078 manifesta?
564 1044 630 1078 Melius
647 1044 721 1087 quidem
738 1043 802 1078 fuisset

101 1099 203 1138 spontanea
215 1098 233 1128 et
244 1099 316 1129 secreta
327 1106 388 1129 coram
402 1096 436 1130 deo
447 1095 543 1138 consessio,
554 1106 609 1139 quam
622 1096 656 1130 ista
668 1100 731 1130 contra
740 1100 802 1130 uotum

100 1153 152 1181 tuum
165 1147 287 1192 ignominiosa
298 1148 409 1193 publicacio.’
432 1148 503 1183 Deinde
518 1149 587 1183 solicite
602 1160 623 1183 ac
639 1149 717 1193 benigne
733 1149 803 1183 monuit

102 1211 144 1235 eum
155 1202 178 1234 ad
189 1201 318 1244 penitenciam,
330 1203 403 1235 dicens:
416 1203 519 1243 ‘Quantum
528 1203 607 1235 saluator
617 1208 680 1236 noster
689 1203 731 1245 pius
743 1204 803 1236 estad

74 1261 93 1281 ²⁰
102 1254 237 1295 remittendum,
245 1259 316 1287 tantum
324 1265 358 1287 nos
366 1260 437 1298 oportet
448 1260 521 1297 paratos
530 1265 572 1288 esse
583 1256 605 1288 ad
615 1255 740 1298 penitendum.
764 1255 803 1299 Ego

102 1313 168 1350 autem,
174 1306 193 1340 in
200 1311 288 1350 quantum
294 1307 353 1351 pietas
361 1307 422 1341 diuina
430 1318 460 1341 me
469 1308 556 1342 exaudire
562 1312 580 1341 et
586 1309 642 1341 uitam
651 1307 754 1352 dignabitur
761 1319 804 1342 con-

102 1361 176 1402 donare,
192 1364 263 1402 septem
282 1360 335 1394 annis
354 1360 476 1403 penitenciam
494 1371 527 1404 pro
544 1365 567 1399 te,
584 1361 705 1404 compellente
725 1360 804 1395 fraterna

102 1412 181 1455 caritate,
189 1412 225 1446 iam
234 1412 307 1447 decreui
315 1412 392 1456 lacerer]

198 1569 213 1605 ‘ii
226 1561 259 1603 DE
271 1580 341 1603 SANCTO
353 1561 450 1604 Cornutus
461 1581 534 1604 nuum:
545 1581 568 1604 ET
579 1570 712 1605 courussouffl.

104 1663 184 1741 ANno
201 1663 292 1708 siquidem
306 1665 374 1699 domini
386 1665 532 1710 quingentesimo
548 1666 663 1710 sexagesimo
678 1665 742 1709 quinto
755 1665 805 1700 venit

78 1730 96 1759 ²5
110 1754 112 1756 ,
164 1719 187 1751 de
205 1717 294 1752 Hibernia
309 1719 401 1762 presbiter
418 1725 436 1753 et
451 1720 507 1754 abbas
522 1720 605 1764 insignis,
621 1725 695 1754 sanctus
711 1719 804 1762 Columba,

105 1771 223 1812 Britanniam,
236 1771 362 1813 predicaturus
373 1772 450 1805 verbum
462 1772 492 1806 dei
506 1772 690 1816 Septemtrionalibus
704 1771 764 1814 Pictis,
776 1772 806 1815 qui

104 1824 166 1858 arduis
179 1823 271 1856 montibus
283 1824 306 1857 ab
319 1823 428 1858 australibus
441 1835 504 1858 eorum
518 1824 628 1868 sequestrati
640 1830 682 1859 sunt
694 1823 805 1867 regionibus.

105 1878 152 1911 Nam
167 1876 264 1910 Australes
284 1876 344 1911 Pictos
360 1878 417 1910 multo
432 1882 475 1911 ante
490 1883 573 1922 tempore
593 1877 687 1919 Ninianus,
707 1877 805 1921 episcopus

105 1935 184 1972 sanctus,
193 1929 216 1963 ad
226 1929 282 1963 fidem
290 1929 384 1964 conuertit.
408 1930 487 1964 Sanctus
498 1930 559 1975 itaque
571 1930 659 1964 Columba
670 1935 745 1974 gentem
756 1929 806 1964 illam

40 1983 43 1990 '
78 1993 97 2022 30
105 1984 161 2018 verbo
173 1987 191 2016 et
203 1983 288 2025 exemplo
299 1983 322 2016 ad
334 1983 390 2017 fidem
402 1989 517 2026 conuertens,
525 1984 604 2017 insulam
615 1984 690 2017 nomine
702 1983 734 2016 Hii
746 1984 769 2016 ab
779 1983 806 2017 eis

105 2035 180 2079 accepit,
191 2035 210 2067 in
222 2044 258 2077 qua
268 2040 286 2067 et
298 2035 430 2069 monasterium
440 2036 553 2070 construxit:
565 2036 596 2070 vbi
607 2041 625 2069 et
635 2037 675 2079 ipse
684 2036 767 2079 sepultus
779 2041 808 2070 est

62 2107 64 2110 .
106 2099 147 2123 cum
158 2092 208 2122 esset
216 2097 305 2121 annorum
313 2088 428 2132 septuaginta
437 2093 514 2133 septem,
522 2094 564 2133 post
572 2088 645 2133 triginta
653 2088 741 2133 quatu0r⁵
749 2099 808 2123 annos

105 2152 130 2175 ex
145 2152 181 2186 quo
197 2139 311 2174 Britanniam
323 2142 449 2185 predicaturus
464 2142 512 2176 adiit.
541 2142 616 2176 Habere
631 2147 692 2176 autern
707 2142 753 2175 solet
768 2142 809 2186 ipsa

106 2194 166 2228 insula
176 2198 267 2228 rectorem
278 2203 354 2237 semper
365 2195 454 2236 abbatem,
466 2195 517 2229 cuius
527 2194 573 2229 iuri*
584 2199 602 2228 et
613 2194 673 2228 omnis
683 2194 782 2237 prouincia,
790 2200 809 2229 et

79 2251 97 2280 35
106 2247 142 2290 ipsi
154 2246 209 2280 ctiam
221 2246 309 2289 episcopi,
322 2246 386 2280 ordine
399 2247 491 2289 inusitato,
504 2249 583 2281 debeant
596 2258 638 2281 esse
654 2247 741 2281 subiecti:
759 2247 809 2282 iuxta

106 2299 213 2343 exemplum
224 2298 280 2342 primi
288 2299 368 2333 doctoris
377 2299 430 2340 illius,
439 2301 470 2343 qui
480 2311 517 2333 non
526 2301 631 2344 episcopus,
640 2301 672 2333 sed
680 2300 737 2333 abbas
745 2300 810 2334 extitit

108 2345 156 2386 Erat
171 2353 220 2385 enim
232 2351 262 2385 vir
276 2351 313 2385 vite
328 2352 438 2385 venerabilis
450 2357 468 2386 et
480 2353 532 2386 beate
545 2352 640 2393 memorie,
656 2352 809 2386 monasteriorum

106 2409 159 2448 pater
170 2408 188 2438 et
198 2403 284 2438 fundator
295 2404 388 2447 Columba,
400 2405 431 2449 qui
443 2416 480 2439 non
491 2405 551 2439 solum
562 2405 585 2439 ab
597 2404 672 2438 infantia
683 2404 718 2438 deo
730 2405 809 2440 donante

128 2508 133 2525 ¹
145 2508 247 2546 pertriduum
254 2513 331 2538 mortuum
338 2509 403 2539 crossed
411 2513 443 2539 out.
509 2508 515 2526 ²
526 2509 554 2539 Edi
563 2508 623 2546 Colgan
631 2509 651 2539 ll.
660 2518 675 2547 p.
683 2517 722 2547 332;
733 2510 810 2548 abridged

108 2548 252 2619 {pzrpsglddgptnan's
259 2549 308 2618 Vita}
314 2549 434 2619 tvhipibeginning
441 2550 481 2579 from
488 2550 533 2579 Beda
540 2550 561 2579 H.
570 2550 587 2579 E.
596 2549 625 2579 lIl.
633 2558 646 2586 4.
701 2550 707 2567 ³
718 2550 736 2579 ln
744 2551 761 2580 T.
770 2552 810 2581 duos
