1762 2803
233 152 279 209 θα
294 149 394 205 banno
410 150 537 203 annno.
693 164 735 207 113

33 281 91 315 boues
98 276 121 311 ad
129 273 213 310 vehicula
221 273 280 308 ducti¹
288 273 338 317 ligna
346 278 364 307 et
371 272 413 317 iuga
421 272 535 307 excutientes
542 271 567 306 ita
575 271 654 315 dispersi
662 277 710 312 sunt,
716 276 736 305 vt

34 331 121 372 deinceps
129 326 208 361 inueniri
215 337 252 360 non
261 331 343 368 possent.
399 319 464 359 Cecus
471 324 545 368 quidam
553 335 564 357 a
572 323 666 357 natiuitate
674 323 736 367 sepul·

33 384 97 417 chrum
112 378 170 414 sancti
185 377 268 418 visitans,
283 377 419 422 contemplatur
432 387 511 422 puerum
526 375 684 421 speciosissimum
699 374 735 410 sibi

33 435 125 474 assistere,
136 432 173 465 duo
184 431 245 466 sidera
256 431 359 475 prefulgida
370 440 426 464 manu
438 435 547 474 gestantem,
561 435 579 464 et
594 430 628 464 ea²
640 430 734 464 oculorum

34 488 108 522 sedibus
123 485 158 518 sibi
173 485 316 529 imprimentem.
339 484 378 518 Nec
393 493 450 525 mora,
465 483 488 517 ad
503 493 525 517 se
541 493 633 524 reuersus,
648 482 753 521 reseratiss

34 540 90 575 oculis
101 538 145 573 vidit
157 538 217 579 clare;
229 537 328 571 mirabatur
339 536 411 580 ignotas
422 546 483 570 rerum
493 535 571 580 species,
579 535 736 579 mundiarnplitu-

34 594 100 632 dinem,
114 591 160 624 lucis
173 591 257 632 nitorem,
269 595 288 624 et
300 595 362 624 cetera
375 599 411 632 que
424 590 443 622 in
455 588 524 622 mundo
537 593 585 622 sunt.
630 580 713 632 Quidam
725 599 736 621 a

34 645 125 679 natiuitate
136 649 204 683 mutus,
211 642 256 676 vidit
266 647 349 677 sanctum
362 641 474 676 Kenelmum
485 651 527 675 cum
536 651 590 675 cereo
600 639 689 685 flagrante
700 641 735 675 sibi

33 697 125 739 aduenire,
134 702 188 740 atque
200 696 225 730 ita
236 696 333 730 ardentem
344 695 363 729 in
374 705 397 728 os
408 694 442 728 sibi
453 694 535 738 patulum
545 693 660 738 impingere:
672 694 736 738 sieque

33 750 115 791 exiliens,
124 749 232 793 loquebatur
243 753 297 789 recte,
305 753 324 782 et
335 746 384 791 que'
395 748 447 792 prius
458 752 528 781 tantum
540 752 611 791 poterat
622 746 691 787 audire,
699 747 735 781 iam
745 757 764 779 ro

34 803 104 837 valebat
122 802 210 845 prolerre.
261 794 327 835 Alium
347 811 420 844 quoque
438 805 508 834 mutum
528 799 597 833 curauit
617 799 735 844 linguamque

35 855 112 891 habilem
121 856 143 889 ad
151 855 263 899 loquendum
271 853 360 897 reddidit;
372 854 465 898 quendam
475 853 524 887 ferro
534 853 635 887 accinctum
646 853 736 896 liberauit,

34 914 145 943 contractum
157 908 252 952 gressibus
263 906 347 949 restituit,
357 917 421 941 cecum
431 906 552 949 illuminauit;
566 911 678 941 contractum
689 906 736 940 talos

34 962 105 997 natibus
114 961 212 995 habentem
220 960 328 1004 impressos,
336 970 439 1003 manusque
447 964 524 993 retortas
528 959 540 1001 ⁴,
548 964 567 991 vt
575 958 625 1003 digiti
634 964 735 993 retrorsum

33 1016 138 1048 inhererent
146 1013 231 1055 brachhs,
240 1012 319 1046 Romam
327 1012 475 1057 proficiscentem
481 1018 502 1046 'et
511 1018 531 1047 vt
539 1013 562 1047 ad
572 1016 657 1046 sanetum
666 1011 735 1046 Kenel-
744 1019 762 1049 ¹5

34 1078 83 1102 mum
99 1059 162 1101 redeat
175 1066 294 1108 admonitum,
309 1067 393 1101 membra
407 1065 479 1110 gressui
494 1071 537 1111 apta
551 1066 635 1101 reddidit.
657 1065 736 1100 Videbat

34 1122 82 1156 enim
93 1131 171 1165 puerum
183 1119 339 1165 speciosissimum
351 1121 374 1154 de
385 1120 437 1154 altari
449 1120 568 1159 descendere,
580 1130 673 1162 aureaque
683 1120 735 1163 virga

34 1185 88 1219 quam
99 1184 154 1208 manu
164 1174 247 1217 gestabat
258 1173 319 1217 ipsum
330 1179 410 1217 tangere,
418 1179 436 1207 et
447 1178 466 1207 vt
478 1178 562 1216 surgeret
573 1174 671 1216 imperare.
694 1172 735 1213 Quo
756 1165 761 1175 ’

34 1229 79 1261 facto
87 1227 144 1260 altare
152 1225 264 1268 conscendit,
272 1231 290 1258 et
298 1225 384 1259 scrinium
393 1235 446 1259 suum
454 1225 514 1259 subito
521 1224 601 1259 intrauit.

34 1339 74 1377 [MS.
81 1338 114 1368 Tib.
123 1340 171 1369 adds:
332 1335 418 1370 Narratio
423 1336 435 1371 ἦ

56 1399 146 1450 (Sanctus
162 1408 275 1451 Florencius)
295 1408 367 1444 cuidam
385 1420 429 1443 urso
446 1410 530 1454 precepit
548 1415 567 1444 ut
585 1421 631 1445 oues
650 1410 764 1455 singtulisro

35 1460 106 1502 diebus)
119 1462 141 1496 ad
154 1467 228 1506 pastum
239 1462 315 1503 ducens,
326 1462 371 1496 hora
386 1467 439 1496 sexta
452 1464 553 1497 reduceret.
576 1463 647 1507 (Cuius)
659 1463 736 1498 iussioni

35 1525 76 1548 cum
94 1515 220 1549 indesinenter
239 1516 379 1560 obtemperaret,
395 1517 480 1559 (quatuor
498 1517 572 1559 fra)tres
590 1517 659 1551 inuidie
677 1518 735 1551 liuore

35 1568 114 1602 excecati
136 1570 216 1602 eundern
239 1569 317 1611 (ursum)
338 1569 447 1603 insidiantes
467 1570 578 1604 occiderunt.
607 1570 672 1604 Altera
691 1581 736 1604 uero

36 1620 64 1653 die
80 1622 110 1663 (acl
125 1622 197 1665 agrum)
214 1621 320 1655 Florencius
334 1618 420 1665 pergens,
433 1632 496 1655 ursum
512 1623 592 1657 occisum
607 1622 701 1667 repperiit,
717 1628 735 1657 et

36 1672 118 1716 solli)cite
127 1673 247 1717 inquirens‚a
258 1674 324 1717 quibus
334 1673 440 1708 interfectus
451 1674 509 1708 iuerat
519 1675 598 1718 agnouit.
620 1675 672 1709 Tunc
684 1686 705 1709 se
716 1675 735 1709 in
744 1684 763 1714 25

35 1725 113 1760 lamenta
124 1726 179 1768 dedit,
187 1726 240 1760 sacti⁶
254 1726 312 1769 magis
323 1725 414 1760 maliciam
425 1737 480 1770 quam
492 1727 530 1761 ursi
541 1732 620 1761 mortem
631 1727 735 1771 deplorans,

35 1783 52 1810 et
59 1778 128 1812 doloris
135 1781 197 1822 magni
209 1778 288 1812 stimulis
296 1789 385 1813 accensus
395 1780 507 1823 imprecatus
515 1785 543 1814 est
551 1779 625 1816 dicens:
638 1780 708 1825 ‘Spero
716 1780 735 1815 in

36 1830 69 1865 deo
84 1831 127 1875 quia
141 1832 160 1866 in
176 1832 213 1867 uita
228 1837 270 1866 ante
285 1832 347 1867 oeulos
363 1834 445 1867 omnium
461 1844 484 1867 ex
499 1833 571 1867 malicia
585 1844 619 1867 sua
635 1833 735 1868 uindictam

36 1885 123 1929 recipient
136 1887 167 1929 qui
180 1886 236 1920 nichil
249 1896 270 1919 se
282 1885 375 1919 ledentem
386 1896 450 1919 ursum
462 1896 524 1920 meum
535 1886 651 1921 occiderunt?
679 1886 735 1922 Cuius

35 1946 97 1972 uocem
117 1938 200 1983 protinus
219 1938 267 1973 ulcio
285 1938 346 1973 diuina
367 1944 430 1973 secuta
448 1945 481 1973 est.
511 1939 559 1974 Nam
577 1945 655 1983 quatuor
669 1940 764 1975 fratreseo

35 1988 59 2023 illi
70 1992 101 2034 qui
114 2002 178 2025 ursum
191 1993 271 2025 eundem
284 1992 394 2033 occiderunt,
406 1991 467 2025 statim
480 1991 544 2025 morbo
559 1991 677 2035 elephantino
693 1998 736 2026 sunt

35 2043 122 2086 percussi,
130 2045 155 2077 ita
165 2049 185 2077 ut
197 2044 285 2078 membris
293 2042 441 2087 putrescentibus
448 2042 549 2078 interirent.
571 2043 625 2086 Quod
633 2044 698 2079 lactum
708 2045 737 2079 uir

35 2093 63 2127 dei
80 2093 186 2130 Florencius
201 2096 323 2130 uehementer
336 2096 416 2139 expauit,
431 2106 488 2140 seque
504 2096 589 2131 fratribus
603 2097 736 2139 (malledixisse

36 2147 148 2192 (pertimuit).
176 2149 232 2183 Omni
245 2154 329 2192 tempore
344 2150 382 2183 uite
395 2159 429 2183 sue
442 2149 497 2183 {lebat
509 2151 552 2193 quia
563 2149 660 2183 exauditus
672 2150 735 2196 suerat,

35 2208 54 2232 se
66 2202 159 2236 crudelem
174 2201 193 2235 in
208 2212 272 2235 eorum
285 2201 359 2235 interitu
372 2201 461 2235 clamabat
476 2201 591 2236 homicidam.
639 2195 736 2238 Diaconus
745 2212 764 2242 ³5

33 2252 108 2294 ‘quidam
118 2255 161 2288 dum
172 2254 252 2288 eundem
263 2253 378 2289 Florentium
388 2254 463 2288 uisitare
474 2254 583 2297 intenderet,
591 2266 665 2290 omnem
675 2257 736 2290 locum

35 2303 52 2338 in
64 2307 139 2341 circuitu
150 2308 196 2341 celle
208 2318 241 2340 sue
252 2306 354 2340 innumeris
365 2307 483 2350 serpentibus
492 2307 568 2351 plenum
580 2307 630 2341 uidit.
653 2307 737 2352 Cumque

35 2358 154 2393 uehementer
165 2359 276 2403 expauisset,
284 2357 368 2393 clamauit
380 2360 454 2394 dicens:
467 2359 538 2394 ‘Seme
550 2360 585 2402 dei,
593 2371 625 2393 ora
637 2372 671 2405 pro
682 2360 736 2396 me⁷.’

37 2408 134 2452 Eglressus
142 2416 194 2452 uero)
204 2412 310 2446 Floreneius
318 2412 379 2446 oculos
384 2412 408 2445 ad
413 2411 473 2445 celum
481 2418 499 2445 et
505 2412 576 2455 palmas
585 2414 673 2455 (tetendit,
681 2423 736 2447 orans

38 2463 137 2507 dominum)
150 2470 169 2499 ut
177 2465 227 2498 illam
237 2470 310 2510 pestem
321 2466 367 2499 sicut
379 2465 434 2499 sciret
445 2464 531 2498 auferret.
553 2465 597 2509 (Ad)
609 2466 660 2499 cuius
671 2476 736 2500 uocem
743 2478 764 2508 40

54 2566 171 2599 ¹130n.tuncn.
207 2567 286 2598 ''E.eo.
334 2566 430 2604 ⁵Boll.qui.
479 2567 596 2598 ‘Eretorcas
644 2567 736 2598 ⁵CiVinc.

37 2603 74 2637 Bell.
82 2608 135 2638 xxii.
143 2618 167 2645 ῃ,
175 2608 242 2645 Gregor.
250 2608 291 2638 Dial.
299 2607 320 2637 iii.
329 2616 352 2644 15.
418 2606 424 2624 ⁰
434 2606 467 2636 VB.
475 2607 543 2637 fratrum.
594 2605 600 2623 ⁷
610 2616 639 2645 pro
647 2616 672 2637 me
679 2608 699 2637 at.
707 2618 737 2638 om.

75 2666 115 2691 vot„
123 2667 142 2692 lt.
384 2667 391 2690 1
