1762 2803
271 137 317 193 bt
331 137 432 190 &tinctu
447 136 557 199 lilitttttu.
722 152 767 196 3²3

65 258 165 302 prostrauit
176 269 198 293 se
209 260 232 293 ad
243 259 301 302 pedes
314 258 373 293 saneti
385 258 452 300 Pirani,
463 264 482 292 et
492 258 566 293 veniam
577 263 650 302 petens,
662 259 769 301 alumpnam

66 310 131 345 matris
138 322 171 345 sue
180 311 259 346 reddidit
267 310 289 345 ei.
312 311 378 346 Postea
385 321 429 346 vero
437 311 503 347 dolens
511 321 545 346 rex
553 311 602 356 quod
610 321 651 346 eam
658 309 769 353 dimisisset3

66 374 108 398 cum
120 375 161 399 eam
173 375 239 410 rapere
249 365 311 407 vellet,
322 365 372 399 illam
384 370 474 399 mortuam
485 364 561 399 inuenit.
584 364 607 398 Et
619 364 701 398 offensus
709 363 770 405 valde,

67 417 134 452 Pirano
143 418 198 453 dixit:
211 417 275 460 ‘Quia
282 417 345 462 inquit,
353 428 430 453 vxorem
441 428 502 452 meam
512 417 599 459 occidisti,
607 417 626 452 in
636 417 677 452 loco
686 417 722 451 isto
732 427 769 451 non

66 470 162 513 habitabis,
172 472 206 506 sed
217 472 260 506 inde
272 471 364 515 expellam
376 472 405 505 te.¹
429 470 452 505 Et
463 470 505 506 ille:
517 470 555 505 ‘Tu
567 482 604 505 non
616 481 637 505 es
649 472 701 513 deus,
708 475 787 515 nequet

67 523 118 559 locus
128 523 163 559 iste
171 530 213 560 tuus
224 529 257 566 est,
265 525 299 559 sed
307 524 348 560 dei:
360 530 379 560 et
389 536 424 569 ego
435 525 454 559 in
464 525 499 559 hoc
509 525 549 559 loco
559 525 648 560 manebo!
671 524 694 559 Et
705 523 770 560 exiens

67 587 101 611 rex
112 588 154 612 cum
166 578 193 612 ira
205 583 223 613 et
234 578 296 612 surore
307 588 380 622 magno,
390 578 435 613 vidit
447 588 509 612 arcem
520 588 578 619 suam,
588 589 630 612 eum
642 577 727 611 domibus
738 578 771 610 ad·

67 630 173 670 iacentibus,
183 630 263 664 flammis
273 631 321 674 ignis
331 631 475 665 comburentem.
503 629 576 675 Regina
588 634 650 665 autem
664 630 711 664 duos
722 628 771 664 filios

68 682 144 725 habens,
156 684 214 719 filium
226 683 315 718 cariorem
326 683 346 718 in
357 684 412 718 domo
424 683 484 725 oblita,
496 683 544 719 ssens
555 690 574 719 et
586 683 658 720 eiulans
669 684 726 719 dixit:
738 683 770 718 ‘In

67 747 134 772 manus
149 737 197 772 beati
211 737 273 772 Pirani
287 737 417 772 charissimum
431 738 540 772 commendo
555 737 612 772 filium
628 738 702 772 meum.'
724 737 771 771 Tota
780 748 799 771 ro

68 795 129 824 autem
138 791 193 825 domo
201 790 244 835 igne
252 790 325 835 penitus
333 797 447 835 consumpta,
455 791 504 825 filius
511 790 575 835 regine
583 801 640 825 sanus
648 796 666 825 et
674 789 771 825 incolumis

68 843 164 887 reperitur.
187 844 239 878 Tune
250 854 285 878 rex
294 844 415 878 vehementer
426 843 524 884 admirans,
533 849 551 877 et
562 844 586 877 ad
595 843 683 877 Piranum
690 844 742 877 venit
753 849 772 877 et

69 906 178 940 quecunque
193 895 276 940 precepit
291 901 377 941 prompta
396 901 458 931 mente
473 895 563 940 impleuit,
582 901 600 931 et
620 896 667 930 duos
683 895 730 930 filios
747 896 771 930 ad

69 948 188 983 seruiendum
200 950 235 983 deo
248 950 283 983 sub
294 949 389 994 disciplina
401 950 441 984 eius
454 949 524 984 obtulit.
547 949 654 984 Recedente
664 959 709 984 vcro
721 959 772 993 rege,

69 1002 151 1037 oratione
163 1001 225 1037 Pirani
238 1002 320 1037 Bruneta
331 1003 395 1037 matris
410 1013 444 1037 sue
459 1003 546 1047 alumpna
557 1013 568 1037 a
580 1009 641 1037 morte
652 1002 695 1037 viua
711 1012 771 1037 resur·
781 1016 800 1045 ¹5

69 1055 122 1090 rexit.
166 1048 224 1090 ¹Rex
230 1056 304 1100 quidam
312 1056 387 1090 nomine
395 1055 501 1101 Cohingusss
508 1062 580 1100 septem
588 1055 691 1091 citharistas
700 1055 720 1091 in
732 1061 772 1090 arte

69 1119 104 1143 sua
116 1108 187 1144 habens
202 1108 277 1154 peritos,
290 1109 321 1154 qui
335 1110 355 1145 in
368 1110 413 1144 vrbe
426 1109 485 1144 vicina
500 1120 511 1143 a
526 1109 581 1153 plebe
595 1108 651 1143 occisi
666 1115 720 1151 sunt3
737 1120 772 1154 pro

70 1172 148 1205 quorum
162 1172 214 1197 mora
226 1173 260 1197 rex
271 1162 350 1197 multum
364 1162 450 1204 solicitus,
461 1162 541 1207 quesiuit
552 1173 563 1197 a
575 1162 642 1197 Pirano
654 1163 697 1207 quid
710 1162 733 1197 de
744 1163 772 1196 eis

70 1215 137 1249 sactum
148 1216 217 1250 suisset.
241 1216 277 1258 Qui
288 1216 323 1251 ait:
336 1214 390 1259 ‘Viri¹
398 1215 463 1261 inquit,
470 1215 496 1250 illi
506 1227 517 1251 a
527 1215 582 1260 plebe
591 1215 646 1250 occisi
656 1215 675 1250 in
683 1226 772 1259 aquarum

70 1273 136 1311 stagno
147 1269 223 1311 proiecti
234 1275 283 1311 sunt,
294 1269 369 1302 citharis
380 1279 445 1302 eorum
456 1279 514 1311 super
525 1268 585 1312 ripam
596 1268 656 1311 stagni
671 1268 690 1301 in
706 1267 772 1301 arbore
782 1279 801 1300 ao

71 1320 178 1364 suspensis!
207 1320 279 1365 Rogatu
295 1325 356 1354 autem
371 1320 421 1365 regis
437 1320 516 1355 Piranus
532 1330 574 1355 cum
589 1320 652 1354 multis
671 1320 694 1354 ad
712 1319 773 1354 locum

71 1384 163 1418 pergens:
183 1373 238 1408 trium
254 1373 326 1408 dierum
341 1373 415 1418 expleto
430 1372 503 1415 ieiunio,
518 1372 618 1409 arefactum
635 1379 663 1408 est
682 1379 773 1418 stagnum,

71 1427 178 1470 corporibus
189 1432 302 1461 mortuorum
311 1427 330 1460 in
341 1426 398 1460 fundo
406 1426 490 1471 repertis.
514 1426 570 1470 Quos,
578 1426 621 1461 licet
628 1437 694 1462 mense
702 1426 774 1471 integro

71 1480 106 1514 sub
118 1491 166 1524 aqua
177 1480 237 1525 stagni
248 1479 316 1514 mortui
327 1479 432 1523 iacuissent,
444 1479 490 1514 susis
501 1480 524 1514 ad
535 1481 591 1514 deum
602 1480 688 1525 precibus
699 1484 775 1515 sanetus

72 1533 150 1567 Piranus
164 1533 226 1567 statim
239 1533 361 1566 resuscitauit.
384 1533 474 1576 Stagnum
485 1543 530 1566 vero
541 1533 586 1565 illud
598 1542 656 1576 vsque
667 1532 722 1566 hodie
734 1531 774 1566 sine
784 1547 802 1575 ²5

72 1596 119 1629 aqua
125 1585 131 1604 ³
138 1585 232 1619 remansit.
278 1577 375 1619 Prefectus
383 1584 593 1629 cuiusdam⁴regiscum
598 1584 662 1629 viginti
671 1583 710 1619 suis
719 1584 775 1619 sociis

72 1648 149 1683 porcum
160 1638 195 1673 viri
207 1638 237 1673 dei
250 1637 331 1683 rapiens,
343 1637 397 1673 cumi
408 1638 508 1683 iugulatum
520 1649 577 1684 super
589 1637 652 1683 ignem
663 1637 775 1683 posuissent,

73 1691 162 1736 ⁰porcum
170 1691 245 1726 omnino
252 1692 316 1726 videre
327 1702 364 1726 non
373 1697 478 1736 potuerunt,
501 1691 621 1736 Fugientibus
628 1702 673 1727 vero
684 1691 776 1734 omnibus,

73 1745 92 1778 in
102 1750 171 1779 terram
182 1746 249 1779 mortui
261 1745 386 1779 corruerunt⁶.
409 1745 450 1787 Quo
458 1745 556 1786 intellecto,
565 1744 645 1779 Piranus
652 1745 743 1779 accedens
751 1743 776 1778 ait

73 1796 176 1833 defunctis:
193 1797 225 1832 ‘in
238 1797 314 1832 nomine
328 1797 384 1832 ihesu
397 1796 471 1839 Christi,
484 1797 559 1841 surgite,
572 1804 591 1832 et
604 1799 627 1831 ad
639 1798 700 1831 locum
713 1808 775 1831 meum
784 1804 805 1832 30

73 1860 146 1883 meeum
152 1850 224 1884 venite!
247 1849 283 1892 Qui
291 1860 332 1884 cum
341 1850 402 1884 statim
410 1859 421 1884 a
428 1854 488 1883 morte
495 1849 519 1883 ad
526 1848 583 1883 vitam
590 1848 743 1892 resurrexissent,
748 1849 776 1883 vi-

74 1901 474 1946 densPiranusporcum,suscitauitetillum.
501 1894 776 1948 Aliotemporeeundemregis

73 1955 176 2000 prefectum
188 1967 199 1990 a
209 1957 289 2000 quodam
301 1955 387 1996 occisum,
395 1967 450 2001 prece
460 1957 524 1990 vxoris
536 1966 569 1990 sue
581 1962 655 1990 sanetus
663 1955 741 1990 Piranus
752 1956 776 1990 ad

74 2010 131 2043 vitam
139 2009 178 2044 suis
185 2009 256 2044 meritis
264 2010 362 2044 reuocauit.
391 2008 397 2028 ⁷
405 2001 479 2044 Seruus
486 2009 535 2043 beati
541 2008 602 2043 Pirani
610 2019 678 2052 equum
684 2009 777 2053 quendam

75 2063 167 2105 occidens,
179 2074 191 2097 a
203 2073 248 2106 rege
260 2062 343 2106 Cohingo
355 2061 374 2095 in
385 2061 463 2096 vinculis
476 2062 602 2096 detinebatur:
619 2072 674 2106 quem
686 2073 729 2096 cum
741 2063 777 2095 nisi
786 2068 805 2098 35

75 2115 138 2159 precio
146 2116 262 2159 redemptum
271 2114 349 2148 Piranus
359 2114 428 2148 habere
437 2124 473 2147 non
481 2120 551 2156 posset,
559 2123 646 2158 magnum
654 2114 728 2158 pondus
738 2114 777 2148 auri

75 2173 94 2201 et
101 2166 173 2212 argenti
181 2167 231 2201 dedit
241 2167 285 2211 regi.
308 2166 376 2201 Pirano
382 2177 427 2200 vero
437 2177 478 2200 eum
489 2166 562 2211 captiuo
572 2168 676 2209 recedente,
684 2177 750 2202 aurum
759 2173 778 2202 et

76 2226 173 2264 argentum
181 2225 295 2255 euanuerunt
303 2231 337 2254 nec
343 2230 424 2265 vnquam
431 2225 497 2264 postea
502 2220 561 2255 videri
566 2226 671 2265 potuerunt.
689 2220 778 2256 Offensus

76 2272 130 2317 igitur
137 2284 172 2307 rex
178 2273 229 2308 venit
237 2274 260 2308 ad
269 2273 362 2316 Piranum,
370 2272 445 2308 dicens:
457 2273 528 2316 ‘Quare
535 2274 626 2308 seduxisti
633 2276 676 2308 mei
698 2273 727 2308 Da
734 2273 779 2308 mihi

76 2337 142 2360 aurum
151 2337 213 2361 meum
225 2332 243 2361 et
253 2331 356 2370 argentum,
367 2336 411 2361 nam
422 2325 527 2369 omniaque
538 2326 605 2360 dedisti
616 2326 660 2360 mihi
670 2326 779 2361 fantasmata
787 2336 808 2364 40

77 2384 129 2413 erant
136 2379 220 2413 etvana?
244 2378 344 2422 Multisque
351 2378 413 2413 verbis
424 2377 496 2423 asperis
507 2379 594 2424 loquutus
604 2385 633 2414 est
639 2380 679 2414 viro
687 2378 722 2414 dei.
744 2379 779 2414 cut

77 2430 156 2466 Piranus
171 2431 206 2466 ait:
223 2431 270 2465 ‘Pro
285 2442 331 2465 auro
342 2438 374 2466 tuo
385 2437 404 2465 et
419 2436 501 2477 argento,
509 2432 626 2467 maledictum
640 2432 733 2478 portabis!
756 2431 780 2467 Et

78 2485 139 2520 statim
151 2496 184 2520 rex
195 2484 278 2520 tenebris
289 2485 418 2526 circumdatus,
427 2484 447 2521 in
458 2491 527 2520 terram
539 2486 608 2520 cadens
620 2485 715 2531 expirauit.
738 2485 781 2529 Quo

98 2567 230 2605 ¹Colg.cap.1q.
250 2567 509 2604 ²Colg.Aengus,rexMumenie.
529 2567 624 2605 'Reliqua
644 2566 780 2604 ‘eolgpredtett

78 2605 84 2624 ⁵
91 2607 109 2637 E.
117 2616 158 2636 eum.
173 2607 197 2626 ..r
203 2607 248 2644 Colg.
255 2606 342 2636 inimicisui
348 2607 427 2636 irruerunt
433 2615 483 2645 super
488 2610 538 2637 coset
545 2607 640 2637 occiderunt.
651 2605 657 2624 ⁷
664 2605 709 2643 Colg.
717 2615 750 2644 rap.
757 2607 781 2638 1⁶.

417 2664 448 2690 Η
