1762 2803
234 84 280 142 br
295 82 383 138 &etun
397 84 452 142 Det
468 84 580 138 onorico.
714 100 760 144 499

60 205 88 239 Ibi
100 205 149 240 enim
160 207 225 241 vetus¹
236 211 331 250 apostema
340 207 433 251 diruptum
444 208 506 242 fistule
516 207 596 251 patentis
606 207 659 241 vlcus
670 208 761 249 effecerat,

59 258 108 292 vnde
116 257 175 302 liquor
183 258 250 301 iugiter
259 259 367 300 emanabat;
379 269 413 294 nec
424 265 467 294 ante
476 259 535 304 ipsius
546 259 614 293 obitum
625 260 686 293 sanari
696 260 760 304 potuit.

61 302 131 345 Hostis
142 311 215 345 interim
225 311 311 354 antiquus
319 311 384 345 videns
394 317 436 355 post
446 311 527 357 quietem
536 312 609 357 sompni
621 312 672 346 illum
680 311 760 356 tepidius

59 370 150 408 agentem,
166 363 208 399 lecti
223 363 317 399 humentia
334 364 456 400 declinantem
473 371 492 400 et
508 365 556 401 sicca
571 371 685 411 querentem,
700 365 761 401 subito

60 417 131 461 pepulit
139 418 260 461 improuisum
268 417 292 451 de
300 418 352 458 lecto,
358 423 376 452 et
383 418 469 452 scamno²
475 424 529 463 caput
536 418 584 453 illius
592 419 652 454 allisit,
675 419 761 454 Ostendit
771 431 780 461 5

60 475 121 505 autem
133 470 208 515 gibbum
220 470 239 504 in
250 469 310 515 capite
321 471 344 504 ad
356 470 475 514 quantitatem
486 470 516 505 oui
528 471 617 513 columbe,
628 477 647 507 et
658 472 692 506 hec
703 473 761 507 verba

60 523 154 557 subiunxit
161 534 165 556 z
178 525 183 542 ‘
190 523 217 557 Ita
224 522 308 557 celeriter
315 533 345 557 me
353 524 443 566 preuenit,
450 525 499 567 quod
508 534 539 558 me
546 535 583 558 non
593 525 643 568 potui
654 525 761 569 premunire

61 576 114 618 signo
122 575 186 616 crucis,
193 581 211 609 et
218 576 254 610 ait:
265 578 275 596 ‘⁶
281 575 310 610 En
316 575 394 610 Godrice
401 575 498 618 rusticane,
503 577 526 610 de
532 587 568 620 quo
574 588 608 620 per
613 588 665 612 meos
672 577 761 613 satellites

60 628 150 662 hactenus
157 627 270 672 triumphare
278 638 316 661 non
323 627 378 669 valui,
385 637 434 662 nunc
441 638 452 662 a
459 638 489 663 me
497 628 591 670 occideris,
598 630 642 664 dum
650 629 691 665 lecti
699 629 761 665 mollia

60 681 123 726 queris
135 686 153 716 et
164 681 229 716 sicca.¹’
252 680 305 724 Quid
312 691 356 726 ergo
367 680 421 716 nobis
432 680 464 715 tuti
476 686 566 726 superest,
575 692 616 717 cum
628 687 687 718 tantas
698 688 761 718 contra
770 696 790 718 ro

61 745 96 768 nos
110 734 160 768 vires
176 734 242 768 habeat
256 733 354 768 inimicus?
377 734 516 777 Perpendamus
530 744 586 778 quam
599 735 722 779 periculosum
737 736 761 771 sit

59 779 134 822 ‘delitias
145 786 233 821 adhibere
244 785 322 830 corpori,
330 791 348 821 et
358 785 437 820 mollicie
448 785 539 829 delectari,
547 797 588 822 cum
600 788 646 822 deus
656 799 693 823 non
703 788 761 833 possit

62 840 82 874 in
89 845 138 874 terra
146 840 226 874 suauiter
233 839 335 874 viuentium
343 838 433 874 inueniri!
471 832 616 884 Ingrauescente
623 846 684 876 autem
691 842 761 884 morbo,

62 893 109 928 lucis
120 904 186 928 aurora
197 892 243 927 dixit
254 892 348 927 ministro:
361 892 410 928 ‘Cito
422 892 481 928 excita
492 890 558 938 iratres
569 892 616 937 illos,
623 898 642 929 vt
653 893 762 938 migrantem

63 946 148 989 spiritum
156 946 231 980 veniant
238 947 378 980 commendare.¹
402 945 430 979 Illi
437 945 546 980 festinanter
554 946 666 988 accurruntl,
674 946 735 991 ipsum
743 947 762 981 in
771 961 789 991 ¹⁵

63 998 122 1032 cilicio
129 998 221 1033 cineribus
229 997 333 1042 superiecto
341 998 441 1042 deponunt,
448 1003 467 1033 et
475 997 553 1032 induunt
560 997 638 1033 stamina
645 1004 664 1033 et
672 999 764 1034 cuculla-

62 1052 105 1096 quia
117 1052 153 1087 iam
167 1052 236 1087 dudum
247 1052 306 1087 luerat
317 1051 417 1086 monachus
429 1050 561 1086 dunelmensis.
583 1050 633 1086 Obiit
646 1056 707 1087 autem
718 1052 763 1086 duo-

64 1106 136 1140 decimo
150 1106 238 1140 kalendas
251 1104 301 1147 iunii,
316 1115 364 1139 anno
377 1103 447 1139 domini
462 1104 560 1139 millesimo
575 1104 676 1139 centesimo
688 1112 763 1150 septua-

62 1158 140 1202 gesimo,
152 1164 170 1192 et
181 1157 253 1191 transiit
263 1158 287 1191 ad
300 1157 401 1191 claritatem
412 1156 457 1191 solis
470 1156 533 1199 eterni,
544 1163 634 1201 perpetue
647 1158 762 1193 iocunditatis

62 1210 150 1255 gaudium
161 1219 289 1254 possessurus.
333 1203 435 1244 Nobilibus
446 1210 469 1243 de
481 1215 544 1243 sancto
555 1219 632 1252 corpore
644 1220 762 1254 quascunque
771 1226 791 1248 ro

63 1262 150 1307 reliquias
160 1262 281 1306 exigentibus,
289 1261 346 1297 coacti
355 1261 421 1296 iratres
428 1261 516 1305 unguium
527 1267 645 1297 excrementa
654 1263 677 1297 de
685 1263 763 1307 pedibus

63 1316 198 1361 preciderunt⁴.
221 1315 270 1349 Dum
281 1315 343 1349 minus
354 1321 406 1348 caute
417 1314 452 1348 hoc
463 1313 537 1357 quidam
550 1313 623 1356 faceret,
634 1314 695 1350 carnis
707 1316 763 1360 parti⁴

63 1369 123 1404 culam
130 1368 194 1410 secuit,
202 1374 220 1403 et
228 1368 289 1403 statim
298 1367 374 1413 sanguis
383 1366 453 1402 effluxit
464 1372 482 1402 et
490 1377 564 1402 manum
574 1367 654 1402 secantis
661 1368 763 1404 madefecit.

65 1416 88 1457 In
103 1422 153 1456 omni
168 1433 245 1457 nemore
261 1422 401 1456 circumiacente
412 1421 487 1455 frondes
501 1425 519 1454 et
531 1420 574 1455 solia
586 1432 627 1455 rore
641 1422 708 1456 melleo
720 1429 763 1457 sunt

64 1475 161 1519 compluta,
175 1480 193 1509 et
205 1485 291 1518 saporem
305 1474 395 1517 optimum
408 1483 443 1517 per
454 1474 501 1507 duos
515 1482 589 1508 menses
602 1474 684 1519 integros
699 1485 763 1509 serua·
773 1490 791 1519 ¹5

63 1532 136 1562 uerunt.
181 1520 238 1562 Hora
247 1538 284 1572 qua
294 1526 378 1571 migrauit
389 1536 400 1560 a
410 1526 478 1568 seculo,
488 1525 557 1560 audiuit
565 1526 626 1571 puella
636 1527 720 1572 quedam,
728 1539 764 1573 que

64 1591 109 1614 oues
121 1580 201 1614 minabat
211 1581 235 1614 ad
246 1591 319 1623 pascua,
327 1579 443 1614 dulcissimas
453 1579 472 1612 in
483 1589 526 1613 aere
537 1579 644 1621 cantilenas,
653 1581 677 1613 de
689 1580 765 1615 Finlrale

64 1632 87 1666 ad
98 1631 172 1666 celestia
183 1624 427 1666 conscendentes—Post
434 1630 503 1665 obitum
510 1641 555 1665 vero
563 1631 597 1665 viri
605 1631 634 1666 dei
642 1632 689 1666 infra
697 1642 765 1677 paucos

64 1696 123 1720 annos
138 1686 217 1720 ducenta
227 1683 332 1730 vigintiocto
347 1684 435 1718 miracula
446 1694 480 1729 pro
491 1682 531 1718 viro
544 1683 574 1718 dei
587 1683 666 1720 Godrico
679 1685 765 1720 dominus

65 1738 137 1782 operari
145 1737 231 1781 dignatus
239 1743 267 1772 cst
275 1749 279 1780 ς
292 1748 328 1781 que
335 1737 430 1771 breuitatis
438 1735 496 1780 gratia
503 1736 588 1770 omittere
596 1737 675 1771 decreui.
716 1731 765 1774 Sco·
774 1755 794 1785 ³0

64 1791 113 1826 lares
121 1790 208 1825 Dunelmi
215 1790 328 1825 admirantes
336 1789 458 1834 loquebantur
465 1788 484 1822 in
494 1789 543 1823 scola
553 1788 576 1824 de
587 1789 656 1825 sanctis
668 1790 739 1826 Thoma
747 1796 765 1827 et

65 1844 143 1879 Godrico
148 1843 250 1878 adinuicem
255 1843 274 1877 in
279 1843 328 1877 hunc
333 1843 418 1877 modum:
431 1841 488 1876 ‘Ecce
495 1852 549 1886 quam
556 1842 607 1876 breui
612 1848 695 1888 tempore
700 1844 765 1879 beatus

64 1897 145 1931 Thomas
157 1902 194 1931 tam
206 1897 327 1931 excellentem
338 1895 414 1939 gloriam
428 1894 539 1938 promeruit3
555 1900 574 1927 et
587 1901 662 1929 sanctus
675 1895 765 1931 heremita

38 1966 40 1972 ·
65 1950 160 1992 Godricus,
171 1949 203 1994 qui
213 1955 240 1983 tot
251 1958 340 1983 annorum
352 1947 451 1991 [circulis]⁰
460 1948 496 1982 deo
507 1947 587 1982 militans
597 1952 623 1982 tot
634 1954 652 1982 et
663 1953 713 1983 tanta
724 1960 765 1984 sus·

65 2002 123 2044 tinuit,
137 2002 192 2036 nichil
207 2002 280 2036 virtutis
295 2001 385 2035 ostendit)
407 2001 466 2034 Nocte
481 2005 571 2043 sequente
586 2006 659 2035 sanctus
676 2001 766 2037 Godricus
774 2019 793 2049 35

65 2054 162 2089 dormienti
172 2054 260 2099 magistro
269 2053 366 2088 scolarium
377 2052 437 2094 astitit,
445 2052 470 2087 ita
477 2052 551 2087 dicens:
564 2052 620 2087 ‘Heri
629 2053 685 2088 multa
693 2053 766 2090 dixistis

64 2108 83 2143 in
98 2108 148 2143 scola
161 2108 184 2143 de
197 2118 227 2143 me
240 2112 340 2152 sanctoque
352 2107 422 2152 collega
435 2117 476 2142 meo
488 2106 564 2147 Thoma,
576 2105 662 2151 quoniam
676 2118 710 2152 pro
725 2108 766 2153 ipso

64 2172 132 2206 magna
139 2161 186 2195 fiunt
193 2162 286 2202 miracula,
294 2172 328 2206 pro
336 2172 367 2195 me
377 2161 432 2194 nulla.
456 2161 536 2202 Reuera,
544 2170 585 2194 cum
596 2159 636 2204 ipse
645 2161 699 2195 suerit
706 2162 766 2196 archi·

64 2214 162 2258 episcopus
174 2220 192 2248 et
203 2215 302 2249 multarum
313 2220 375 2249 custos
386 2216 494 2256 animarum,
502 2224 536 2258 pro
546 2213 612 2258 quibus
622 2214 677 2248 etiam
688 2215 767 2251 libenter

64 2267 153 2309 occubuit,
173 2269 226 2301 decet
243 2274 263 2301 vt
283 2267 344 2302 multis
363 2278 418 2312 opem
436 2267 518 2302 conferat
536 2272 554 2302 et
573 2267 657 2303 salutem.
687 2268 795 2318 Godrico40

64 2325 131 2362 autem,
140 2319 170 2364 qni
181 2319 214 2354 suit
224 2319 285 2354 anime
295 2326 365 2355 tantum
377 2331 411 2354 sue
422 2320 532 2364 prepositus,
540 2319 607 2355 sufficit
619 2331 660 2355 esse
672 2331 714 2355 cum
726 2322 766 2365 deo,

50 2384 52 2388 ’
65 2380 84 2410 vt
94 2374 248 2419 quemadmodum
259 2374 305 2409 vixit
316 2374 394 2419 ignotus,
404 2374 429 2409 ita
439 2385 473 2409 nec
485 2378 527 2419 post
538 2373 606 2409 obitum
618 2373 650 2409 fiat
660 2380 721 2410 notus.
744 2374 767 2411 Et

64 2434 126 2463 tamen
139 2433 214 2461 sanctus
227 2428 308 2462 Thomas
322 2434 340 2462 et
353 2428 417 2462 beatus
433 2427 544 2462 Cuthbertus
556 2433 574 2461 et
587 2438 622 2471 ego
635 2427 733 2464 veniemus
748 2429 766 2464 in

81 2540 116 2570 ιΤ.
124 2538 141 2569 E.
149 2539 196 2569 velut
228 2539 334 2571 ²T.scanno.
365 2539 494 2570 ³E.occurrunt.
524 2538 670 2577 ‘T.presiderunt.
703 2540 751 2571 ⁵om.

391 2589 442 2622 uka
