1762 2803
216 115 261 170 be
276 112 377 167 &anna
393 115 553 181 mutumne.
677 126 720 169 203

21 240 39 273 in
52 241 115 272 sancta
128 236 268 271 conuersatione
279 235 356 271 feliciter
368 242 522 271 consummarunt.
568 227 614 270 Hiis
624 233 649 269 ita
659 234 721 279 gestis,

21 291 78 326 hostis
86 290 176 336 antiquus,
185 289 269 324 omnibus
277 289 331 324 bonis
341 289 432 332 inuidens,
441 300 478 324 non
488 294 549 324 cessat
559 287 659 322 machinari
670 288 722 322 dolos

21 344 87 389 quibus
102 343 188 386 decipere
203 343 262 376 valeat
278 342 390 376 christianos.
413 342 449 377 Hic
465 342 542 377 accessit
558 342 580 375 ad
596 341 667 375 Cheuin
683 341 722 383 epi-

22 404 102 439 scopum,
122 394 259 428 similitudinem
278 404 375 428 assumens
391 394 463 436 clerici;
480 399 497 428 et
512 393 562 428 velut
576 393 594 427 ei
609 392 722 436 compatiens

22 453 75 492 atque
83 447 216 491 querimoniam
224 446 298 489 taciens,
306 446 443 481 miserationem
451 448 475 481 de
482 446 514 481 illo
521 457 543 480 se
551 446 619 480 habere
627 445 721 487 simulans,
731 455 739 487 5

22 511 75 536 aures
91 501 131 534 eius
146 500 261 535 extrinsecus
272 500 334 535 verbis
349 500 396 534 fictis
411 500 507 543 deliniens,
522 510 554 533 cor
568 499 615 533 illius
630 503 723 543 temptans

22 553 131 589 intrinsecus
144 558 162 587 et
173 564 245 588 veneno
257 552 357 598 iniquitatis
366 553 464 588 inliciendo
472 564 597 597 corrumpens,
605 553 630 587 ait
637 552 662 586 illi
671 551 723 597 quasi

22 607 86 642 dolens
97 617 131 650 pro
141 618 173 641 eo:
186 606 245 648 ‘Quid
256 607 286 640 hic
297 607 341 650 agis,
354 606 423 640 Cheuin
436 606 518 650 pontifex
530 611 548 640 et
559 606 658 640 fortissime
669 605 723 639 here·

22 659 78 694 mita?
100 660 138 693 Cur
152 660 215 702 perdis
228 659 342 693 iuuentutem
355 664 405 693 tuam
417 659 436 692 in
448 659 483 692 hac
494 658 598 692 vastissima
613 656 723 692 solitudine?

24 712 72 754 Quid
87 712 204 755 profecerunt
218 711 251 745 tibi
263 716 335 755 septem
350 711 394 745 anni
409 723 455 757 quos
470 710 507 745 iarn
521 710 627 755 transegisti
642 710 723 745 districte
734 722 752 744 ro

23 765 87 800 viuens
102 764 121 799 in
134 765 169 799 ista
184 766 264 805 heremo,
279 764 299 798 in
314 764 381 809 quibus
394 765 490 798 macerasti
503 775 570 809 corpus
581 770 632 799 tuum
645 763 724 804 ieiuniis,

23 818 101 852 animam
115 817 194 851 afflixisti
206 817 278 861 vigiliis,
291 828 322 851 cor
335 823 386 851 tuum
400 817 484 852 cruciasti
495 817 575 852 inaniter
586 817 684 862 gemitibus
697 821 724 850 at-

23 882 58 915 que
71 870 167 915 suspiriis?
190 869 239 912 Quid
250 870 347 905 valuerunt
357 869 390 904 tibi
401 871 457 904 vrtice
469 876 487 903 et
498 870 558 904 malue
569 876 587 904 et
598 870 648 905 olera
657 881 693 914 que
705 870 724 904 in

23 924 83 957 cibum
92 923 184 966 accepisti,
195 924 251 956 crude
263 923 326 964 herbe,
336 923 406 956 tructus
418 923 510 962 siluarum,
521 923 606 956 arborum
618 922 694 957 cortices
706 926 724 955 et

24 975 105 1009 radices?
127 975 162 1009 Vbi
175 980 217 1009 sunt
229 974 317 1009 lectiones
328 979 359 1009 tue
372 975 391 1009 in
403 974 469 1019 quibus
482 975 587 1019 frequenter
597 974 724 1019 pernoctabas,
734 990 752 1020 ¹5

26 1029 187 1072 compunctiones¹
199 1028 267 1070 intime,
280 1028 372 1063 orationes
384 1027 469 1063 assidue?
496 1027 532 1062 Vbi
546 1033 588 1062 sunt
600 1027 673 1063 labores
686 1038 724 1062 ma-

24 1091 79 1115 nuum
90 1081 156 1124 quibus
164 1081 195 1115 diu
203 1081 270 1115 frustra
278 1081 382 1123 desudasti;
393 1081 424 1114 vbi
432 1080 544 1115 suffusiones
551 1080 685 1123 lachrimarum,
694 1081 723 1114 vbi

24 1133 114 1168 desideria
120 1136 238 1168 eternorum?
254 1133 301 1168 Ecce
307 1134 369 1168 omnia
374 1133 447 1168 abstulit
452 1133 484 1168 tibi
491 1134 608 1174 Modwenna,
615 1134 665 1176 [que]
670 1134 725 1176 ²pro-

24 1185 71 1219 misit
81 1186 181 1220 Glunelach
192 1185 257 1220 latroni
268 1186 355 1235 pessimo,
365 1190 438 1229 pactum
449 1185 523 1220 firmum
535 1196 577 1219 cum
587 1197 608 1220 eo
618 1185 692 1228 faciens,
703 1197 724 1219 se

24 1239 106 1271 daturam
119 1239 136 1272 ei
149 1238 209 1271 locum
221 1243 272 1271 tuum
284 1243 302 1271 et
313 1238 428 1271 mansionem
440 1237 506 1282 quam³
519 1243 550 1271 tua
563 1238 628 1272 merita
639 1248 724 1283 prepara·
734 1248 752 1270 aa

24 1297 87 1325 uerant
99 1290 130 1325 tibi
143 1291 162 1325 in
175 1291 219 1326 celo.
242 1291 280 1325 Aut
292 1290 308 1324 si
321 1291 396 1324 estimas
409 1301 439 1326 rne
451 1291 497 1325 salsa
509 1292 576 1335 dicere,
589 1290 640 1326 mitte
652 1301 725 1326 mecum

24 1356 141 1388 quoscunque
160 1345 247 1388 placuerit
264 1345 287 1377 ad
305 1345 344 1377 eius
359 1344 502 1378 monasterium:
518 1349 536 1378 et
551 1344 577 1377 ibi
591 1343 693 1379 Glunelach
707 1349 726 1379 et

24 1396 93 1441 Alphin
108 1397 170 1432 literas
185 1399 277 1432 discentes
293 1403 310 1431 et
325 1408 367 1431 cum
381 1396 482 1440 virginibus
497 1396 622 1431 cohabitantes
639 1402 726 1441 poterunt

25 1450 93 1492 absque
107 1449 162 1483 dubio
174 1449 261 1493 reperire.
283 1448 330 1483 Vide
345 1460 388 1492 ergo
401 1460 456 1493 quam
472 1449 564 1483 incassum
579 1449 670 1491 laborasti,
684 1459 726 1484 cum

25 1502 52 1536 isti
60 1503 96 1536 duo
105 1503 184 1536 latrones
196 1502 272 1547 pessimi
283 1503 382 1547 precedant
390 1507 408 1537 te
416 1502 435 1536 in
443 1513 500 1546 regno
512 1502 547 1537 dei.
570 1502 658 1547 Recogita
665 1502 726 1547 itaque
735 1511 753 1543 ²5

26 1556 48 1589 de
61 1561 84 1598 te,
97 1557 159 1600 miser,
173 1562 191 1590 et
204 1557 278 1590 tandem
293 1555 390 1600 aliquando
406 1555 477 1599 respice
491 1555 583 1590 miserans
595 1555 725 1600 temetipsum:

25 1609 66 1653 quia
78 1610 135 1644 multo
147 1610 213 1644 melius
224 1609 282 1645 luerat
291 1609 356 1644 saltem
367 1609 488 1654 temporalem
498 1608 566 1644 habere
576 1608 660 1651 leticiam,
670 1621 725 1654 quam

26 1673 100 1706 semper
110 1663 129 1696 in
141 1663 230 1706 angustiis
240 1663 351 1696 existentem
362 1662 445 1696 amittere
456 1667 552 1705 utramque
561 1661 622 1703 simul,
632 1668 651 1696 et
660 1663 726 1697 transi·

26 1715 89 1749 toriam
98 1722 116 1749 et
124 1717 217 1748 eternam!
237 1715 278 1748 Hiis
286 1715 353 1749 auditis
361 1714 468 1758 episcopum
477 1714 538 1758 grauis
546 1714 641 1758 temptatio
648 1715 725 1750 inuasit:

26 1772 42 1800 ct
55 1768 129 1802 mittens
142 1769 165 1802 ad
179 1769 316 1809 monasterium,
334 1772 352 1802 et
369 1777 413 1802 vera
426 1766 488 1801 omnia
501 1777 620 1810 cognoscens,
633 1766 726 1802 iracundia
735 1781 755 1809 ³0

27 1828 93 1864 magna
101 1824 203 1855 commotus
211 1824 229 1855 et
237 1820 319 1865 seipsum
330 1830 396 1865 capere
404 1830 441 1854 non
449 1819 518 1861 valens,
526 1820 614 1855 diabolico
622 1820 726 1865 exagitatus

26 1872 85 1909 furore
100 1873 156 1909 vitam
172 1874 278 1918 preteritam
295 1879 314 1909 et
330 1874 402 1909 labores
420 1873 536 1915 obliuiscens,
551 1874 575 1908 de
591 1874 622 1918 pio
640 1875 726 1917 crudelis,

26 1926 107 1962 tirannus
120 1928 143 1962 de
155 1928 234 1972 presule,
246 1927 270 1961 de
281 1927 380 1961 defensore
394 1928 479 1961 desertor
493 1927 582 1961 efficitur:
598 1927 654 1961 sumit
669 1938 726 1970 arma,

27 1979 513 2024 sociosiniquitatisag[g]regat,vitionemdesiderans.
539 1980 726 2015 Modwennamenim

27 2042 66 2066 eum
77 2033 116 2067 suis
126 2034 211 2067 omnibus
219 2032 280 2066 furtim
288 2033 392 2074 incendere,
403 2037 421 2066 et
432 2032 561 2068 monasterIum
570 2032 610 2067 eius
618 2033 727 2077 quamcitius
735 2043 754 2074 35

27 2087 92 2127 poterit
108 2086 194 2121 radicitus
210 2086 302 2130 extirpare
319 2085 409 2130 proponit.
432 2085 455 2119 Et
468 2096 511 2120 ecce
522 2085 598 2130 angelus
610 2085 680 2122 domini
695 2098 727 2132 ap-

28 2140 86 2181 paruit
98 2140 209 2175 Modwenne
221 2139 284 2181 oranti,
296 2139 370 2174 dicens:
384 2139 454 2184 ‘Surge
464 2138 552 2174 velociter
563 2145 581 2175 et
592 2140 658 2175 festina
669 2146 687 2175 et
699 2146 728 2176 sta

27 2190 45 2223 in
53 2204 149 2227 occursum
159 2193 228 2227 Cheuin
237 2205 241 2226 :
253 2192 295 2236 quia
305 2192 388 2226 diabolus
396 2198 473 2236 temptat
483 2203 531 2234 eum,
539 2198 558 2226 et
565 2193 615 2227 venit
623 2195 701 2237 perdere
709 2199 728 2227 te

28 2252 59 2285 pro
73 2245 173 2279 Glunelach
182 2250 200 2279 et
207 2245 283 2288 Alphin,
292 2249 309 2279 et
317 2245 413 2279 ecclesiam
421 2249 471 2279 tuam
479 2245 547 2280 delere.
570 2244 608 2280 Sed
615 2246 673 2281 vade:
685 2246 728 2292 quia

28 2295 111 2332 dominus
119 2304 179 2332 tecum
187 2304 225 2332 est:
238 2299 269 2342 qui
277 2298 349 2332 docebit
356 2304 374 2331 te
382 2298 461 2342 qualiter
468 2303 486 2332 te
493 2299 554 2343 ipsam
561 2300 584 2333 ab
592 2299 623 2333 illo
631 2301 727 2342 custodias,
735 2311 755 2342 4⁰

29 2354 45 2381 et
59 2349 120 2395 ipsum
137 2352 160 2385 ab
174 2351 248 2385 inimico
263 2352 294 2396 qui
309 2362 351 2385 eum
366 2350 429 2385 sesellit
443 2352 520 2396 eripias.¹
542 2352 651 2397 Assumptis
665 2357 727 2388 autem

28 2410 89 2439 secum
102 2404 192 2450 aliquibus
206 2404 313 2450 uirginibus,
326 2405 408 2451 perrexit
423 2406 446 2440 ad
459 2406 519 2441 locum
532 2407 637 2452 quendam:
652 2412 670 2442 et
685 2417 728 2452 pro·

29 2457 107 2499 spiciens
117 2470 128 2492 a
137 2460 192 2503 longe
200 2459 308 2504 episcopum
315 2460 420 2494 venientem
431 2470 472 2494 cum
480 2459 551 2494 clericis
563 2460 608 2504 [et]⁴
619 2460 727 2496 satellitibus

60 2566 228 2608 ¹Trcompunciones,
268 2569 302 2601 1Τ.
311 2570 329 2601 E.
337 2574 358 2600 et.
399 2569 489 2608 ³Vit.que.
531 2569 591 2600 4εοΤ.
613 2570 693 2600 ominE.
