1762 2803
95 119 152 187 '726
197 193 198 197 Ἰ
257 141 259 145 <
365 124 489 185 euomuit
507 126 552 170 111.

107 261 149 295 ergo
159 249 198 285 uela
208 249 264 290 uento,
275 253 292 283 et
302 248 357 282 uitam
367 247 442 291 periculo
453 248 585 291 commisissent,
594 247 690 291 procellosa
699 247 811 281 inundatione

108 299 187 335 fluuium¹
199 299 275 334 seuiente
285 300 335 333 nauis
343 300 396 332 tracta
403 306 421 332 et
432 298 482 342 aquis
491 300 557 342 repleta
564 305 601 333 est:
613 299 706 341 mortisque
717 298 811 332 certissimo

108 350 207 385 discrimine
219 349 324 390 imminente,
337 349 417 382 sacerdos
431 350 454 382 ad
469 349 565 381 orationum
578 348 660 390 suffragia
671 349 762 389 festinauit,
776 354 812 381 tota

108 401 165 435 cordis
173 399 263 432 affectione
271 400 341 433 beatum
349 399 453 432 Guthlacum
461 398 543 432 inuocans
551 405 568 431 et
576 409 652 439 exorans,
661 404 678 431 ut
686 409 737 440 quem
745 407 813 440 semper

92 458 100 487 5
109 451 192 483 habuerat
200 454 292 490 patronum
300 448 317 482 in
325 449 379 489 terris,
388 458 427 481 eunt
435 458 481 481 nunc
488 448 605 482 auxiliatorem
615 448 720 490 experiretur
730 448 748 480 in
758 447 813 490 aquis.

109 499 195 533 Exaudite
203 505 229 544 est
237 499 291 532 oratio
299 499 397 539 sacerdotis,
406 504 500 542 tempestas
511 498 529 532 in
539 509 599 532 auram
609 509 692 533 conuersa
702 504 733 540 est,
742 497 813 541 quidam

109 562 149 585 uero
158 561 209 593 super
216 556 280 583 struem
287 550 378 591 lignorum,
387 549 457 592 quidam
464 550 541 583 natando
551 560 570 583 se
582 550 599 583 in
611 549 649 592 ripa
657 550 732 583 fluminis
744 559 813 592 recepe·

109 608 158 643 runt;
168 596 207 634 ‘nec
221 600 243 633 de
257 601 308 642 lignis
323 601 415 643 quicquam
429 600 484 643 periit.
507 602 541 633 Sed
552 601 632 634 omnibus
645 602 668 633 ad
681 601 738 633 locum
751 598 813 632 edificii

109 649 226 692 comportatis,
237 655 255 682 et
265 650 339 683 ecclesia
348 655 472 691 consummata,
483 650 523 683 fecit
534 659 572 684 earn
583 649 659 683 dedicari
668 649 691 683 ad
701 650 784 682 honorem
796 654 813 682 et

83 710 101 731 ro
109 701 181 744 gloriam
193 700 289 734 saluatoris.

111 784 182 859 ANno
190 782 292 815 duodecimo
302 781 346 824 regis
358 781 440 824 Stephani
452 781 519 815 celestis
530 781 630 823 indignatio,
639 781 714 824 peccatis
724 780 813 814 hominum

172 833 282 874 exigentibus,
293 832 416 865 monasterium
427 832 482 865 sancti
493 831 573 865 Guthlaci
585 842 624 864 cnm
634 831 740 864 ornamentis
750 832 787 864 eius
797 837 814 864 et

110 883 216 919 utensilibus,
230 891 269 913 curn
282 881 356 914 officinis
369 881 421 913 etiam
436 881 518 921 eiusdem,
532 881 602 913 dederat
616 881 632 913 in
646 880 783 914 combustionem
797 885 815 913 et

111 933 168 965 cibum
182 931 238 973 ignis:
258 930 282 963 ita
296 936 315 963 ut
330 940 365 963 non
380 931 463 964 haberent
480 930 541 964 fratres
555 930 653 965 monasterii
667 930 696 965 ubi
711 931 768 975 capita
783 941 815 965 sua

84 993 101 1025 15
111 982 218 1016 reclinarent.
240 981 317 1023 Vrgente
328 992 369 1024 ergo
382 981 490 1022 necessitate,
504 982 537 1015 dno
550 982 572 1015 de
584 982 673 1016 monachis
687 992 725 1015 cum
738 982 815 1026 reliquiis

73 1034 76 1038 ‘
111 1034 157 1068 beati
166 1032 245 1068 Guthlaci
253 1032 301 1066 missi
311 1038 351 1066 sunt
361 1037 379 1065 ut
390 1032 407 1065 in
417 1031 536 1065 adiacentibus
545 1032 637 1075 prouinciis
647 1033 721 1075 populos
731 1033 753 1065 ad
763 1040 815 1074 opera

111 1083 229 1117 misericordie
246 1087 264 1115 et
281 1081 305 1115 ad
324 1082 457 1124 reparationem>
465 1081 569 1123 monasterii,
585 1082 653 1115 deuotis
669 1083 815 1115 exhortationihus

111 1133 208 1166 inniterent.
231 1131 336 1164 Dunelmum
345 1137 431 1172 uenerant,
440 1137 457 1165 et
466 1131 506 1173 quia
513 1131 559 1165 beati
568 1130 658 1165 Cuthberti
668 1132 738 1173 gloriosi
748 1133 816 1165 contes-

111 1183 154 1216 soris
166 1181 239 1215 ecclesia
248 1181 351 1215 cathedralis
360 1181 447 1223 ingressus
457 1181 547 1214 mulierum
559 1187 588 1214 aut
599 1182 722 1215 monachorum
731 1182 819 1226 cadauera,

85 1247 103 1271 so
111 1244 146 1268 non
154 1232 234 1274 admittit,
243 1237 312 1275 propter
319 1232 443 1266 continenciam
451 1233 565 1266 multitudinis
572 1234 660 1276 utriusque
671 1243 720 1267 sexus
729 1233 816 1267 diuertunt

112 1284 172 1316 fratres
180 1282 203 1315 ad
211 1282 301 1316 ecclesiam
309 1282 354 1315 beati
363 1282 448 1323 Nicholei,
455 1288 473 1315 ut
481 1283 504 1315 ibi
512 1282 622 1324 reliquiarum
628 1283 700 1325 pignora
707 1288 816 1325 reponerent,

112 1341 163 1376 atque
171 1332 217 1365 circa
224 1332 267 1365 tanti
277 1332 353 1364 thesauri
364 1331 460 1364 custodiam
470 1332 540 1364 alternis
551 1332 618 1365 uicibus
627 1333 736 1365 excubarent.
760 1334 817 1365 Intro·

112 1384 197 1416 ducuntur
211 1381 263 1414 uariis
281 1381 392 1423 languoribus
409 1381 517 1415 laborantes:
537 1381 582 1416 inter
601 1392 644 1425 quos
662 1382 719 1425 puella
735 1383 817 1425 quedam,

112 1433 175 1467 nobilis
185 1432 274 1466 cuiusdam
284 1432 324 1473 filia,
334 1433 427 1466 multorum
437 1432 517 1466 manibus
526 1432 594 1465 inuecta
605 1439 637 1473 est,
644 1432 721 1465 omniurn
731 1434 817 1465 membro-

85 1501 104 1530 25
113 1494 150 1516 rum
158 1492 227 1516 suorum
235 1482 291 1514 officio
299 1481 386 1515 destituta.
409 1483 476 1514 Decem
486 1488 503 1515 et
515 1488 553 1515 octo
564 1481 669 1524 septimanas
679 1482 696 1514 in
707 1492 727 1515 ea
737 1493 816 1515 consum-

112 1537 190 1566 mauerat
202 1532 277 1564 assultus
288 1542 328 1564 suos
341 1531 385 1565 iilius
396 1531 490 1572 infirmitas,
502 1542 534 1565 nec
546 1533 599 1565 ullum
612 1532 628 1565 ei
642 1532 724 1565 afferebat
735 1532 817 1566 solacium

113 1584 141 1616 uel
154 1588 245 1627 parentum
259 1582 322 1615 deuota
336 1582 391 1614 oratio
404 1582 432 1614 uel
445 1581 536 1624 diligencia
548 1582 660 1616 medicorum.
681 1584 818 1626 Verumptamen

113 1642 205 1679 postquam
217 1645 235 1667 se
246 1635 292 1667 beati
305 1635 385 1668 Guthlaci
396 1634 462 1668 meritis
476 1635 600 1678 supplicatione
613 1634 673 1668 humili
685 1635 818 1676 commendauit,

113 1686 226 1729 precibusque
237 1685 348 1726 singultuosis
362 1685 398 1718 eius
412 1686 509 1727 implorauit
522 1684 608 1726 suffragia,
622 1686 680 1718 omnia
693 1686 771 1718 membra
782 1686 818 1718 eius

87 1750 106 1777 ³0
114 1737 205 1769 sanitatem
213 1736 277 1777 adepte
284 1735 407 1776 plenissimam,
415 1735 451 1767 suis
459 1740 498 1767 sunt
505 1734 566 1771 officiis
573 1734 656 1768 restituta.
679 1736 748 1767 Exultat
756 1736 818 1777 puella,

114 1793 130 1818 et
138 1785 223 1818 coexultat
231 1785 309 1827 populus,
318 1791 335 1818 et
345 1785 362 1817 in
372 1790 407 1817 tota
417 1784 486 1818 ciuitate
495 1785 518 1818 ad
528 1785 597 1818 laudem
607 1789 624 1818 et
635 1784 707 1827 gloriam
716 1784 784 1828 Christi,
793 1785 819 1820 sui

114 1834 216 1869 confessoris
223 1834 306 1868 memoria
314 1835 402 1869 exaltatur.

143 1915 181 1948 Pud
193 1915 314 1956 Rarneseyam,
325 1913 355 1947 ubi
368 1913 493 1948 monasterium
504 1913 550 1947 beati
564 1913 654 1948 Benedicti
666 1914 748 1956 regularis
760 1915 819 1948 obser·

175 1964 236 1997 nancie
246 1964 298 2006 rigor,
306 1970 366 1997 mutua
375 1965 446 1996 fratrum
457 1963 524 2005 caritas,
536 1970 553 1997 et
565 1964 632 2007 publice
641 1963 762 2006 hospitalitatis
772 1965 820 1998 exbi-

87 2014 157 2053 35hitio
175 2013 256 2057 opinione
271 2014 426 2048 nominatissimum
442 2014 558 2055 reddiderunt,
573 2015 607 2047 duo
622 2014 728 2057 energumini
743 2015 820 2057 maligno

115 2064 175 2107 spiritu
190 2064 301 2097 uexabantur.
325 2064 355 2096 Hii
369 2064 391 2097 ad
404 2065 475 2098 beatum
489 2065 598 2105 Guthlacum,
611 2064 638 2098 cui
651 2064 669 2098 in
683 2064 745 2099 Christi
757 2066 820 2099 uirtute

116 2114 222 2148 subiciuntur
233 2115 307 2156 spiritus,
319 2120 359 2148 sunt
370 2114 447 2156 adducti,
455 2120 472 2149 et
483 2126 514 2159 per
524 2126 564 2149 euni
576 2117 604 2158 qui
616 2116 703 2150 neminem
715 2117 751 2149 uult
764 2116 820 2159 perire

115 2165 195 2198 sanitatis
203 2176 234 2197 sue
241 2164 318 2207 graciam
325 2166 417 2208 assequuti.

157 2243 192 2275 Rat
204 2243 250 2284 apud
263 2242 384 2276 bedefordiam
399 2247 478 2276 matrona
493 2241 563 2276 nomine
578 2244 681 2284 Guymarca,
694 2253 736 2276 vxor
748 2244 820 2278 Walteri

88 2295 108 2325 40
179 2291 237 2325 diuitis
248 2291 341 2334 cuiusdam,
349 2293 421 2335 pulchra
430 2293 487 2336 specie
495 2294 526 2327 sed
534 2293 628 2336 speciosior
637 2294 731 2327 honestate.
754 2295 793 2328 Hec
803 2294 820 2328 in

102 2344 213 2385 ‚antennam
227 2353 277 2376 uersa
290 2348 326 2384 est;
344 2349 362 2376 ut
373 2344 442 2386 peplum
454 2344 479 2377 sui
493 2344 554 2387 capitis
567 2344 676 2386 discerperet,
688 2351 706 2378 ut
718 2355 737 2378 se
748 2351 766 2378 et
777 2345 820 2380 alios

117 2393 201 2436 unguibus
207 2393 279 2427 laniaret
285 2404 306 2427 ac
312 2393 470 2434 dentibus,nisisub
476 2394 538 2428 artiore
544 2394 622 2427 custodia
628 2401 728 2428 seruaretur.
744 2395 821 2437 Vircrgo

117 2444 166 2485 illius,
175 2443 253 2486 gloriosis
261 2444 306 2477 beati
315 2444 395 2476 Guthlaci
406 2443 491 2476 miraculis
499 2444 561 2486 quihus
567 2445 670 2486 personabat
677 2444 725 2486 regio
733 2445 821 2486 excitatus,

116 2504 155 2526 enm
167 2493 206 2527 illuc
218 2493 284 2536 deferre
295 2494 374 2528 uehiculo
385 2493 489 2527 destinabat.
511 2494 602 2528 Accedens
613 2500 670 2530 autem
679 2495 742 2529 iudeus
750 2495 821 2538 quidam

423 2560 429 2577 ²
439 2571 451 2591 r.
458 2561 515 2593 fluuiol
