1762 2803
131 171 164 233 ‘40
325 177 405 229 naono
420 174 535 237 lterum
551 173 643 237 anulio.

135 297 195 331 diuisa
206 298 270 340 extitit,
282 303 300 331 et
313 297 377 331 Daniel
385 297 480 330 Wintonie
492 296 590 340 preficitur,
602 302 619 330 et
631 296 762 330 Schireburnie
773 295 837 328 Aldel-

136 361 177 385 mus
193 351 306 393 subrogatur,
322 348 364 393 post
380 349 466 383 Heddam
481 350 594 392 episcopum,
609 348 640 392 qui
655 348 727 392 utrique
743 347 837 392 prouincie

135 403 246 447 presidebat.
262 403 358 436 Aldelmus
370 401 446 436 veroin
459 407 554 435 senectute
569 402 622 444 bona,
632 401 698 445 plenus
711 400 807 435 virtutibus
820 407 838 434 et

136 456 236 498 sanctitate,
248 455 333 499 migrauit
346 456 368 488 ad
382 455 481 497 dominum,
493 461 556 489 octauo
568 455 656 489 kalendas
667 455 721 497 iunii;
739 454 787 488 etin
799 465 838 488 mo-

119 509 216 547 5nasterio
229 520 262 543 suo
276 508 397 551 meldunensi,
411 508 430 542 id
445 513 473 543 est
487 509 617 552 Malmesbury,
632 519 673 542 cum
686 519 752 552 magno
768 508 838 541 honore

136 562 238 607 sepelitur.=
251 562 307 595 Cuius
318 562 387 594 obitum
400 567 474 596 sanctus
487 562 575 606 ngiuus
587 561 674 595 diuinitus
690 572 809 605 prenoscens,
819 561 837 594 in

136 617 214 660 quodam
226 627 259 649 suo
271 615 338 659 scripto
351 614 376 649 sic
389 615 425 649 ait:
438 615 492 649 ‘Post
505 617 551 649 duos
563 626 621 649 annos
632 615 729 649 Aldelmus
743 614 838 658 religiosus

136 670 234 712 episcopus
246 668 331 711 migrauit
342 670 365 701 ad
376 668 481 702 dominum:
494 670 543 712 quod
552 679 585 711 ego
593 679 628 711 per
634 669 764 702 reuelationem
772 679 838 711 agnos-

136 733 186 764 cens,
199 721 302 755 conuocatis
318 720 408 761 fratribus
424 732 523 755 excessum
535 721 635 755 venerandi
650 721 708 765 patris
723 721 750 755 eis
763 720 838 764 aperui;

109 788 128 808 10
137 774 244 818 concitoque
255 776 313 818 gradu
321 775 344 808 ad
356 774 422 817 locum,
429 774 460 809 vbi
470 785 541 809 sacrum
550 786 617 818 corpus
625 774 700 817 iacebat,
709 774 839 818 quinquaginta
849 817 851 821 ι

136 829 174 861 fere
186 828 259 861 milibus
271 829 317 862 vltra
328 828 449 861 meldunense
461 827 592 861 monasterium
603 828 689 871 positum,
700 827 773 868 deueni‚
785 833 803 860 et
816 828 839 861 ad

137 881 250 926 sepulturam
258 879 331 923 adduxi,
339 885 357 914 et
365 880 465 915 honorifice
473 879 560 925 sepeliui;
572 881 662 914 mandans
671 885 690 915 vt
697 880 716 914 in
724 890 839 925 quocumque

137 936 176 969 loco
185 945 257 968 sacrum
265 945 332 978 corpus
340 933 358 967 in
366 934 489 978 asportatione
497 939 611 978 pausauerat,
620 945 672 967 sacre
680 934 739 967 crucis
747 933 840 977 signacula

137 989 260 1031 erigerentur!
277 984 353 1021 Manent
361 988 420 1021 adhuc
428 998 493 1021 omnes
502 997 570 1029 cruces,
579 998 613 1021 nec
620 988 656 1021 vlla
662 988 736 1021 earum¹
744 986 840 1021 vetustatis

111 1048 129 1078 15
138 1040 196 1075 sensit
207 1040 301 1084 iniuriam3
318 1051 394 1083 quarum
405 1051 441 1074 vna
453 1033 471 1074 in
483 1041 561 1074 claustro
573 1040 703 1074 monachorum
713 1039 771 1074 videri
782 1050 840 1083 vsque

138 1094 192 1127 hodie
200 1099 265 1137 potest.
310 1086 361 1127 Cum
376 1093 426 1126 enim
439 1094 457 1126 in
470 1095 548 1137 quadam
559 1094 612 1135 valle,
623 1095 666 1127 dum
677 1094 753 1135 viueret,
765 1094 788 1126 ad
799 1104 839 1136 pre-

138 1147 235 1180 dicandum
247 1150 338 1190 pergeret,
347 1150 365 1179 et
377 1156 481 1179 sermonem
493 1147 516 1180 ad
528 1146 602 1190 plebem
611 1146 689 1187 faceret;
701 1147 747 1180 forte
755 1145 840 1179 baculum

138 1198 246 1240 fraxineum,
260 1210 296 1241 quo
311 1198 400 1239 Vtebatur,
416 1203 465 1232 terre
480 1198 525 1240 fixit,
541 1203 559 1231 et
574 1198 646 1231 interim
661 1209 695 1241 per
710 1198 740 1232 dei
754 1197 840 1232 virtutem

137 1252 202 1284 miram
212 1250 231 1283 in
243 1250 389 1293 magnitudinem
401 1251 511 1292 excreuisse,
520 1262 574 1284 succo
582 1251 678 1293 animatus,
686 1251 753 1284 cortice
761 1250 840 1292 indutus,

110 1316 129 1336 20
138 1304 222 1337 soliorum
233 1308 251 1336 et
263 1303 355 1336 frondium
367 1303 452 1336 decorem
465 1303 549 1337 emisisse
562 1303 632 1337 dicitur.
655 1303 704 1337 Obiit
719 1309 780 1338 autem
793 1314 841 1337 anno

138 1356 206 1391 domini
214 1355 433 1400 septingentesimonono,
441 1357 464 1390 ab
472 1367 520 1390 anno
529 1366 565 1400 quo
573 1356 631 1390 lactus
642 1361 670 1390 est
681 1357 737 1391 abbas
748 1356 840 1390 tricesimo

138 1416 208 1454 quarto⁷
216 1415 234 1443 et
246 1410 363 1454 episcopatus
374 1409 402 1443 sui
414 1421 463 1443 anno
475 1409 543 1453 quinto.
564 1410 608 1443 Post
621 1411 709 1444 ducentos
722 1410 841 1454 quadraginta

138 1474 197 1497 annos
208 1469 249 1507 post
261 1463 330 1496 obitum
341 1462 463 1504 eius,scilicet
475 1474 522 1497 anno
532 1462 601 1497 domini
613 1463 754 1508 nongentesimo
765 1464 841 1507 quadra-

138 1517 263 1560 gesimonono,
272 1518 363 1550 eleuatum
371 1517 403 1549 suit
414 1527 481 1559 corpus
491 1517 530 1550 eius
541 1527 613 1549 sacrum
621 1518 644 1549 de
654 1522 709 1554 terra,
717 1523 735 1550 et
745 1518 763 1550 in
775 1517 841 1550 scrinio

112 1585 130 1614 25
140 1580 181 1604 cum
193 1580 259 1613 magno
270 1569 339 1603 honore
351 1569 462 1603 collocatum.
508 1562 579 1603 Narrat
593 1569 642 1603 enirn
657 1569 707 1604 Beda
720 1570 766 1604 libro
779 1570 842 1613 quinto

139 1622 218 1667 capitulo
236 1621 371 1656 octauodecimo
388 1623 436 1665 quod
452 1622 566 1656 ‘Aldelmus’
580 1621 599 1655 in
616 1622 744 1658 ecclesiasticis
756 1624 811 1657 rebus
824 1630 842 1658 et

140 1675 216 1709 scientia
228 1675 360 1717 scripturarum
376 1675 460 1708 nobiliter
473 1677 576 1715 instructus,
593 1675 670 1717 scripsit,
682 1676 755 1709 iubente
771 1678 842 1718 synodo

141 1737 174 1762 sue
186 1726 251 1770 gentis,
264 1726 331 1760 librum
344 1726 437 1770 egregium
450 1727 539 1761 aduersus
555 1737 637 1761 errorem
653 1727 749 1761 Britonum
764 1739 800 1772 quo
813 1729 842 1762 vel

141 1780 221 1825 paschal
228 1791 265 1813 non
277 1791 310 1814 suo
318 1785 401 1823 tempore
414 1780 536 1824 celebrabant,
544 1781 574 1814 vel
582 1780 616 1814 alia
623 1782 710 1825 perplura
721 1782 843 1816 ecclesiastice

114 1848 133 1875 30
141 1833 218 1868 castitati
230 1839 247 1866 et
259 1833 300 1876 paci
311 1832 401 1867 contraria
410 1834 509 1876 gerebant;
522 1834 625 1876 multosque
633 1845 697 1868 eorum
705 1836 727 1868 ad
736 1835 843 1868 catholicam

141 1885 314 1930 do1ninice³pasche
321 1885 463 1921 celebrationem
470 1886 524 1922 huius
532 1885 573 1921 libri
579 1886 657 1921 lectione
663 1886 753 1931 perduxit.
766 1887 844 1932 Scripsit

141 1946 159 1975 et
171 1941 204 1973 ‘de
213 1940 325 1984 virginitate'
336 1939 402 1973 librum
412 1939 504 1981 eximium,
516 1950 571 1983 quem
583 1939 602 1973 in
613 1940 719 1983 exemplum
732 1940 800 1975 Sedulii
813 1953 843 1984 ge-

141 1993 209 2027 minato
221 2004 283 2037 opere,
295 1998 312 2027 et
323 1993 408 2027 versibus
417 1993 544 2036 [h]exametris
555 1998 573 2026 et
585 2003 644 2036 prosa,
653 1994 760 2037 composuit.
782 1994 844 2038 Scrip-

141 2047 164 2081 sit
178 2052 196 2079 et
211 2046 245 2079 alia
259 2046 351 2089 nonnulla,
366 2051 428 2090 vtpote
443 2046 472 2080 vir
482 2048 610 2090 undecumque
625 2046 752 2091 doctissimus3
768 2058 811 2081 nam
826 2054 844 2082 et

114 2116 132 2144 35
142 2111 228 2134 sermone
247 2101 321 2140 nitidus,
338 2105 356 2132 et
375 2100 511 2143 scripturarum,
526 2106 545 2134 vt
563 2101 606 2142 dixi,
622 2105 659 2133 tam
674 2101 775 2134 liberalium
789 2112 843 2145 quarn

142 2152 306 2186 ecclesiasticarum
314 2158 353 2185 erat
364 2152 465 2186 eruditione
473 2153 573 2186 mirandus.
597 2153 636 2187 Hec
644 2153 712 2188 Beda&

162 2243 167 2260 ¹
179 2243 196 2271 E.
204 2252 261 2272 eorum.
322 2241 328 2257 ²
338 2242 356 2271 Τ,
364 2251 415 2278 pasca.
476 2243 481 2259 ³
492 2244 509 2272 T.
518 2243 595 2272 dominici.
661 2243 666 2260 ⁴
678 2244 711 2273 ns.
719 2244 752 2273 Tib.
760 2244 799 2273 here
806 2246 845 2274 adds

142 2283 170 2311 the
180 2282 260 2310 narration
272 2281 290 2310 os
299 2281 381 2317 alquinus,
393 2281 446 2310 which
456 2282 471 2310 in
483 2283 516 2311 MS.
525 2283 589 2310 Tanner
599 2283 630 2310 and
642 2283 670 2311 the
681 2283 709 2312 Ed,
720 2284 738 2311 ol
748 2285 786 2319 1516
796 2285 809 2312 is
818 2295 845 2313 an-

142 2321 194 2349 nexed
205 2325 222 2349 to
233 2321 249 2350 S.
257 2321 334 2349 Ytliamar
344 2320 405 2357 (where
415 2331 424 2349 a
434 2323 511 2350 narrative
522 2323 535 2350 is
544 2322 617 2358 wanting
628 2322 644 2349 in
651 2322 697 2362 Tib).
718 2322 739 2351 At
748 2323 775 2351 the
785 2323 845 2352 bottom

143 2361 176 2390 MS,
184 2360 216 2390 Tib⁴
225 2362 253 2389 has
260 2361 287 2389 the
295 2360 377 2397 following
383 2361 470 2398 antiphon:

162 2402 201 2437 Aue
209 2408 262 2444 presul
269 2407 335 2445 insignis
343 2408 420 2444 Aldelme,
427 2409 471 2437 salue
480 2409 549 2445 gloriose
556 2411 620 2437 senator
628 2408 692 2437 celestis
701 2409 749 2444 curie,
757 2410 822 2440 intende
829 2411 845 2440 in

143 2447 198 2476 taciem
208 2447 310 2485 supplicantis
321 2447 392 2485 ecclesie,
400 2451 416 2477 et
424 2452 487 2486 accepta
497 2449 559 2478 laudum
570 2447 645 2485 preconia
655 2448 734 2485 presentis
742 2449 798 2480 familie
808 2450 845 2481 alle-

143 2487 177 2516 luia.
198 2487 216 2517 V.
225 2488 257 2516 Ora
263 2498 292 2525 pro
299 2488 345 2517 nobis
351 2488 398 2517 beate
404 2488 455 2518 Aldel.

165 2526 212 2562 Deus
223 2535 250 2569 qui
260 2535 301 2564 inter
311 2536 406 2570 apostolicos
416 2536 483 2565 ecclesie
493 2536 566 2565 doctores
575 2537 645 2563 sanctum
656 2535 744 2565 Aldehnum
755 2537 846 2573 pontificem

143 2572 198 2600 celesti
209 2573 293 2608 splendore
302 2573 353 2602 fecisti
363 2574 421 2609 lucere,
429 2584 481 2603 annue
491 2583 575 2611 quesumus
586 2578 603 2601 ut
613 2573 653 2603 sicut
663 2574 679 2603 in
689 2585 708 2604 eo
716 2576 781 2605 formam
791 2577 846 2605 salutis

144 2612 242 2650 agnouimus,
250 2613 273 2642 sic
280 2613 313 2643 eius
321 2613 391 2651 uestigiis
398 2614 471 2644 inherere
478 2615 574 2650 studeamus,
582 2622 611 2650 per
618 2618 647 2644 etc.
