1762 2803
224 178 270 233 br
285 175 385 229 &anto
401 174 573 229 attaminatos
705 192 745 235 391

47 304 137 350 quoddam
145 299 277 335 monasterium
284 298 333 333 ‘Ton
340 298 422 333 Galatdn'
428 298 498 340 dicitur,
504 298 564 343 inquo
570 297 643 343 quidam
649 297 749 332 monachus

47 358 120 401 maglne
128 353 257 396 esltimationis
267 353 374 393 habebatur,
384 352 451 395 [bonis]
460 352 541 386 moribus
554 356 609 395 atque
620 351 639 384 in
649 351 699 385 omni
709 353 749 392 sua)

47 411 124 454 aeltione
132 406 251 450 compositus.
275 405 308 440 Set
316 405 362 440 sicut
371 416 394 439 en
402 405 439 440 fine
447 406 484 448 res)
493 405 564 449 palluit,
572 405 626 449 longe
633 404 686 439 aliter
694 414 749 448 quarn

47 463 147 509 apparebat
155 460 201 501 suit).
220 459 267 492 Nam
274 459 364 502 (corporis
372 459 515 502 superueniente
523 458 612 499 molestia,
619 457 691 499 iratres)
698 457 721 490 ad
729 467 750 490 se

48 520 120 561 (omnes
127 512 234 557 congregari
241 512 288 546 iecit.
300 512 325 545 At
331 512 356 545 illi
363 512 393 545 tali
399 518 418 545 ut
423 513 510 556 putabant
516 512 555 546 uiro
562 511 656 552 moriente,
661 521 749 554 magnum
758 519 767 549 5

47 570 89 614 quid
95 579 115 602 ac
122 565 237 606 delectabile
243 576 263 599 se
269 565 299 607 (ab
305 576 327 599 eo
332 565 395 599 audire
402 565 524 599 crediderunt.
536 565 658 608 Quibus)ipse
664 564 750 607 aflssietus

47 628 65 658 et
71 628 152 656 tremens
158 618 264 663 compulsus
272 620 308 659 elst
315 618 395 662 prodere
403 618 438 662 cu(i
447 618 493 652 hosti
501 618 578 652 traditus
584 618 683 663 cogebatur
687 616 738 651 exire
745 628 749 658 ;

47 677 126 709 di'cens:
139 673 227 713 ‘Quando
236 673 273 713 (me
284 671 379 705 uobiscum
387 672 469 705 ieiunare
479 672 586 711 credebatis,
596 671 673 711 oclculte
681 672 749 712 (corne-

48 729 117 762 debam.
137 725 199 767 Quare
207 734 255 757 nunc
263 734 307 758 ecee
314 724 344 766 ad)
351 724 484 766 deuoranldum
492 723 567 758 draconi
575 723 652 757 traditus
657 734 704 765 sum,
711 723 749 768 qui)

47 780 103 816 cauda
115 789 148 812 sua
158 778 224 822 (genua
234 777 328 822 pedesque
338 776 413 821 ligauit.)
436 776 495 822 Caput
505 787 550 811 uero
560 778 620 820 (suum
630 775 677 811 intra
687 787 748 810 meum
759 786 778 808 ιο

48 845 68 868 os
75 833 154 872 mittens,
162 831 246 875 spiritum
254 842 316 864 meum
324 831 409 871 ebiben)s
418 831 525 870 ablstrahit!
545 830 616 872 Quibus
625 830 677 864 dictis
688 830 748 863 statim

48 886 150 925 defunctuls
165 890 199 926 est,
213 884 274 928 (atque
290 889 309 917 ut
324 884 424 927 penitendo
440 883 512 918 liberari
526 883 615 927 potuisset
630 893 640 917 a
655 883 749 925 driacolne

48 949 102 982 quem
113 938 184 970 uiderat
194 942 301 980 expectatus
312 939 357 977 non)
369 937 420 979 est.]¹

116 1034 131 1070 ll
144 1026 178 1066 Du
189 1042 259 1066 sancro
272 1025 408 1066 Eanunwnmo
419 1042 507 1065 nrrscoro
518 1042 541 1065 rr
552 1030 686 1065 conrussonsl.

49 1097 196 1173 TEmporibus
204 1095 288 1140 antiquis,
296 1096 370 1140 quando
377 1105 454 1139 regnum
462 1094 531 1138 Anglie
541 1094 577 1128 iam
586 1094 620 1128 deo
628 1094 707 1138 propitio
716 1093 751 1127 sub

106 1151 160 1184 vnius
168 1149 217 1193 regis
225 1149 348 1193 gubernaculo
356 1148 453 1182 salubriter
460 1148 530 1181 vnitum
538 1147 602 1189 suerat,
610 1147 629 1180 in
637 1152 677 1180 octo
685 1157 750 1191 regum
761 1156 765 1177 ι
769 1156 778 1188 5

48 1203 170 1250 gubernacula
178 1203 257 1247 sparsim
265 1201 349 1243 diuisum,
355 1212 378 1236 en
386 1201 442 1235 nobili
451 1200 537 1245 prosapia
543 1200 642 1234 Albionum
651 1199 692 1234 Olle
700 1200 750 1244 regis

49 1258 146 1302 Estanglie,
162 1257 203 1290 licet
222 1256 292 1290 strenui
307 1261 369 1289 tamen
385 1255 478 1289 erroribus
494 1254 588 1299 paganicis
607 1253 701 1295 obfuscati,
714 1254 750 1287 duo

48 1312 142 1345 luminaria
154 1310 236 1354 preclara
247 1315 292 1343 nutu
302 1310 364 1342 diuino
373 1313 508 1352 processerunt,
515 1307 600 1342 videlieet
611 1307 750 1348 Erkenwaldus,

48 1371 111 1408 postea
122 1364 194 1398 iuturus
204 1363 260 1397 abbas
274 1361 384 1402 Cereteseie‚
395 1361 462 1396 deinde
474 1360 599 1395 londoniensis
610 1360 718 1404 episcopus;
732 1365 750 1394 et

49 1417 164 1459 Ethelburga,
180 1415 344 1449 sanctimonialium
359 1413 464 1447 monasterii
479 1414 502 1447 de
518 1413 610 1456 Berkinga
625 1413 684 1445 sutura
699 1417 779 1456 post-20

49 1469 122 1502 modum
130 1467 232 1509 abbatissa3
245 1467 334 1501 ducentes
342 1465 432 1510 originem
440 1466 463 1499 de
471 1465 501 1499 illa
510 1470 562 1509 parte
570 1464 637 1508 Anglie
645 1464 673 1498 cui
681 1475 749 1498 nomen

49 1521 170 1566 Lynaeseia³‚
182 1521 201 1555 in
215 1525 275 1554 castro
290 1530 323 1554 seu
335 1519 378 1553 villa
394 1520 417 1552 de
430 1518 568 1563 Stallyngeton⁴
582 1517 625 1551 olim
640 1524 750 1562 nuncupato.

50 1575 183 1609 Erkenwaldus
194 1574 255 1619 igitur,
264 1574 299 1607 deo
312 1573 420 1617 inspirante,
428 1571 526 1606 christiane
538 1571 621 1616 religioni
633 1571 705 1605 deditus
713 1570 750 1610 l'uit,

49 1634 130 1672 tempore
147 1639 183 1672 quo
198 1628 263 1662 beatus
279 1626 399 1670 Augustinus,
411 1636 453 1660 cum
470 1625 539 1660 Mellito
554 1630 572 1659 et
588 1624 662 1668 collegis
675 1624 720 1667 eius,
731 1625 750 1659 in

50 1681 147 1725 Angliam⁶
155 1681 257 1716 destinatus
268 1681 301 1714 luit
313 1691 323 1714 a
336 1685 400 1714 sancto
406 1680 500 1723 Gregorio,
512 1689 561 1712 anno
573 1678 630 1722 gratie
642 1678 750 1722 quingente·
760 1689 779 1720 ²5

49 1733 94 1768 simo
106 1734 285 1779 nonagesimosexto,
293 1734 316 1767 ad
324 1733 400 1768 verbum
412 1732 441 1766 dei
453 1732 585 1777 predicandum
597 1736 615 1765 et
627 1731 715 1776 populum
727 1731 750 1765 ad

49 1787 103 1820 fidem
114 1788 220 1821 catholicam
230 1787 380 1820 conuertendum.
403 1786 470 1819 Sancte
481 1785 548 1818 indolis
559 1795 605 1828 puer
617 1785 751 1818 Erkenwaldus

49 1839 129 1874 doctrine
138 1840 195 1874 sancti
204 1839 268 1873 Melliti
276 1839 355 1883 presulis
364 1838 440 1879 adhesit,
448 1838 491 1878 fide,
500 1837 586 1878 moribus,
595 1838 704 1886 etudoctrina
713 1837 751 1870 leli-

49 1892 93 1925 citer
104 1893 228 1927 instruendus.
258 1891 384 1934 Ethelburgal
399 1900 443 1924 vero
458 1899 511 1923 soror
525 1889 570 1930 eius,
585 1890 621 1923 deo
636 1889 750 1933 disponente,

49 1945 123 1989 vestigia
135 1945 196 1980 fratris
210 1950 271 1979 secuta
283 1949 316 1986 est,
330 1954 385 1988 quam
400 1942 492 1977 omnium⁷
505 1941 601 1976 miserator
614 1942 661 1976 deus
671 1940 750 1976 suturam
759 1956 779 1986 30

50 1997 83 2030 sibi
91 2009 178 2041 sponsam
186 1998 314 2032 destinauerat.
337 1997 358 2030 In
366 1996 424 2040 ipsius
431 1995 479 2030 vitel
487 1995 591 2039 primordiis
598 1994 614 2029 ei
622 1995 698 2038 gratiam
707 2006 750 2028 con·

49 2050 88 2084 tulit
102 2052 236 2095 baptismalem,
247 2050 333 2094 imposito
348 2050 382 2083 sibi
397 2047 472 2082 nomine
488 2047 617 2092 Ethelburgal,
630 2054 649 2081 vt
663 2053 749 2092 tanquam

50 2113 90 2137 rosa
96 2105 119 2138 de
126 2105 214 2148 rampnis,
221 2104 281 2138 fidelis
289 2105 312 2138 de
320 2102 425 2137 infidelibus
433 2103 490 2136 electa
495 2102 547 2145 virgo
555 2102 668 2145 procederet,
674 2102 749 2135 odorem

50 2156 150 2191 sanctitatis
158 2158 237 2201 posteris
245 2157 326 2191 allatura.
348 2155 417 2190 b'Cuius
423 2156 476 2189 bonis
484 2154 539 2188 initiis
547 2153 632 2188 inuidens
640 2153 698 2187 hostis
706 2153 750 2187 anti-

70 2215 73 2232 ¹
84 2216 166 2254 Antiphon
175 2218 190 2246 in
198 2217 215 2247 T.
223 2216 298 2253 wanting.
321 2214 392 2246 Collect:

71 2252 119 2289 Deus
131 2262 157 2297 qui
169 2261 232 2291 beatum
243 2261 349 2298 (Alphegum)
361 2259 460 2297 po(ntificem
474 2258 567 2295 sacerdocii)
579 2257 654 2294 dignitate
665 2260 681 2286 et
691 2256 751 2294 pal(ma

50 2300 119 2336 martyrii
130 2301 221 2339 decorasti),
232 2301 301 2330 concede
312 2299 397 2337 propicius,
408 2299 436 2336 (ita
445 2308 474 2328 nos
484 2298 525 2336 apud
535 2302 551 2327 te
562 2297 596 2326 eius
603 2296 751 2334 intercessilonibus

49 2337 130 2408 agripp,
138 2336 745 2414 “litithiatbaldi&{dlldl‘ttitidt‘ht{tullian

128 2401 139 2415 .‚
268 2403 271 2408 .
576 2398 580 2413 l
688 2399 692 2411 r
747 2400 751 2409 ·

49 2416 79 2460 {md
89 2419 157 2450 without
165 2419 203 2450 title.
225 2419 264 2450 This
271 2419 335 2449 lisewas
343 2419 367 2449 ed.
373 2418 427 2448 before
435 2418 450 2447 in
457 2417 492 2447 Act.
500 2416 529 2446 SS.
535 2415 618 2453 Rolliipr.
626 2415 675 2453 lllp,
681 2425 715 2453 790.
737 2416 751 2446 It

50 2463 63 2482 ¹⁵
74 2457 136 2488 derived
148 2460 187 2488 from
196 2460 223 2488 the
230 2460 266 2488 Vita
274 2460 290 2488 in
301 2459 336 2488 MS.
343 2459 384 2488 cett.
392 2458 446 2487 Claud.
453 2457 473 2485 A.
481 2466 496 2491 v,
505 2457 561 2485 Lansd.
569 2458 604 2493 436,
613 2455 645 2493 (ed.
653 2456 669 2484 in
679 2456 751 2492 Dugdalc

50 2492 91 2525 Hist.
99 2498 117 2526 ol'
122 2498 145 2528 St.
155 2498 210 2536 Paul's,
219 2500 262 2535 1818,
271 2508 286 2536 p.
293 2498 336 2537 289),
343 2498 374 2527 and
385 2498 412 2526 the
419 2497 455 2525 Vita
462 2497 478 2525 S.
487 2495 593 2532 Ethelburge;
602 2495 630 2524 the
640 2495 713 2524 Miraeles
723 2506 751 2525 are

50 2533 81 2564 abr.
89 2536 128 2566 srorn
137 2539 171 2568 MS.
179 2539 227 2576 Corp.
236 2539 274 2569 Chr.
282 2538 321 2568 Coll.
330 2538 391 2567 Cambr.
398 2538 432 2574 161,
437 2539 473 2574 (wr.
480 2545 538 2572 e.1140
545 2535 566 2572 by
573 2535 600 2564 the
608 2536 677 2573 nephew
684 2535 702 2564 os
706 2535 751 2566 Risu.

51 2572 110 2605 Gilbert
119 2577 227 2608 Universalisl.
284 2578 290 2595 ³
300 2578 318 2607 T.
325 2577 417 2615 lyndeseya.
478 2576 482 2593 ¹
493 2575 511 2604 T.
519 2574 658 2611 Stallyngebourh.
716 2575 722 2592 ³
732 2576 750 2605 T.

50 2611 111 2649 lingna,
171 2616 205 2647 ⁶T.
213 2617 311 2655 Athilburga.
371 2615 417 2646 'om
426 2615 442 2644 in
449 2615 467 2645 T.
526 2614 533 2631 ¹¹
543 2614 567 2644 Cf.
575 2614 592 2645 S.
601 2614 704 2653 Ethelburga.
