1762 2803
109 130 165 193 '602
210 211 211 216 η
385 145 507 206 appennis
525 148 557 191 u.

122 280 179 313 regem
199 271 275 305 Suanum
294 268 360 303 conicio
377 279 405 304 me
422 269 486 303 vidisse
505 269 594 303 cuiusdam
614 267 658 313 regis
676 269 759 303 mandata
775 282 823 314 pero.

121 321 209 354 rantem?'
231 321 259 352 Ad
273 329 323 361 quem
337 320 375 352 ille:
394 320 442 362 ‘Ego
455 321 504 352 suin)
527 322 576 352 Tunc
589 320 627 353 ille:
646 320 702 359 ‘Hem
714 322 753 361 heu,
765 321 823 366 inquit,

121 382 173 414 quam
185 371 281 412 ponderosa
294 370 325 402 suit
338 369 450 403 conuninacio
464 373 503 403 tuat
521 380 643 413 quamverum
654 369 764 404 vaticinium!
788 374 824 407 Rex

121 421 166 453 enim
177 421 244 452 Suanus
253 426 306 452 morte
317 431 348 452 sua
355 419 443 452 letificauit
453 420 538 460 Angiiam,
546 427 619 452 mestam
627 431 647 452 ac
655 420 750 452 luctuosam
757 422 824 464 reliquit

105 470 202 511 5Dacian1.
223 469 308 510 Denique,
317 479 356 501 cum
368 475 407 510 post
418 479 505 502 recessum
517 476 565 502 tuum
576 469 655 511 sequenti
665 475 715 502 nocte
727 480 796 504 securus
807 481 824 507 et

121 521 200 562 gaudens
211 519 298 561 nichilque
310 518 377 552 aduersi
388 526 467 553 metuens
479 530 508 553 rex
520 526 591 553 stratum
604 531 654 553 suuni
666 518 752 562 intrasset,
764 533 784 554 ac
796 534 825 564 per

122 577 178 604 totum
191 570 276 613 palacium
290 570 354 604 familie
370 571 450 613 strepitus
463 571 599 615 conquieuisset:
619 571 663 605 intra
678 571 775 605 cubiculum
789 575 825 617 regi

122 622 179 654 adhuc
186 620 262 662 vigilanti
271 621 327 654 subito
335 621 384 654 miles
395 621 449 654 astitit
457 622 524 663 ignotus
536 622 578 654 mire
588 622 712 664 pulcritudinis,
720 623 825 659 vibrantibus

123 671 175 703 armis
185 676 261 710 ornatus
269 680 367 713 vocansque
379 671 447 713 proprio
458 672 526 704 nomine
536 682 595 713 regem
606 672 640 705 ait:
654 672 694 704 ‘Vis
703 672 766 705 habere
774 674 825 708 tribu-

98 735 116 757 10
123 727 165 762 tum,
177 730 187 752 0
198 732 231 762 rex,
242 722 264 754 de
274 727 320 754 terra
329 721 383 754 sancti
395 721 494 754 Edmundi?
516 723 576 763 Surge,
587 732 627 755 ecce
638 721 706 763 suscipe
717 722 769 755 illud.¹
793 724 826 765 Qui

124 781 229 813 consurgens
241 771 258 804 in
270 771 319 804 thoro
331 771 399 810 resedit,
411 777 437 805 set
450 782 489 804 mox
501 771 597 813 conspectis
608 772 661 804 armis
674 772 771 805 terribiliter
781 775 826 807 voci·

123 824 179 855 ferare
194 822 244 864 cepit.
272 822 328 864 Quem
343 821 423 855 continuo
439 822 489 854 miles
505 823 570 864 impetu
587 823 638 863 iacto,
654 823 716 855 lancea
731 823 826 865 perfossum

124 872 235 915 ab[5]cedens
252 873 323 913 reliquit.
351 873 379 905 Ad
398 873 446 906 cuius
463 874 555 906 clamorem
574 873 687 915 expergefacti
702 881 827 917 concurrentes,

125 921 220 955 inuenimus
229 932 268 954 eum
276 932 335 954 cruore
343 921 412 963 proprio
419 922 495 955 fedatum
503 923 579 955 animam
587 923 683 956 eructasse.'
703 923 801 955 Willelmus
808 926 828 957 de

98 986 103 1006 r
108 986 116 1015 5
122 974 176 1016 gestis
181 973 244 1015 porttif
252 972 280 1004 lib.
289 976 312 1005 2⁰.
336 972 490 1005 Consabulaciones
498 973 544 1006 enim
553 972 603 1015 quasi
613 972 733 1006 altercancium
742 980 759 1006 et
766 985 827 1008 sonum

125 1024 169 1055 ictus
177 1023 256 1055 custodes
264 1022 340 1064 corporis
348 1023 402 1055 Suani
412 1024 474 1055 mirum
484 1023 502 1055 in
514 1024 584 1056 modum
592 1024 749 1057 audierant-lieo
756 1024 827 1059 audiens

124 1072 227 1115 Apenninus,
240 1074 263 1106 ad
276 1079 312 1106 tam
327 1073 425 1107 euidentem
438 1073 540 1107 relacionem
554 1074 600 1116 apud
613 1086 631 1108 se
645 1074 707 1108 tacitus
720 1075 829 1118 tripudiabat,

126 1124 177 1156 deum
194 1134 215 1155 ac
232 1128 311 1155 sanctum
329 1123 442 1156 Edmundum
459 1124 587 1164 magnificabat.
611 1124 700 1166 Citatoque
717 1125 772 1167 gradu
791 1136 828 1167 per-

125 1173 196 1205 ueniens
210 1172 233 1204 ad
248 1182 299 1205 suos:
318 1172 365 1214 quod
380 1179 464 1205 secretum
483 1183 522 1205 esse
538 1173 652 1206 arbitrabatur
670 1173 705 1205 iarn
722 1174 827 1215 publicatum

99 1221 203 1258 aoaduertit,
226 1222 327 1254 Marianus.
350 1223 372 1254 Vt
385 1229 443 1255 autem
455 1222 523 1264 gloriosi
536 1222 581 1264 regis
592 1229 609 1256 et
623 1222 696 1256 martiris
708 1223 796 1256 Edmundi
808 1225 829 1257 de

126 1274 192 1308 tiranno
200 1273 271 1306 victoria
278 1274 329 1316 longe
337 1274 404 1316 lateque
412 1274 517 1315 claresceret,
525 1273 635 1316 omnipotens
646 1273 725 1307 dominus
734 1275 768 1306 hoc
777 1274 829 1307 cicius

126 1326 202 1358 reuelare
214 1324 294 1365 dignatus
306 1330 332 1357 est
343 1324 389 1365 quod
399 1331 468 1357 sanctus
479 1326 540 1358 martir
550 1324 603 1365 egerit
614 1335 644 1367 pro
652 1335 683 1358 suo
691 1326 765 1367 populo:
777 1324 829 1366 siqui·

126 1376 166 1407 dem
183 1374 200 1405 in
216 1373 294 1406 Estsexia
310 1374 379 1416 quidam
397 1381 466 1415 egrotus
482 1374 552 1406 nomine
568 1374 666 1414 Wlmarius,
681 1374 717 1406 uita
734 1381 751 1406 et
768 1385 829 1415 genere

126 1426 217 1468 preclarus,
229 1429 277 1456 tanto
290 1434 381 1466 percussus
392 1424 462 1467 langore
475 1424 532 1457 triduo
545 1424 611 1457 iacebat
624 1430 642 1456 vt
656 1425 702 1456 nullo
715 1424 829 1456 membrorum

100 1489 118 1518 25
127 1484 197 1508 suorum
211 1474 272 1516 officio,
288 1484 320 1508 nec
335 1474 392 1516 lingue
407 1475 481 1518 quidem,
495 1480 575 1515 uteretur,
590 1481 606 1508 et
622 1475 646 1508 sic
662 1474 717 1509 cuntis
733 1484 781 1518 spem
796 1474 830 1508 vite

128 1526 236 1566 denegabat;
251 1524 299 1558 cuius
310 1536 349 1557 cum
360 1531 411 1558 nocte
424 1525 500 1568 quadam
513 1531 593 1567 parentes
604 1532 621 1559 et
633 1525 685 1559 vicini
701 1526 830 1559 circumstantes

127 1577 191 1609 exitum
204 1576 261 1608 anime
276 1577 413 1617 prestolarentur,
431 1583 531 1617 recuperata
542 1577 605 1609 virtute
620 1576 637 1609 in
654 1587 720 1609 sessum
733 1587 752 1609 se
764 1576 830 1617 erigens

127 1636 170 1657 voce
177 1626 303 1665 gratulabunda
310 1625 362 1656 dixit:
375 1626 424 1657 ‘Hac
432 1631 482 1656 nocte
489 1633 506 1657 et
513 1627 546 1657 hac
553 1627 596 1657 hora
607 1626 661 1658 sancti
671 1626 759 1657 Edmundi
771 1627 831 1657 lancea

128 1675 276 1708 transuerberatus
285 1684 315 1707 rex
326 1675 394 1706 Suanus
407 1674 489 1707 occiditur
494 1673 510 1708 ¹.'
534 1675 585 1717 Quod
598 1685 637 1708 cum
651 1674 727 1717 dixisset,
739 1674 756 1707 in
768 1675 829 1707 lectulo

101 1743 120 1772 30
128 1724 212 1759 recubans
230 1724 308 1757 vltimum
328 1725 388 1757 tlatum
407 1724 468 1764 emisit,
487 1731 539 1767 atque
556 1730 611 1757 morte
629 1735 660 1758 sua
677 1724 739 1758 tiranni
758 1730 831 1757 mortem

128 1775 245 1809 indubitanter
256 1774 365 1808 asseuerauit.
389 1776 466 1817 Cumque
478 1775 510 1808 hec
523 1774 621 1817 sepedictus
633 1774 710 1808 audisset
720 1775 829 1817 Ayelwinus:

128 1827 163 1859 iam
178 1831 195 1858 et
210 1825 247 1867 ipse
266 1825 311 1866 cepit
327 1824 414 1867 publicare
430 1825 477 1867 quod
492 1825 539 1866 prius
558 1831 677 1866 suppresserat
696 1824 771 1858 silencio.
794 1825 831 1857 lam

128 1874 193 1918 passim
209 1875 256 1907 lama
274 1884 304 1916 per
321 1875 409 1916 regionem
428 1875 528 1914 cursitabat,
544 1875 578 1906 iam
596 1875 669 1916 sumptis
688 1875 725 1915 alis,
743 1874 831 1915 Ayelwino

128 1931 200 1958 mortem
213 1924 258 1966 regis
270 1924 330 1966 perfidi
343 1926 449 1966 propalante,
461 1934 492 1966 per
505 1930 595 1957 cuntorum
608 1935 638 1957 ora
652 1924 740 1958 uolitabat.
756 1924 784 1957 Sic
797 1933 832 1957 non

102 1989 119 2018 35
129 1977 184 2010 solum
196 1975 271 2018 contigui
279 1975 334 2009 sancti
345 1975 433 2009 Edmundi
444 1976 471 2009 vel
482 1974 533 2009 vicini
544 1975 573 2019 qui
586 1981 685 2009 constanter
696 1975 769 2018 vectigal
781 1975 832 2008 dene·

129 2033 212 2069 gauerant
217 2026 266 2058 liberi
271 2031 407 2067 permanserunt,
412 2037 471 2058 verum
477 2025 564 2059 orientalis
573 2025 632 2068 plaget
638 2026 682 2058 illius
690 2025 744 2059 incole
753 2025 832 2065 uniuersi,

130 2077 158 2119 qui
167 2076 189 2109 ad
199 2087 258 2108 eorum
269 2076 366 2117 exemplum
377 2075 413 2108 fieri
425 2075 509 2108 tributarii
517 2075 606 2108 unanimes
618 2082 762 2117 contempserunt.
785 2076 808 2108 Et
815 2081 832 2107 vt

130 2123 191 2158 nobis³
203 2126 269 2158 Alswen
283 2125 362 2166 religiosa
376 2125 447 2166 inclusa,
462 2127 509 2167 apud
524 2131 603 2158 sanctum
620 2125 732 2158 Ilenedictum
748 2126 765 2157 in
780 2125 832 2156 Holm

130 2182 207 2218 tempore
221 2175 249 2208 illo
264 2174 338 2208 solitarie
351 2174 415 2215 viuens,
431 2174 493 2214 retulit,
507 2185 538 2208 nec
553 2174 636 2208 tributum
651 2185 752 2208 concessum
767 2174 784 2207 in
800 2174 833 2207 illis

103 2239 122 2267 40
130 2225 208 2269 partibus
216 2237 248 2257 nec
256 2225 346 2258 collectum
352 2225 477 2258 reminiscebat.
504 2223 593 2257 Tantum⁴
602 2225 618 2256 in
626 2224 696 2266 regione
705 2225 748 2257 mari
757 2223 833 2267 proxima

131 2287 164 2319 que
177 2275 239 2308 dicitur
250 2276 310 2317 Flegh,
319 2277 368 2318 plebs
380 2276 472 2316 rusticana,
482 2281 546 2308 terrore
560 2285 644 2309 concussa
656 2275 751 2315 barbarico,
764 2284 833 2307 censum

131 2327 225 2359 adunatum
240 2336 271 2366 per
285 2336 356 2357 manum
370 2325 423 2366 patris
438 2326 514 2367 predicte
532 2326 598 2357 recluse
613 2326 659 2366 apud
674 2325 785 2358 Thefordiam
801 2324 834 2356 iam

131 2375 261 2410 transmiserant
274 2375 324 2416 regiis
336 2375 417 2408 ministris
427 2375 562 2416 assignandum3
580 2380 605 2408 set
616 2375 704 2416 diuulgato
715 2386 746 2417 per
756 2379 834 2407 sanctum

132 2426 244 2460 Edmundum
255 2425 277 2457 de
288 2424 346 2468 iniquo
360 2436 399 2466 rege
411 2425 438 2458 dei
450 2431 516 2467 patrato
530 2424 598 2462 iudicio.
611 2437 642 2458 sua
655 2425 718 2466 singuli
730 2429 834 2467 receperunt.

104 2489 123 2517 45
133 2476 219 2510 Occubuit
230 2481 288 2510 autem
300 2477 367 2508 Suanus
377 2486 406 2507 rex
415 2475 532 2517 iniquissimus
544 2475 587 2518 .iiij⁰.
598 2475 649 2509 nonis
659 2475 746 2517 februarii,
758 2485 803 2508 anno
813 2474 834 2506 ab

133 2527 251 2560 incarnacione
257 2526 322 2559 domini
330 2527 362 2559 M0.
368 2525 416 2568 xiiij0.
432 2528 484 2559 Porro
491 2526 536 2559 Daci
541 2527 649 2560 remordente
655 2526 767 2567 consciencia,
774 2526 795 2558 de
801 2524 836 2557 vita

133 2599 264 2629 ¹Titoccubuit.
310 2599 360 2629 ²MS.
369 2598 419 2638 plaga.
466 2598 570 2635 ³MS.vobis,
578 2599 597 2628 cl.
605 2600 658 2630 Herm.
704 2596 835 2630 *MS.Trmdem.
