1762 2803
276 121 322 177 Ut
337 119 438 175 &anua
453 119 571 184 lsstisst'ssfl.
733 136 776 181 159

74 242 167 277 ludentem
178 243 248 286 videns,
258 255 310 279 reum
320 244 397 278 liberum
408 244 490 288 placatus
500 244 574 278 dimisit.
597 244 671 289 Brigida
681 248 742 278 autem
753 244 775 277 ad

38 313 40 316 ·
75 306 108 329 sua
121 306 213 340 regressa,
225 297 291 342 vulpes
304 297 367 331 dolosa
380 297 399 331 in
412 297 476 331 turbas
491 309 512 332 se
527 297 592 332 callide
606 307 684 331 mouens
699 297 722 330 ad
737 296 777 330 loca

76 350 149 383 deserta
155 355 174 383 et
179 355 252 384 antrum
257 362 311 385 suum
316 351 387 395 refugit.
424 343 512 396 Quadam
518 351 576 386 semel
584 351 693 385 necessitate
701 355 777 394 cogente

75 402 112 436 mel
123 413 134 436 a
146 402 220 438 domino
231 404 329 448 postulauit
340 404 392 447 virgo
403 409 477 439 sancta:
490 410 508 440 et
519 405 538 439 in
550 404 656 449 pauimento
667 404 732 438 domus
744 413 777 437 sue

74 456 124 499 quod
135 455 187 499 petiit
198 458 313 491 abundanter
323 457 398 492 inuenit.
438 450 518 493 Flumen
528 458 620 502 quoddam
630 458 653 492 de
662 457 702 491 loco
710 467 744 491 suo
754 456 794 498 ad5

74 509 152 542 alterum
164 508 224 543 locum
237 510 323 552 mutauit3
335 516 353 545 et
365 522 424 555 vsque
433 522 487 551 nunc,
500 511 547 545 sicut
557 511 598 554 ipsa
608 510 703 554 disposuit,
715 509 777 543 currit.

74 562 126 596 Aues
136 566 154 596 et
163 567 226 597 anates
233 574 281 608 ¹sepe
291 565 314 598 ad
324 574 345 598 se
354 564 419 599 venire
428 565 516 609 precepit,
526 570 543 599 et
554 574 609 598 manu
618 563 658 599 illas
669 569 748 608 tangens
759 568 777 598 et

75 615 157 659 palpans,
166 616 226 650 redire
234 617 321 660 permisit.
360 611 437 652 Nouem
445 617 479 651 vin'
487 617 580 662 nephariis
588 617 635 651 votis
643 623 661 651 et
669 616 777 651 iuramentis

75 668 93 700 in
112 667 196 701 kalendis
211 669 249 702 iulii
266 669 359 703 hominem
376 670 480 704 interficere
495 671 588 714 quendam
607 680 628 703 se
647 670 776 713 astringentes,

75 719 198 764 predicatione
214 726 277 756 sancte
294 721 368 766 Brigide
385 723 408 756 ab
426 732 488 757 errore
504 733 538 757 suo
554 721 636 757 reuocari
654 722 704 756 nullo
721 722 804 756 modom

75 778 179 817 potuerunt.
202 774 275 818 Brigida
294 780 356 809 tamen
375 787 409 819 pro
428 777 544 810 obcecatione
564 775 624 809 cordis
640 786 704 810 eorum
721 776 776 808 deum

75 831 156 869 rogante,
175 828 323 870 contemplantur
338 827 438 871 imaginem
454 828 512 861 instar
526 828 561 861 viri
578 837 634 871 quem
649 828 777 871 disposuerant

76 878 163 921 iugulare.
187 879 246 920 Quam
256 879 342 914 continuo
351 880 390 914 suis
400 879 468 914 lanceis
478 885 496 914 et
507 880 573 923 gladiis
584 879 716 921 confodientes,
726 879 778 922 quasi

76 937 118 976 post
131 931 244 975 triumphum
258 932 286 967 sui
299 932 399 967 aduersarii
411 943 453 967 cum
466 933 523 967 armis
536 931 637 966 cruentatis
650 932 673 966 ad
685 930 778 975 Brigidam

76 984 159 1029 ingressi,
175 985 251 1020 veritate
269 985 341 1029 cognita
356 986 379 1020 ad
395 985 515 1030 penitentiam
532 990 668 1020 conuertuntur.
708 978 779 1019 Mulier
788 997 806 1028 15

75 1039 154 1081 quedam
167 1049 238 1082 pauper
251 1038 300 1082 ligna
314 1049 347 1072 sua
360 1039 428 1081 telaria,
436 1038 455 1073 in
467 1039 533 1083 quibus
546 1038 657 1074 texebantur
666 1038 708 1080 tele,
716 1038 778 1073 incidit

76 1096 94 1124 et
107 1091 183 1125 vitulum
195 1093 275 1126 occisum
291 1091 340 1125 coxit
356 1097 373 1126 et
389 1092 449 1126 cibum
464 1098 528 1126 sancte
544 1091 620 1135 Brigide
635 1098 653 1126 et
668 1091 699 1135 qui
715 1101 778 1125 secum

76 1148 166 1178 venerant
177 1144 254 1188 parauit.
281 1144 336 1179 Mane
347 1145 394 1180 sacto
405 1145 482 1179 vitulum
493 1145 555 1179 viuum
566 1150 585 1179 et
594 1144 692 1189 integrum,
701 1150 719 1179 et
730 1144 779 1189 ligna

76 1197 139 1231 telaria
147 1202 248 1232 restaurata
256 1197 331 1232 inuenit.
375 1191 446 1233 Tribus
456 1198 534 1242 leprosis
543 1197 662 1232 elemosinam
673 1198 778 1243 petentibus

76 1261 109 1285 vas
121 1256 228 1293 argenteum
240 1251 295 1291 dedit,
307 1256 325 1283 et
337 1257 376 1284 orta
385 1251 433 1285 inter
443 1262 475 1284 eos
484 1262 518 1294 pro
527 1262 571 1285 vase
582 1251 627 1292 rixa,
638 1252 777 1294 apprehensum
787 1264 806 1284 πο

76 1313 108 1336 vas
119 1308 182 1337 contra
191 1302 271 1347 lapidem
280 1302 327 1345 iecit,
336 1308 354 1337 et
361 1308 399 1337 tres
409 1308 472 1347 partes
482 1302 569 1347 ponderis
580 1302 650 1347 equalis
660 1303 721 1337 subito
730 1302 778 1344 fecit,

76 1360 95 1389 et
102 1355 213 1398 pauperibus
221 1356 276 1389 dedit.
314 1348 484 1399 Appropinquante
491 1361 552 1391 autem
560 1355 590 1390 die
599 1356 659 1390 obitus
670 1355 703 1396 sui,
712 1361 776 1390 vocata

76 1408 137 1451 puella
149 1407 234 1451 alumpna
246 1419 284 1450 sua,
296 1407 345 1442 diem
356 1408 444 1443 transitus
455 1408 483 1442 sui
494 1409 511 1443 ei
522 1407 608 1453 predixit,
619 1413 637 1441 et
648 1408 696 1442 cirea
708 1419 778 1442 annum

77 1460 146 1494 domini
164 1460 332 1504 quingentesimum
352 1461 528 1496 octauumdecimum
544 1460 629 1495 kalendis
643 1461 729 1495 februarii
745 1461 779 1495 mi·

77 1513 136 1556 grauit
144 1514 167 1547 ad
175 1513 275 1547 dominum.
788 1528 806 1557 ²5

101 1599 149 1644 [MS.
156 1598 196 1633 Tib.
205 1600 261 1634 adds:
382 1585 481 1622 Narrall'ol

100 1656 147 1696 Non
164 1662 242 1696 multum
260 1668 303 1696 ante
318 1662 352 1695 hec
367 1668 451 1706 tempora
467 1662 518 1696 Italia
533 1661 653 1696 aWandalis
669 1662 780 1706 depopulata

78 1721 96 1749 et
111 1715 172 1748 multis
189 1714 208 1748 in
223 1714 312 1748 Affricam
327 1715 431 1759 captiuitate
446 1715 530 1757 detentis,
546 1714 634 1748 Paulinus
650 1715 721 1748 Nolane
738 1715 780 1748 ciui-

78 1768 120 1802 tatis
135 1768 237 1812 episcopus,
251 1768 350 1801 multorum
363 1769 468 1812 prediorum
482 1768 572 1808 dominus,
585 1772 650 1801 cuncta
663 1778 698 1811 que
711 1768 780 1802 habere

79 1820 137 1866 potuit
156 1821 232 1864 captiuis
249 1820 362 1855 redimendis
379 1820 455 1864 largitus
473 1826 505 1855 est.
534 1820 617 1864 Cumque
633 1820 688 1855 nichil
706 1821 780 1854 omnino

78 1878 184 1918 superesset
198 1874 246 1917 quod
259 1872 363 1917 petentibus
376 1874 420 1907 dare
434 1879 503 1917 posset,
516 1874 594 1917 quedam
607 1873 662 1907 uidua
678 1873 780 1907 adueniens
788 1883 807 1912 30

78 1926 160 1971 precium
168 1936 202 1969 pro
210 1926 247 1959 filio
255 1936 288 1959 suo
295 1925 366 1968 captiuo
375 1926 482 1959 redimendo
489 1925 593 1970 postulauit.
610 1925 643 1959 Cui
648 1926 678 1959 ille
685 1937 689 1959 :
698 1926 779 1968 ‘lllulier,

79 1980 128 2024 quod
137 1989 213 2023 possum
223 1979 267 2011 dare
276 1989 313 2010 non
322 1978 391 2012 habeo:
404 1984 432 2011 set
444 1978 536 2021 meipsum
545 1978 588 2011 tolle
600 1983 618 2011 et
629 1979 669 2012 uice
680 1979 712 2011 lilii
722 1979 748 2011 tui
760 1979 779 2012 in

79 2042 154 2067 seruum
165 2033 227 2067 trade?
250 2032 291 2074 Quo
303 2031 355 2074 l'acto,
364 2042 422 2076 gener
432 2031 487 2075 regis,
497 2031 529 2076 qui
540 2031 597 2065 filium
609 2030 664 2066 uidae
675 2031 780 2076 captiuauit,

79 2095 134 2129 quam
145 2090 204 2119 artem
215 2089 279 2119 nosset
290 2084 389 2128 inquisiuit.
413 2085 490 2125 ‘Ortum
499 2085 563 2129 inquit,
576 2084 660 2119 excolere
671 2085 719 2119 bene
730 2084 779 2119 scio·

80 2139 172 2183 Deputato
179 2138 240 2183 itaque
249 2137 325 2172 Paulino
335 2138 357 2171 ad
367 2137 488 2172 excolendum
498 2142 564 2179 ortum,
572 2137 657 2172 omnibus
667 2136 780 2182 pauperibus
789 2152 808 2182 35

78 2192 97 2225 in
110 2197 149 2225 orto
162 2191 266 2226 crescencia
277 2189 367 2224 distribuit
379 2197 396 2224 et
405 2190 486 2225 uirentes
498 2191 565 2225 herbas
578 2191 601 2225 ad
613 2201 696 2225 mensam
710 2191 779 2224 domini

80 2244 152 2278 deferre
161 2243 261 2277 consueuit.
277 2243 361 2284 Quodam
369 2244 444 2276 tandem
452 2242 481 2276 die
489 2243 564 2277 domino
572 2254 605 2276 suo
613 2253 675 2277 secum
684 2243 781 2285 (secretius

79 2298 167 2340 loquenti)
175 2296 210 2332 ait:
224 2297 281 2330 ‘Vide
294 2295 337 2339 quid
349 2306 398 2339 agas,
410 2301 428 2329 et
440 2306 518 2339 regnum
528 2295 667 2339 (Wandalorum
681 2296 781 2339 quomodo)

80 2349 153 2394 disponi
167 2349 233 2383 debeat
245 2348 332 2394 prouide:
350 2347 399 2392 (quia
412 2348 447 2381 sub
460 2348 510 2382 omni
522 2343 614 2382 celeritate
629 2349 669 2390 rex)
682 2348 782 2383 moriturus

80 2404 119 2437 est’
143 2403 184 2444 Quo
199 2403 266 2444 audito,
282 2403 322 2445 (rex
337 2401 373 2435 ait:
392 2401 449 2444 ίΕςο)
462 2401 530 2435 vellem
543 2401 591 2434 hunc
604 2401 628 2434 de
642 2412 679 2445 quo
694 2402 810 2446 loquteris4o

79 2456 153 2491 videre!
177 2455 244 2498 Quem)
256 2466 297 2490 cum
308 2465 341 2489 rex
352 2454 411 2489 subito
423 2455 556 2498 conspexisset,
565 2453 666 2496 (infremuit
677 2461 695 2490 et
705 2455 782 2500 geneJro

80 2520 114 2543 suo
126 2509 183 2543 dixit:
197 2509 274 2543 ‘Verum
287 2513 315 2542 est
328 2508 377 2551 quod
391 2507 475 2551 (audisth
491 2517 534 2541 nam
547 2507 608 2551 nocte)
620 2507 654 2543 hac
667 2509 755 2543 sedentes
763 2508 783 2544 in

277 2577 283 2595 ¹
293 2577 317 2608 cs.
324 2577 369 2607 vine.
377 2576 416 2607 aen.
425 2576 453 2615 ep.
461 2576 482 2606 n.
491 2575 552 2606 xvrn.
560 2586 584 2615 37.
