1762 2803
144 99 200 142 lxiv,
219 112 223 119 ·

338 100 418 152 intua
433 95 549 158 teutona
564 94 657 159 unalia.

246 221 304 251 Contra
311 230 337 250 eos
344 220 369 260 qui
377 220 432 250 vellent
439 219 526 250 detruncare
533 219 604 249 Officium
614 219 694 249 diuinum:
704 217 785 256 Expositio
792 217 849 256 regule,

267 274 282 299 et
289 273 311 299 est
318 268 359 307 apud
367 267 431 297 Walden
438 266 450 306 (⁴
456 267 528 297 Monachi
538 266 591 307 primis
599 265 693 305 temporibus
700 268 742 296 erant
748 275 776 304 pro
783 264 850 295 maxima

267 320 311 355 parte
321 315 356 346 laici
367 315 402 345 licet
412 315 470 354 optime
480 315 542 352 literati,
549 314 621 353 perpauci
631 313 686 351 cleriei,
694 317 709 343 et
719 312 791 342 rarissimi
802 321 849 349 saeer-

268 361 321 400 dotes‚'
328 362 369 401 dre),

248 409 285 439 Vita
292 410 308 439 S.
315 409 406 439 Winwaloei
413 409 448 438 abb.
457 407 488 446 (ed.
496 408 511 438 li.
519 408 561 447 558).

248 457 329 487 Reuelatio
338 465 385 494 quam
394 455 449 485 habuit
458 455 504 485 irater
514 456 603 486 Franciseus
613 455 632 486 de
642 454 736 493 indulgentia
745 454 761 484 S.
772 452 821 483 Marie
831 452 850 483 de

269 502 333 541 Angelis
345 511 374 540 que
386 507 449 532 vocatur
460 503 557 532 Portiunoule
571 502 582 542 (¹
587 503 670 541 Postquam
682 502 698 533 S.
708 502 734 532 Fr.
745 500 823 530 ecelesiam
835 499 851 529 S.

271 549 321 579 Marie
327 549 347 579 de
353 548 418 587 Angelis
424 550 467 578 iuxta
473 549 547 579 Assisiam
554 547 660 588 reparauerar,'
667 548 708 587 ere).

248 595 318 636 Epistola
332 595 348 626 b.
362 597 402 633 Aug.
416 604 440 634 ep.
454 595 474 625 ad
488 596 544 626 elerum
558 597 661 634 Yponensem,
675 595 701 626 ubi
714 594 797 624 ostenditur
811 592 851 631 quod

269 646 331 681 propter
339 641 396 672 scelera
406 641 515 671 detractionum
525 642 558 681 ipse
567 642 625 681 ingerat
632 643 652 672 ab
659 642 680 672 eis
688 642 699 680 (¹
705 641 782 680 Quoniam
790 645 853 679 propter

269 687 336 725 seelera)
343 688 384 727 &o.).

249 736 335 774 Responsio
346 735 434 764 elericorum
444 733 481 764 ecel.
492 734 543 773 Ypon.
554 734 574 764 ad
583 735 599 764 b.
609 735 650 773 Aug.
661 734 777 773 (‘Sanotissimo
787 734 827 772 pntrl
837 737 853 764 et

270 790 305 812 rere
312 781 354 811 omni
360 780 406 810 laude
413 780 502 819 dignissimo
509 780 561 821 Aug.,'
568 781 609 820 eto).

251 829 304 860 Sermo
314 828 329 858 b.
337 829 378 867 Aug.
385 838 410 868 epi
417 827 436 858 de
445 837 461 858 re
470 828 532 859 inuenta
540 832 555 859 et
565 828 584 859 de
590 828 639 859 Vitall
649 827 741 868 pauperculo
751 827 830 863 heremita,
837 826 853 857 in

271 886 301 916 qno
314 886 383 907 sermone
397 876 490 915 Augustinus
502 886 518 907 so
531 877 581 916 ipsum
593 880 638 907 vocat
652 876 713 906 fratrem
727 875 762 914 (‘1n
776 875 853 914 scripturis

272 923 327 952 diuinis
333 922 408 961 legimus(
416 922 458 961 δια).

251 970 277 1001 De
286 969 325 1000 luda
335 969 412 1008 proditore
421 973 436 1001 et
446 969 460 1000 S,
468 969 528 999 Mathia
538 974 553 999 et
563 970 582 999 de
592 970 625 1000 eius
634 970 703 999 martirio
713 969 725 1009 (‘
730 968 797 999 arathus
805 978 830 1007 ap.
837 968 853 997 in

272 1017 324 1046 locum
332 1016 370 1045 iude
376 1016 466 1046 substitutus
472 1016 505 1053 est‚'
513 1017 553 1056 &el

253 1062 317 1102 Egidius
324 1063 387 1092 Athenis
394 1073 413 1093 ex
420 1063 460 1101 regia
467 1063 514 1102 stirpe
520 1063 612 1102 progenitus,
620 1064 648 1094 &a
656 1062 706 1101 (short
712 1062 750 1101 lite).

253 1110 328 1139 Martinus
337 1109 395 1138 Salarie
403 1111 515 1139 Pannoniorum
522 1111 568 1149 opido
575 1110 647 1141 oriundus
656 1114 678 1140 set
687 1111 726 1140 iutra
735 1109 797 1139 ltaliam
807 1108 854 1147 Papio

273 1156 325 1192 alitus,
332 1158 361 1185 &o

252 1202 278 1233 De
285 1202 300 1232 S.
308 1201 386 1240 Botulpho
394 1200 401 1240 (
405 1214 418 1226 =
426 1206 458 1231 tert
464 1202 481 1231 in
488 1201 563 1240 Sanotil.).

273 1270 283 1288 ‚,
309 1248 362 1279 Cedda
375 1258 409 1288 ep:
426 1249 519 1287 ‘Oswynus¹
531 1259 557 1279 rex
569 1249 679 1279 Northnmbrie
694 1249 723 1279 deo
735 1248 800 1279 deuotus
813 1248 855 1278 misit

273 1296 346 1326 Canciam
355 1295 404 1325 virum
414 1301 486 1333 sanetum,
496 1296 590 1333 modestum,¹
601 1298 629 1328 &o
639 1297 678 1335 (tert
687 1296 737 1326 differs
746 1296 809 1335 slightly
816 1295 855 1325 sronr

273 1343 344 1379 Sanetil.;
355 1342 381 1374 the
388 1343 417 1374 last
424 1348 463 1382 part,
471 1344 522 1374 ‘Inter
529 1341 583 1384 plnra‚'
590 1346 623 1381 dre,
631 1343 644 1374 is
650 1343 730 1382 wanting).

254 1390 336 1430 Quomodo
346 1391 362 1420 S.
373 1391 462 1421 deundus
472 1401 496 1431 ep.
507 1391 583 1430 leprosum
593 1391 671 1422 mandauit
684 1391 724 1430 pelle
734 1394 788 1422 eruta:
801 1389 857 1420 ‘Miles

274 1438 337 1475 quidam
344 1447 392 1475 prope
399 1437 504 1467 Pontiniaonm
511 1438 553 1467 diues
560 1443 593 1468 erat
600 1439 644 1468 valde
651 1443 673 1468 set
680 1438 758 1477 leprosus:
766 1440 794 1467 &o

255 1482 326 1521 Qualiter
334 1481 350 1511 S⁴
359 1482 448 1511 Edmundus
457 1483 496 1512 vidit
506 1483 565 1513 animas
574 1484 622 1521 Regis
631 1483 694 1513 Ricardi
703 1486 719 1512 et
729 1483 802 1521 Stephani
811 1483 856 1512 Cant.

275 1539 299 1567 ep.
308 1539 318 1557 a
324 1528 414 1565 Purgatorio
421 1533 480 1567 ereptas
487 1529 506 1559 ad
514 1529 563 1559 celum
570 1530 630 1560 volare:
641 1530 695 1559 ‘Circa
702 1536 718 1561 A.
725 1536 741 1560 Ι).
750 1528 798 1568 1²4o,'
806 1531 834 1559 &o

257 1576 326 1615 Qualiter
336 1575 381 1605 Salue
392 1575 451 1613 Regina
461 1576 501 1606 saeta
510 1576 548 1607 tuit«.
562 1577 609 1606 ‘Fuit
618 1576 641 1606 vir
651 1576 714 1615 quidam
724 1576 767 1606 diues
777 1580 792 1607 et
802 1575 858 1606 nobilis

276 1624 318 1652 iuxta
325 1623 353 1652 civ.
360 1622 417 1659 Paris.)
425 1625 453 1653 dcc.

255 1669 282 1700 Set
291 1670 323 1699 iam
330 1668 382 1698 diuina
390 1669 477 1699 testimonia
486 1673 532 1709 prout
541 1671 637 1709 promisimus
646 1670 744 1710 proferamus.
765 1670 782 1699 In
790 1670 825 1700 Aet.
833 1680 857 1709 ap.

275 1717 331 1745 Paulus
341 1726 367 1755 ap.
374 1716 476 1746 sacerdotibus
486 1717 524 1746 diolt
534 1717 574 1746 Eece
582 1727 612 1754 ego
618 1719 650 1746 seio
658 1717 699 1756 quod
707 1718 773 1755 amplius
780 1727 810 1747 non
818 1717 859 1747 vide-

276 1762 312 1792 bitis
319 1763 374 1792 faeiem
381 1771 436 1800 meam,
444 1765 472 1792 &n
480 1763 508 1802 (on
515 1763 541 1793 the
547 1763 597 1793 duties
604 1764 622 1793 os
626 1764 693 1803 priests).

256 1811 295 1841 Item
305 1810 369 1849 Prosper
378 1810 405 1841 lib.
413 1819 427 1848 3,
435 1820 448 1840 o.
457 1816 481 1849 17,
486 1812 543 1850 quibus
552 1811 624 1851 gradibus
633 1811 701 1842 conuersi
711 1811 726 1842 in
734 1810 792 1842 culmen
800 1811 860 1840 virtutis

276 1859 364 1888 ascendunt.
608 1890 610 1893 g

257 1904 351 1943 (Document
361 1904 445 1943 regardirrg
455 1909 538 1934 reiterantes
550 1905 569 1943 of
577 1904 613 1936 Nic.
624 1904 641 1935 de
651 1905 721 1945 Hersord
732 1905 771 1935 wita
781 1908 836 1944 respect
846 1908 860 1934 te

275 1955 333 1989 papacy
340 1951 373 1979 arrd
381 1950 542 1989 merrdicantfrzhrs):
554 1953 582 1981 ‘In
591 1952 615 1981 dei
624 1953 686 1982 nornine
693 1961 742 1982 nmen.
763 1952 791 1982 Per
800 1961 860 1990 presens

278 1996 357 2036 publicum
373 1997 488 2027 instrumentum
504 1998 562 2028 cunetis
576 2001 628 2037 pateat
641 1998 719 2028 euidenter
732 1998 773 2037 quod
786 2007 826 2027 anno
840 1999 860 2027 ab

278 2045 337 2073 lucam.
348 2044 395 2073 Dom.
406 2044 487 2073 secundum
497 2054 556 2074 cursum
566 2049 581 2075 et
591 2046 720 2083 computationem
731 2045 793 2075 ecclesie
804 2044 860 2082 Anglie

278 2096 389 2129 MCCCLXXXIJ,
397 2089 483 2121 Indiotione
491 2101 507 2129 v,
516 2092 571 2132 pontif.
578 2091 636 2123 Urbani
643 2114 648 2124 .
656 2114 659 2122 .
667 2115 671 2123 ,
679 2101 718 2132 pape
727 2092 742 2121 vi
752 2100 792 2121 anno
802 2092 859 2130 quinto,

278 2139 304 2169 die
315 2146 333 2176 15
344 2147 391 2168 mens.
402 2139 444 2175 maii,
455 2140 484 2169 hoc
495 2144 517 2170 est
529 2141 545 2170 in
557 2141 582 2170 die
593 2141 654 2171 Asrens
665 2140 712 2177 domi,
723 2139 764 2178 apud
774 2149 834 2169 erucem
845 2139 860 2168 in

278 2184 353 2216 cimiterio
363 2185 378 2216 S.
390 2185 482 2216 Frideswide
492 2187 508 2215 in
518 2187 556 2216 villa
566 2188 616 2217 Oxou.
626 2187 670 2218 Line.
680 2187 726 2223 dion,
737 2186 754 2215 ln
765 2187 795 2216 mei
804 2187 860 2216 notarii

278 2233 359 2272 presentia,
366 2237 381 2262 et
391 2233 437 2262 trium
446 2234 565 2272 subscriptorum
575 2236 655 2272 presentia,
662 2239 677 2264 et
687 2243 738 2263 corum
749 2233 818 2263 venerab,
828 2234 861 2263 viro

278 2280 312 2309 Μ’ο
322 2280 361 2308 Rob.
370 2279 425 2317 Rngge
433 2279 478 2310 Sacro
487 2281 543 2319 pagine
552 2282 641 2319 professore,
648 2280 712 2310 cancell.
719 2280 765 2310 Univ.
772 2281 821 2310 Oron.
830 2281 861 2310 iam

279 2326 348 2366 pretate.
357 2347 361 2356 .
369 2349 373 2357 .
381 2326 430 2365 ΜΨ.
437 2326 512 2357 Nicolaus
522 2327 541 2358 de
550 2328 617 2357 Hersord
626 2327 671 2357 Sacro
678 2326 724 2358 theol.
732 2326 770 2366 prof.
777 2336 861 2357 sermonem

278 2375 299 2403 ad
309 2373 383 2413 populum
393 2374 449 2404 faciens
458 2375 473 2404 in
480 2374 540 2413 vulgari
548 2374 629 2413 ydeomate
636 2375 722 2413 anglicano,
729 2374 770 2405 Inter
777 2374 807 2405 alia
814 2374 862 2404 muita

278 2421 347 2452 diuersos
354 2422 417 2452 ecclesie
424 2426 472 2452 status
478 2426 495 2452 et
501 2423 558 2461 gradus
564 2422 642 2460 tangentia
649 2421 734 2460 specialiter
741 2422 771 2453 ista
777 2421 826 2459 dixit:
834 2422 862 2452 &a

472 2518 478 2537 ¹
488 2518 546 2550 Osuiu.
