1762 2803
287 115 333 171 De
348 114 448 168 &aucto
463 113 593 171 matricio.
750 119 793 171 269

89 242 165 282 propter
178 249 260 283 paganos
272 238 363 280 Saxones,
376 242 415 272 tum
426 242 502 282 propter
515 236 629 282 pelagianam
643 235 730 279 heresim,
743 236 795 271 cuius

89 301 181 325 venenum
192 293 211 326 in
222 292 268 336 ipsis
279 292 362 335 pluribus
372 296 464 333 serpserat
473 291 543 324 diebus.
568 291 632 333 ltaque
643 290 701 324 sancti
713 290 795 333 episcopi

89 344 171 388 predicti,
180 344 309 379 consenciente
320 353 364 388 rege
373 342 472 377 Ambrosio
482 342 558 377 Aurelio
568 353 640 378 necnon
651 347 669 377 et
680 341 730 377 omni
741 342 795 384 clero,

90 398 198 434 Dubricium
222 398 381 443 archiepiscopum
400 403 536 433 consecrarunt.
572 398 624 433 idem
642 402 703 432 autem
722 407 761 439 rex,
776 402 796 432 vt

90 452 196 485 memoriale
214 462 311 495 procerum
331 450 425 485 Britannie
444 461 490 494 quos
509 451 617 495 Hengistus,
629 451 751 494 Saxonesque
767 449 813 490 sui5

90 504 194 548 complices,
206 504 304 548 nephanda
317 504 420 548 proditione
431 503 450 537 in
462 503 525 539 Monte
536 504 609 539 Ambrii
614 504 626 547 ¹,
638 504 669 549 qui
680 514 729 538 nunc
741 503 796 547 vulgo

90 558 95 574 ‘
102 557 227 601 Stanhenges’
236 557 307 600 dicitur,
311 557 438 600 trucidauerat,
445 557 513 592 scilicet
520 558 696 602 quadringentorum
704 557 796 602 octoginta

91 610 186 644 consulum
200 615 254 654 atque
268 611 362 653 baronum,
378 615 462 645 eternum
478 610 535 652 fieret,
550 611 663 655 pergrandes
679 610 750 654 lapides
765 609 796 654 qui

90 662 159 696 ibidem
167 662 186 696 in
194 663 260 696 horum
270 663 378 697 memoriam
386 674 445 707 vsque
455 663 474 696 in
483 674 562 707 presens
571 663 626 707 positi
637 668 686 704 sunt,
693 664 716 696 ab
729 663 796 696 Hiber·

91 715 121 749 nia
134 726 176 750 cum
189 727 256 760 magna
268 727 324 750 manu
336 727 424 760 germano
437 727 471 750 suo
482 716 541 750 Vther
553 716 595 750 illuc
609 716 718 750 transmisso
730 716 797 760 depor-
807 726 825 747 ro

91 768 125 802 tari
133 768 180 803 fecit.
203 769 238 812 Qui
249 779 290 803 cunr
298 769 346 803 allati
354 769 438 812 fuissent,
446 769 550 814 congregati
561 774 604 803 sunt
615 769 634 803 in
643 769 706 803 Monte
714 768 797 803 Ambrii¹

92 822 151 856 edicto
164 823 214 867 regis
225 828 321 867 magnates
334 834 376 857 cum
389 824 444 865 clero,
455 828 475 857 vt
487 833 528 857 cum
542 833 609 867 magno
623 823 693 856 honore
708 823 797 856 dictorum

92 875 179 909 nobilium
193 876 305 919 sepulturam
319 880 444 919 prepararent.
472 875 508 909 Die
522 880 582 909 autem
594 875 680 919 prefinita
691 875 798 919 impositum

92 933 120 962 est
130 928 215 962 diadema
224 927 279 972 capiti
290 928 339 972 regis
346 927 417 962 Aurelii
424 927 518 962 Ambrosii
526 939 530 970 ;
544 928 594 962 etde
603 927 696 961 communi
706 937 798 961 consensu

92 981 156 1014 sedern
168 982 299 1015 eboracensem
310 981 386 1014 contulit
397 980 496 1024 Sampsoni
507 980 547 1014 viro
559 985 629 1019 sancto,
636 980 693 1014 Vrbis
705 990 750 1014 vero
764 980 799 1014 Le·
808 990 826 1020 15

92 1032 166 1076 gionum
174 1032 351 1076 archiepiscopatum
358 1032 420 1065 inclito
428 1032 515 1065 Dubricio
525 1032 580 1065 dedit.
602 1032 686 1075 Cumque
696 1032 731 1065 hec
739 1037 757 1065 et
764 1031 799 1065 alia

92 1084 111 1118 in
120 1095 177 1129 regno
185 1095 218 1118 suo
226 1085 260 1119 rite
266 1084 392 1129 disposuisset,
400 1084 482 1129 precepit
491 1084 570 1119 Merlino
576 1084 618 1127 vati,
626 1094 672 1118 saxa
680 1084 728 1119 circa
737 1084 799 1129 sepul·

92 1143 152 1172 turam
161 1137 232 1182 erigere
239 1149 275 1183 que
283 1138 306 1173 de
315 1137 415 1173 Hibernia²
425 1137 498 1182 nauigio
508 1137 598 1172 attulerat.
621 1137 644 1172 Et
655 1137 759 1173 factumest
769 1137 799 1173 ita.

94 1191 192 1235 Perempto
206 1192 281 1226 tandem
293 1202 366 1226 veneno
379 1191 455 1225 Aurelio
467 1202 517 1235 rege,
531 1196 549 1225 et
562 1196 651 1235 regnante
667 1192 730 1235 paucis
746 1191 800 1226 annis

93 1244 152 1279 Vther
163 1244 218 1279 fratre
232 1244 277 1287 cius,
289 1245 380 1279 Arthurus
393 1244 441 1279 filius
456 1244 496 1279 eius
509 1255 544 1289 ope
558 1244 640 1279 Dubricii
653 1244 741 1279 successit
748 1257 753 1286 ;
768 1244 799 1289 qui
808 1256 827 1278 ao

94 1297 178 1332 Saxones
195 1298 281 1332 audacter
299 1297 382 1341 pluribus
400 1298 463 1341 preliis
481 1297 591 1342 aggreditur,
606 1308 641 1332 nec
656 1303 717 1332 tamen
732 1297 773 1333 illos
789 1309 800 1332 a

93 1359 150 1392 regno
161 1350 242 1383 funditus
254 1349 345 1393 extirpare
356 1350 418 1393 potuit.
446 1350 593 1393 Subiugauerant
605 1349 655 1382 enim
668 1349 702 1383 sibi
714 1350 799 1384 Saxones

93 1406 149 1436 totam
157 1407 227 1446 partem
235 1402 295 1437 insule
303 1412 339 1446 que
350 1402 372 1436 a³
380 1402 455 1436 flumine
464 1402 555 1436 Humbrie
562 1411 621 1446 usque
629 1402 652 1436 ad
660 1402 800 1437 cathanensium

94 1465 152 1497 equor
163 1453 282 1497 protenditur.
307 1454 418 1498 Ea-propter
430 1460 530 1488 conuocato
543 1454 637 1488 Arthurus
650 1454 699 1488 clero
711 1454 800 1498 regnique

94 1506 208 1551 primatibus,
217 1506 260 1552 quid
266 1506 382 1552 potissimum
389 1512 452 1542 contra
458 1517 571 1552 paganorum
578 1506 674 1542 Saxonum
680 1506 800 1552 irruptionem
809 1519 828 1550 ²5

95 1560 162 1594 faceret
174 1560 270 1595 consuluit.
293 1560 390 1594 Communi
402 1561 476 1594 tandem
487 1560 563 1594 consilio
575 1560 629 1594 mittit
642 1561 665 1594 ad
678 1560 801 1602 Armoricam,

95 1613 114 1646 id
129 1619 157 1646 est
173 1613 264 1646 Minorem
278 1613 397 1655 Britanniam,
410 1614 433 1646 ad
449 1613 548 1647 Howelum
563 1623 627 1657 regem
642 1613 724 1656 nuncios,
737 1614 769 1657 qui
783 1613 801 1647 ei

96 1666 216 1701 calamitatem
232 1666 326 1701 Britannie
341 1666 460 1701 notificarent.
492 1665 528 1708 Qui
543 1676 585 1701 eum
603 1665 708 1710 quindecim
727 1667 801 1702 milibus

96 1725 207 1754 armatorum
229 1720 342 1754 Britanniam
366 1720 444 1754 veniens
460 1720 483 1754 ab
500 1719 582 1754 Arthuro
598 1724 616 1754 et
633 1726 696 1754 saneto
714 1720 801 1755 Dubricio

96 1771 196 1805 honorifice
212 1777 319 1815 susceptus,
337 1772 360 1806 ad
376 1772 441 1806 vrbem
454 1771 580 1806 Lincolniam⁴
592 1782 603 1806 a
616 1771 721 1806 Sauonibus
738 1773 829 1812 obses-30

96 1835 136 1858 sam
148 1824 297 1868 proficiscentes;
316 1824 415 1858 commisso
427 1825 476 1858 bello
491 1835 525 1858 sex
541 1824 591 1858 milia
608 1825 703 1858 Saxonum
718 1826 748 1858 vel
758 1826 802 1859 sub-

97 1877 153 1911 mersi
162 1877 191 1910 vel
203 1878 245 1911 telis
254 1878 338 1920 percussi
348 1877 447 1921 perierunt.
470 1877 530 1911 Ceteri
540 1888 584 1911 vero
595 1878 618 1910 ad
630 1888 696 1911 nemus
708 1878 802 1911 Calidonis

97 1930 193 1974 fugientes,
201 1940 212 1963 a
220 1929 325 1964 Britonibus
333 1929 410 1971 obsessi,
418 1930 441 1964 ad
448 1929 559 1964 deditionem
567 1928 623 1964 coacti
631 1935 678 1964 sunt.
698 1930 721 1964 Et
727 1941 802 1975 suscep-

97 1984 121 2019 tis
133 1984 227 2018 0bsidibus
238 1984 261 2018 de
272 1983 339 2018 tributo
350 1983 444 2018 annuatim
456 1983 551 2025 soluendo,
564 1993 606 2017 curn
619 1983 663 2018 solis
678 1983 755 2019 nauibus
769 1994 802 2019 eos

98 2037 197 2080 repatriare
208 2037 297 2080 permisit.
325 2037 393 2080 Elapso
404 2046 462 2080 paruo
475 2036 518 2070 inde
531 2041 620 2080 tempore,
628 2042 702 2080 peracte
713 2037 803 2080 pactionis
812 2047 830 2077 35

98 2089 183 2125 Saxones
197 2089 267 2134 puduit,
280 2094 298 2125 et
310 2089 380 2125 viribus
393 2088 483 2134 reparatis
494 2088 548 2124 sedus
562 2099 616 2124 suum
629 2088 701 2125 irritum
715 2089 803 2134 fecerunt,

97 2135 199 2186 urbemque
212 2143 292 2177 Badonis
306 2143 401 2178 obsidione
413 2143 486 2184 vallant,
502 2154 538 2187 que
553 2153 602 2177 nune
618 2142 708 2177 Bathonia
723 2149 803 2178 vocatur.

99 2196 140 2237 Quo
148 2195 209 2229 audito
217 2195 310 2229 Arthurus
318 2201 429 2239 congregato
439 2195 526 2236 exercitu,
535 2195 640 2239 conspectis
649 2196 728 2230 hostiurn
738 2196 803 2230 castris

99 2248 125 2282 sic
133 2258 177 2281 suos
185 2246 292 2290 alloquitur:
301 2248 306 2265 ‘
311 2247 407 2289 Quoniam,
412 2248 475 2291 inquit,
482 2248 586 2291 impiissimi
592 2248 676 2281 Saxones
684 2249 739 2281 fidem
747 2248 803 2281 michi

99 2311 175 2335 seruare
183 2299 309 2343 dedignantur,
317 2310 352 2343 ego
360 2300 416 2334 fidem
424 2301 459 2334 deo
469 2311 511 2334 meo
521 2311 603 2342 seruans,
615 2299 723 2343 sanguinem
735 2299 802 2334 ciuium
812 2310 832 2341 40

100 2364 184 2388 meorum
191 2352 253 2388 vlcisci
261 2352 345 2386 conabor.
368 2352 473 2388 Proditores
481 2364 525 2397 ergo
533 2353 579 2387 istos
585 2352 662 2387 viriliter
669 2353 804 2397 aggrediamur,

100 2418 147 2452 quos
160 2406 223 2450 procul
235 2405 289 2441 dubio
301 2405 412 2450 suffragante
424 2406 497 2441 Christo
508 2416 550 2441 cum
561 2405 623 2441 votiuo
634 2406 728 2450 triumpho
740 2407 804 2443 deuin-

100 2462 173 2494 cemus'
202 2459 243 2493 Hec
254 2459 285 2493 illo
296 2464 426 2503 prosequente,
435 2464 510 2493 sanctus
518 2458 616 2493 Dubricius
623 2469 701 2493 ascenso
709 2460 804 2495 cuiusdam

101 2513 168 2547 montis
179 2513 278 2555 cacumine,
287 2513 359 2547 excelsa
368 2523 413 2547 voce
421 2512 521 2547 exercitum
529 2512 553 2547 sit
561 2512 636 2548 affatur:
649 2513 699 2547 ‘Viri
707 2514 805 2549 christiana

121 2575 366 2614 lT.Vit,ambrii;Earubrosii.
393 2575 506 2605 ²E.hibemie.
537 2576 641 2607 ¹T.E.esta‚
672 2576 805 2608 *Elincolinam
