1762 2803
106 150 108 156 ’
142 140 186 196 528
334 138 414 191 tunna
429 135 545 199 tractor
560 136 653 200 nuntia.

142 268 208 293 omnes
216 257 276 303 capilli
284 258 323 293 eius
331 258 356 293 ita
363 264 477 293 euanuerunt
484 264 504 293 vt
511 259 564 304 quasi
572 260 640 294 nudam
648 263 708 302 cutem
716 258 844 306 relinquerent.

142 306 202 347 Anno
210 318 271 347 autem
280 313 349 347 domini
360 313 458 347 millesimo
466 314 581 356 sexagesimo
589 315 667 358 septimo
672 313 683 356 ¹,
692 314 808 358 episcopatus
816 319 844 353 sui

143 365 236 401 tricesimo
247 371 317 410 quarto,
328 367 380 400 etatis
392 377 426 400 sue
436 367 559 410 octuagesimo
570 367 653 411 septimo,
664 368 800 411 quartodecimo
810 370 844 406 kal.

143 419 229 454 februarii
241 419 336 454 defunctus
348 419 415 462 seculo,
425 419 488 455 viuere
499 421 547 464 cepit
558 420 577 454 in
588 419 667 454 Christo.
689 420 774 455 Anulus²
784 427 844 460 autem

126 481 199 516 5quem
214 473 233 505 in
246 471 383 506 consecratione
398 478 498 517 acceperat,
512 472 574 506 multis
589 472 642 506 annis
658 472 713 517 digito
727 472 767 507 eius
780 474 844 512 herere

144 534 181 559 non
194 524 257 567 potuit,
269 529 287 558 et
303 525 367 559 crebro
380 525 448 569 lapsus,
462 536 556 569 nunquam
569 526 648 559 amissus
661 525 705 560 fuit:
723 525 791 570 quippe
805 537 845 564 caro

144 576 241 622 digitorum
256 576 282 611 ita
296 577 390 613 exinanita
404 577 463 614 fuerat
477 585 497 613 vt
511 578 543 613 vix
557 577 643 623 pellicula
660 577 732 613 ossibus
749 577 845 617 inhereret.

145 631 211 664 Fertur
226 631 276 664 enim
291 631 355 675 sepius
370 632 432 676 ipsum
447 632 526 666 dixisse:
544 632 641 674 ‘Anulum,
652 642 707 675 quem
723 631 763 665 sine
778 633 845 669 ambitu

145 684 224 728 suscepi,
235 684 378 729 inseparabilem
389 684 434 719 mihi
446 685 465 719 in
476 685 552 719 humum
563 685 649 729 portabo?
672 684 716 719 Post
727 685 796 719 obitum
807 686 845 723 eius

119 748 138 771 ro
146 735 220 781 quidam
232 737 306 771 anulum
317 737 373 780 digito
384 738 492 771 subtrahere
503 737 591 772 inuanum
602 741 748 781 temptauerunt:
762 738 787 772 ita
798 739 846 775 enim

145 789 199 833 pellis
214 790 274 833 plena,
289 790 429 833 protuberantes
447 789 521 830 articuli,
537 800 636 823 neruorum
653 789 748 833 integritas
765 791 846 826 restituta

145 842 254 877 videbantur
265 842 352 883 mortuo³,
360 854 396 886 que
407 853 440 885 pre
451 842 562 876 abstinentia
574 841 667 876 exinanita
677 842 847 877 fuerantviuo.--.

146 888 235 938 ‘Elapsis
249 895 298 929 enim
310 900 352 938 post
362 895 432 929 obitum
444 896 483 928 eius
495 895 548 928 annis
560 895 651 936 centum⁵,
663 895 707 929 dum
718 895 847 931 transferretur

146 958 213 989 corpus
227 949 266 980 eius
281 953 299 981 et
314 947 333 980 in
348 948 415 981 scrinio
428 948 511 990 precioso
526 948 649 988 collocaretur,
663 953 756 991 repertum
772 953 799 981 est
812 959 847 983 vna

120 1011 138 1043 15
147 1009 189 1033 cum
201 999 317 1033 vestimentis
331 999 465 1042 pontificalibus
480 999 572 1043 integrum
587 1004 606 1033 et
620 999 751 1043 incorruptum.
797 993 848 1035 Inter

147 1052 204 1086 multa
214 1052 264 1085 enim
274 1052 362 1086 miracula
373 1064 406 1097 pro
418 1052 485 1086 famulo
497 1062 549 1086 suoa
559 1053 593 1085 deo
604 1057 680 1096 patrata,
688 1051 785 1086 mulierem
797 1052 848 1096 quin-

147 1116 183 1150 que
199 1105 252 1140 annis
269 1105 383 1140 incuruatam
402 1117 423 1139 ac
437 1105 542 1140 inclinatam
561 1105 648 1149 humique
667 1105 755 1140 acclinem
774 1106 848 1148 curauit,

147 1159 229 1202 linguam
244 1158 297 1202 pueri
310 1170 321 1192 a
336 1169 415 1193 nouerca
430 1158 521 1194 abscisam
536 1158 632 1202 reparauit,
646 1168 699 1193 cecos
714 1158 795 1202 quinque
809 1158 848 1193 illu-

148 1212 229 1252 minauit,
248 1211 365 1245 demoniacos
388 1212 468 1255 quinque
490 1211 567 1253 sanauit,
586 1210 641 1245 mutis
659 1216 737 1254 quatuor
759 1211 848 1254 loquelam

121 1276 140 1299 20
148 1264 232 1306 reddidit,
251 1269 331 1298 mortuos
350 1268 388 1298 tres
406 1263 527 1306 resuscitauit‚
546 1263 629 1307 leprosos
648 1264 694 1297 duos
713 1263 813 1305 mundanit‚
832 1269 849 1297 et

148 1316 255 1362 hydropicis
267 1317 338 1351 duobus
351 1317 449 1351 sanitatem
461 1316 540 1351 contulit.
564 1316 613 1350 Infra
626 1316 706 1351 triduum
719 1317 759 1351 vice
772 1317 849 1360 quadam

148 1369 223 1414 triginta
236 1369 316 1415 quinque
329 1369 384 1404 variis
396 1369 466 1403 morbis
479 1369 568 1413 oppressi,
582 1370 640 1403 salute
652 1373 770 1412 consequuta,
784 1368 850 1412 gratias

149 1424 184 1457 deo
203 1428 221 1456 et
239 1429 303 1456 sancto
322 1422 361 1456 eius
380 1422 490 1456 referebant.
535 1415 608 1457 Oculos
625 1421 697 1455 iuuenis
712 1421 813 1463 cuiusdam,
828 1422 849 1455 ab

149 1474 216 1509 emulis
227 1474 304 1508 effossos
317 1480 335 1508 et
348 1474 367 1508 in
381 1485 466 1517 campum
479 1474 575 1517 proiectos,
588 1473 659 1507 sanauit
664 1473 675 1507 ⁰.
699 1474 740 1507 Non
754 1474 804 1507 enim
817 1472 850 1507 sibi

123 1538 141 1570 ²5
150 1528 235 1573 proprios
250 1528 333 1570 restituit,
347 1529 380 1562 sed
395 1538 453 1562 nouas
466 1532 485 1561 et
498 1527 579 1561 modicas
593 1526 612 1561 in
625 1526 716 1561 fossarum
729 1525 850 1570 profunditate

150 1581 228 1627 pupillas
241 1586 328 1625 tanquam
343 1580 389 1615 duas
404 1581 465 1624 posuit
479 1581 573 1624 prunulas,
588 1586 606 1614 et
620 1591 665 1624 quas
679 1580 739 1615 varias
755 1579 817 1614 habuit
828 1589 850 1613 ex

150 1639 220 1676 natura,
232 1634 294 1677 nigras
306 1634 376 1677 recepit
387 1645 411 1668 ex
422 1634 484 1677 gratia.
513 1634 542 1668 De
553 1634 583 1667 die
594 1639 655 1667 autem
667 1633 685 1667 in
697 1634 746 1667 diem
757 1644 816 1677 vsque
829 1632 851 1666 ad

151 1687 271 1732 quantitatem
290 1691 425 1729 competentem
444 1692 545 1721 creuerunt.
572 1686 660 1721 Testiculi
679 1686 761 1721 eiusdem
781 1684 851 1719 iuuenis

151 1742 174 1775 ab
182 1740 252 1773 eisdem
261 1740 326 1773 emulis
334 1749 344 1772 a
351 1740 424 1773 follibus
432 1740 470 1773 suis
481 1742 527 1773 eruti
537 1745 556 1773 et
565 1739 642 1782 prescisi
653 1739 761 1782 longiusque
771 1737 851 1782 proiecti,

124 1804 143 1834 5⁰
151 1792 212 1827 eidem
231 1795 273 1825 sunt
292 1791 381 1835 restituti3
401 1791 512 1836 vulneraque
531 1791 597 1832 omnia,
612 1790 690 1826 diuersis
709 1791 791 1834 corporis
809 1789 851 1824 locis

151 1850 230 1888 recepta,
245 1844 264 1878 in
280 1848 373 1878 momento
389 1848 432 1879 sunt
447 1849 513 1879 curata.
536 1843 611 1879 quenis
624 1843 664 1887 iste,
677 1843 759 1878 Thomas
774 1843 852 1885 nomine,

151 1909 193 1934 cum
206 1897 303 1943 pecuniam
318 1897 394 1931 multam
409 1902 545 1942 congregasset,
561 1899 640 1942 quedam
655 1897 728 1931 domina
743 1902 806 1930 mutuo
821 1906 851 1939 pe·

151 1951 224 1985 cuniam
231 1952 254 1984 ab
262 1950 302 1993 ipso
314 1951 387 1993 recepit,
397 1955 415 1983 et
426 1952 501 1983 tandem
513 1952 536 1983 ad
548 1950 674 1983 fornicandum
686 1960 727 1983 cum
739 1949 769 1983 illa
781 1948 851 1989 alteria

152 2003 183 2048 qui
193 2004 268 2037 tandem
279 2008 404 2047 compunctus,
415 2013 457 2036 curn
468 2003 523 2046 digne
534 2013 568 2047 pro
580 2002 678 2036 commisso
690 2001 813 2042 satisfecisset,
824 2000 853 2034 illa

124 2068 143 2098 35
152 2060 276 2100 contemptam
287 2067 308 2090 se
320 2056 384 2090 dolens
399 2060 418 2090 et
431 2056 523 2099 repulsam
538 2056 654 2096 erubescens,
668 2056 760 2098 quendam
773 2055 853 2098 iniquum

153 2114 171 2145 et
182 2109 318 2144 malefactorem
329 2108 348 2142 in
359 2108 445 2143 maritum
456 2109 556 2153 assumpsit
567 2114 585 2142 et
597 2110 620 2143 ad
632 2107 756 2152 supradictum
767 2118 814 2153 opus
825 2116 853 2140 ne-

153 2162 238 2207 pharium
246 2172 289 2196 eum
297 2173 330 2196 sua
337 2161 453 2205 instigatione
461 2161 529 2196 allexit.

460 2269 549 2303 Narratio.

176 2323 230 2365 “Illis
247 2330 311 2365 diebus
328 2337 402 2365 sanctus
420 2331 522 2366 Edwardus
539 2343 578 2373 rex,
593 2331 625 2376 qui
641 2342 733 2377 nusquam
748 2331 784 2365 nisi
798 2329 855 2365 alieno

155 2384 231 2421 consilio
249 2385 313 2419 ductus
332 2395 430 2429 perperam
449 2385 490 2428 egit,
506 2385 585 2419 Roberti
603 2385 736 2429 archiepiscopi
753 2391 770 2420 et
786 2381 855 2419 comitis

126 2438 241 2482 40Godwini
257 2437 344 2472 instinctu
362 2443 380 2471 et
397 2438 473 2471 consilio
490 2444 568 2472 matrem
582 2438 676 2483 propriam
692 2444 768 2484 propter
782 2435 855 2471 nimiam

174 2511 288 2548 ¹Amistalre;
299 2518 362 2548 r,1o95.
411 2510 446 2541 lT.
454 2511 554 2541 E.Anulum.
562 2512 586 2541 Cf.
594 2512 615 2542 H.
662 2512 746 2543 ΒΤ,ιιῑιιο.
795 2509 856 2538 ⁴me

155 2552 183 2583 the
191 2552 226 2581 Mir.
234 2552 250 2580 in
258 2551 292 2582 MS.
300 2551 373 2580 Dunelm.
383 2550 402 2580 B.
410 2550 437 2580 IV.
445 2560 470 2588 39.
577 2550 583 2568 ⁵
593 2560 615 2583 sc.
623 2562 637 2582 a.
644 2552 683 2581 1218
690 2562 695 2589 ;
706 2552 725 2582 cf.
733 2550 854 2581 Math.Wcsl111·

155 2591 161 2610 θ
172 2592 189 2621 E.
198 2591 264 2622 ansauit.
328 2590 334 2607 ⁷
345 2590 368 2620 Cf.
378 2590 436 2620 Chron.
445 2591 527 2629 Bromton,
534 2600 549 2629 p.
557 2600 592 2629 941.
