1762 2803
272 124 317 180 Ut
332 121 433 176 &aucto
447 120 554 181 atomo.
718 137 761 179 441

64 254 150 295 quantum
163 253 192 283 est
204 247 222 282 in
235 252 259 289 te,
270 246 349 292 patriam
361 247 456 292 perdidisti
461 247 472 289 ¹,
481 246 563 292 mihique
573 256 594 280 ac
605 245 651 281 meis
662 245 764 281 libertatem

63 303 148 337 auferens
159 301 178 334 in
190 300 313 345 captiuitatem
323 312 357 336 nos
368 301 468 335 retrusisti)
491 301 571 333 Ostensa
580 305 641 333 autem
653 299 670 332 ei
681 299 765 342 epistola,

64 353 158 399 respondit
169 353 205 388 ita:
221 353 286 395 ‘Vere,
298 352 377 395 domine,
390 352 468 387 formam
479 351 571 387 scribendi
583 362 604 385 ac
616 350 695 385 dictandi
706 361 766 396 genus

63 418 125 443 meum
134 406 175 442 hic²
182 417 225 442 esse
233 417 333 451 cognosc03
344 407 377 441 sed
386 406 439 441 testis
445 412 473 441 est
479 406 524 440 mihi
530 407 576 441 deus
584 406 632 450 quod
641 415 682 440 eam
690 404 766 439 omnino

63 472 100 495 non
108 461 154 495 leci!
177 460 260 504 Cumque
268 470 334 494 omnes
342 471 384 494 eum
391 460 488 494 veritatem
496 461 587 494 occultare
594 460 642 493 velle
650 459 738 501 dicerent,
747 463 765 492 et
774 469 783 500 5

64 515 133 558 absque
141 513 227 549 dilatione
235 524 277 549 eum
286 518 345 548 morte
353 512 414 558 puniri
423 513 552 555 exclamarent,
561 512 631 548 iudices
639 512 678 558 pari
687 523 765 547 assensu

63 568 130 609 dicunt,
138 567 205 610 ipsum,
213 567 256 610 quia
267 566 353 610 specialis
364 567 479 609 imperatoris
490 566 560 600 amicus
571 566 635 606 fuerat,
646 577 683 599 non
696 566 766 599 debere

64 619 127 660 occidi,
133 619 167 652 sed
173 619 263 661 manu[m]
270 618 317 662 que'
325 624 395 652 tanturn
402 618 472 652 facinus
478 624 622 663 perpetrauerat‚
628 618 703 652 abscidi.
724 618 765 660 Quo

65 673 116 714 sacto,
125 672 218 706 Iohannes
225 672 294 715 gratias
301 673 337 706 deo
347 672 390 716 egit,
397 677 416 706 et
425 672 497 707 abscisa
506 671 584 706 manus⁴
592 673 615 706 ad
625 672 765 706 detestationem

64 725 140 759 sceleris
148 729 166 758 et
174 725 306 759 monachorum
314 724 432 768 obprobrium
440 734 532 769 suspensa
539 729 567 759 est
575 724 594 758 in
602 724 714 759 monasterio
720 724 765 759 eius.
775 734 794 756 ιο

65 778 157 812 lohannes
168 788 212 812 mox
223 782 266 812 ante
277 777 376 822 imaginem
387 778 440 812 beate
453 776 512 813 Marie
523 788 599 812 mancus
610 776 716 821 adueniens,
728 777 765 812 dis·

64 836 149 875 cooperto
160 831 237 866 vulnere
249 836 267 865 et
279 837 354 866 extento
366 830 441 866 brachio
453 842 494 865 cum
506 842 528 866 ea
538 831 569 875 pie
580 831 678 872 rixabatur,
689 831 765 867 dicens:

65 883 191 927 ¹[H]eccine⁶,
203 884 282 926 domina,
295 888 399 919 nostrorum
415 884 486 928 premia
501 890 543 918 sunt
556 884 669 925 meritorum,
683 884 766 928 [h]ecce⁵

65 942 138 971 tuorum
149 937 242 972 beatitudo
253 939 362 973 seruorum?
379 938 430 978 Esto,
441 936 516 972 domina
527 948 573 980 mea,
584 937 639 982 digne
650 948 684 982 pro
695 937 766 973 meritis

65 995 180 1033 peccatorem
193 990 285 1034 flagellare
296 990 380 1025 voluisti:
396 991 430 1024 sed
441 989 504 1034 utquid
516 990 658 1024 instrumentum
672 990 727 1025 officii
740 991 766 1025 tui
776 1000 794 1031 15

65 1042 164 1086 permisisti
173 1043 246 1086 penitus
254 1042 335 1077 abscidi?
349 1043 390 1077 Hec
398 1042 467 1087 quippe
475 1053 541 1077 manus
549 1043 660 1087 hymnorum
668 1043 728 1077 laudis
736 1048 767 1078 tue

65 1096 134 1130 cantica
145 1096 209 1140 sepius
219 1096 318 1131 scribendo
328 1097 408 1141 parabat,
416 1101 434 1131 et
445 1097 480 1131 deo
491 1096 537 1141 patri
548 1096 691 1131 sacratisslmum
700 1106 767 1143 corpus

65 1154 82 1183 et
90 1149 199 1194 sanguinem
207 1149 239 1184 srlii
247 1150 273 1184 tui
282 1151 301 1184 in
309 1150 379 1184 honore
386 1155 418 1184 tuo
425 1151 448 1184 ad
456 1155 573 1195 peccatorum
581 1150 659 1185 salutem
667 1149 766 1184 offerebat·

66 1202 89 1235 Et
97 1213 139 1236 ecce
147 1204 222 1237 tandem
231 1203 295 1247 regina
302 1202 393 1247 virginum
402 1203 452 1237 affuit
463 1214 504 1238 curn
514 1203 583 1247 ingenti
594 1203 668 1245 lumine,
677 1203 706 1236 et⁸
713 1203 766 1237 hilari

65 1254 111 1289 facie
124 1255 160 1290 ait:
178 1256 236 1298 ‘Quid
248 1256 293 1300 agis,
307 1267 353 1301 puer
368 1267 420 1291 meus
433 1255 563 1291 fidelissimet'
586 1256 645 1299 ‘Heu,
657 1255 715 1300 inquit
730 1256 795 1299 ille,ro

66 1308 145 1349 domina,
153 1308 196 1351 quid
205 1319 235 1341 me
242 1308 357 1352 interrogas?
380 1308 486 1350 Quinimmo
496 1309 589 1351 interrogo
598 1320 632 1352 ego
640 1314 663 1342 te.
686 1309 735 1342 Ecce
742 1310 766 1342 ad

66 1370 133 1403 meum,
144 1360 200 1395 immo
212 1362 235 1395 ad
247 1366 298 1395 tuum
310 1361 389 1396 dedecus
401 1360 420 1395 in
432 1361 509 1396 ecclesia
521 1361 590 1405 pendet
602 1360 674 1396 abscisa
685 1360 774 1396 clientuli

66 1412 91 1446 tui
109 1415 186 1448 manus?
214 1414 237 1448 Et
255 1413 296 1448 illa:
316 1413 439 1456 ‘confortare
456 1413 487 1454 fili,
502 1413 521 1448 in
540 1413 620 1456 domino,
639 1424 714 1448 manum
733 1413 765 1448 tibi

66 1471 168 1500 restaurare
179 1471 240 1510 potest
251 1467 282 1510 qui
294 1472 351 1501 totum
363 1467 458 1501 hominem
472 1466 569 1511 plasmauit
581 1477 605 1500 ex
617 1466 684 1500 nihilo!
707 1466 730 1500 Et
743 1478 766 1500 eo

65 1518 144 1564 vidente,
156 1531 231 1555 manum
243 1521 266 1555 ab
278 1520 356 1556 ecclesia
367 1521 447 1555 delatam
458 1520 533 1556 brachio
546 1520 565 1555 in
578 1525 671 1556 momento
683 1519 767 1556 restituit.
776 1535 795 1565 ²5

66 1572 82 1606 T
83 1584 118 1607 unc
129 1573 160 1608 ille
171 1574 238 1617 gratias
249 1585 313 1618 agens,
324 1584 399 1609 manum
411 1573 498 1608 iratribus
508 1572 588 1609 ostendit
599 1579 617 1608 et
626 1572 703 1608 missam
713 1574 767 1609 beate

67 1624 124 1661 Marie
133 1626 237 1661 celebrauit.
260 1627 300 1669 Quo
308 1628 374 1670 audito,
382 1627 482 1671 imperator
492 1628 551 1671 pedes
561 1627 585 1660 ad
596 1637 638 1661 eum
646 1626 701 1669 venit,
709 1632 727 1661 et
735 1637 767 1661 ore

66 1687 141 1713 manum
154 1680 269 1723 deosculans,
285 1680 300 1715 si
314 1690 368 1715 suum
381 1679 461 1715 dictandi
475 1690 535 1725 genus
550 1685 568 1715 et
583 1679 661 1714 sormam
675 1679 768 1715 scribendi

66 1732 163 1776 quisquam
184 1733 261 1767 haberet
283 1733 363 1778 inquirit.
397 1733 450 1775 Quod
471 1733 502 1767 ille
522 1734 597 1778 quidem
619 1734 680 1767 eidem
701 1733 767 1768 retulit.

67 1784 79 1823 (⁷
86 1785 172 1825 Quesitus
183 1785 303 1818 calumniator
313 1785 389 1829 capitur,
398 1790 416 1818 et
424 1790 519 1829 peccatum
528 1785 624 1826 confitens
632 1785 733 1829 suspendio
741 1784 768 1819 iu·
776 1799 796 1828 30

65 1836 144 1874 dicatur:
157 1838 190 1872 sed
199 1838 281 1873 Iohanne
289 1838 429 1880 interueniente,
436 1849 486 1873 mors
494 1837 512 1873 in
521 1838 595 1873 exilium
603 1838 768 1881 conuertebaturll.

142 1935 155 1971 tl
172 1927 205 1969 Da
218 1945 288 1969 snucro
301 1926 384 1969 charo
397 1945 495 1969 uanrmra
507 1935 541 1968 erl
552 1933 694 1969 conrassouaw.

99 1997 170 2033 Anctus
179 1999 194 2032 F
194 1998 260 2033 iacrius
268 1998 368 2042 consessor,
376 1999 404 2033 vir
411 1999 448 2033 vita
455 1999 549 2043 mirabilis,
560 1998 579 2033 in
588 1998 678 2033 Hibernie
685 1998 769 2043 partibus

121 2051 240 2085 nobilissimis
246 2052 258 2071 ¹¹
270 2052 329 2086 extitit
343 2051 434 2087 natalibus
448 2053 542 2094 oriundus,
556 2053 589 2087 sed
601 2063 612 2086 a
623 2052 769 2097 propinquorum

66 2113 109 2136 cura
123 2104 193 2138 solutus
206 2111 224 2138 et
236 2105 293 2138 seculi
305 2105 383 2139 tumultu
397 2106 500 2147 expeditus,
512 2105 612 2139 solitariam
624 2105 701 2147 cupiens
713 2105 769 2138 vitam

67 2154 139 2197 ducere,
147 2162 233 2198 parentes
245 2156 359 2199 patriamque
371 2156 444 2200 reliquit
455 2162 474 2190 et
485 2157 560 2190 domino
571 2158 650 2191 ducente
660 2156 679 2189 in
692 2155 769 2189 Francie
778 2166 797 2198 35

68 2213 130 2250 partes
149 2209 227 2243 aduenit.
250 2209 278 2243 Eo
296 2214 381 2253 tempore
399 2220 436 2253 quo
454 2215 529 2244 sanctus
548 2209 614 2252 Pharo,
630 2208 692 2244 relicta
711 2207 769 2243 seculi

68 2260 136 2305 militia,
144 2261 247 2296 Meldorum
256 2262 369 2306 pontificium
377 2262 489 2307 possidebat,
497 2274 540 2298 eum
550 2268 624 2298 sanctus
634 2262 715 2297 Fiacrius
727 2272 769 2296 cum

68 2314 123 2349 sociis
137 2314 176 2350 suis
193 2315 320 2359 hospitalitatis
337 2316 396 2359 gratia
412 2316 493 2360 expetiit.
519 2316 579 2358 Quem
594 2315 689 2359 piissimus
708 2315 770 2349 Pharo

87 2378 93 2395 ¹
102 2379 136 2410 VB.
145 2380 235 2417 prodidisti.
295 2379 301 2397 ²
310 2380 345 2410 VB.
352 2380 388 2411 hoc.
445 2380 451 2398 ³
461 2381 480 2410 T.
487 2380 505 2411 E.
514 2389 569 2410 manus
577 2389 613 2418 que,
621 2380 654 2410 VB.
662 2388 726 2410 manum
733 2388 769 2417 qua.

68 2416 159 2449 ‘Emanu
191 2421 225 2451 ⁵T.
233 2420 251 2450 E.
257 2420 319 2450 Eecine.
325 2430 367 2451 eece.
403 2419 469 2451 ‘ordin
475 2420 493 2449 T.
528 2419 562 2450 7Τ.
568 2420 615 2449 reads
622 2419 771 2458 instead(=VB.):

69 2461 85 2485 et
98 2460 157 2488 ueritas
170 2459 244 2496 inquisita
256 2459 325 2489 innotuit
339 2459 364 2496 (so
377 2460 411 2488 also
426 2460 460 2489 MS.
472 2459 549 2494 Tannerl.
610 2459 644 2487 ’Β
656 2459 770 2489 connuebatur.

68 2494 73 2511 ⁹
84 2496 159 2527 heremita
166 2502 182 2527 et
189 2508 218 2528 om.
226 2498 243 2527 in
250 2498 268 2529 T.
335 2497 346 2516 ¹⁰
357 2499 381 2528 ed.
387 2499 403 2527 in
411 2497 518 2535 Messingham
526 2497 578 2527 Floril.
586 2497 618 2528 lns.
626 2498 656 2528 SS.
664 2507 679 2535 p.
688 2508 727 2535 390:
737 2497 770 2527 abr.

69 2535 108 2566 irum
118 2538 146 2568 the
152 2538 190 2568 Vita
200 2539 216 2568 in
225 2538 260 2568 Act.
271 2538 300 2568 ὃὸ.
310 2537 350 2567 ΒοΙΙ.
359 2538 400 2575 Aug.
407 2537 435 2567 Vl.
444 2547 459 2575 p.
468 2539 507 2574 605;
521 2538 568 2567 other
578 2537 686 2576 abridgments
696 2538 713 2568 in
724 2538 771 2567 Brev.

69 2574 127 2607 llberd.
134 2578 166 2607 and
173 2578 229 2607 Surius
235 2587 256 2614 30
262 2578 303 2615 Aug.
310 2577 339 2613 ΙΙΙ,
347 2586 382 2615 329.
444 2576 455 2595 ¹¹
466 2578 484 2606 E.
491 2577 601 2606 nobilissimus.
