1762 2803
109 135 138 177 90
300 123 380 175 mura
395 120 511 183 beamur
526 120 618 183 aratia

109 242 195 285 possibile
207 254 248 277 esse
259 253 296 276 non
306 243 382 277 dubium
393 247 425 283 est,
434 242 463 276 etl-
471 243 487 277 is
496 243 526 287 qui
538 254 631 277 summum
642 243 702 278 locum
710 244 810 278 ascendere

109 295 178 337 nititur,
193 296 279 340 gradibus
294 297 324 330 vel
339 296 430 340 passibus,
445 307 482 329 non
497 301 558 331 autem
574 296 656 339 saltibus,
669 297 756 331 eleuatur.
780 297 810 331 Sic

109 349 207 383 israelitico
215 350 282 393 populo
289 349 308 382 in
317 349 389 393 Egypto
397 349 482 383 dominus
493 360 514 383 se
525 349 599 393 quidem
607 349 691 393 innotuit,
703 351 736 384 sed
748 356 811 385 tamen

110 401 137 437 eis
146 402 275 436 sacrificiorum
281 412 331 444 vsus,
339 412 375 445 que
383 402 461 445 dyabolo
469 402 552 437 solebant
557 402 650 444 exhibere,
656 403 675 437 in
682 403 731 437 cultu
737 403 812 447 proprio

93 455 217 497 5reseruauit,
230 459 249 489 vt
264 454 291 488 eis
306 454 325 488 in
338 466 372 488 suo
385 454 474 489 sacrificio
490 454 576 489 animalia
589 454 684 490 immolare
697 456 812 500 preciperet;

110 509 195 552 quatinus
202 519 233 541 cor
240 513 338 549 mutantes,
344 508 392 541 aliud
398 508 421 541 de
430 508 518 542 sacrificio
527 508 637 550 amitterent,
642 510 691 543 aliud
699 509 811 544 retinerent:

101 566 129 614 ⁵vt
137 560 171 596 etsi
179 560 219 605 ipsa
227 565 290 595 essent
297 560 383 595 animalia
391 571 426 605 que
435 561 501 596 offerre
509 567 649 605 consueuerant,
654 573 699 597 vero
707 567 769 597 tamen
777 563 812 598 deo

110 615 144 648 hec
156 619 173 649 et
185 625 222 648 non
234 614 287 647 idolis
298 614 420 656 immolantes,
429 614 465 648 iam
477 615 567 648 sacrificia
578 615 619 658 ipsa
630 627 667 649 non
680 621 747 650 essent.
771 616 812 650 Hec

109 667 164 710 igitur
171 667 288 701 dilectionem
299 671 349 701 tuam
357 667 439 711 predicto
450 667 501 701 fratri
512 678 589 702 necesse
599 673 627 702 est
638 668 705 708 dicere,
712 674 732 703 vt
742 668 783 713 ipse
793 669 811 703 in

72 760 73 764 Ἰ
84 735 103 756 10
111 720 193 764 presenti
206 720 242 754 illic
256 720 327 764 positus
341 721 443 764 perpendat
455 721 532 764 qualiter
546 721 607 755 omnia
621 722 687 756 debeat
699 721 812 766 dispensare.

112 773 162 807 Deus
170 779 188 806 te
196 773 306 807 ineolumem
315 774 408 814 custodiat,
417 773 535 807 dilectissime
543 774 574 807 fili.
598 775 665 808 Data²'
673 780 707 809 etc.
714 780 734 808 vt
742 786 803 819 supra.

133 820 178 870 Quo
189 826 207 859 in
218 832 302 869 tempore
313 826 362 860 misit
372 826 428 861 etiam
436 826 539 869 Augustino
547 826 644 870 epistolam
655 837 711 871 super
721 827 813 861 miraculis

111 890 146 922 que
159 890 193 924 per
205 891 248 912 eum
261 879 308 912 facta
321 890 362 912 esse
376 884 492 922 cognouerat,
504 879 523 912 in
536 889 572 923 qua
586 890 633 921 eum,
647 880 682 913 ne³
694 890 728 924 per
741 880 813 913 illorum

111 933 183 976 copiam
192 932 294 976 perieulum
302 932 385 966 elationis
394 931 501 973 incurreret,
509 932 538 966 his
545 932 607 967 verbis
615 933 707 967 hortatur:
752 926 813 973 ‘Scio,

86 992 103 1022 15
112 985 167 1020 frater
180 985 293 1027 charissime,
306 985 349 1030 quia
362 984 478 1029 omnipotens
491 987 538 1020 deus
553 996 586 1029 per
599 986 716 1021 dilectionem
729 990 780 1020 tuam
794 986 814 1020 in

112 1045 167 1082 gente
175 1050 230 1082 quam
238 1039 285 1082 elegi
292 1039 354 1079 voluit,
361 1050 428 1082 magna
436 1039 523 1073 miracula
531 1040 616 1073 ostendit.
638 1040 693 1074 Vnde
701 1051 778 1073 necesse
786 1045 814 1073 est

112 1097 132 1125 vt
145 1092 168 1126 de
180 1092 246 1126 eodem
257 1092 306 1125 dono
317 1091 379 1125 celesti
391 1096 410 1124 et
422 1090 504 1125 timendo
518 1092 604 1135 gaudeas,
617 1096 635 1126 et
648 1092 744 1135 gaudendo
758 1091 814 1135 perti-

112 1154 189 1178 mescas.
213 1144 297 1178 Gaudeas
314 1144 403 1186 videlicet,
419 1144 461 1187 quia
476 1144 579 1188 Anglorum
596 1144 657 1178 anime
673 1155 708 1188 per
723 1144 814 1179 exteriora

113 1197 200 1231 miracula
211 1198 234 1231 ad
244 1196 350 1231 interiorem
361 1196 438 1240 gratiam
449 1198 591 1240 pertrahuntur;
603 1197 723 1241 pertimescas
732 1208 782 1239 vero,
790 1208 814 1232 ne

86 1258 105 1278 20
112 1250 160 1284 inter
168 1250 264 1293 signaque
272 1250 324 1290 fiunt,
332 1250 417 1283 infirmus
428 1249 500 1284 animus
510 1250 529 1284 in
538 1249 566 1284 sui
574 1251 713 1293 presumptione
721 1261 742 1284 se
750 1250 814 1290 eleuet,

113 1307 131 1336 et
141 1303 190 1337 vnde
203 1303 252 1336 soras
265 1302 284 1335 in
297 1302 387 1336 honorem
400 1302 473 1344 tollitur,
486 1302 529 1336 inde
541 1313 575 1347 per
586 1302 661 1337 inanem
674 1302 751 1347 gloriam
765 1302 815 1336 intus

113 1350 171 1388 eadat.
194 1355 302 1389 Meminisse
318 1356 386 1389 etenim
401 1356 490 1389 debemus
505 1357 548 1399 quia
563 1356 647 1399 discipuli
664 1366 705 1390 cum
722 1356 788 1399 gaudio
805 1366 815 1389 a

113 1408 237 1452 predicatione
248 1409 353 1451 redeuntes,
361 1410 405 1443 dum
413 1408 476 1443 celesti
486 1409 574 1453 magistro
585 1408 676 1444 dicerent:
688 1409 698 1429 “
704 1408 788 1450 Domine,
797 1408 815 1443 in

113 1462 188 1496 nomine
194 1467 225 1496 tuo
232 1461 286 1496 etiam
294 1462 380 1496 demonia
387 1461 440 1496 nobis
451 1461 532 1496 subiecta
540 1463 599 1505 sunt‚’¹
612 1462 696 1506 protinus
707 1461 815 1497 audierunt:

87 1522 105 1551 25
114 1515 191 1549 “Nolite
203 1516 283 1558 gaudere
295 1519 353 1558 super'
362 1516 401 1553 hoc,
412 1516 445 1548 sed
455 1516 517 1558 potius
529 1516 606 1559 gaudete
617 1516 660 1558 quia
671 1515 746 1548 nomina
754 1520 816 1548 vestra

114 1568 182 1612 scripta
193 1573 235 1601 sunt
247 1567 266 1601 in
277 1567 330 1601 eelo.’¹
354 1567 375 1601 In
386 1567 457 1611 priuata
469 1568 546 1602 enimet
558 1568 653 1612 temporali
664 1567 724 1602 leticia
734 1573 816 1602 mentem

95 1658 97 1661 ,
115 1626 214 1663 posuerant
228 1620 259 1663 qui
274 1621 297 1654 de
311 1620 403 1654 miraculis
418 1621 531 1663 gaudebant;
550 1621 582 1654 sed
596 1622 619 1654 de
635 1620 717 1664 priuata*
731 1622 754 1654 ad
767 1631 816 1654 com-

115 1684 196 1716 munem,
206 1674 229 1708 de
237 1673 333 1717 temporali
341 1674 364 1707 ad
372 1678 454 1708 eternam
462 1673 541 1707 leticiam
549 1678 658 1708 reuocantur
666 1674 732 1718 quibus
740 1673 816 1708 dicitur:

116 1728 125 1746 “
132 1727 153 1761 In
162 1727 196 1761 hoc
204 1727 282 1771 gaudete
290 1726 332 1770 quia
340 1726 414 1760 nomina
419 1731 481 1760 vestra
489 1727 557 1771 scripta
565 1726 634 1760 suntin
643 1727 697 1761 celo.¹'
717 1727 758 1760 Non
767 1727 816 1761 enim

88 1788 107 1816 30
115 1790 180 1814 omnes
191 1780 243 1813 electi
254 1779 340 1813 miracula
351 1780 418 1813 faciunt
426 1784 430 1820 ;'
442 1780 475 1829 sed
483 1785 544 1813 tamen
553 1790 617 1813 eorum
625 1780 700 1813 nomina
708 1780 790 1813 omnium
798 1780 817 1813 in

115 1833 153 1867 celo
167 1837 253 1867 tenentur
266 1832 360 1876 asscripta.
382 1831 469 1866 Veritatis
485 1832 554 1867 etenim
567 1832 661 1876 discipulis
675 1842 717 1867 esse
730 1832 817 1875 gaudium

115 1898 152 1920 non
160 1887 215 1920 debet
223 1885 259 1919 nisi
266 1886 290 1919 de
301 1897 323 1919 eo
334 1887 381 1919 bono
392 1887 440 1928 quod
449 1897 546 1920 commune
554 1896 596 1918 cum
604 1886 690 1919 omnibus
701 1885 775 1926 habent,
784 1885 816 1928 [et]

115 1940 134 1972 in
142 1951 178 1983 quo
185 1939 245 1972 leticie
250 1938 319 1971 finem⁵
327 1950 364 1972 non
371 1939 444 1972 habent.
467 1939 533 1972 Restat
540 1939 607 1981 itaque,
615 1938 671 1972 frater
679 1938 792 1979 charissime,
798 1944 818 1971 vt

66 2033 68 2036 ἱ
115 1993 164 2027 inter
179 2003 201 2026 ea
216 2003 251 2036 que
267 1997 355 2035 operante
370 1991 444 2025 domino
458 1992 539 2025 exterius
554 1991 604 2032 facis,
618 2002 692 2035 semper
707 1995 725 2025 te
740 1990 818 2025 interius

88 2053 106 2084 35
116 2045 207 2079 subtiliter
218 2044 292 2085 iudices,
303 2055 324 2078 ac
336 2044 427 2078 subtiliter
438 2044 529 2088 intelligas
542 2049 561 2078 et
573 2044 692 2088 temetipsum
704 2043 745 2087 quis
756 2044 788 2086 sis,
800 2050 818 2078 et

115 2103 183 2142 quanta
192 2097 216 2132 sit
226 2097 245 2131 in
253 2098 318 2131 eadem
328 2103 383 2141 gente
393 2097 451 2141 gratia
458 2108 492 2141 pro
500 2097 551 2132 cuius
559 2097 680 2131 conuersione
688 2097 743 2132 etiam
751 2097 818 2131 facien-

115 2153 181 2186 dorum
192 2151 288 2195 signorum
300 2151 348 2184 dona
359 2150 463 2194 percepisti.
486 2151 509 2185 Et
523 2151 623 2194 siquando
635 2156 653 2185 te
665 2149 742 2184 creatori
755 2156 818 2185 nostro

116 2215 149 2238 seu
157 2215 190 2248 per
201 2204 288 2248 linguam,
296 2203 336 2237 siue
346 2214 380 2247 per
388 2215 445 2247 opera
454 2203 579 2238 reminisceris
589 2203 695 2247 deliquisse,
703 2213 778 2247 semper
785 2203 819 2237 hec

116 2259 139 2291 ad
147 2257 255 2291 memoriam
265 2267 347 2300 reuoces,
354 2261 374 2291 vt
384 2261 491 2301 surgentem
499 2256 560 2291 cordis
570 2256 646 2300 gloriam
658 2255 747 2290 memoria
757 2261 819 2290 reatus

88 2319 108 2347 40
116 2316 193 2355 premat,
216 2311 239 2344 Et
249 2310 335 2354 quiequid
344 2312 367 2344 de
377 2310 465 2344 faciendis
475 2311 533 2355 signis
544 2309 637 2353 acceperis
644 2310 674 2343 vel
685 2309 777 2353 accepisti,
785 2309 819 2343 hec

117 2375 153 2398 non
162 2363 200 2406 tibi,
208 2365 241 2398 sed
250 2363 286 2397 illis
294 2364 372 2408 deputes
380 2365 447 2398 donata
457 2375 490 2407 pro
501 2373 579 2408 quorum
587 2362 619 2396 tibi
629 2362 686 2396 salute
694 2362 758 2396 collata
766 2364 819 2396 sunt.¹

118 2410 173 2451 Misit
182 2416 231 2451 idem
239 2418 302 2451 beatus
310 2428 358 2461 papa
367 2416 467 2460 Gregorius
478 2418 543 2451 eodem
551 2421 635 2459 tempore
645 2415 700 2450 etiam
710 2416 750 2459 regi
758 2416 819 2451 Ethel-

117 2470 169 2503 berto
177 2469 277 2512 epistolam,
286 2469 340 2503 simul
351 2475 369 2504 et
380 2472 428 2504 dona
438 2470 457 2502 in
468 2470 547 2504 diuersis
558 2468 655 2512 speciebus
665 2469 761 2512 perplura:
773 2473 820 2502 tem-

138 2541 174 2571 ¹al.
182 2547 197 2570 et
205 2543 244 2578 quia.
279 2532 568 2580 ²al.Datadiedeeimaquinta‚etc.
604 2541 679 2571 ³E.nec.
713 2541 820 2579 ⁴T.priuato.

117 2583 124 2610 ⁵,
134 2582 151 2611 T.
159 2581 207 2610 finem
214 2581 271 2610 leticie.
