1762 2803
137 147 183 191 404
212 139 215 144 ’
329 134 409 187 utana
424 131 541 196 aaron
556 131 649 196 totto.

137 261 262 300 perscrutatus
273 262 301 291 est
310 256 353 301 quid
365 257 441 290 haberet
452 256 482 290 vel
493 266 526 290 cur
537 255 648 290 aduenisset.
672 254 776 299 Respondit
787 265 841 298 eger:

138 310 233 351 ‘Domina
240 310 318 344 febrium
328 310 405 344 molesta
415 310 477 353 passio
490 320 520 344 me
530 308 593 354 fatigat
601 314 619 343 et
631 308 698 352 iugiter
705 313 783 353 torquet,
794 313 812 342 et
821 314 841 343 vt

137 363 239 397 remedium
251 373 380 406 consequerer,
392 363 415 396 ad
427 369 501 406 portum
512 362 576 396 salutis
588 368 606 397 et
619 363 642 396 ad
654 362 772 406 sepulchrum
783 363 841 395 sancti

137 414 188 449 cuius
202 414 290 448 hodierna
302 415 402 449 solennitas
416 416 480 457 agitur,
493 414 576 457 confugi)
599 415 648 448 Dicit
659 415 676 449 ei
689 419 773 448 sanctus:
791 413 841 448 ‘Fiat

119 482 128 512 5
137 469 168 503 tibi
178 469 224 503 sicut
232 468 265 512 vis,
273 474 292 503 et
302 468 348 504 sicut
358 469 461 503 credidisti)
486 468 557 502 Deinde
565 478 609 502 vero
617 467 636 501 in
644 467 719 501 modum
727 467 791 510 crucis,
799 472 841 502 ante

137 527 155 555 et
162 526 216 563 retro,
225 522 341 556 dextrorsum
349 527 367 555 et
375 521 507 562 sinistrorsum,
516 528 570 565 caput
579 522 628 556 illius
639 522 718 555 molliter
729 532 750 554 ac
762 520 842 554 suauiter

137 574 266 619 comprimens,
272 574 360 617 discessit,
367 574 420 619 signo
429 579 492 610 sancte
497 574 557 609 crucis
566 574 620 609 fronti
629 574 668 609 eius
676 574 773 619 impresso.
798 573 840 619 lpse

136 634 197 663 autem
211 629 315 663 febricitans
330 630 366 663 iam
382 640 442 669 sanus,
458 640 525 672 sopore
539 629 598 663 adhuc
613 629 704 663 fluctuans
719 628 840 663 exclamauit:

137 682 231 724 ‘Domine,
240 682 319 723 domine,
330 682 419 715 miserere
428 682 470 723 mei,
479 687 497 715 et
508 682 573 715 alleuia
584 682 666 716 dolorem
678 683 751 716 meum.'
775 681 798 715 Et
810 692 841 715 ex·

109 750 128 772 10
136 735 257 778 pergefaotus,
268 735 324 769 leuita
335 735 451 778 euangelium
463 735 566 778 incipiente,
579 735 659 779 propriis
672 733 742 769 viribus
755 733 841 776 surrexit,

136 793 154 821 et
161 787 271 821 oblationem
278 788 352 830 obtulit;
364 793 466 832 prostratus
473 788 565 822 interram
571 789 638 831 gratias
645 788 687 832 egit,
693 793 712 821 et
718 792 760 831 post
765 787 841 821 missam

137 849 202 883 sospes
210 841 285 873 domum
293 840 352 873 rediit.
374 841 459 874 Audiens
467 851 511 874 vero
519 840 622 874 consodalis
630 840 689 883 ipsius
697 841 763 873 eodem
775 841 839 873 morbo

136 898 229 936 grauatus,
237 894 302 927 cadem
310 893 355 927 hora
362 893 453 928 baiulatus
464 894 512 928 inter
523 904 589 927 manus
601 904 676 927 suorum
688 893 710 927 ad
722 892 841 937 sepulchrum

137 945 185 979 beati
200 945 234 979 viri
249 945 340 989 peruenit,
355 951 373 980 et
388 946 487 990 opitulante
503 947 543 990 ipso
562 947 628 980 eodem
648 946 702 980 modo
717 951 792 980 sanatus
808 950 841 981 est.

110 1009 128 1040 15
138 990 204 1033 Puella
216 1011 239 1033 ex
251 999 321 1034 ciuibus
333 999 516 1044 london[iensibus]¹‚
528 999 590 1034 multis
604 999 668 1034 diebus
681 999 779 1044 languebat
790 999 841 1034 febre

136 1052 214 1097 fatigata,
228 1064 262 1088 nec
275 1053 311 1089 vllo
324 1064 393 1098 genere
409 1054 494 1089 medendi
509 1054 567 1099 potuit
582 1054 692 1097 restaurari·,
709 1054 742 1087 sed
756 1053 841 1087 dominus

136 1106 290 1139 clementissimus
296 1106 350 1139 huius
356 1107 430 1149 [morbi]
436 1108 539 1140 remedium
545 1108 561 1140 ei
568 1107 651 1140 conferre
657 1108 742 1149 dignatus
748 1112 781 1139 est.
793 1107 841 1140 Nam

136 1158 213 1190 dilectus
224 1168 269 1191 suus
282 1157 416 1191 Erkenwaldus
427 1164 482 1191 noctu
494 1158 519 1191 illi
531 1158 581 1191 visus
593 1164 621 1192 est
633 1159 719 1199 astitisse,
731 1158 779 1192 etin
792 1158 840 1192 hunc

136 1211 211 1243 modum
222 1210 257 1244 sibi
266 1210 396 1246 sermocinari:
409 1212 457 1245 ‘Diu
467 1217 542 1245 excocta
553 1222 573 1245 es
583 1210 601 1245 in
613 1211 686 1245 fornace
698 1211 752 1244 huius
763 1215 841 1253 tempta·
861 1235 865 1242 .

109 1275 128 1297 πο
136 1262 196 1304 tionis,
204 1273 241 1295 non
249 1264 297 1306 quod
305 1263 365 1307 aliquo
373 1263 463 1298 criminali
471 1269 547 1308 peccato
553 1264 608 1298 vitam
615 1270 665 1298 tuam
673 1264 841 1305 commaculaueris,

136 1317 169 1350 sed
177 1316 209 1359 [vt]
218 1317 237 1349 in
243 1316 303 1350 futuro
308 1316 407 1351 iuuenilem
412 1317 531 1361 petulantiam
537 1317 588 1361 virga
594 1316 712 1352 correctionis
719 1316 793 1351 studeas
798 1317 841 1350 edo-

136 1380 186 1403 mare
199 1380 296 1413 moresque
305 1375 386 1403 maturos
393 1371 465 1403 imitari.
488 1371 573 1404 Crastina
584 1372 633 1405 enim
643 1372 673 1404 dle
685 1369 767 1405 accelera
779 1369 841 1413 sepul-

136 1423 200 1456 chrum
215 1433 277 1457 meum
289 1423 374 1457 visitare:
393 1423 454 1467 ibique
469 1428 543 1457 oratura
558 1424 652 1457 dominum
668 1428 752 1457 nostrum
765 1423 840 1457 ihesum

137 1475 236 1518 Christum,
245 1477 267 1509 ab
275 1477 309 1510 hac
318 1477 414 1510 debilitatis
425 1477 502 1510 cathena
512 1477 629 1512 liberaberis)
652 1477 684 1511 Illa
692 1476 766 1520 quidem
774 1481 841 1510 treme-

109 1541 127 1571 ²5
136 1529 198 1561 hunda
204 1539 245 1561 cum
250 1530 305 1562 vellet
313 1540 380 1562 nornen
389 1530 429 1563 eius
436 1531 557 1572 percunctari,
566 1531 599 1563 sed
607 1530 673 1563 nimius
680 1529 686 1548 2
693 1541 752 1573 pauor
759 1530 841 1573 inli[n]g·

136 1579 190 1614 uem³
196 1580 279 1613 reddidit.
296 1580 336 1614 Hoc
343 1591 409 1614 seruus
414 1581 444 1615 dei
450 1581 537 1622 sentiens,
545 1581 621 1616 subiecit
629 1593 632 1616 :
645 1581 840 1616 ‘Erkenwaldusnum

137 1642 199 1675 cupor,
211 1633 282 1666 habens
297 1634 415 1677 sepulchrum
428 1635 447 1667 in
463 1636 540 1668 dextero
555 1634 612 1668 latere
627 1634 700 1667 attarts⁴
714 1640 777 1667 sancte
791 1634 840 1668 Fidis

136 1686 212 1729 virginis
224 1690 242 1720 et
257 1686 342 1720 martiris.
369 1687 410 1728 Quo
425 1697 467 1721 cum
482 1688 590 1730 perueneris
606 1688 684 1722 credens
699 1687 781 1729 firmiter,
796 1698 841 1721 sana

136 1738 173 1773 eris
178 1737 194 1772 ⁵)
218 1738 264 1773 Cum
275 1739 309 1773 hoc
318 1739 416 1781 somnium,
424 1740 480 1774 immo
492 1740 543 1773 reml
553 1745 624 1783 gestam
632 1745 684 1784 pater
692 1744 710 1773 et
718 1745 776 1773 mater
787 1751 841 1774 mane

109 1805 128 1834 30
136 1793 175 1835 ipsa
183 1797 269 1825 narrante
277 1793 388 1834 didicissent,
397 1794 452 1827 nimis
460 1792 528 1827 hilares
540 1793 600 1827 effecti
611 1794 702 1837 deumque
713 1793 814 1835 laudantes,
821 1794 840 1827 in

135 1845 200 1880 eadem
216 1845 260 1879 hora
274 1846 329 1880 filiam
343 1858 396 1881 suam
408 1848 460 1881 inter'
469 1846 543 1881 brachia
557 1847 651 1881 sultientes
663 1847 784 1889 adduxerunt,
795 1851 813 1881 et
821 1852 840 1881 vt

107 1934 108 1937 ,
135 1903 209 1933 sanctus
218 1900 280 1943 presul
291 1900 382 1941 docuerat,
390 1902 441 1934 iuxta
451 1900 577 1935 mausoleum⁷
586 1900 644 1944 ipsius
652 1911 693 1934 eam
701 1899 841 1934 collocauerunt.

135 1952 219 1995 Cumque
234 1952 253 1985 in
265 1958 333 1996 puncto
347 1953 435 1986 momenti
447 1959 497 1986 esset
509 1953 527 1986 in
540 1963 626 1986 somnum
638 1953 701 1994 soluta,
713 1952 774 1987 statim
785 1954 841 1987 totius

135 2005 203 2039 doloris
211 2006 294 2049 egritudo
302 2011 389 2039 euacuata
396 2012 430 2047 est,
439 2011 457 2040 et
465 2006 518 2049 ipsal
526 2006 597 2040 reddita
605 2010 643 2039 toto
654 2016 731 2049 corpore
739 2005 841 2040 incolumis.

108 2069 127 2099 35
137 2051 185 2092 Filia
195 2059 289 2091 cuiusdam
298 2058 332 2090 deo
340 2058 413 2092 deuoti⁹
425 2059 448 2092 de
458 2058 542 2101 partibus
554 2057 719 2100 lincolniensibus]
725 2058 743 2100 ¹⁰,
752 2059 840 2102 elegantis

135 2110 198 2151 forme,
204 2109 302 2143 debilitatis
306 2111 383 2143 verbere
392 2111 483 2154 flagellata
490 2115 524 2152 est,
530 2116 548 2143 et
557 2111 632 2144 tandem
638 2109 719 2144 officium
724 2111 796 2145 auditus
802 2121 840 2144 orn·

135 2163 179 2196 nino
183 2162 249 2196 amisit.
273 2162 360 2195 Parentes
368 2162 431 2205 ipsius,
438 2162 490 2205 graui
497 2162 574 2195 meroris
581 2162 658 2195 fulmine
665 2164 753 2205 percussi,
759 2165 841 2196 medicos

135 2215 267 2254 conduxerunt,
275 2219 294 2248 vt
306 2214 389 2258 sospitati
399 2215 508 2249 redderetur
514 2214 535 2249 ¹¹:
548 2216 581 2249 sed
593 2215 706 2249 medicorum
718 2227 748 2250 ars
758 2221 776 2251 et
783 2215 840 2251 subti-

135 2269 176 2303 litas
191 2267 216 2302 ibi
233 2267 331 2302 efficatiam
345 2268 430 2301 inuenire
445 2278 483 2301 non
498 2268 562 2311 potuit.
585 2268 693 2302 Statuerunt
708 2273 770 2302 autem
785 2279 840 2313 opem

108 2336 128 2364 40
136 2321 217 2356 diuinam
225 2320 305 2365 experiri
311 2321 328 2362 ¹²,
337 2325 355 2354 et
361 2320 374 2340 ¹³
382 2331 424 2355 eam
432 2321 455 2354 ad
461 2321 473 2339 '⁴
483 2321 546 2355 limina
558 2326 662 2356 sanctorum
672 2320 814 2365 circumducere,
823 2327 840 2355 vt

136 2375 259 2418 multiplicatis
274 2374 427 2408 intercessoribus
439 2379 538 2408 curaretur.
569 2375 610 2416 Quo
625 2374 678 2417 facto,
692 2385 734 2409 cum
749 2385 840 2419 nusquam

156 2499 161 2516 ¹
171 2501 189 2529 T.
197 2501 214 2529 E.
222 2501 286 2530 london.
324 2500 330 2516 ⁹
340 2500 357 2529 Τ.
366 2501 383 2530 E.
392 2501 420 2530 sed
428 2509 443 2530 n.
482 2499 488 2516 ³
499 2500 516 2529 E.
523 2501 607 2537 iplignem;
617 2500 635 2530 Τ,
642 2500 727 2537 inliguem;
737 2511 749 2530 r.
756 2501 839 2538 elinguem,

135 2539 224 2569 ⁴T.alin‘s.
253 2540 381 2569 thsanaueris.
408 2538 536 2570 ⁶E.nirniorern.
566 2540 711 2570 'Ernansoleum
743 2540 839 2571 ⁸om.inT.

136 2577 369 2614 ⁹Boll.quedam...deuota.
404 2578 416 2595 ¹⁰
427 2578 444 2608 E.
452 2578 516 2610 lincoln.
549 2579 560 2597 ¹¹
570 2579 588 2608 T.
596 2581 681 2610 roderetur.
714 2579 725 2597 ¹²
736 2580 754 2609 E.
762 2580 840 2617 experire.

135 2617 233 2648 uruat
275 2617 286 2635 ¹⁴
297 2627 327 2648 om.
335 2618 377 2648 inT.
