1762 2803
283 93 329 149 wc
344 91 444 146 &auctu
459 91 585 145 bonurn.
744 105 785 148 115

83 218 166 256 tempore
178 213 197 247 in
209 214 292 257 partibus
305 214 366 248 Rome
379 213 462 247 seuiebat
477 214 557 258 quedam
572 212 627 248 belua
641 211 735 256 pestifera,
750 223 787 257 que

83 276 203 310 quoscunque
222 266 337 310 conspiceret
354 272 385 301 aut
399 267 480 301 eruentis
495 266 578 301 faucibus
593 266 689 305 lacerabat,
701 270 732 299 aut
747 265 787 299 solo

83 318 127 352 flatu
140 329 234 353 venenoso
249 320 273 353 ad
288 324 367 352 mortem
383 318 451 360 infecit,
463 319 570 363 infinitaque
586 317 693 353 animalium
709 328 787 362 corpora

83 370 167 406 laniabat.
189 372 270 406 Tantum
281 371 345 406 incolis
357 377 426 406 metum
436 371 539 413 incutiebat,
547 378 566 407 vt
577 371 650 407 felicem
660 381 682 405 se
692 371 786 406 estimaret

84 424 115 468 qui
127 436 180 458 suam
191 424 321 459 habitationem
333 425 459 469 relinquendo,
470 426 528 459 diram
542 425 608 460 huius¹
619 430 693 468 pestem
704 424 804 468 effugeres

84 482 152 519 posset.
175 477 208 511 Vir
219 483 280 512 autem
292 482 366 512 sanctus
378 478 473 512 hominum
484 478 557 513 illorum
569 477 649 512 miseriis
661 477 775 521 compatiens
781 489 787 517 ;

84 530 133 573 quod
144 530 254 574 populorum
265 531 351 575 nequibat
363 531 465 572 multitudo,
474 531 513 566 sola
524 542 600 576 precum
612 530 704 573 instantia,
712 530 786 565 beluam

85 583 197 617 mortiferam
212 585 235 618 ad
249 590 318 619 terram
330 586 424 619 enecando
436 585 540 628 prostrauit.
563 585 647 627 Cumque
661 584 685 617 ab
700 583 787 617 omnibus

85 636 198 679 magnificari
209 637 294 681 cepisset,
302 638 373 672 malens
384 637 403 671 in
414 638 484 672 occulto
492 637 526 671 soli
534 637 607 680 plaeere
615 637 656 678 deo,
664 646 719 680 quam
727 635 746 669 in
754 646 787 670 ore

84 689 152 732 populi,
161 689 192 733 qui
200 690 239 725 sola
246 691 294 725 solet
301 690 392 725 exteriora
399 691 522 735 perpendere,
529 690 611 724 famosus
616 689 698 723 versari:
707 689 787 723 Romam
796 699 816 720 10

85 742 158 774 autem²
163 743 209 775 clam
215 744 310 782 deserens,
316 743 407 776 Minorem
415 741 529 775 Britanniam
537 740 644 784 ingreditur,
652 746 671 774 et
678 751 713 784 per
720 741 787 774 multos

85 804 144 828 annos
160 794 275 829 laudabiliter
289 795 359 829 ibidem
374 799 499 834 conuersatus,
514 804 591 837 magnas
606 793 683 828 virtutes
702 793 787 827 ostendit.

85 847 194 881 Confluebat
207 848 230 881 ad
243 858 285 881 eum
300 846 366 881 cotidie
378 846 493 881 infirmorum
506 846 608 886 multitudo,
621 852 639 880 et
654 846 732 880 sanitate
745 857 788 880 con·

85 905 153 940 secuta,
164 900 238 934 celestis
247 899 330 934 doctrine
339 898 408 934 monita
417 899 502 934 salutaria
513 899 601 944 percepit.
624 899 704 933 Demum
714 899 788 933 laudem

85 953 148 995 populi
158 957 176 987 et
183 952 265 986 fauorem
275 952 354 997 fugiens,
364 952 415 986 solus
428 952 506 987 accessit
516 953 539 987 ad
550 963 612 987 mare:
624 957 643 987 et
653 962 701 986 naue
710 962 747 986 non
759 962 788 986 re·
798 959 816 991 15

85 1011 144 1048 perta,
158 1011 230 1048 petram
243 1006 335 1049 quandam
350 1005 370 1039 in
382 1007 432 1039 vnde
447 1006 545 1049 superficie
559 1005 631 1046 locauit,
643 1010 701 1039 totum
717 1016 738 1039 se
753 1006 788 1040 deo

86 1057 203 1092 committens
211 1063 283 1102 petram
293 1058 381 1100 ascendit,
390 1064 408 1093 et
417 1069 507 1103 prospero
517 1069 572 1093 cursu
582 1058 601 1092 in
609 1058 699 1092 demetica
707 1058 788 1102 regione,

86 1110 105 1144 id
118 1116 146 1145 est
161 1111 285 1151 Southwallia,
297 1111 389 1155 applicuit.
412 1112 495 1156 Cumque
508 1111 620 1155 aliquamdiu
633 1111 669 1145 deo
684 1110 789 1145 famulando

86 1163 154 1197 ibidem
165 1169 272 1204 moraretur,
281 1164 357 1197 humani
368 1163 442 1207 generis
452 1164 569 1198 aduersarius
581 1163 637 1197 filiam
648 1162 746 1207 optimatis,
758 1163 788 1208 qui

86 1220 155 1249 terram
166 1214 217 1248 illam
228 1216 308 1260 regebat,
319 1216 338 1250 in
351 1227 433 1251 amorem
446 1216 495 1251 illius
508 1216 569 1251 acrius
583 1216 670 1251 incitauit.
693 1216 749 1250 Omni
762 1216 789 1250 in·
798 1226 817 1247 ro

87 1268 141 1311 genio
154 1279 187 1302 suo
199 1269 288 1302 famulum
300 1268 330 1302 dei
341 1268 449 1304 illecebrose
458 1269 556 1313 voluptatis
568 1280 602 1304 sue
615 1268 686 1313 laqueis
696 1268 789 1303 vinculare

86 1326 163 1364 temptat
176 1326 194 1355 et
207 1331 217 1354 a
232 1321 391 1355 consummatione
404 1322 485 1356 melioris
498 1321 599 1365 propositi³
609 1327 692 1356 auertere
708 1327 789 1362 conatur,

87 1384 121 1407 nec
135 1378 195 1408 cessat
208 1373 234 1407 illi
246 1373 345 1419 propinare
358 1375 407 1419 quod
419 1374 492 1410 miscuit
504 1375 572 1419 inepte.
594 1374 674 1409 Sanctus
685 1379 747 1409 tamen
760 1374 789 1410 dei

87 1427 191 1461 huiusmodi
205 1427 291 1471 poculum
302 1438 399 1472 respuens,
413 1428 538 1462 fornicationis
552 1427 631 1462 insultus
644 1428 695 1471 fugit.
717 1428 739 1461 ln
754 1428 790 1461 hoc

88 1479 137 1513 enim
149 1479 234 1513 conflictu
246 1480 312 1514 melius
324 1485 394 1524 pugnat
406 1480 437 1525 qui
449 1481 502 1521 cedit,
514 1491 569 1524 quam
584 1481 615 1525 qui
631 1479 709 1522 resistit;
726 1479 790 1515 fortius
800 1489 819 1519 ²5

87 1531 179 1574 vincitqui
187 1532 251 1566 fortius
257 1532 307 1576 fugit.
328 1533 391 1566 Puella
397 1534 477 1574 tandem,
482 1533 516 1568 viri
523 1533 580 1568 sancti
588 1533 669 1567 animum
677 1534 700 1567 ad
708 1543 791 1567 amorem

88 1583 170 1617 illicitum
181 1594 219 1617 non
230 1585 295 1618 valens
306 1585 401 1627 inclinare,
412 1595 495 1619 amorem
506 1585 560 1620 vertit
571 1585 591 1619 in
601 1584 669 1626 odium,
681 1590 699 1619 et
710 1584 790 1618 animam

88 1647 99 1671 a
112 1646 189 1680 corpore
201 1637 299 1681 separare⁴
311 1637 406 1681 cogitabat.
429 1637 533 1682 Repudiata
542 1637 592 1672 enim
605 1648 660 1671 omne
675 1636 744 1672 malum
759 1649 791 1672 ex·

89 1688 161 1732 cogitat,
169 1694 187 1723 et
195 1700 251 1733 quem
261 1689 358 1733 pauloante
365 1696 385 1724 vt
396 1691 476 1725 animam
488 1701 539 1725 snam
547 1691 642 1733 dilexerat,
650 1691 668 1724 in
677 1691 739 1724 odium
747 1695 790 1724 tunc

89 1742 186 1784 stimulata,
198 1743 221 1776 ad
233 1753 288 1776 omne
300 1753 360 1786 genus
372 1743 436 1777 mortis
450 1754 492 1777 curn
504 1744 606 1788 perducere
620 1744 717 1778 desiderat.
740 1743 791 1777 Misit
799 1752 819 1783 30

89 1805 133 1838 ergo
140 1793 190 1829 viros
198 1796 287 1838 quosdam
297 1794 397 1841 iniquitatis
407 1795 460 1839 filios,
468 1796 554 1831 ferociter
561 1796 666 1841 precipiens
674 1801 693 1831 vt
705 1796 721 1830 si
728 1796 791 1831 viuum

89 1859 126 1881 non
139 1853 216 1890 possent
229 1849 323 1890 reducere,
334 1849 396 1882 viuum
410 1859 448 1883 non
462 1849 544 1883 sinerent
556 1848 612 1883 abire.
635 1848 664 1882 llli
676 1854 737 1882 autem
748 1858 791 1892 per-

89 1905 154 1943 gentes
166 1900 185 1933 in
196 1906 280 1934 sanctum
288 1901 364 1944 irruunt,
371 1906 390 1935 et
400 1901 440 1934 diro
449 1901 513 1935 lancee
522 1902 599 1935 vulnere
609 1901 683 1945 quidam
691 1900 791 1945 iniquitatis

89 1952 138 1986 filius
153 1963 196 1986 eum
211 1953 297 1995 confodit,
313 1959 357 1988 nutu
372 1959 434 1989 tamen
450 1954 479 1988 dei
496 1954 604 1989 assistentes
619 1953 653 1988 viri
669 1959 752 1989 sanctum
767 1954 791 1989 de

90 2006 175 2039 manibus
194 2017 257 2040 eorum
273 2007 357 2050 eripiunt.
387 2007 422 2049 Qui
439 2013 500 2041 autem
514 2007 581 2041 vulnus
598 2007 670 2049 inflixit,
685 2006 715 2041 dei
730 2007 791 2040 statim
801 2018 820 2047 35

89 2058 158 2093 vitione
169 2068 274 2101 percussus,
285 2064 322 2093 toto
334 2070 412 2104 corpore
423 2059 512 2105 pediculis
524 2059 576 2095 alatis
588 2060 682 2103 obsessus,
693 2065 791 2104 postquam

90 2110 120 2146 diu
130 2111 218 2154 languore
229 2117 247 2146 et
257 2112 318 2146 inedia
328 2112 405 2147 afflictus
414 2113 478 2154 fuerat,
486 2119 545 2147 morte
555 2113 654 2147 miserabili
661 2113 718 2147 vitam
728 2112 791 2146 finiuit.

90 2163 171 2198 Sanitate
186 2164 261 2198 demum
276 2165 339 2198 diuino
352 2171 427 2209 recepta
441 2166 533 2209 suflragio,
547 2166 597 2199 iuxta
610 2166 686 2199 fluuium
698 2166 791 2208 quendam

90 2215 192 2249 inhabitare
207 2216 261 2260 cepit,
277 2221 295 2250 et
309 2217 368 2251 locum
383 2216 434 2252 illum
450 2228 460 2252 a
475 2218 569 2262 spiritibus
584 2216 684 2252 immundis
699 2217 791 2251 turbatum

89 2269 179 2309 liberauit,
187 2278 242 2311 quem
253 2269 289 2313 ipsi
301 2270 350 2303 omni
362 2276 415 2303 nocte
427 2271 534 2305 oberrantes
542 2270 587 2305 diris
597 2270 706 2304 clamoribus
715 2270 791 2304 horren·
800 2282 822 2313 40

90 2321 155 2364 disque
167 2321 260 2364 replentes
268 2322 366 2356 vlulatibus
375 2333 434 2366 vsque
445 2324 469 2357 ad
480 2323 531 2357 illurn
543 2323 592 2357 diem
601 2322 739 2357 inhabitabilem
750 2323 792 2358 red-

91 2374 180 2409 diderunt.
218 2367 252 2408 Ad
260 2375 316 2409 alium
322 2375 382 2410 locum
388 2381 430 2419 post
438 2376 472 2410 bec
480 2387 501 2410 se
508 2376 628 2416 transferens,
633 2376 696 2420 ignem
704 2377 792 2418 accendit,

90 2432 176 2462 ettotam
188 2432 260 2461 noctem
272 2438 314 2463 cum
326 2428 386 2470 sociis,
398 2428 511 2463 orationibus
522 2439 595 2472 vacans,
606 2429 724 2474 insompnem
736 2429 793 2464 duxit.

110 2536 157 2566 ¹Vit.
165 2535 259 2566 huiusmodi.
310 2537 428 2569 ²orbitantem.
477 2538 601 2576 ³E.prepositi.
652 2540 772 2577 *csepemre

430 2596 455 2620 12
