1762 2803
115 112 158 189 '30
216 192 217 195 ,
320 135 399 186 unua
415 131 531 195 beamur
545 132 638 195 aurite.

128 253 199 296 docuit;
212 253 236 288 ita
243 260 262 289 vt
269 255 288 288 in
296 256 402 298 exemplum
409 254 502 298 primitiue
512 255 589 290 ecclesie
599 256 660 290 nullus
670 256 695 290 ibi
706 256 763 296 diues,
771 256 831 289 nullus

129 311 179 343 esset
187 318 249 351 egens,
258 308 290 341 sed
299 307 383 342 omnibus
393 306 454 341 omnia
465 312 527 342 essent
538 307 646 351 communia,
655 319 697 342 cum
707 307 763 342 nichil
773 308 831 342 cuius·

129 371 184 404 quarn
192 371 234 395 esse
241 360 336 405 proprium
344 361 443 395 videretur.
465 361 524 395 Tante
534 366 595 395 autem
605 362 703 406 prudentie
713 361 753 406 ipsa
761 367 804 404 erat,
812 367 832 396 vt

130 424 167 447 non
175 413 234 448 solum
245 413 347 448 mediocres
356 414 423 458 quique
434 413 453 448 in
466 414 604 449 necessitatibus
616 414 659 457 suis,
668 416 701 450 sed
713 415 767 450 etiarn
777 425 832 460 reges

112 476 120 505 5
130 477 150 500 ac
162 466 253 510 principes
265 478 397 511 nonnunquam
407 468 430 501 ab
440 478 462 502 ea
472 467 567 502 consilium
578 472 681 512 quererent,
692 474 711 503 et
721 468 831 503 inuenirent.

129 519 209 552 Tantum
216 519 289 553 lectioni
297 519 401 553 diuinarum
409 519 541 563 scripturarum
547 531 590 554 suos
594 531 660 554 vacare
667 521 754 561 subditos,
761 526 831 555 tantum

129 570 215 615 operibus
225 571 295 606 iusticie
306 582 327 606 se
337 582 425 607 exercere
436 570 517 611 iaciebat,
525 577 544 606 vt
554 571 637 607 facillime
645 571 751 608 viderentur
758 572 831 615 ibidem,

130 626 161 669 qui
176 625 320 659 ecclesiasticum
335 627 412 670 gradum
427 632 469 668 apte
485 625 568 659 subirent
586 625 660 669 plurimi
678 637 734 670 posse
750 626 832 669 reperiri.

131 678 215 722 Quinque
223 689 267 714 vero
275 689 299 713 ex
307 677 346 714 eius
357 679 467 713 monasterio
478 678 559 723 epiScopi
569 678 621 714 electi
632 683 685 714 sunt:
701 678 770 713 scilicet
779 678 831 722 Bosa,

102 734 123 762 to
131 731 196 773 Aeca‘,
208 731 296 774 Ostiorus,
309 732 405 775 lohannes,
417 737 435 766 et
446 732 547 775 Wilfridus,
560 732 656 776 singularis
667 733 727 767 meriti
739 743 804 767 omnes
814 738 832 767 et

131 785 231 819 sanctitatis
242 786 281 820 viri.
310 786 352 820 Non
366 786 425 820 solum
438 786 499 820 eninr't
512 787 565 820 beata
579 786 639 826 Hilda,
653 797 708 829 quam
723 797 788 820 omnes
801 786 832 830 qui

131 843 221 872 nouerant
229 839 252 873 ob
259 838 331 882 insigne
342 838 414 883 pietatis
425 843 443 873 et
454 831 511 883 gratie
522 838 620 873 meritum³
628 843 705 874 matrem
712 849 779 873 vocare
791 850 833 874 con-

131 897 234 934 sueuerant,
246 891 265 925 in
278 903 312 925 suo
325 891 436 926 monasterio
448 892 486 927 vite
499 891 616 934 exemplum⁴
630 892 748 935 presentibus
763 892 832 934 extitit3

117 970 119 973 .
132 945 165 978 sed
176 944 230 978 etiarn
242 945 324 987 pluribus
334 945 405 988 longius
416 944 536 986 manentibus
545 945 568 978 ad
579 955 625 987 quos
635 944 724 978 industrie
732 955 753 978 ac
760 944 832 978 virtutis

104 1002 123 1040 ³5
132 996 171 1030 eius
183 1007 245 1030 rumor
256 997 345 1041 peruenit,
357 996 472 1031 occasionem
483 996 545 1030 salutis
557 1002 576 1030 et
589 996 705 1031 correctionis
719 996 833 1032 ministrauit.

132 1050 233 1093 Oportebat
241 1058 320 1093 namque
327 1050 399 1094 impleri
406 1050 511 1093 sompnium
517 1050 566 1093 quod
574 1055 632 1083 mater
640 1049 679 1083 eius
687 1049 807 1093 Breguswida
814 1050 833 1084 in

131 1102 206 1135 infantia
218 1102 257 1135 eius
268 1102 322 1135 vidit:
337 1103 382 1144 Que,
394 1113 435 1134 cum
447 1102 475 1135 vir
486 1101 526 1134 eius
538 1101 639 1135 Herericus
651 1102 733 1135 exularet
744 1103 778 1135 sub
789 1113 833 1145 rege

132 1154 227 1189 Britonum
235 1154 317 1197 Cerdico,
327 1155 357 1190 ubi
367 1160 385 1189 et
394 1164 466 1189 veneno
476 1154 535 1199 periit,
544 1153 589 1189 vidit
600 1153 646 1198 per⁵
657 1154 762 1199 sompnium
773 1155 832 1198 quod⁸

131 1207 182 1253 quasi
190 1207 249 1243 subito
258 1208 349 1244 sublatum
357 1219 399 1244 eum
407 1208 494 1253 quesierit
506 1218 548 1242 cum
558 1208 608 1242 omni
618 1207 715 1252 diligentia,
726 1207 833 1253 nullumque

104 1276 123 1297 20
131 1262 171 1296 eius
183 1261 255 1305 vspiam
267 1262 364 1306 vestigium
376 1262 485 1306 apparuerit.
507 1261 578 1296 Verum
593 1272 634 1296 cum
650 1261 768 1296 solertissime
782 1261 833 1296 illum

131 1320 221 1359 quereret,
229 1315 274 1350 vidit
281 1315 345 1359 quasi⁷
355 1326 376 1350 se
388 1315 483 1359 repperire
494 1316 528 1350 sub
535 1320 587 1349 veste
598 1326 632 1349 sua
641 1315 709 1350 monile
719 1314 833 1359 preciosum;

131 1368 185 1412 quod,
201 1368 244 1401 dum
259 1368 345 1403 attentius
361 1368 491 1410 consideraret,
506 1367 551 1401 tanti
567 1368 637 1411 tirlgore
652 1367 726 1401 luminis
742 1367 833 1411 refulgere

131 1420 231 1461 videbatur,
239 1425 258 1454 vt
266 1431 331 1453 omnes
340 1420 433 1454 Britannie
444 1421 491 1454 fines
501 1420 548 1453 illius
560 1421 618 1464 gratia
629 1420 733 1463 splendoris
744 1420 833 1462 impleret.

132 1473 185 1515 Quod
200 1471 286 1507 nimirum
301 1472 407 1517 sompnium
419 1472 508 1508 veraciter
520 1472 539 1507 in
551 1472 588 1507 filia
599 1472 643 1514 eius,
655 1472 678 1506 de
690 1483 726 1517 qua
737 1471 833 1516 loquimur,

105 1539 112 1560 2
115 1539 123 1569 5
132 1525 226 1571 expletum
234 1531 272 1562 est:
285 1525 336 1560 cuius
343 1526 381 1561 vita
388 1537 425 1560 uon
433 1526 467 1560 sibi
477 1526 596 1569 solummodo,
605 1526 638 1560 sed
646 1525 708 1560 multis
716 1526 763 1560 bene
771 1525 834 1561 viuere

131 1579 235 1615 volentibus
243 1580 328 1623 exempla
335 1591 412 1625 operum
422 1580 467 1613 lucis
475 1579 603 1624 prebuit—⁸
609 1572 660 1615 Cum
671 1584 733 1613 autem
743 1585 833 1614 monaste-

132 1633 180 1666 rium
188 1633 236 1674 apud
245 1632 380 1673 Streneshalch,
388 1633 407 1666 id
415 1637 443 1666 est
450 1632 556 1675 Whitebyl,
565 1637 671 1666 construere
681 1632 776 1675 inciperet,
784 1637 834 1668 tanta

132 1685 201 1720 ibidem
209 1685 304 1719 multitudo
312 1685 425 1729 serpentium
431 1684 449 1726 ¹⁰,
457 1690 532 1729 propter
538 1685 646 1719 densitatem
653 1683 738 1729 veprium
746 1690 764 1719 et
772 1685 834 1719 solitu-

133 1738 195 1772 dinem
207 1737 282 1780 heremi,
291 1737 348 1772 fertur
359 1738 420 1778 suisse,
431 1742 451 1771 vt
462 1738 494 1772 vix
503 1737 600 1781 quisquam
611 1737 646 1771 illis
657 1737 722 1772 diebus
733 1737 752 1771 in
763 1738 834 1780 prelato

105 1806 125 1834 30
132 1790 172 1824 loco
180 1790 203 1823 ob
211 1790 301 1823 virulenta
309 1789 422 1834 serpentium
427 1789 441 1809 ¹⁰
446 1788 579 1833 impedimenta
586 1794 649 1833 posset
657 1789 743 1823 habitare.
762 1789 835 1824 Horum

133 1848 203 1876 terrore
209 1842 290 1886 virgines
298 1847 360 1876 sancte
368 1843 467 1886 plurimum
475 1846 596 1882 consternate,
603 1846 655 1875 extra
663 1841 718 1875 cellas
726 1840 789 1884 egredi
797 1853 834 1876 non

133 1895 228 1938 audebant,
241 1906 275 1930 nec
287 1895 310 1929 ad
322 1894 422 1939 quotidiani
433 1895 492 1930 victus
504 1894 585 1929 subsidia
596 1905 662 1938 aquam
676 1894 754 1929 haurire.
778 1894 835 1930 Beata

132 1949 186 1992 igitur
198 1948 253 1983 Hilda
264 1960 285 1982 se
296 1949 315 1982 in
327 1953 395 1983 terram
409 1948 507 1991 prostrauit
518 1949 541 1982 ad
555 1948 660 1989 orationem,
675 1948 748 1982 dicens:
769 1947 834 1982 ‘lhesu

133 2001 206 2036 Christe
212 2002 237 2036 fili
243 2002 273 2036 dei
278 2001 319 2044 viui,
325 2002 356 2046 qui
361 2001 454 2045 discipulis
460 2001 496 2036 tuis
502 2000 572 2036 dixisti:
582 2001 698 2045 “quicunque
705 2000 771 2035 dixerit
777 2001 835 2035 monti

105 2067 124 2096 35
132 2056 195 2089 tollere
201 2060 219 2088 et
228 2056 301 2088 mittere
309 2055 328 2088 in
336 2066 386 2089 mare
391 2055 409 2096 ¹¹,
417 2059 435 2088 ct
446 2065 483 2088 nou
493 2054 600 2089 hesitauerit
611 2054 630 2087 in
638 2054 693 2088 corde
703 2064 742 2096 suo,
750 2054 782 2087 fiet
790 2055 807 2089 ei
813 2067 817 2097 ;
823 2056 834 2070 ’'

133 2113 175 2152 peto
187 2113 205 2140 te
217 2118 251 2151 per
262 2108 412 2151 omnipotentiam
424 2108 486 2142 diuine
497 2107 597 2141 maiestatis
608 2112 644 2147 tue,
654 2112 673 2141 vt
684 2107 700 2141 si
709 2107 834 2150 acceptaueris

133 2171 167 2195 nos
175 2160 208 2194 tibi
216 2160 235 2195 in
246 2161 280 2194 hoc
291 2161 330 2195 loco
340 2161 415 2203 seruire,
424 2171 499 2195 exosam
507 2160 642 2195 infestationem
651 2160 765 2205 serpentium
770 2159 784 2179 ¹⁰
791 2160 835 2195 hinc

133 2213 214 2258 digneris
221 2224 312 2256 amouere,
317 2213 416 2257 iubeasque
422 2224 453 2248 eos
459 2213 554 2248 maritimis
560 2213 636 2257 rupibus
643 2219 732 2257 perpetuo
738 2213 824 2248 inherere
831 2225 835 2249 ε

134 2268 172 2300 Nec
182 2265 266 2310 cuiquam
273 2265 345 2300 illorum
352 2266 399 2300 vltra
407 2265 430 2300 sit
440 2266 468 2300 sas
476 2276 586 2310 quemquam
594 2266 656 2299 ledere
666 2276 700 2300 nec
708 2266 727 2299 in
735 2266 835 2309 perniciem

105 2332 125 2362 40
133 2320 240 2361 cuiusquam
252 2318 347 2352 hominum
358 2320 387 2352 vel
398 2319 498 2353 bestiarum
509 2319 560 2353 virus
573 2319 675 2359 infundere,
687 2319 720 2351 sed
731 2317 835 2362 quicunque

133 2383 166 2407 eos
181 2371 264 2405 amodo¹²
278 2370 345 2406 viderit
359 2371 389 2406 vel
407 2372 491 2406 manibus
506 2370 634 2413 attrectauerit,
649 2381 687 2405 non
704 2371 817 2414 serpentium
823 2371 836 2391 ¹⁰

153 2462 209 2492 ¹Bed.
217 2462 269 2499 Aetia,
277 2461 356 2491 Wendov.
364 2461 427 2491 liedda.
471 2461 578 2492 ²Bed.vero.
620 2460 666 2489 3οιη.
674 2460 691 2490 in
699 2460 738 2491 Bed.
780 2459 836 2492 ⁴13ed.

133 2502 210 2539 exemplo.
256 2502 262 2519 ⁵
273 2502 290 2531 E.
298 2501 315 2530 in
322 2510 410 2539 sompnum.
454 2501 461 2518 ⁰
471 2511 501 2532 om.
511 2502 527 2530 in
535 2501 573 2531 Bed.
620 2498 626 2517 ⁷
635 2501 674 2529 vidit
681 2501 725 2538 quasi
732 2509 762 2529 om.
771 2499 787 2528 in
795 2501 835 2530 Bed.

135 2542 140 2558 '⁵
149 2543 183 2571 The
190 2545 229 2571 next
236 2551 245 2570 a
252 2542 287 2571 mir.
295 2550 322 2570 are
328 2541 401 2577 wanting
407 2540 424 2569 in
432 2540 486 2577 Beda3
496 2541 536 2577 they
542 2549 570 2569 are
577 2540 669 2569 mentioned
677 2540 693 2569 in
701 2540 730 2569 ltls.
737 2540 794 2569 Lansd.
800 2541 835 2576 436.

134 2582 140 2601 ⁰
150 2582 168 2613 Τ,
175 2581 245 2612 whitebi.
286 2579 298 2599 ¹⁰
309 2580 327 2610 E,
334 2584 430 2618 serpentum.
472 2580 482 2600 ¹¹
493 2580 511 2610 T.
519 2579 568 2616 mari;
580 2580 598 2609 E.
605 2588 653 2610 mare.
695 2579 706 2599 ¹²
717 2579 735 2610 E.
742 2580 819 2610 ammodo.
