1762 2803
123 132 169 174 490
317 120 397 172 111511
412 117 528 180 teutone
543 117 636 181 arene.

125 240 237 285 pauperibus
249 239 327 275 libenter
339 251 374 285 pro
384 240 469 276 facultate
483 240 616 275 succurrimus)
638 241 692 276 Alter
703 251 747 276 vero
759 245 827 275 stoma·

125 294 189 329 chatus
199 293 292 328 adiunxit:
304 295 309 312 ‘
315 294 373 328 Immo
384 294 441 328 falsus
454 305 475 328 es
487 295 581 336 heremita,
591 300 609 328 et
621 295 705 336 rusticus,
716 295 747 338 qui
759 298 827 328 sterco-

125 347 184 381 rarius
193 348 271 382 deberes
278 346 339 381 vocari
349 348 473 391 potiusquam
485 347 584 382 Godricus:
597 348 639 392 quia
649 353 667 381 te
677 355 761 381 sanetum
772 346 827 390 fingis

125 406 143 434 et
158 401 252 442 muudum,
266 410 308 434 cum
323 401 349 434 sis
364 401 476 435 detestabilis
491 405 510 435 et
524 400 640 435 immundus!
663 401 693 435 Ad
709 401 743 436 hec
758 400 787 435 vir
798 399 827 434 dei

108 453 229 495 5subridenS,
238 453 272 487 ait:
285 453 367 487 ‘Adiuro
375 459 398 494 te,
407 454 482 497 spiritus
493 454 593 495 maledicte,
601 460 620 488 vt
630 454 682 488 citius
692 454 735 488 hinc
746 454 828 494 recedas,

125 501 159 538 nec
168 515 198 539 me
206 516 281 538 seruum
290 506 357 539 Christi
368 506 445 540 ulterius
456 506 553 541 molestare
564 508 671 550 presumas.³
694 506 738 539 Mox
746 505 766 539 in
774 516 828 539 auras

125 563 190 593 tenues
205 558 280 602 spiritus
292 557 323 593 iile
336 558 457 602 blasphemus
472 559 552 593 euanuit.
597 551 647 594 Cum
659 559 710 592 solus
724 560 797 593 sederet
808 561 827 592 in

126 611 176 653 cella,
187 610 279 655 malignus
292 615 391 654 temptator
401 612 453 646 affuit
464 613 482 645 in
495 613 554 645 forma
565 612 701 655 speciosissime
711 611 797 653 mulieris,
809 616 827 646 et

125 665 176 698 iuxta
184 664 245 706 ipsum
253 664 352 698 lateraliter
361 665 434 706 sedens,
443 666 478 699 ait:
491 665 495 682 ‘
503 665 519 699 O
528 664 612 707 Godrice,
620 676 653 699 cur
660 664 749 699 mulieres
757 664 828 699 deuitas

99 729 118 752 lo
126 722 144 751 et
159 717 252 758 abhorres,
264 728 305 751 cum
318 723 337 750 tu
349 718 372 750 de
386 718 462 751 muliere
478 717 504 751 sis
519 721 584 752 natus?
607 717 636 751 Tu
651 717 696 751 sacis
708 723 726 751 te
738 722 827 758 sanctum,

126 780 167 803 cum
179 769 206 803 sis
215 769 312 812 ipocrita13
329 775 347 803 et
359 771 473 812 heremitam,
482 780 523 803 cum
534 776 564 803 tua
571 770 608 804 vita
616 770 639 804 sit
647 770 716 813 turpis!
741 769 774 803 ille
784 779 828 803 vero

126 823 149 855 ad
164 833 205 855 eam
221 832 327 863 conuersus,
342 824 377 856 ait:
392 822 476 856 ‘Nullius
494 824 542 856 bone
561 823 643 857 mulieris
658 823 696 856 vito
712 821 828 861 consortium,

126 874 183 907 immo
198 874 244 908 tales
259 875 377 909 charissimas
392 876 451 909 habeo
464 881 482 909 et
496 875 559 919 sepius
571 876 598 909 515
612 875 686 920 loquor-3
699 875 752 909 malis
767 879 828 909 autem

126 927 262 962 communicare
270 928 317 962 noio.
332 927 360 962 Te
367 928 422 973 igitur
430 928 493 962 adiuro
501 939 535 973 per
541 939 609 963 nomen
617 928 685 963 domini
692 929 747 963 lhesu
756 927 829 970 Christi,

101 996 118 1025 15
126 987 146 1016 vt
159 982 175 1016 si
187 981 236 1016 aliud
248 993 269 1016 es
284 992 339 1026 quam
354 982 435 1024 simulas,
448 982 551 1026 quantotius
563 982 605 1017 hinc
617 983 703 1017 recedas)
727 981 763 1016 His
776 981 829 1016 dictis

127 1035 158 1069 illa
173 1036 266 1078 disparuit.
311 1028 365 1069 Dum
380 1037 399 1069 in
415 1036 493 1069 obscuro
508 1036 586 1069 ecclesie
601 1036 640 1070 loco
654 1037 764 1079 quandoque
778 1034 829 1069 solus

127 1094 193 1129 oraret,
206 1093 256 1122 tanta
271 1088 303 1122 lux
315 1088 366 1122 illurn
379 1089 507 1130 circumdabat,
519 1094 538 1123 vt
551 1089 570 1123 in
585 1100 626 1123 eam
640 1094 735 1133 aspectum
748 1089 829 1132 defigere

128 1153 165 1175 non
177 1148 245 1185 posset.
269 1142 327 1182 Vnde,
339 1143 386 1175 sicut
397 1142 486 1175 secretius
498 1141 584 1175 fratribus
596 1142 636 1185 ipse
649 1142 735 1184 narrauit,
745 1141 829 1184 quotiens

128 1195 162 1227 hoc
175 1194 247 1237 signum
261 1195 306 1227 deus
319 1194 403 1235 ostendit,
416 1198 459 1227 tunc
473 1204 494 1226 se
507 1194 597 1236 postulata
610 1193 709 1227 efficaciter
721 1194 830 1238 impetrasse

101 1260 120 1282 20
128 1247 217 1289 cognouit.
263 1238 313 1281 Cum
328 1257 383 1290 poma
397 1246 490 1290 colligeret
504 1246 523 1280 in
537 1252 642 1291 autumpno,
655 1246 729 1291 quidam
742 1257 829 1291 procerus

128 1306 146 1334 et
154 1301 203 1334 cirea
210 1299 297 1333 humeros
303 1300 345 1343 plus
353 1310 408 1343 quam
416 1300 471 1333 homo
479 1299 576 1342 distentus,
585 1301 673 1333 lustrabat
680 1310 750 1343 sepem,
759 1299 830 1333 habens

128 1353 209 1387 exterius
221 1352 356 1396 operimentum
367 1351 420 1396 quasi
432 1353 455 1386 dc
465 1351 532 1387 cortice
541 1352 600 1395 viridi,
615 1353 637 1387 ab
649 1353 730 1387 humeris
738 1363 796 1397 usque
807 1352 829 1386 ad

128 1417 183 1440 151155
195 1406 291 1447 dissutum,
300 1406 376 1440 interius
388 1406 521 1439 autern'2ve1ut
531 1406 600 1439 corium
612 1407 664 1440 bouis
676 1406 772 1439 hirsutum.
795 1405 830 1447 Qui

128 1459 241 1494 vociferans:
255 1458 360 1500 ‘heremita
368 1456 431 1501 inquit,
438 1458 461 1491 da
469 1457 524 1491 michi
536 1458 559 1492 de
570 1459 640 1501 pomis’
665 1459 698 1491 Ille
709 1458 760 1502 prius
770 1459 830 1499 tacuit,

101 1513 162 1554 25sed
175 1520 217 1545 cum
235 1511 352 1554 importunus
371 1510 452 1554 instaret,
468 1521 569 1545 conuersus
588 1512 611 1546 ad
631 1522 685 1546 eum:
703 1511 785 1554 ‘frustra
801 1511 830 1553 ait,

128 1566 206 1610 laboras,
218 1565 253 1599 nisi
265 1576 299 1609 pro
311 1565 398 1599 charitate
411 1565 516 1608 rogaueris!
539 1564 591 1599 Tune
607 1564 715 1608 imperfecta
726 1564 777 1598 verbi
789 1576 830 1608 pro-

129 1619 207 1652 latione:
226 1620 269 1661 ‘pro
288 1617 381 1659 charitat³,
400 1628 434 1660 pro
453 1617 540 1651 charitat³
558 1620 612 1660 rogo’
631 1617 681 1659 dixit,
701 1618 729 1650 ‘et
747 1617 830 1661 postulo.¹
848 1651 849 1654 ,

129 1671 159 1705 Ad
171 1671 205 1705 hec
217 1676 291 1704 sanctus
302 1681 358 1715 poma
368 1669 470 1713 proferens,
484 1671 528 1714 ‘pro
541 1670 632 1712 charitate,
643 1671 672 1712 ait,
685 1670 752 1714 accipe,
765 1675 782 1704 et
797 1670 831 1704 deo

129 1724 197 1768 gratias
206 1725 251 1767 age.5
275 1723 308 1757 ille
318 1724 377 1757 oblata
388 1724 458 1766 respuit
468 1729 486 1758 et
495 1724 543 1767 cepit
553 1724 640 1757 recedere
652 1724 701 1757 lento
712 1734 777 1766 gressu
789 1720 831 1757 cum

102 1790 121 1817 30
129 1778 191 1817 fetore,
203 1776 304 1819 posteriora
315 1787 349 1808 sua
360 1777 465 1819 ostendens,
477 1781 495 1809 et
506 1777 587 1809 uerenda
598 1775 653 1810 nimis
664 1776 718 1819 longa
730 1780 748 1809 et
758 1775 832 1809 horrida

129 1836 171 1874 post
183 1840 204 1864 se
215 1830 295 1863 trahens,
319 1829 347 1863 Ex
359 1830 393 1863 hoc
405 1830 453 1873 turpi
464 1834 540 1872 aspectu
550 1830 575 1863 ita
586 1828 613 1863 vir
623 1834 698 1863 sanctus
709 1828 804 1871 inhorruit,
812 1834 832 1862 vt

129 1893 194 1916 omnes
203 1882 231 1916 sui
240 1882 321 1925 corporis
329 1882 376 1925 pilos
384 1887 471 1926 tanquam
480 1887 529 1916 setas
539 1892 637 1925 porcorum
648 1892 738 1925 exurgere
746 1887 764 1915 et
772 1882 832 1925 rigere

130 1937 210 1970 sentiret.
234 1935 306 1976 Quanto
321 1940 382 1968 autem
396 1935 427 1969 ille
442 1940 541 1980 temptator
556 1935 629 1979 longius
646 1935 757 1976 discedebat,
773 1940 832 1970 tanto·

130 1989 188 2033 magis
200 1994 218 2023 51
229 1989 276 2022 fetor
289 1994 307 2022 et
319 1989 412 2032 turpitudo
427 1989 537 2023 erescebaffl.
583 1981 646 2023 Nocte
658 1989 736 2032 quadam
748 1989 804 2022 astitit
815 1989 832 2022 ei

103 2055 121 2086 35
130 2043 204 2085 quidam
218 2042 236 2075 in
249 2042 337 2085 sompnis,
350 2041 424 2075 dicens:
437 2041 531 2083 ‘Godrice,
544 2051 584 2075 cras
598 2042 667 2084 poteris
681 2040 710 2074 hic
725 2041 832 2075 thesaurum

132 2095 220 2138 grandem
236 2094 307 2127 fodiens
322 2094 411 2136 inuenire,
428 2094 460 2137 qui
477 2095 572 2137 hueusque
587 2093 653 2127 ceteris
666 2093 771 2135 occultatus,
783 2104 832 2127 nunc

130 2147 167 2182 tuis
183 2152 211 2182 est
226 2146 296 2181 meritis
311 2147 427 2182 reuelatus⁵.’
449 2146 482 2180 Vir
494 2152 568 2180 sanctus
582 2152 665 2190 tempore
679 2146 771 2190 aliquanto
786 2147 833 2180 hanc

131 2201 220 2235 visionem
239 2199 259 2233 111
277 2200 338 2232 animo
357 2210 402 2243 sepe
420 2200 510 2241 voluebat,
529 2199 617 2234 estimans
636 2199 704 2233 bonum
724 2209 766 2234 esse
784 2199 833 2233 hunc

130 2255 237 2288 thesaurum
252 2253 364 2297 pauperibus
380 2253 477 2296 errogarit.
506 2252 540 2287 Die
555 2252 610 2296 igitur
623 2253 702 2296 quadarn
716 2252 740 2285 ibi
755 2251 833 2294 fodiens,

103 2318 172 2348 40cum
187 2307 211 2340 ad
225 2305 312 2340 interiora
324 2305 411 2348 venisset,
424 2306 469 2340 vidit
484 2306 507 2339 de
522 2310 571 2340 terra
586 2306 685 2349 procedere
698 2305 750 2349 quasi
765 2316 833 2348 pueros

132 2361 221 2404 quosdam
234 2360 302 2402 nigros,
314 2359 372 2392 tonsis
384 2358 479 2402 capitibus,
491 2364 510 2392 et
521 2359 656 2392 semicubitales
666 2364 686 2392 ut
697 2359 790 2402 pigmeos:
803 2359 834 2401 qui

131 2413 262 2447 cachinnantes
285 2413 375 2446 iactabant
396 2412 416 2445 in
436 2422 479 2445 eum
500 2412 572 2455 pillulas
591 2411 701 2455 fumigantes
719 2411 834 2454 multumque

132 2466 215 2499 fetentes,
239 2463 282 2507 lpse
293 2464 387 2497 illusiones
398 2463 503 2498 fantasticas
512 2464 648 2508 cognoscens':
667 2464 760 2506 ‘pecunia
770 2462 834 2507 inquit,

152 2533 279 2570 ¹T.ypoehrita.
321 2533 393 2563 2Τ.11111.
435 2532 535 2563 ³T.caritat.
576 2532 609 2562 4Τ.
617 2537 702 2569 cresceret,
711 2532 834 2562 H.erescebant.

132 2572 138 2591 ⁵
149 2572 169 2603 H,
177 2574 259 2602 reueletur.
321 2572 326 2589 ⁶
337 2573 358 2602 1-1.
367 2582 437 2610 erogare.
499 2571 505 2589 ⁷
516 2573 537 2603 H.
546 2582 667 2610 recognoscens.
