1762 2803
255 113 301 169 mr
316 112 416 166 &aaut
432 115 583 173 attenuato.
723 130 767 174 455

68 244 104 268 non
117 238 206 278 poterant,
219 234 281 269 dolore
292 235 348 270 nimio
357 236 427 279 afflicte,
437 237 551 272 lachrimosis
563 237 647 282 suspiriis
658 237 687 272 dei
697 237 769 273 miseri-

67 287 148 321 cordiam
156 286 283 332 implorabant,
293 294 313 322 vt
323 289 370 334 ipse,
380 290 408 324 cui
418 291 479 326 omnia
488 297 559 327 secreta
570 297 639 337 patent,
647 292 691 337 quid
702 292 726 326 de
735 303 769 326 suo

68 340 141 374 martire
151 340 188 375 illis
199 341 324 384 ignorantibus
334 342 400 376 lactum
413 344 471 377 suerat
483 345 519 379 illis
531 345 646 380 innotescere
657 345 769 388 dignaretur.

69 392 178 427 Reuelatum
190 399 219 428 est
229 393 266 428 illis
277 399 330 428 nocte
341 395 430 438 sequenti,
438 395 480 439 quia
490 396 569 432 martiris
580 407 647 441 corpus
657 401 696 431 erat
706 397 768 431 huma·

68 452 117 488 tum,
133 458 167 480 nec
182 449 261 491 amplius
275 449 343 482 nosse¹
359 455 456 492 quererent
472 452 520 494 quod
536 462 568 485 eas
583 452 640 485 latere
652 450 713 485 vellet,
741 450 787 487 Det

68 499 135 533 Christi
151 511 194 545 ergo
209 501 323 535 mirabilibus
336 502 453 544 admirantes,
465 504 488 537 ad
503 505 582 548 propria,
595 504 667 538 sanitati
681 503 769 544 restitute,

68 563 109 586 cum
117 554 184 597 gaudio
191 565 276 598 regresse
287 561 335 589 sunt.
358 555 414 589 Omni
421 566 466 590 vero
473 562 556 601 tempore
564 568 600 602 quo
609 568 676 602 corpus
685 563 769 591 sanctum

67 605 135 639 ibidem
151 607 245 641 humatum
261 608 316 649 latuit,
329 609 352 642 ad
364 609 459 651 sepulture
471 609 537 651 locum,
550 611 611 644 herbis
624 610 725 645 virentibus
739 621 769 644 re-

68 657 163 692 dimitum²
178 664 196 693 et
213 660 288 694 lloribus
305 660 361 694 variis
378 660 491 704 insignitum,
508 662 579 695 nullum
598 662 665 696 animal
681 663 770 697 accedere

69 711 132 754 potuit,
140 723 175 746 nec
187 713 227 746 auis
238 714 298 757 aliqua
307 724 364 757 super
373 713 457 747 arborem
467 713 517 748 illam
528 715 563 748 sub
572 725 607 758 qua
619 714 702 759 sepultus
711 715 770 749 luerat
781 725 798 746 ιο

69 763 117 806 (licet
125 765 206 808 defessa)
218 767 346 801 descendebat.
369 766 415 800 Cum
426 772 486 801 autem
497 767 554 801 herba
564 766 594 801 illa
604 767 666 802 decisa
676 767 694 801 in
706 768 769 802 senum

68 817 115 852 foret
128 819 223 863 desiccata,
237 819 343 854 animalium
358 820 428 854 morbis
443 820 548 866 frequenter
560 820 633 865 profuit,
645 826 663 855 et
679 821 702 854 ab
717 831 770 865 egro-

69 873 149 907 tantibus
161 874 241 918 depasta,
250 885 314 908 eorum
325 874 457 918 incom[m]oda
465 876 500 908 cito
508 874 582 909 curauit.
606 874 629 909 Et
640 874 706 909 lactum
716 880 744 909 est
751 881 770 909 vt

69 925 120 959 locus
133 927 174 969 ipse
189 928 212 961 ab
227 927 297 969 ineolis,
312 938 386 961 causam
401 927 475 971 quidem
490 927 615 971 ignorantibus
629 928 662 962 sed
675 927 769 961 utilitatem

69 979 192 1021 cernentibus,
208 979 312 1014 reuerentia
326 980 405 1024 quadam
420 980 547 1021 honoraretur,
561 986 579 1014 et
594 980 654 1015 eidem
670 979 771 1014 sanctitatis
781 990 797 1019 ις

69 1031 145 1065 alicuius
153 1033 210 1075 gratia
217 1034 279 1066 inesse
289 1033 410 1066 credereturt
454 1025 529 1066 Accidit
537 1033 587 1066 enim
593 1032 691 1076 vtquidam
697 1033 771 1065 nomine

69 1082 169 1118 helbertus
185 1084 272 1120 orationis
288 1084 345 1128 gratia
359 1084 502 1120 Hierosolimam
515 1084 640 1129 proficiscens,
653 1089 696 1119 ante
711 1085 771 1129 sepul-

69 1135 134 1170 chrum
147 1137 217 1171 domini
228 1137 295 1182 vigiliis
308 1143 326 1172 et
339 1137 412 1172 ieiuniis
426 1137 483 1171 multo
494 1143 578 1181 tempore
589 1137 645 1172 vitam
658 1136 714 1171 duxit.
737 1137 770 1171 Cui

70 1196 123 1224 nocte
132 1192 210 1234 quadam
218 1202 254 1225 vox
262 1191 336 1225 celestis
348 1192 433 1233 insonuit,
443 1192 548 1235 precipiens
556 1197 575 1226 vt
583 1192 605 1225 ad
613 1190 690 1234 patriam
699 1191 771 1231 rediret,

70 1247 88 1275 et
103 1243 163 1276 locum
177 1245 269 1288 quendam
284 1255 341 1288 super
354 1244 430 1278 fluuium
444 1244 556 1278 Charewelle
572 1244 633 1285 situm,
647 1243 678 1277 vbi
690 1244 771 1288 quinque
779 1255 799 1276 πο

70 1297 175 1331 sacerdotes
190 1297 304 1332 mansionem
319 1303 433 1341 acceperant,
451 1298 532 1332 solicitus
547 1303 638 1342 quereret,
653 1302 671 1331 et
685 1296 704 1331 in
719 1302 772 1341 prato

71 1359 108 1383 non
119 1350 173 1393 longe
184 1351 249 1394 posito,
258 1351 293 1385 sub
305 1352 370 1384 arbore
381 1350 441 1385 salicis
451 1350 557 1385 thezaurum
570 1350 727 1395 preciosissimum
737 1350 772 1383 sub

71 1408 119 1436 terra
134 1403 227 1438 delossum
243 1403 339 1438 inueniret.
362 1404 408 1438 Cum
423 1414 468 1438 vero
483 1404 564 1438 secunda
578 1409 631 1438 nocte
646 1403 724 1437 eandem
740 1403 771 1437 ad·

70 1457 189 1490 monitionem
197 1457 283 1497 audisset,
291 1459 344 1490 tertia
355 1457 416 1490 eidem
426 1463 480 1491 nocte
490 1457 566 1499 angelus
575 1456 670 1490 visibiliter
680 1467 772 1499 apparens

70 1507 129 1543 minas
137 1508 202 1550 intulit,
210 1513 228 1543 et
236 1519 269 1552 pro
278 1508 404 1543 incredulitate
411 1519 444 1543 sua
452 1519 495 1542 eum
506 1508 566 1542 taliter
572 1508 683 1552 increpauit:
696 1508 772 1551 ‘Quare
782 1521 800 1550 25

70 1560 133 1605 inquit,
149 1561 249 1596 iussionem
269 1561 304 1603 dei,
320 1562 401 1596 secundo
417 1562 449 1595 tibi
464 1562 570 1603 exhibitam,
586 1572 622 1595 non
638 1560 724 1605 implesti,
739 1571 773 1594 nec

70 1614 110 1649 voci
123 1626 164 1649 mee
176 1615 265 1650 hactenus
275 1615 351 1650 credere
361 1614 446 1649 voluisti?
469 1614 528 1659 Perge
537 1614 592 1649 velox
600 1613 623 1648 ad
631 1613 708 1659 patriam
718 1619 774 1654 tuam,

71 1667 130 1702 locum
145 1669 235 1711 prefatum
250 1668 339 1702 sollicitus
352 1679 444 1712 querens:
457 1672 475 1702 et
489 1668 573 1702 arborem
589 1666 649 1702 salicis
665 1677 731 1712 magne
746 1666 774 1701 in-

71 1721 140 1763 uenies,
159 1722 194 1756 sub
213 1721 265 1756 cuius
284 1721 346 1757 radice
366 1721 491 1765 sepulchrum,
511 1720 598 1755 thezauro
618 1720 703 1764 precioso
724 1720 774 1754 intus

71 1774 182 1816 decoratum,
197 1774 277 1817 effodies,
293 1774 311 1808 in
327 1785 364 1818 quo
379 1785 446 1818 corpus
461 1773 518 1808 sancti
531 1773 632 1807 Fremundi
644 1772 730 1814 martiris,
740 1783 774 1817 pro
782 1784 802 1812 30

71 1826 145 1860 Christo
160 1827 268 1861 innocenter
282 1826 343 1868 occisi,
358 1827 450 1870 reperies;
466 1828 501 1860 sub
514 1827 634 1869 eiusdemque
649 1825 729 1859 martiris
744 1836 774 1858 se-

71 1880 147 1922 pulchro
159 1880 256 1924 scropham
268 1879 352 1914 inuenies
364 1889 419 1913 vnam
432 1889 473 1912 cum
485 1879 574 1913 tredecim
586 1877 658 1919 letibus,
667 1888 701 1911 nec
711 1884 773 1911 tamen

72 1931 177 1977 ingressum
189 1943 253 1966 eorum
264 1932 294 1966 vel
305 1932 375 1966 exitum
386 1931 462 1965 videbis.
485 1930 531 1972 Quia
538 1940 582 1964 vero
595 1930 694 1964 iussionis·
704 1940 746 1964 mee
756 1936 773 1963 et

72 1985 202 2020 admonitionis
221 1985 327 2019 incredulus
345 1985 433 2018 hactenus
451 1982 533 2025 extitisti,
552 1993 585 2017 nec
604 1982 692 2017 voluntati
711 1982 773 2017 diuine

72 2039 156 2082 obedisti,
163 2040 193 2082 (ob
201 2037 332 2073 incredulitatis
339 2044 369 2072 tue
376 2035 479 2078 meritumll
487 2036 533 2070 hanc
540 2035 663 2069 inobedientie
669 2039 700 2069 tue
706 2045 773 2079 penam
782 2053 802 2081 35

72 2092 151 2136 recipies
159 2097 176 2126 et
184 2103 218 2137 per
226 2092 308 2136 corporis
320 2091 406 2136 penalem
416 2090 525 2124 sententiam
534 2089 617 2133 angelico
625 2089 692 2122 iterum
700 2088 774 2122 oraculo

72 2156 110 2179 non
118 2146 214 2188 contraire,
222 2146 289 2179 talibus
296 2144 406 2187 admonitus,
414 2143 495 2178 disces':
508 2142 538 2176 Ad
546 2153 588 2176 eum
597 2141 651 2186 igitur
657 2141 709 2185 quasi
716 2140 774 2176 iratus

72 2199 154 2241 accessit,
166 2199 236 2233 brachii
247 2198 318 2233 dexteri
330 2199 431 2232 iuncturam
443 2207 453 2229 a
465 2195 539 2240 scapula
552 2195 642 2229 diuellens
654 2194 744 2236 distraxit,
756 2201 774 2228 et

72 2251 132 2295 ipsam
146 2253 185 2287 eius
198 2254 293 2287 dexteram
304 2252 327 2286 ad
340 2250 389 2285 dorsi
401 2250 473 2294 spinam
487 2248 579 2290 distorsit,
591 2258 625 2281 nec
637 2253 679 2281 ante
692 2249 775 2291 corporis

73 2304 151 2338 salutem
167 2316 209 2339 eum
226 2314 341 2348 recuperare,
353 2313 408 2346 quam
421 2302 479 2345 ipsius
492 2301 573 2335 martiris
587 2300 666 2343 corpus⁸
678 2300 776 2341 inueniret,
784 2317 805 2346 ⁴0

73 2358 125 2391 cuius
144 2358 214 2391 meritis
233 2362 333 2399 curaretur,
347 2355 429 2389 veritatis
447 2353 535 2388 nuncius³
551 2353 669 2387 asseuerauit.
693 2352 777 2393 ¹0mnis,

73 2409 137 2455 inquit,
149 2411 180 2454 qui
192 2411 215 2444 ad
227 2411 256 2444 dci
269 2411 342 2444 laudem
358 2409 411 2443 huius
427 2407 507 2441 martiris
520 2406 577 2440 sancti
593 2417 614 2440 se
628 2406 714 2451 precibus
726 2417 776 2441 com-

74 2465 194 2505 mendauerit,
201 2469 219 2496 et
228 2463 262 2497 sibi
270 2464 348 2496 deuotus
356 2462 441 2502 extiterit,
449 2460 517 2494 laboris
525 2460 553 2493 sui
561 2465 579 2493 et
587 2460 690 2493 deuotionis
699 2460 777 2503 premia,

93 2520 98 2538 ¹
110 2522 127 2552 E.
135 2531 188 2552 nosce.
252 2520 258 2538 ²
269 2521 286 2550 E.
294 2520 391 2550 redemiturn.
461 2518 467 2535 ³
477 2519 512 2548 The
520 2517 562 2555 place
570 2518 583 2546 is
590 2526 628 2546 now
635 2517 686 2547 called
694 2517 778 2548 Bouicottt

73 2561 159 2591 *ἰιιεεῑοηῐΙ
202 2561 330 2590 ⁵ob—men'tum
339 2571 368 2589 om.
376 2561 391 2588 in
399 2560 417 2589 T.
477 2558 594 2596 “Ecorporis
655 2556 763 2587 1Εαιιιιιείἰεη
