1762 2803
126 170 169 201 110
316 157 395 210 nuta
411 154 526 217 termut
542 153 634 217 analio.

125 277 200 321 tionem,
214 277 255 312 huic
271 282 333 313 nostre
348 277 446 312 hortationi
461 288 498 312 non
513 277 588 312 desistat
603 277 650 312 actio
665 276 761 312 moderare
767 276 777 320 ¹,
792 277 825 312 sed

126 332 196 375 absque
209 331 269 375 aliqua
284 331 386 365 retentione
399 331 505 375 religiosum
520 331 550 365 dei
565 330 652 365 famulum
667 330 736 365 Bedam
749 341 826 365 venera·

126 384 187 427 bilem,
195 384 302 418 monasterii
311 385 337 417 tui
347 383 476 427 presbiterum,
484 384 507 416 acl
516 384 578 416 limina
588 384 712 426 apostolorum
722 383 827 427 principum

127 437 242 471 dominorum
248 447 331 471 meorum
338 435 388 470 Petri
396 441 414 470 et
420 436 476 478 Pauli,
483 441 584 470 amatorum
590 441 663 470 tuorum
669 447 690 470 ac
696 441 826 480 protectorum,

109 491 150 530 5ad
165 496 227 524 nostre
242 489 372 523 mediocritatis
390 495 509 533 conspectum
527 501 564 523 non
580 489 657 523 moreris
672 489 756 532 dirigere,
772 500 827 533 quem

126 542 199 577 fauente
213 542 287 576 domiuo
300 542 368 577 sanctis
382 542 418 576 tuis
433 542 519 587 precibus
532 553 569 576 non
583 541 656 576 diffidas
669 553 759 587 prospere
773 543 795 576 ad
809 547 827 576 te

126 597 192 637 redire,
200 602 274 639 peracta
284 596 417 640 premissorum
427 596 546 639 capitulorum
556 606 597 630 cum
607 596 673 630 auxilio
684 595 714 630 dei
725 596 829 630 desiderata

127 648 260 692 solempnitate.
284 649 323 683 Erit
334 649 389 690 enim,
401 654 420 682 vt
432 648 545 691 confidimus,
558 649 612 682 etiam
626 649 696 683 cunctis
709 649 741 683 tibi
754 649 828 683 creditis

126 702 241 744 profuturum
249 701 334 745 quicquid
343 700 420 735 ecclesie
430 700 511 744 generali
522 701 606 735 claruerit
613 712 647 744 per
655 702 695 735 eius
703 701 828 744 presentiam²

100 763 118 784 10
126 753 248 797 impertitum!
292 747 409 788 Venerabilis
420 754 454 787 iste
466 758 519 797 pater
531 753 604 797 triginta
616 764 650 787 sex
660 753 753 788 volumina
766 754 828 795 edidit,

127 817 163 850 que
170 807 190 839 in
200 806 316 850 septuaginta
326 812 366 840 octo
376 807 433 840 libros
444 806 517 846 diuisit,
528 812 546 840 et
557 803 687 850 quinquaginta
698 817 765 840 nouem
776 807 829 840 annis

127 859 178 893 vixit.
201 859 296 893 Continuis
304 864 376 903 septem
385 858 528 892 ebdomadibus³
538 864 581 892 ante
593 858 662 893 obitum
674 869 728 893 suum
739 859 828 893 stomachi

128 911 251 956 indignatione
265 912 315 946 cibos
327 922 424 954 nauseans,
436 917 454 946 et
466 917 542 955 angusto
556 911 635 955 suspirio
646 911 709 946 alitum
720 913 829 955 producens,

128 966 229 999 litterarum
237 971 298 1000 tamen
308 976 329 1000 ac
340 966 442 999 studiorum
451 975 526 1009 operam
537 976 574 998 non
583 965 651 1007 reiecit,
659 966 692 999 sed
702 964 793 999 totaliter⁴
800 964 829 998 his

102 1028 119 1059 15
128 1019 193 1052 diebus
203 1023 266 1062 preter
276 1018 357 1052 debitum
366 1018 467 1061 psalmodie
479 1028 559 1061 pensum
569 1017 685 1059 intendebat3
697 1023 715 1051 et
725 1020 799 1051 tandem
810 1018 829 1050 in

128 1082 193 1105 vocem
204 1070 290 1104 orationis
302 1070 390 1114 prorupit,
398 1069 471 1105 dicens:
485 1069 534 1104 ⁵‘Te
545 1071 634 1114 deprecor
645 1071 693 1104 bone
702 1070 762 1111 ihesu,
770 1075 789 1104 vt
801 1070 829 1104 cui

128 1123 222 1168 propicius
237 1123 308 1158 donasti
321 1124 378 1158 verba
390 1128 421 1157 tue
434 1122 510 1158 scientie
523 1123 601 1158 dulciter
613 1123 692 1166 haurire,
704 1124 763 1158 donal
774 1123 828 1158 etiam

128 1177 219 1220 benignus
225 1176 322 1220 aliquando
327 1178 350 1210 ad
357 1177 388 1219 [te]
393 1176 399 1195 ⁷
405 1176 473 1210 fontem
479 1177 539 1210 omnis
546 1176 624 1210 sciencie
629 1176 727 1220 peruenire
732 1182 750 1211 et
755 1187 830 1220 semper

128 1235 171 1263 ante
182 1233 232 1263 tuam
244 1228 309 1262 faciem
321 1231 437 1272 comparere.¹
461 1229 484 1261 Et
495 1239 596 1262 conuersus
609 1230 632 1262 ad
644 1229 710 1262 fratres
724 1229 778 1263 dixit:
797 1229 829 1271 ‘O,

102 1293 121 1315 ιο
128 1282 191 1326 inquit,
204 1282 312 1323 charissimi,
326 1281 412 1326 quoniam
425 1287 499 1325 tempus
512 1286 540 1316 est
557 1281 675 1324 persoluendi
690 1281 771 1316 debitum
787 1292 830 1316 con-

129 1336 191 1369 ditioni
199 1336 284 1376 humane,
292 1345 336 1379 rogo
344 1345 382 1376 vos,
390 1340 453 1377 rogate
461 1339 533 1378 patrem
541 1333 611 1368 domini
621 1334 679 1368 nostri
691 1334 747 1369 Ihesu
756 1335 829 1377 Christi,

129 1393 200 1432 patrem
212 1387 383 1430 misericordiarum,
395 1391 414 1421 vt
425 1397 460 1432 per
471 1397 513 1420 eum
525 1387 543 1420 in
555 1398 590 1431 quo
602 1387 689 1431 princeps
703 1388 766 1421 mundi
776 1388 830 1422 huius

129 1442 185 1476 nichil
192 1441 266 1483 inuenit,
275 1439 295 1474 in
302 1451 399 1489 occursum
408 1440 471 1475 salutis
481 1440 536 1474 michi
547 1440 612 1483 dirigat
622 1441 707 1484 angelum
715 1441 771 1484 pacis,
779 1441 830 1476 cuius

130 1494 262 1539 circumseptus
276 1494 333 1528 tutela
347 1505 384 1527 non
399 1493 506 1536 confundar,
521 1504 563 1527 cum
578 1493 642 1537 loquar
657 1493 735 1528 inimicis
751 1494 797 1528 meis
812 1494 831 1529 in

104 1557 121 1587 ²5
131 1553 187 1591 porta.
211 1547 267 1581 Plane
277 1547 331 1589 cupio
341 1546 417 1579 dissolui
427 1552 445 1579 et
453 1556 495 1579 esse
506 1556 547 1579 cum
559 1546 637 1589 Christo,
645 1546 696 1580 cuius
706 1553 764 1581 morte
772 1553 831 1581 morte

131 1605 219 1644 peremta,
227 1601 250 1633 de
258 1604 316 1633 morte
324 1600 347 1633 ad
354 1599 410 1633 vitam
418 1609 448 1632 me
456 1597 574 1632 transiturum
585 1600 662 1633 confido.
685 1599 706 1632 Si
716 1600 759 1642 quid
770 1604 831 1634 autem

130 1649 183 1686 uobis
191 1652 277 1694 laboraui,
285 1651 301 1684 si
312 1651 492 1695 quantulumcunque
503 1650 580 1684 ecclesie
592 1651 704 1691 fructificaui,
712 1651 730 1684 id
741 1651 830 1692 beneficii,

132 1716 194 1748 queso,
207 1704 262 1738 michi
274 1703 385 1747 rependatis,
396 1708 415 1736 vt
428 1703 454 1736 ibi
467 1707 509 1746 post
522 1707 601 1736 mortem
614 1703 650 1737 mei
663 1703 788 1744 memineritis,
800 1704 832 1738 vbi

132 1757 197 1792 cotidie
210 1757 293 1791 Christus
305 1762 334 1790 est
345 1756 431 1789 sacerdos
443 1761 461 1789 et
473 1754 583 1793 sacrificium
594 1755 711 1799 placationis.¹
758 1749 832 1791 interea

105 1819 124 1848 30
132 1820 174 1844 cum
186 1810 250 1843 horam
265 1808 334 1851 mortis,
347 1808 404 1842 immo
417 1807 522 1851 ingressum
535 1808 572 1842 vite
585 1808 691 1851 perhennis,
705 1808 752 1843 letus
766 1820 832 1853 expec-

132 1868 183 1903 taret,
193 1863 280 1905 quiddam
292 1862 315 1894 de
326 1860 421 1904 scripturis
431 1861 516 1902 restabat,
528 1872 585 1905 super
596 1872 632 1904 quo
643 1861 738 1905 discipulis
750 1862 832 1905 magistri

131 1915 241 1950 sententiam
249 1914 311 1949 audire
320 1925 397 1949 necesse
405 1914 442 1949 fuit.
463 1914 502 1957 Qua
509 1919 596 1959 percepta
604 1915 626 1949 ab
634 1914 665 1949 illo
673 1921 727 1959 atque
736 1914 832 1959 descripta,

131 1969 203 2003 dicente
214 1968 303 2012 scriptore
314 1968 470 2002 ‘consummatum
482 1970 520 2008 est‚'
527 1968 558 2002 ilie
569 1968 644 2002 hilarior
651 1969 707 2002 verbo
718 1979 833 2002 consumma-

131 2022 185 2055 tionis
197 2022 317 2065 applaudens,
326 2021 389 2063 ‘bene,
401 2020 430 2062 ait,
442 2031 463 2054 ac
474 2031 518 2054 vere
530 2020 592 2054 dixisti
605 2021 767 2055 “consummatum
778 2022 832 2055 est.'”

105 2083 123 2115 35
133 2068 172 2109 Die
187 2078 247 2108 autem
263 2073 354 2107 dominice
369 2073 484 2116 ascentionis
498 2078 561 2107 contra
576 2073 680 2116 oratorium,
695 2073 714 2106 in
730 2085 766 2118 quo
781 2084 833 2108 orare

132 2130 257 2169 consueuerat,
268 2124 326 2159 cilicio
335 2126 369 2159 sub
380 2136 400 2159 se
412 2125 471 2169 posito
483 2126 602 2168 decumbens,
610 2125 680 2170 integro
688 2126 739 2160 vultu
750 2131 767 2161 et
778 2136 834 2160 sensu

131 2181 206 2224 spiritus
221 2179 279 2213 sancti
294 2179 371 2221 gratiam
388 2178 481 2221 inuitabat,
497 2178 571 2213 dicens:
591 2178 617 2212 ‘0
633 2190 667 2213 rex
681 2178 744 2222 glorie,
760 2178 833 2213 domine

132 2233 225 2273 virtutum,
236 2231 267 2275 qui
278 2230 400 2274 triumphator
412 2231 466 2264 hodie
478 2241 535 2274 super
547 2241 612 2264 omnes
625 2232 675 2265 celos
686 2232 795 2273 ascendisti;
809 2241 832 2264 ne

131 2285 248 2327 derelinquas
254 2294 288 2317 nos
295 2284 395 2328 orphanos,
402 2285 435 2317 sed
442 2283 493 2318 mitte
499 2283 612 2327 promissum
618 2283 676 2327 patris
684 2283 702 2316 in
709 2295 743 2317 nos
749 2283 833 2328 spiritum

105 2350 126 2379 40
133 2338 219 2379 veritatis,
227 2337 310 2370 alleluia!
334 2336 425 2370 Adiuncta
432 2347 477 2371 vero
487 2337 541 2370 laude
549 2341 612 2371 sancte
620 2341 638 2370 et
644 2336 737 2371 indiuidue
745 2336 834 2378 trinitatis,

133 2392 138 2409 ‘
143 2390 200 2434 gloria
207 2389 254 2433 patri
262 2395 280 2423 et
288 2388 325 2423 filio
332 2395 350 2423 et
358 2388 429 2433 spiritui
437 2390 511 2429 sancto,’
518 2400 559 2424 cum
566 2388 689 2423 nominatione
695 2389 753 2424 sancti
759 2389 834 2433 spiritus

134 2444 218 2487 spiritum
233 2442 317 2485 enalauit,
329 2442 408 2487 septimo
419 2443 507 2477 kalendas
521 2442 579 2485 lunii;
597 2442 720 2486 subsequente
731 2448 769 2477 tam
783 2442 835 2476 suaui

154 2526 160 2543 ¹
170 2525 213 2555 Whl.
221 2526 321 2555 obedientem
329 2527 429 2556 devotionem
437 2549 440 2557 .
449 2549 452 2557 .
460 2550 464 2558 .
472 2535 504 2556 non
512 2527 579 2556 desistas
586 2526 694 2555 accomodare,
775 2525 781 2542 ²
790 2525 835 2554 WM.

134 2565 241 2602 prestantium.
288 2567 294 2584 ³
305 2566 322 2596 Ε,
331 2566 443 2598 ebdomatibus.
489 2565 495 2583 ⁴
506 2566 526 2597 al.
533 2566 575 2596 totis.
623 2564 629 2583 ⁶
639 2565 658 2596 cs.
666 2566 710 2595 Beda
718 2565 739 2598 H.
748 2565 765 2596 E.
773 2565 792 2601 V,
799 2564 835 2594 end.

134 2607 139 2622 a
150 2606 189 2635 Bed.
197 2605 253 2636 dones.
307 2604 313 2622 ⁷
325 2616 355 2636 orn.
