<?xml version="1.0" encoding="UTF-8"?>
<!DOCTYPE html PUBLIC "-//W3C//DTD XHTML 1.0 Transitional//EN"
    "http://www.w3.org/TR/xhtml1/DTD/xhtml1-transitional.dtd">
<html xmlns="http://www.w3.org/1999/xhtml" xml:lang="en" lang="en">
 <head>
  <title>
</title>
<meta http-equiv="Content-Type" content="text/html;charset=utf-8" />
  <meta name='ocr-system' content='tesseract 3.04.00' />
  <meta name='ocr-capabilities' content='ocr_page ocr_carea ocr_par ocr_line ocrx_word'/>
</head>
<body>
  <div class='ocr_page' id='page_1' title='image "./MN5111ucmf_0/MN5111ucmf_0_0504.png"; bbox 0 0 1762 2803; ppageno 0'>
   <div class='ocr_carea' id='block_1_1' title="bbox 140 154 651 218">
    <p class='ocr_par' dir='ltr' id='par_1_1' title="bbox 140 154 651 218">
     <span class='ocr_line' id='line_1_1' title="bbox 140 154 651 218; baseline -0.012 -5"><span class='ocrx_word' id='word_1_1' title='bbox 140 170 186 213; x_wconf 82' lang='lat'>414</span> <span class='ocrx_word' id='word_1_2' title='bbox 218 179 220 183; x_wconf 94' lang='lat'>·</span> <span class='ocrx_word' id='word_1_3' title='bbox 332 158 412 210; x_wconf 75' lang='lat' dir='ltr'>mota</span> <span class='ocrx_word' id='word_1_4' title='bbox 427 154 543 218; x_wconf 68' lang='lat' dir='ltr'>tenatur</span> <span class='ocrx_word' id='word_1_5' title='bbox 558 155 651 218; x_wconf 69' lang='lat' dir='ltr'>unctio.</span> 
     </span>
    </p>
   </div>
   <div class='ocr_carea' id='block_1_2' title="bbox 109 278 848 2595">
    <p class='ocr_par' dir='ltr' id='par_1_2' title="bbox 116 278 844 1009">
     <span class='ocr_line' id='line_1_2' title="bbox 142 278 842 324; baseline 0.007 -12"><span class='ocrx_word' id='word_1_6' title='bbox 142 285 204 313; x_wconf 86' lang='lat' dir='ltr'>contra</span> <span class='ocrx_word' id='word_1_7' title='bbox 216 280 304 314; x_wconf 83' lang='lat' dir='ltr'>on‘entem</span> <span class='ocrx_word' id='word_1_8' title='bbox 316 290 383 323; x_wconf 86' lang='lat' dir='ltr'>magno</span> <span class='ocrx_word' id='word_1_9' title='bbox 395 281 465 324; x_wconf 91' lang='lat' dir='ltr'>impetu</span> <span class='ocrx_word' id='word_1_10' title='bbox 477 290 551 313; x_wconf 90' lang='lat' dir='ltr'>cursum</span> <span class='ocrx_word' id='word_1_11' title='bbox 565 289 619 313; x_wconf 90' lang='lat' dir='ltr'>suum</span> <span class='ocrx_word' id='word_1_12' title='bbox 632 279 732 313; x_wconf 83' lang='lat' dir='ltr'>extendere</span> <span class='ocrx_word' id='word_1_13' title='bbox 745 278 842 317; x_wconf 79' lang='lat' dir='ltr'>festinauit.</span> 
     </span>
     <span class='ocr_line' id='line_1_3' title="bbox 143 331 842 376; baseline 0.001 -9"><span class='ocrx_word' id='word_1_14' title='bbox 143 333 164 367; x_wconf 92' lang='lat' dir='ltr'>ln</span> <span class='ocrx_word' id='word_1_15' title='bbox 172 332 325 376; x_wconf 78' lang='lat' dir='ltr'>contemplatione</span> <span class='ocrx_word' id='word_1_16' title='bbox 331 344 375 367; x_wconf 92' lang='lat' dir='ltr'>vero</span> <span class='ocrx_word' id='word_1_17' title='bbox 381 334 464 367; x_wconf 89' lang='lat' dir='ltr'>eiusdem</span> <span class='ocrx_word' id='word_1_18' title='bbox 472 332 548 367; x_wconf 86' lang='lat' dir='ltr'>visionis</span> <span class='ocrx_word' id='word_1_19' title='bbox 554 332 626 373; x_wconf 89' lang='lat' dir='ltr'>eximie,</span> <span class='ocrx_word' id='word_1_20' title='bbox 631 331 759 376; x_wconf 83' lang='lat' dir='ltr'>columpnam1</span> <span class='ocrx_word' id='word_1_21' title='bbox 766 331 812 366; x_wconf 89' lang='lat' dir='ltr'>lucis</span> <span class='ocrx_word' id='word_1_22' title='bbox 820 335 842 369; x_wconf 88' lang='lat' dir='ltr'>ab</span> 
     </span>
     <span class='ocr_line' id='line_1_4' title="bbox 142 384 842 431; baseline 0.003 -11"><span class='ocrx_word' id='word_1_23' title='bbox 142 392 209 427; x_wconf 87' lang='lat' dir='ltr'>austro,</span> <span class='ocrx_word' id='word_1_24' title='bbox 225 386 263 421; x_wconf 91' lang='lat' dir='ltr'>sole</span> <span class='ocrx_word' id='word_1_25' title='bbox 279 386 428 430; x_wconf 85' lang='lat' dir='ltr'>splendidiorem,</span> <span class='ocrx_word' id='word_1_26' title='bbox 441 386 527 421; x_wconf 82' lang='lat' dir='ltr'>videbam</span> <span class='ocrx_word' id='word_1_27' title='bbox 542 395 634 430; x_wconf 82' lang='lat' dir='ltr'>exurgere</span> <span class='ocrx_word' id='word_1_28' title='bbox 649 390 672 428; x_wconf 91' lang='lat' dir='ltr'>et,</span> <span class='ocrx_word' id='word_1_29' title='bbox 688 384 796 420; x_wconf 89' lang='lat' dir='ltr'>mirantibus</span> <span class='ocrx_word' id='word_1_30' title='bbox 812 388 842 431; x_wconf 95' lang='lat' dir='ltr'>qui</span> 
     </span>
     <span class='ocr_line' id='line_1_5' title="bbox 142 438 842 483; baseline 0.003 -10"><span class='ocrx_word' id='word_1_31' title='bbox 142 441 219 473; x_wconf 86' lang='lat' dir='ltr'>aderant</span> <span class='ocrx_word' id='word_1_32' title='bbox 237 443 255 472; x_wconf 90' lang='lat' dir='ltr'>et</span> <span class='ocrx_word' id='word_1_33' title='bbox 273 439 389 483; x_wconf 81' lang='lat' dir='ltr'>stupentibus</span> <span class='ocrx_word' id='word_1_34' title='bbox 407 439 505 482; x_wconf 88' lang='lat' dir='ltr'>uniuersis,</span> <span class='ocrx_word' id='word_1_35' title='bbox 520 440 543 474; x_wconf 92' lang='lat' dir='ltr'>ad</span> <span class='ocrx_word' id='word_1_36' title='bbox 559 438 618 473; x_wconf 90' lang='lat' dir='ltr'>celum</span> <span class='ocrx_word' id='word_1_37' title='bbox 634 448 698 483; x_wconf 87' lang='lat' dir='ltr'>vsque,</span> <span class='ocrx_word' id='word_1_38' title='bbox 714 438 842 475; x_wconf 87' lang='lat' dir='ltr'>llammiuomis</span> 
     </span>
     <span class='ocr_line' id='line_1_6' title="bbox 125 490 842 537; baseline 0 -10"><span class='ocrx_word' id='word_1_39' title='bbox 125 491 198 527; x_wconf 72' lang='lat' dir='ltr'>oradiis</span> <span class='ocrx_word' id='word_1_40' title='bbox 210 493 334 536; x_wconf 84' lang='lat' dir='ltr'>sequentibus,</span> <span class='ocrx_word' id='word_1_41' title='bbox 346 493 451 528; x_wconf 85' lang='lat' dir='ltr'>ascendere.</span> <span class='ocrx_word' id='word_1_42' title='bbox 475 493 514 537; x_wconf 85' lang='lat' dir='ltr'>Ego</span> <span class='ocrx_word' id='word_1_43' title='bbox 525 497 586 527; x_wconf 90' lang='lat' dir='ltr'>autem</span> <span class='ocrx_word' id='word_1_44' title='bbox 599 502 649 526; x_wconf 90' lang='lat' dir='ltr'>eram</span> <span class='ocrx_word' id='word_1_45' title='bbox 664 490 761 536; x_wconf 88' lang='lat' dir='ltr'>singularis</span> <span class='ocrx_word' id='word_1_46' title='bbox 773 491 813 525; x_wconf 91' lang='lat' dir='ltr'>auis</span> <span class='ocrx_word' id='word_1_47' title='bbox 824 493 842 527; x_wconf 95' lang='lat' dir='ltr'>in</span> 
     </span>
     <span class='ocr_line' id='line_1_7' title="bbox 142 543 842 586; baseline 0.001 -10"><span class='ocrx_word' id='word_1_48' title='bbox 142 549 196 584; x_wconf 87' lang='lat' dir='ltr'>terra,</span> <span class='ocrx_word' id='word_1_49' title='bbox 204 548 277 586; x_wconf 88' lang='lat' dir='ltr'>totaque</span> <span class='ocrx_word' id='word_1_50' title='bbox 285 544 391 577; x_wconf 84' lang='lat' dir='ltr'>extremitas</span> <span class='ocrx_word' id='word_1_51' title='bbox 399 544 469 577; x_wconf 86' lang='lat' dir='ltr'>alarum</span> <span class='ocrx_word' id='word_1_52' title='bbox 477 553 560 577; x_wconf 86' lang='lat' dir='ltr'>mearum</span> <span class='ocrx_word' id='word_1_53' title='bbox 568 548 607 577; x_wconf 89' lang='lat' dir='ltr'>erat</span> <span class='ocrx_word' id='word_1_54' title='bbox 615 553 676 577; x_wconf 87' lang='lat' dir='ltr'>aurea.</span> <span class='ocrx_word' id='word_1_55' title='bbox 694 543 842 586; x_wconf 85' lang='lat' dir='ltr'>Estimabamque</span> 
     </span>
     <span class='ocr_line' id='line_1_8' title="bbox 142 595 843 640; baseline 0.001 -10"><span class='ocrx_word' id='word_1_56' title='bbox 142 606 172 630; x_wconf 94' lang='lat' dir='ltr'>me</span> <span class='ocrx_word' id='word_1_57' title='bbox 184 596 268 630; x_wconf 81' lang='lat' dir='ltr'>arborem</span> <span class='ocrx_word' id='word_1_58' title='bbox 280 596 329 630; x_wconf 92' lang='lat' dir='ltr'>illam</span> <span class='ocrx_word' id='word_1_59' title='bbox 341 597 406 631; x_wconf 90' lang='lat' dir='ltr'>leuiter</span> <span class='ocrx_word' id='word_1_60' title='bbox 417 607 472 640; x_wconf 90' lang='lat' dir='ltr'>posse</span> <span class='ocrx_word' id='word_1_61' title='bbox 483 596 613 640; x_wconf 83' lang='lat' dir='ltr'>circumplecti,</span> <span class='ocrx_word' id='word_1_62' title='bbox 625 597 641 630; x_wconf 93' lang='lat' dir='ltr'>si</span> <span class='ocrx_word' id='word_1_63' title='bbox 650 595 749 629; x_wconf 79' lang='lat' dir='ltr'>tortitudini</span> <span class='ocrx_word' id='word_1_64' title='bbox 761 606 803 629; x_wconf 90' lang='lat' dir='ltr'>mee</span> <span class='ocrx_word' id='word_1_65' title='bbox 814 597 843 631; x_wconf 89' lang='lat' dir='ltr'>vel</span> 
     </span>
     <span class='ocr_line' id='line_1_9' title="bbox 142 648 843 692; baseline 0.001 -11"><span class='ocrx_word' id='word_1_66' title='bbox 142 648 223 692; x_wconf 86' lang='lat' dir='ltr'>potentie</span> <span class='ocrx_word' id='word_1_67' title='bbox 229 648 288 692; x_wconf 91' lang='lat' dir='ltr'>aliqua</span> <span class='ocrx_word' id='word_1_68' title='bbox 294 648 366 682; x_wconf 81' lang='lat' dir='ltr'>occasio</span> <span class='ocrx_word' id='word_1_69' title='bbox 372 648 454 692; x_wconf 79' lang='lat' dir='ltr'>pateret²</span> <span class='ocrx_word' id='word_1_70' title='bbox 462 648 628 692; x_wconf 89' lang='lat' dir='ltr'>circumplectendi.</span> <span class='ocrx_word' id='word_1_71' title='bbox 654 648 733 681; x_wconf 90' lang='lat' dir='ltr'>Demum</span> <span class='ocrx_word' id='word_1_72' title='bbox 741 658 843 691; x_wconf 89' lang='lat' dir='ltr'>pennarum</span> 
     </span>
     <span class='ocr_line' id='line_1_10' title="bbox 142 700 842 745; baseline 0 -10"><span class='ocrx_word' id='word_1_73' title='bbox 142 702 212 745; x_wconf 81' lang='lat' dir='ltr'>remige</span> <span class='ocrx_word' id='word_1_74' title='bbox 223 707 330 745; x_wconf 86' lang='lat' dir='ltr'>temperato,</span> <span class='ocrx_word' id='word_1_75' title='bbox 342 702 397 735; x_wconf 91' lang='lat' dir='ltr'>celeri</span> <span class='ocrx_word' id='word_1_76' title='bbox 409 702 470 735; x_wconf 90' lang='lat' dir='ltr'>volatu</span> <span class='ocrx_word' id='word_1_77' title='bbox 484 701 578 745; x_wconf 85' lang='lat' dir='ltr'>superiora</span> <span class='ocrx_word' id='word_1_78' title='bbox 590 700 688 744; x_wconf 88' lang='lat' dir='ltr'>columpne</span> <span class='ocrx_word' id='word_1_79' title='bbox 700 700 746 734; x_wconf 90' lang='lat' dir='ltr'>lucis</span> <span class='ocrx_word' id='word_1_80' title='bbox 758 702 842 735; x_wconf 82' lang='lat' dir='ltr'>ascendo.</span> 
     </span>
     <span class='ocr_line' id='line_1_11' title="bbox 116 753 843 799; baseline -0.001 -10"><span class='ocrx_word' id='word_1_81' title='bbox 116 760 135 782; x_wconf 79' lang='lat'>1⁰</span> <span class='ocrx_word' id='word_1_82' title='bbox 143 754 189 789; x_wconf 89' lang='lat' dir='ltr'>Cum</span> <span class='ocrx_word' id='word_1_83' title='bbox 197 760 258 788; x_wconf 90' lang='lat' dir='ltr'>autem</span> <span class='ocrx_word' id='word_1_84' title='bbox 266 755 285 788; x_wconf 89' lang='lat' dir='ltr'>in</span> <span class='ocrx_word' id='word_1_85' title='bbox 296 755 394 799; x_wconf 79' lang='lat' dir='ltr'>supremo³</span> <span class='ocrx_word' id='word_1_86' title='bbox 402 754 481 789; x_wconf 89' lang='lat' dir='ltr'>culmine</span> <span class='ocrx_word' id='word_1_87' title='bbox 490 754 538 788; x_wconf 94' lang='lat' dir='ltr'>illius</span> <span class='ocrx_word' id='word_1_88' title='bbox 549 754 680 795; x_wconf 88' lang='lat' dir='ltr'>consedissem,</span> <span class='ocrx_word' id='word_1_89' title='bbox 689 758 707 787; x_wconf 90' lang='lat' dir='ltr'>et</span> <span class='ocrx_word' id='word_1_90' title='bbox 715 753 769 787; x_wconf 85' lang='lat' dir='ltr'>claris</span> <span class='ocrx_word' id='word_1_91' title='bbox 777 753 843 788; x_wconf 88' lang='lat' dir='ltr'>lumin·</span> 
     </span>
     <span class='ocr_line' id='line_1_12' title="bbox 143 807 843 852; baseline 0 -10"><span class='ocrx_word' id='word_1_92' title='bbox 143 808 205 842; x_wconf 89' lang='lat' dir='ltr'>aribus</span> <span class='ocrx_word' id='word_1_93' title='bbox 220 819 256 852; x_wconf 88' lang='lat' dir='ltr'>que</span> <span class='ocrx_word' id='word_1_94' title='bbox 275 819 358 842; x_wconf 90' lang='lat' dir='ltr'>summus</span> <span class='ocrx_word' id='word_1_95' title='bbox 375 809 405 842; x_wconf 92' lang='lat' dir='ltr'>ille</span> <span class='ocrx_word' id='word_1_96' title='bbox 420 809 503 843; x_wconf 88' lang='lat' dir='ltr'>omnium</span> <span class='ocrx_word' id='word_1_97' title='bbox 518 809 604 852; x_wconf 88' lang='lat' dir='ltr'>princeps</span> <span class='ocrx_word' id='word_1_98' title='bbox 623 808 669 841; x_wconf 92' lang='lat' dir='ltr'>deus</span> <span class='ocrx_word' id='word_1_99' title='bbox 689 808 708 840; x_wconf 90' lang='lat' dir='ltr'>in</span> <span class='ocrx_word' id='word_1_100' title='bbox 727 807 843 842; x_wconf 90' lang='lat' dir='ltr'>firmamento</span> 
     </span>
     <span class='ocr_line' id='line_1_13' title="bbox 143 859 843 906; baseline 0 -11"><span class='ocrx_word' id='word_1_101' title='bbox 143 862 243 903; x_wconf 88' lang='lat' dir='ltr'>collocauit,</span> <span class='ocrx_word' id='word_1_102' title='bbox 251 866 289 895; x_wconf 91' lang='lat' dir='ltr'>toto</span> <span class='ocrx_word' id='word_1_103' title='bbox 301 862 395 895; x_wconf 92' lang='lat' dir='ltr'>oculorum</span> <span class='ocrx_word' id='word_1_104' title='bbox 406 866 482 906; x_wconf 90' lang='lat' dir='ltr'>aspectu</span> <span class='ocrx_word' id='word_1_105' title='bbox 494 861 569 895; x_wconf 91' lang='lat' dir='ltr'>sedulus</span> <span class='ocrx_word' id='word_1_106' title='bbox 577 859 681 904; x_wconf 83' lang='lat' dir='ltr'>[inhiarem]</span> <span class='ocrx_word' id='word_1_107' title='bbox 687 860 705 902; x_wconf 63' lang='grc'>4;</span> <span class='ocrx_word' id='word_1_108' title='bbox 719 860 780 894; x_wconf 84' lang='lat' dir='ltr'>audiui</span> <span class='ocrx_word' id='word_1_109' title='bbox 788 871 843 895; x_wconf 89' lang='lat' dir='ltr'>voces</span> 
     </span>
     <span class='ocr_line' id='line_1_14' title="bbox 143 913 844 949; baseline 0.003 -2"><span class='ocrx_word' id='word_1_110' title='bbox 143 915 162 948; x_wconf 89' lang='lat' dir='ltr'>in</span> <span class='ocrx_word' id='word_1_111' title='bbox 170 914 248 948; x_wconf 85' lang='lat' dir='ltr'>sublime</span> <span class='ocrx_word' id='word_1_112' title='bbox 255 915 328 949; x_wconf 90' lang='lat' dir='ltr'>celestis</span> <span class='ocrx_word' id='word_1_113' title='bbox 336 915 418 949; x_wconf 89' lang='lat' dir='ltr'>armonie</span> <span class='ocrx_word' id='word_1_114' title='bbox 427 914 504 949; x_wconf 89' lang='lat' dir='ltr'>miscere</span> <span class='ocrx_word' id='word_1_115' title='bbox 512 919 622 948; x_wconf 82' lang='lat' dir='ltr'>concentus:</span> <span class='ocrx_word' id='word_1_116' title='bbox 633 914 684 947; x_wconf 87' lang='lat' dir='ltr'>cuius</span> <span class='ocrx_word' id='word_1_117' title='bbox 691 919 775 948; x_wconf 88' lang='lat' dir='ltr'>nectarea</span> <span class='ocrx_word' id='word_1_118' title='bbox 784 913 844 949; x_wconf 84' lang='lat' dir='ltr'>delec-</span> 
     </span>
     <span class='ocr_line' id='line_1_15' title="bbox 143 966 843 1009; baseline -0.001 -10"><span class='ocrx_word' id='word_1_119' title='bbox 143 971 191 999; x_wconf 83' lang='lat' dir='ltr'>tatus</span> <span class='ocrx_word' id='word_1_120' title='bbox 198 967 292 1007; x_wconf 89' lang='lat' dir='ltr'>suauitate,</span> <span class='ocrx_word' id='word_1_121' title='bbox 299 968 338 1000; x_wconf 91' lang='lat' dir='ltr'>siue</span> <span class='ocrx_word' id='word_1_122' title='bbox 344 969 367 1001; x_wconf 89' lang='lat' dir='ltr'>ad</span> <span class='ocrx_word' id='word_1_123' title='bbox 376 967 492 1000; x_wconf 86' lang='lat' dir='ltr'>dulcedinem</span> <span class='ocrx_word' id='word_1_124' title='bbox 500 968 578 1000; x_wconf 90' lang='lat' dir='ltr'>melodie</span> <span class='ocrx_word' id='word_1_125' title='bbox 588 966 647 1009; x_wconf 89' lang='lat' dir='ltr'>magis</span> <span class='ocrx_word' id='word_1_126' title='bbox 655 967 750 1009; x_wconf 84' lang='lat' dir='ltr'>magisque</span> <span class='ocrx_word' id='word_1_127' title='bbox 757 966 843 1008; x_wconf 83' lang='lat' dir='ltr'>intentus,</span> 
     </span>
    </p>

    <p class='ocr_par' dir='ltr' id='par_1_3' title="bbox 118 1018 846 1960">
     <span class='ocr_line' id='line_1_16' title="bbox 118 1018 843 1063; baseline -0.004 -10"><span class='ocrx_word' id='word_1_128' title='bbox 118 1026 135 1057; x_wconf 78' lang='lat'>15</span> <span class='ocrx_word' id='word_1_129' title='bbox 144 1028 223 1062; x_wconf 85' lang='lat' dir='ltr'>sompno</span> <span class='ocrx_word' id='word_1_130' title='bbox 234 1019 303 1053; x_wconf 89' lang='lat' dir='ltr'>solutus</span> <span class='ocrx_word' id='word_1_131' title='bbox 314 1020 366 1053; x_wconf 67' lang='lat' dir='ltr'>sum!</span> <span class='ocrx_word' id='word_1_132' title='bbox 394 1019 440 1053; x_wconf 85' lang='lat' dir='ltr'>Cum</span> <span class='ocrx_word' id='word_1_133' title='bbox 450 1024 511 1054; x_wconf 80' lang='lat' dir='ltr'>autem</span> <span class='ocrx_word' id='word_1_134' title='bbox 523 1018 579 1063; x_wconf 88' lang='lat' dir='ltr'>aliqui</span> <span class='ocrx_word' id='word_1_135' title='bbox 589 1020 759 1062; x_wconf 79' lang='lat' dir='ltr'>interpretarentur,</span> <span class='ocrx_word' id='word_1_136' title='bbox 771 1029 814 1051; x_wconf 89' lang='lat' dir='ltr'>eum</span> <span class='ocrx_word' id='word_1_137' title='bbox 825 1019 843 1051; x_wconf 90' lang='lat' dir='ltr'>in</span> 
     </span>
     <span class='ocr_line' id='line_1_17' title="bbox 144 1070 844 1116; baseline 0.001 -12"><span class='ocrx_word' id='word_1_138' title='bbox 144 1072 226 1116; x_wconf 90' lang='lat' dir='ltr'>potentia</span> <span class='ocrx_word' id='word_1_139' title='bbox 237 1077 255 1105; x_wconf 93' lang='lat' dir='ltr'>et</span> <span class='ocrx_word' id='word_1_140' title='bbox 266 1072 323 1116; x_wconf 88' lang='lat' dir='ltr'>gloria</span> <span class='ocrx_word' id='word_1_141' title='bbox 336 1073 410 1116; x_wconf 88' lang='lat' dir='ltr'>regibus</span> <span class='ocrx_word' id='word_1_142' title='bbox 421 1070 515 1116; x_wconf 91' lang='lat' dir='ltr'>preteritis</span> <span class='ocrx_word' id='word_1_143' title='bbox 528 1071 650 1115; x_wconf 90' lang='lat' dir='ltr'>potentiorem</span> <span class='ocrx_word' id='word_1_144' title='bbox 664 1075 682 1105; x_wconf 89' lang='lat' dir='ltr'>et</span> <span class='ocrx_word' id='word_1_145' title='bbox 695 1071 844 1106; x_wconf 85' lang='lat' dir='ltr'>excellentiorem</span> 
     </span>
     <span class='ocr_line' id='line_1_18' title="bbox 145 1124 844 1170; baseline -0.003 -10"><span class='ocrx_word' id='word_1_146' title='bbox 145 1125 236 1167; x_wconf 87' lang='lat' dir='ltr'>suturum;</span> <span class='ocrx_word' id='word_1_147' title='bbox 249 1136 283 1158; x_wconf 88' lang='lat' dir='ltr'>rex</span> <span class='ocrx_word' id='word_1_148' title='bbox 294 1125 329 1159; x_wconf 83' lang='lat' dir='ltr'>ait:</span> <span class='ocrx_word' id='word_1_149' title='bbox 346 1125 412 1159; x_wconf 87' lang='lat' dir='ltr'>‘Fides</span> <span class='ocrx_word' id='word_1_150' title='bbox 423 1127 485 1170; x_wconf 89' lang='lat' dir='ltr'>vtique</span> <span class='ocrx_word' id='word_1_151' title='bbox 497 1125 614 1159; x_wconf 88' lang='lat' dir='ltr'>reuelationis</span> <span class='ocrx_word' id='word_1_152' title='bbox 626 1124 674 1158; x_wconf 91' lang='lat' dir='ltr'>aliud</span> <span class='ocrx_word' id='word_1_153' title='bbox 686 1124 760 1158; x_wconf 90' lang='lat' dir='ltr'>habebit</span> <span class='ocrx_word' id='word_1_154' title='bbox 772 1125 844 1169; x_wconf 81' lang='lat' dir='ltr'>experi-</span> 
     </span>
     <span class='ocr_line' id='line_1_19' title="bbox 144 1177 844 1222; baseline 0 -11"><span class='ocrx_word' id='word_1_155' title='bbox 144 1183 232 1221; x_wconf 88' lang='lat' dir='ltr'>mentum,</span> <span class='ocrx_word' id='word_1_156' title='bbox 248 1183 266 1212; x_wconf 93' lang='lat' dir='ltr'>et</span> <span class='ocrx_word' id='word_1_157' title='bbox 281 1178 354 1212; x_wconf 91' lang='lat' dir='ltr'>maioris</span> <span class='ocrx_word' id='word_1_158' title='bbox 370 1177 525 1222; x_wconf 90' lang='lat' dir='ltr'>interpretationis</span> <span class='ocrx_word' id='word_1_159' title='bbox 540 1178 595 1222; x_wconf 87' lang='lat' dir='ltr'>longe</span> <span class='ocrx_word' id='word_1_160' title='bbox 610 1178 693 1212; x_wconf 90' lang='lat' dir='ltr'>altiorem</span> <span class='ocrx_word' id='word_1_161' title='bbox 711 1178 803 1221; x_wconf 86' lang='lat' dir='ltr'>pertinget</span> <span class='ocrx_word' id='word_1_162' title='bbox 821 1180 844 1212; x_wconf 87' lang='lat' dir='ltr'>ad</span> 
     </span>
     <span class='ocr_line' id='line_1_20' title="bbox 144 1230 844 1275; baseline 0.004 -12"><span class='ocrx_word' id='word_1_163' title='bbox 144 1237 209 1264; x_wconf 88' lang='lat' dir='ltr'>actum.</span> <span class='ocrx_word' id='word_1_164' title='bbox 234 1231 299 1264; x_wconf 88' lang='lat' dir='ltr'>Facilis</span> <span class='ocrx_word' id='word_1_165' title='bbox 307 1230 385 1265; x_wconf 85' lang='lat' dir='ltr'>sortasse</span> <span class='ocrx_word' id='word_1_166' title='bbox 394 1232 447 1265; x_wconf 88' lang='lat' dir='ltr'>nobis</span> <span class='ocrx_word' id='word_1_167' title='bbox 455 1231 509 1265; x_wconf 91' lang='lat' dir='ltr'>hodie</span> <span class='ocrx_word' id='word_1_168' title='bbox 522 1232 545 1265; x_wconf 94' lang='lat' dir='ltr'>ad</span> <span class='ocrx_word' id='word_1_169' title='bbox 553 1237 651 1275; x_wconf 86' lang='lat' dir='ltr'>tyrannum</span> <span class='ocrx_word' id='word_1_170' title='bbox 662 1232 731 1275; x_wconf 90' lang='lat' dir='ltr'>patebit</span> <span class='ocrx_word' id='word_1_171' title='bbox 738 1231 844 1275; x_wconf 87' lang='lat' dir='ltr'>ingressus:</span> 
     </span>
     <span class='ocr_line' id='line_1_21' title="bbox 118 1283 845 1328; baseline -0.001 -10"><span class='ocrx_word' id='word_1_172' title='bbox 118 1291 136 1312; x_wconf 82' lang='lat'>²0</span> <span class='ocrx_word' id='word_1_173' title='bbox 144 1293 208 1318; x_wconf 89' lang='lat' dir='ltr'>verum</span> <span class='ocrx_word' id='word_1_174' title='bbox 223 1284 317 1326; x_wconf 84' lang='lat' dir='ltr'>ignoratur</span> <span class='ocrx_word' id='word_1_175' title='bbox 332 1284 407 1318; x_wconf 90' lang='lat' dir='ltr'>libertas</span> <span class='ocrx_word' id='word_1_176' title='bbox 422 1284 532 1318; x_wconf 67' lang='lat' dir='ltr'>rcuertendi,</span> <span class='ocrx_word' id='word_1_177' title='bbox 561 1283 675 1319; x_wconf 85' lang='lat' dir='ltr'>Sententiam</span> <span class='ocrx_word' id='word_1_178' title='bbox 690 1295 726 1328; x_wconf 90' lang='lat' dir='ltr'>que</span> <span class='ocrx_word' id='word_1_179' title='bbox 741 1295 797 1328; x_wconf 90' lang='lat' dir='ltr'>super</span> <span class='ocrx_word' id='word_1_180' title='bbox 815 1295 845 1318; x_wconf 92' lang='lat' dir='ltr'>me</span> 
     </span>
     <span class='ocr_line' id='line_1_22' title="bbox 144 1336 845 1381; baseline 0.003 -12"><span class='ocrx_word' id='word_1_181' title='bbox 144 1336 230 1381; x_wconf 86' lang='lat' dir='ltr'>prefinita</span> <span class='ocrx_word' id='word_1_182' title='bbox 245 1342 273 1370; x_wconf 92' lang='lat' dir='ltr'>est</span> <span class='ocrx_word' id='word_1_183' title='bbox 286 1348 297 1370; x_wconf 93' lang='lat' dir='ltr'>a</span> <span class='ocrx_word' id='word_1_184' title='bbox 310 1337 350 1377; x_wconf 93' lang='lat' dir='ltr'>deo,</span> <span class='ocrx_word' id='word_1_185' title='bbox 363 1338 423 1370; x_wconf 89' lang='lat' dir='ltr'>animo</span> <span class='ocrx_word' id='word_1_186' title='bbox 439 1336 492 1370; x_wconf 89' lang='lat' dir='ltr'>hilari</span> <span class='ocrx_word' id='word_1_187' title='bbox 504 1341 523 1370; x_wconf 88' lang='lat' dir='ltr'>et</span> <span class='ocrx_word' id='word_1_188' title='bbox 535 1341 636 1380; x_wconf 88' lang='lat' dir='ltr'>spontaneo</span> <span class='ocrx_word' id='word_1_189' title='bbox 651 1336 742 1380; x_wconf 88' lang='lat' dir='ltr'>patienter</span> <span class='ocrx_word' id='word_1_190' title='bbox 758 1339 845 1380; x_wconf 70' lang='lat' dir='ltr'>expecto?</span> 
     </span>
     <span class='ocr_line' id='line_1_23' title="bbox 145 1388 845 1432; baseline 0 -9"><span class='ocrx_word' id='word_1_191' title='bbox 145 1388 203 1423; x_wconf 85' lang='lat' dir='ltr'>Nobis</span> <span class='ocrx_word' id='word_1_192' title='bbox 211 1394 272 1422; x_wconf 87' lang='lat' dir='ltr'>autem</span> <span class='ocrx_word' id='word_1_193' title='bbox 282 1389 354 1421; x_wconf 90' lang='lat' dir='ltr'>videtur</span> <span class='ocrx_word' id='word_1_194' title='bbox 365 1400 419 1423; x_wconf 88' lang='lat' dir='ltr'>casus</span> <span class='ocrx_word' id='word_1_195' title='bbox 429 1390 461 1423; x_wconf 88' lang='lat' dir='ltr'>ille</span> <span class='ocrx_word' id='word_1_196' title='bbox 471 1391 562 1431; x_wconf 79' lang='lat' dir='ltr'>domus,a</span> <span class='ocrx_word' id='word_1_197' title='bbox 573 1400 645 1423; x_wconf 92' lang='lat' dir='ltr'>summo</span> <span class='ocrx_word' id='word_1_198' title='bbox 655 1389 727 1432; x_wconf 84' lang='lat' dir='ltr'>fastigio</span> <span class='ocrx_word' id='word_1_199' title='bbox 738 1390 845 1431; x_wconf 89' lang='lat' dir='ltr'>corruentis,</span> 
     </span>
     <span class='ocr_line' id='line_1_24' title="bbox 144 1441 845 1486; baseline 0.001 -11"><span class='ocrx_word' id='word_1_200' title='bbox 144 1442 276 1476; x_wconf 86' lang='lat' dir='ltr'>desolationem</span> <span class='ocrx_word' id='word_1_201' title='bbox 295 1441 346 1486; x_wconf 82' lang='lat' dir='ltr'>regni</span> <span class='ocrx_word' id='word_1_202' title='bbox 371 1441 474 1486; x_wconf 86' lang='lat' dir='ltr'>significare</span> <span class='ocrx_word' id='word_1_203' title='bbox 493 1447 535 1486; x_wconf 81' lang='lat' dir='ltr'>post</span> <span class='ocrx_word' id='word_1_204' title='bbox 557 1452 622 1476; x_wconf 88' lang='lat' dir='ltr'>necem</span> <span class='ocrx_word' id='word_1_205' title='bbox 641 1441 692 1484; x_wconf 88' lang='lat' dir='ltr'>eius;</span> <span class='ocrx_word' id='word_1_206' title='bbox 715 1452 783 1476; x_wconf 83' lang='lat' dir='ltr'>cornua</span> <span class='ocrx_word' id='word_1_207' title='bbox 801 1453 845 1476; x_wconf 86' lang='lat' dir='ltr'>vero</span> 
     </span>
     <span class='ocr_line' id='line_1_25' title="bbox 144 1494 845 1539; baseline 0.001 -11"><span class='ocrx_word' id='word_1_208' title='bbox 144 1494 219 1529; x_wconf 88' lang='lat' dir='ltr'>thalami</span> <span class='ocrx_word' id='word_1_209' title='bbox 227 1496 309 1529; x_wconf 89' lang='lat' dir='ltr'>cadendo</span> <span class='ocrx_word' id='word_1_210' title='bbox 319 1496 342 1529; x_wconf 91' lang='lat' dir='ltr'>ad</span> <span class='ocrx_word' id='word_1_211' title='bbox 350 1499 418 1529; x_wconf 90' lang='lat' dir='ltr'>terram</span> <span class='ocrx_word' id='word_1_212' title='bbox 429 1495 526 1538; x_wconf 82' lang='lat' dir='ltr'>confracta,</span> <span class='ocrx_word' id='word_1_213' title='bbox 532 1496 617 1529; x_wconf 86' lang='lat' dir='ltr'>fortitudo</span> <span class='ocrx_word' id='word_1_214' title='bbox 625 1500 653 1529; x_wconf 86' lang='lat' dir='ltr'>est</span> <span class='ocrx_word' id='word_1_215' title='bbox 661 1494 773 1539; x_wconf 88' lang='lat' dir='ltr'>principatus</span> <span class='ocrx_word' id='word_1_216' title='bbox 782 1506 845 1529; x_wconf 90' lang='lat' dir='ltr'>eorum</span> 
     </span>
     <span class='ocr_line' id='line_1_26' title="bbox 118 1547 845 1591; baseline 0.004 -13"><span class='ocrx_word' id='word_1_217' title='bbox 118 1558 136 1587; x_wconf 87' lang='lat'>²5</span> <span class='ocrx_word' id='word_1_218' title='bbox 144 1558 178 1591; x_wconf 89' lang='lat' dir='ltr'>per</span> <span class='ocrx_word' id='word_1_219' title='bbox 186 1552 263 1580; x_wconf 89' lang='lat' dir='ltr'>mortem</span> <span class='ocrx_word' id='word_1_220' title='bbox 272 1548 359 1591; x_wconf 89' lang='lat' dir='ltr'>principis</span> <span class='ocrx_word' id='word_1_221' title='bbox 367 1548 395 1580; x_wconf 88' lang='lat' dir='ltr'>sui</span> <span class='ocrx_word' id='word_1_222' title='bbox 403 1548 508 1581; x_wconf 86' lang='lat' dir='ltr'>conculcata</span> <span class='ocrx_word' id='word_1_223' title='bbox 515 1549 538 1581; x_wconf 89' lang='lat' dir='ltr'>ab</span> <span class='ocrx_word' id='word_1_224' title='bbox 546 1547 624 1581; x_wconf 83' lang='lat' dir='ltr'>inimicis</span> <span class='ocrx_word' id='word_1_225' title='bbox 632 1552 650 1581; x_wconf 90' lang='lat' dir='ltr'>et</span> <span class='ocrx_word' id='word_1_226' title='bbox 657 1547 676 1581; x_wconf 91' lang='lat' dir='ltr'>in</span> <span class='ocrx_word' id='word_1_227' title='bbox 684 1547 761 1581; x_wconf 90' lang='lat' dir='ltr'>nihilum</span> <span class='ocrx_word' id='word_1_228' title='bbox 767 1549 845 1581; x_wconf 85' lang='lat' dir='ltr'>redacta.</span> 
     </span>
     <span class='ocr_line' id='line_1_27' title="bbox 145 1599 845 1644; baseline 0 -10"><span class='ocrx_word' id='word_1_229' title='bbox 145 1599 288 1644; x_wconf 85' lang='lat' dir='ltr'>Sanguinolente</span> <span class='ocrx_word' id='word_1_230' title='bbox 303 1600 391 1634; x_wconf 89' lang='lat' dir='ltr'>lachrime</span> <span class='ocrx_word' id='word_1_231' title='bbox 410 1601 479 1643; x_wconf 89' lang='lat' dir='ltr'>matris,</span> <span class='ocrx_word' id='word_1_232' title='bbox 493 1600 565 1635; x_wconf 91' lang='lat' dir='ltr'>dolores</span> <span class='ocrx_word' id='word_1_233' title='bbox 581 1601 641 1634; x_wconf 90' lang='lat' dir='ltr'>cordis</span> <span class='ocrx_word' id='word_1_234' title='bbox 657 1606 699 1635; x_wconf 89' lang='lat' dir='ltr'>sunt</span> <span class='ocrx_word' id='word_1_235' title='bbox 714 1606 732 1634; x_wconf 90' lang='lat' dir='ltr'>et</span> <span class='ocrx_word' id='word_1_236' title='bbox 747 1600 845 1644; x_wconf 87' lang='lat' dir='ltr'>passiones</span> 
     </span>
     <span class='ocr_line' id='line_1_28' title="bbox 145 1652 846 1696; baseline 0 -9"><span class='ocrx_word' id='word_1_237' title='bbox 145 1663 191 1696; x_wconf 90' lang='lat' dir='ltr'>quos</span> <span class='ocrx_word' id='word_1_238' title='bbox 203 1664 238 1695; x_wconf 89' lang='lat' dir='ltr'>pro</span> <span class='ocrx_word' id='word_1_239' title='bbox 251 1652 351 1686; x_wconf 87' lang='lat' dir='ltr'>amissione</span> <span class='ocrx_word' id='word_1_240' title='bbox 362 1653 394 1686; x_wconf 90' lang='lat' dir='ltr'>filii</span> <span class='ocrx_word' id='word_1_241' title='bbox 406 1655 434 1686; x_wconf 92' lang='lat' dir='ltr'>sui</span> <span class='ocrx_word' id='word_1_242' title='bbox 446 1654 486 1686; x_wconf 92' lang='lat' dir='ltr'>sine</span> <span class='ocrx_word' id='word_1_243' title='bbox 499 1653 635 1687; x_wconf 87' lang='lat' dir='ltr'>intermissione</span> <span class='ocrx_word' id='word_1_244' title='bbox 646 1654 757 1696; x_wconf 90' lang='lat' dir='ltr'>perferebat.</span> <span class='ocrx_word' id='word_1_245' title='bbox 784 1655 846 1688; x_wconf 87' lang='lat' dir='ltr'>Arbor</span> 
     </span>
     <span class='ocr_line' id='line_1_29' title="bbox 145 1705 845 1749; baseline 0.003 -11"><span class='ocrx_word' id='word_1_246' title='bbox 145 1715 222 1749; x_wconf 88' lang='lat' dir='ltr'>procera</span> <span class='ocrx_word' id='word_1_247' title='bbox 233 1710 251 1737; x_wconf 89' lang='lat' dir='ltr'>et</span> <span class='ocrx_word' id='word_1_248' title='bbox 262 1705 322 1748; x_wconf 85' lang='lat' dir='ltr'>longa,</span> <span class='ocrx_word' id='word_1_249' title='bbox 330 1706 379 1749; x_wconf 84' lang='lat' dir='ltr'>regis</span> <span class='ocrx_word' id='word_1_250' title='bbox 390 1716 489 1749; x_wconf 89' lang='lat' dir='ltr'>personam</span> <span class='ocrx_word' id='word_1_251' title='bbox 500 1705 594 1748; x_wconf 85' lang='lat' dir='ltr'>designat3</span> <span class='ocrx_word' id='word_1_252' title='bbox 607 1705 658 1739; x_wconf 84' lang='lat' dir='ltr'>cuius</span> <span class='ocrx_word' id='word_1_253' title='bbox 668 1707 765 1740; x_wconf 90' lang='lat' dir='ltr'>summitas</span> <span class='ocrx_word' id='word_1_254' title='bbox 777 1706 845 1740; x_wconf 82' lang='lat' dir='ltr'>frondi-</span> 
     </span>
     <span class='ocr_line' id='line_1_30' title="bbox 145 1758 846 1803; baseline 0 -10"><span class='ocrx_word' id='word_1_255' title='bbox 145 1760 179 1793; x_wconf 87' lang='lat' dir='ltr'>bus</span> <span class='ocrx_word' id='word_1_256' title='bbox 191 1763 209 1793; x_wconf 92' lang='lat' dir='ltr'>et</span> <span class='ocrx_word' id='word_1_257' title='bbox 220 1758 267 1792; x_wconf 85' lang='lat' dir='ltr'>foliis</span> <span class='ocrx_word' id='word_1_258' title='bbox 279 1758 372 1793; x_wconf 88' lang='lat' dir='ltr'>condensa</span> <span class='ocrx_word' id='word_1_259' title='bbox 383 1764 401 1793; x_wconf 87' lang='lat' dir='ltr'>et</span> <span class='ocrx_word' id='word_1_260' title='bbox 414 1759 433 1792; x_wconf 92' lang='lat' dir='ltr'>in</span> <span class='ocrx_word' id='word_1_261' title='bbox 445 1758 501 1792; x_wconf 90' lang='lat' dir='ltr'>latum</span> <span class='ocrx_word' id='word_1_262' title='bbox 514 1769 602 1803; x_wconf 81' lang='lat' dir='ltr'>expansa,</span> <span class='ocrx_word' id='word_1_263' title='bbox 613 1758 727 1793; x_wconf 88' lang='lat' dir='ltr'>latitudinem</span> <span class='ocrx_word' id='word_1_264' title='bbox 741 1765 846 1793; x_wconf 90' lang='lat' dir='ltr'>sanctarum</span> 
     </span>
     <span class='ocr_line' id='line_1_31' title="bbox 118 1811 846 1855; baseline 0.007 -13"><span class='ocrx_word' id='word_1_265' title='bbox 118 1822 138 1851; x_wconf 72' lang='lat'>30</span> <span class='ocrx_word' id='word_1_266' title='bbox 145 1811 237 1855; x_wconf 88' lang='lat' dir='ltr'>portendit</span> <span class='ocrx_word' id='word_1_267' title='bbox 245 1811 331 1845; x_wconf 90' lang='lat' dir='ltr'>virtutum</span> <span class='ocrx_word' id='word_1_268' title='bbox 339 1822 436 1855; x_wconf 85' lang='lat' dir='ltr'>perquam</span> <span class='ocrx_word' id='word_1_269' title='bbox 444 1817 549 1846; x_wconf 88' lang='lat' dir='ltr'>sanctorum</span> <span class='ocrx_word' id='word_1_270' title='bbox 555 1814 592 1846; x_wconf 90' lang='lat' dir='ltr'>vita</span> <span class='ocrx_word' id='word_1_271' title='bbox 599 1813 702 1847; x_wconf 89' lang='lat' dir='ltr'>adornatur.</span> <span class='ocrx_word' id='word_1_272' title='bbox 718 1812 754 1854; x_wconf 80' lang='lat' dir='ltr'>Qut</span> <span class='ocrx_word' id='word_1_273' title='bbox 762 1813 846 1847; x_wconf 87' lang='lat' dir='ltr'>arborem</span> 
     </span>
     <span class='ocr_line' id='line_1_32' title="bbox 145 1863 846 1909; baseline 0 -10"><span class='ocrx_word' id='word_1_274' title='bbox 145 1864 267 1905; x_wconf 89' lang='lat' dir='ltr'>succidebant,</span> <span class='ocrx_word' id='word_1_275' title='bbox 282 1863 372 1899; x_wconf 88' lang='lat' dir='ltr'>occisores</span> <span class='ocrx_word' id='word_1_276' title='bbox 384 1864 433 1898; x_wconf 89' lang='lat' dir='ltr'>beati</span> <span class='ocrx_word' id='word_1_277' title='bbox 446 1865 526 1899; x_wconf 89' lang='lat' dir='ltr'>martiris</span> <span class='ocrx_word' id='word_1_278' title='bbox 541 1870 598 1899; x_wconf 89' lang='lat' dir='ltr'>erant.</span> <span class='ocrx_word' id='word_1_279' title='bbox 620 1866 702 1899; x_wconf 87' lang='lat' dir='ltr'>Torrens</span> <span class='ocrx_word' id='word_1_280' title='bbox 715 1865 810 1909; x_wconf 84' lang='lat' dir='ltr'>sanguinis</span> <span class='ocrx_word' id='word_1_281' title='bbox 823 1866 846 1899; x_wconf 95' lang='lat' dir='ltr'>de</span> 
     </span>
     <span class='ocr_line' id='line_1_33' title="bbox 145 1916 845 1960; baseline 0.001 -9"><span class='ocrx_word' id='word_1_282' title='bbox 145 1917 216 1952; x_wconf 85' lang='lat' dir='ltr'>succisa</span> <span class='ocrx_word' id='word_1_283' title='bbox 229 1917 299 1959; x_wconf 87' lang='lat' dir='ltr'>arbore,</span> <span class='ocrx_word' id='word_1_284' title='bbox 311 1917 385 1960; x_wconf 84' lang='lat' dir='ltr'>sanguis</span> <span class='ocrx_word' id='word_1_285' title='bbox 399 1916 478 1952; x_wconf 87' lang='lat' dir='ltr'>martiris</span> <span class='ocrx_word' id='word_1_286' title='bbox 492 1918 600 1952; x_wconf 85' lang='lat' dir='ltr'>innocenter</span> <span class='ocrx_word' id='word_1_287' title='bbox 613 1918 683 1953; x_wconf 88' lang='lat' dir='ltr'>effusus</span> <span class='ocrx_word' id='word_1_288' title='bbox 696 1919 776 1953; x_wconf 89' lang='lat' dir='ltr'>creditur</span> <span class='ocrx_word' id='word_1_289' title='bbox 792 1928 845 1952; x_wconf 83' lang='lat' dir='ltr'>esse:</span> 
     </span>
    </p>

    <p class='ocr_par' dir='ltr' id='par_1_4' title="bbox 109 1970 848 2595">
     <span class='ocr_line' id='line_1_34' title="bbox 109 1970 846 2015; baseline 0.003 -12"><span class='ocrx_word' id='word_1_290' title='bbox 109 2008 111 2010; x_wconf 49' lang='grc'><strong>,</strong></span> <span class='ocrx_word' id='word_1_291' title='bbox 144 1970 176 2015; x_wconf 90' lang='lat' dir='ltr'>qui</span> <span class='ocrx_word' id='word_1_292' title='bbox 184 1971 206 2003; x_wconf 89' lang='lat' dir='ltr'>ad</span> <span class='ocrx_word' id='word_1_293' title='bbox 215 1970 304 2003; x_wconf 89' lang='lat' dir='ltr'>orientem</span> <span class='ocrx_word' id='word_1_294' title='bbox 312 1981 386 2004; x_wconf 92' lang='lat' dir='ltr'>cursum</span> <span class='ocrx_word' id='word_1_295' title='bbox 394 1981 448 2004; x_wconf 91' lang='lat' dir='ltr'>suum</span> <span class='ocrx_word' id='word_1_296' title='bbox 457 1971 529 2013; x_wconf 86' lang='lat' dir='ltr'>direxit,</span> <span class='ocrx_word' id='word_1_297' title='bbox 537 1973 610 2014; x_wconf 92' lang='lat' dir='ltr'>quando</span> <span class='ocrx_word' id='word_1_298' title='bbox 621 1972 726 2005; x_wconf 85' lang='lat' dir='ltr'>innocentia</span> <span class='ocrx_word' id='word_1_299' title='bbox 734 1971 799 2005; x_wconf 90' lang='lat' dir='ltr'>mortis</span> <span class='ocrx_word' id='word_1_300' title='bbox 807 1971 846 2005; x_wconf 87' lang='lat' dir='ltr'>eius</span> 
     </span>
     <span class='ocr_line' id='line_1_35' title="bbox 144 2022 846 2068; baseline 0.004 -13"><span class='ocrx_word' id='word_1_301' title='bbox 144 2025 168 2056; x_wconf 94' lang='lat' dir='ltr'>ad</span> <span class='ocrx_word' id='word_1_302' title='bbox 179 2023 234 2055; x_wconf 90' lang='lat' dir='ltr'>deum</span> <span class='ocrx_word' id='word_1_303' title='bbox 244 2022 263 2055; x_wconf 91' lang='lat' dir='ltr'>in</span> <span class='ocrx_word' id='word_1_304' title='bbox 274 2023 318 2063; x_wconf 84' lang='lat' dir='ltr'>ceto,</span> <span class='ocrx_word' id='word_1_305' title='bbox 330 2027 349 2056; x_wconf 91' lang='lat' dir='ltr'>vt</span> <span class='ocrx_word' id='word_1_306' title='bbox 359 2023 457 2056; x_wconf 89' lang='lat' dir='ltr'>vindictam</span> <span class='ocrx_word' id='word_1_307' title='bbox 468 2025 564 2066; x_wconf 86' lang='lat' dir='ltr'>acciperet,</span> <span class='ocrx_word' id='word_1_308' title='bbox 576 2024 665 2058; x_wconf 85' lang='lat' dir='ltr'>clamauit.</span> <span class='ocrx_word' id='word_1_309' title='bbox 688 2024 791 2068; x_wconf 85' lang='lat' dir='ltr'>Columpna</span> <span class='ocrx_word' id='word_1_310' title='bbox 801 2024 846 2059; x_wconf 90' lang='lat' dir='ltr'>lucis</span> 
     </span>
     <span class='ocr_line' id='line_1_36' title="bbox 118 2075 847 2121; baseline 0.003 -13"><span class='ocrx_word' id='word_1_311' title='bbox 118 2084 137 2114; x_wconf 77' lang='lat'>35</span> <span class='ocrx_word' id='word_1_312' title='bbox 146 2085 181 2119; x_wconf 88' lang='lat' dir='ltr'>que</span> <span class='ocrx_word' id='word_1_313' title='bbox 193 2085 252 2118; x_wconf 90' lang='lat' dir='ltr'>vsque</span> <span class='ocrx_word' id='word_1_314' title='bbox 267 2076 286 2108; x_wconf 93' lang='lat' dir='ltr'>in</span> <span class='ocrx_word' id='word_1_315' title='bbox 301 2076 361 2109; x_wconf 91' lang='lat' dir='ltr'>celum</span> <span class='ocrx_word' id='word_1_316' title='bbox 375 2076 490 2117; x_wconf 89' lang='lat' dir='ltr'>tendebatur,</span> <span class='ocrx_word' id='word_1_317' title='bbox 503 2075 575 2109; x_wconf 87' lang='lat' dir='ltr'>claritas</span> <span class='ocrx_word' id='word_1_318' title='bbox 590 2078 680 2110; x_wconf 91' lang='lat' dir='ltr'>bonorum</span> <span class='ocrx_word' id='word_1_319' title='bbox 696 2088 773 2120; x_wconf 91' lang='lat' dir='ltr'>operum</span> <span class='ocrx_word' id='word_1_320' title='bbox 788 2076 847 2121; x_wconf 90' lang='lat' dir='ltr'>ipsius</span> 
     </span>
     <span class='ocr_line' id='line_1_37' title="bbox 146 2126 846 2173; baseline 0.003 -12"><span class='ocrx_word' id='word_1_321' title='bbox 146 2126 259 2171; x_wconf 89' lang='lat' dir='ltr'>exprimitur.</span> <span class='ocrx_word' id='word_1_322' title='bbox 282 2126 336 2168; x_wconf 80' lang='lat' dir='ltr'>Quod</span> <span class='ocrx_word' id='word_1_323' title='bbox 347 2136 368 2160; x_wconf 90' lang='lat' dir='ltr'>se</span> <span class='ocrx_word' id='word_1_324' title='bbox 380 2137 422 2161; x_wconf 89' lang='lat' dir='ltr'>esse</span> <span class='ocrx_word' id='word_1_325' title='bbox 433 2137 487 2161; x_wconf 85' lang='lat' dir='ltr'>auem</span> <span class='ocrx_word' id='word_1_326' title='bbox 498 2127 572 2162; x_wconf 90' lang='lat' dir='ltr'>videbat</span> <span class='ocrx_word' id='word_1_327' title='bbox 582 2128 717 2171; x_wconf 89' lang='lat' dir='ltr'>pulchritudine</span> <span class='ocrx_word' id='word_1_328' title='bbox 729 2129 846 2173; x_wconf 87' lang='lat' dir='ltr'>singularem,</span> 
     </span>
     <span class='ocr_line' id='line_1_38' title="bbox 145 2179 846 2226; baseline 0.004 -12"><span class='ocrx_word' id='word_1_329' title='bbox 145 2181 197 2215; x_wconf 91' lang='lat' dir='ltr'>cuius</span> <span class='ocrx_word' id='word_1_330' title='bbox 216 2180 244 2214; x_wconf 88' lang='lat' dir='ltr'>ale</span> <span class='ocrx_word' id='word_1_331' title='bbox 263 2180 282 2213; x_wconf 90' lang='lat' dir='ltr'>in</span> <span class='ocrx_word' id='word_1_332' title='bbox 301 2179 415 2214; x_wconf 86' lang='lat' dir='ltr'>extremitate</span> <span class='ocrx_word' id='word_1_333' title='bbox 435 2185 486 2214; x_wconf 84' lang='lat' dir='ltr'>erant</span> <span class='ocrx_word' id='word_1_334' title='bbox 504 2191 570 2216; x_wconf 88' lang='lat' dir='ltr'>auree:</span> <span class='ocrx_word' id='word_1_335' title='bbox 593 2180 683 2225; x_wconf 84' lang='lat' dir='ltr'>significat</span> <span class='ocrx_word' id='word_1_336' title='bbox 697 2183 782 2226; x_wconf 91' lang='lat' dir='ltr'>spiritum</span> <span class='ocrx_word' id='word_1_337' title='bbox 801 2182 846 2225; x_wconf 84' lang='lat' dir='ltr'>etus,</span> 
     </span>
     <span class='ocr_line' id='line_1_39' title="bbox 145 2233 847 2279; baseline 0.001 -11"><span class='ocrx_word' id='word_1_338' title='bbox 145 2233 223 2277; x_wconf 80' lang='lat' dir='ltr'>gemmis</span> <span class='ocrx_word' id='word_1_339' title='bbox 233 2233 266 2267; x_wconf 89' lang='lat' dir='ltr'>alis</span> <span class='ocrx_word' id='word_1_340' title='bbox 277 2233 369 2275; x_wconf 88' lang='lat' dir='ltr'>virtutum,</span> <span class='ocrx_word' id='word_1_341' title='bbox 380 2233 476 2268; x_wconf 89' lang='lat' dir='ltr'>dilectione</span> <span class='ocrx_word' id='word_1_342' title='bbox 488 2234 573 2269; x_wconf 91' lang='lat' dir='ltr'>videlicet</span> <span class='ocrx_word' id='word_1_343' title='bbox 583 2235 612 2268; x_wconf 90' lang='lat' dir='ltr'>dei</span> <span class='ocrx_word' id='word_1_344' title='bbox 624 2240 642 2269; x_wconf 90' lang='lat' dir='ltr'>et</span> <span class='ocrx_word' id='word_1_345' title='bbox 653 2235 738 2279; x_wconf 85' lang='lat' dir='ltr'>proximi,</span> <span class='ocrx_word' id='word_1_346' title='bbox 747 2236 847 2270; x_wconf 89' lang='lat' dir='ltr'>circumda-</span> 
     </span>
     <span class='ocr_line' id='line_1_40' title="bbox 146 2285 847 2330; baseline 0.003 -10"><span class='ocrx_word' id='word_1_347' title='bbox 146 2292 190 2327; x_wconf 87' lang='lat' dir='ltr'>tum,</span> <span class='ocrx_word' id='word_1_348' title='bbox 198 2286 327 2329; x_wconf 87' lang='lat' dir='ltr'>splendentem</span> <span class='ocrx_word' id='word_1_349' title='bbox 335 2285 406 2328; x_wconf 87' lang='lat' dir='ltr'>fulgore</span> <span class='ocrx_word' id='word_1_350' title='bbox 414 2291 432 2320; x_wconf 90' lang='lat' dir='ltr'>et</span> <span class='ocrx_word' id='word_1_351' title='bbox 439 2286 480 2320; x_wconf 90' lang='lat' dir='ltr'>luce</span> <span class='ocrx_word' id='word_1_352' title='bbox 488 2287 577 2321; x_wconf 86' lang='lat' dir='ltr'>bonorum</span> <span class='ocrx_word' id='word_1_353' title='bbox 585 2298 668 2330; x_wconf 90' lang='lat' dir='ltr'>operum,</span> <span class='ocrx_word' id='word_1_354' title='bbox 673 2288 740 2330; x_wconf 88' lang='lat' dir='ltr'>quibus</span> <span class='ocrx_word' id='word_1_355' title='bbox 748 2288 766 2322; x_wconf 94' lang='lat' dir='ltr'>in</span> <span class='ocrx_word' id='word_1_356' title='bbox 775 2298 847 2322; x_wconf 89' lang='lat' dir='ltr'>summo</span> 
     </span>
     <span class='ocr_line' id='line_1_41' title="bbox 118 2338 847 2385; baseline 0.001 -11"><span class='ocrx_word' id='word_1_357' title='bbox 118 2353 139 2383; x_wconf 81' lang='lat'>40</span> <span class='ocrx_word' id='word_1_358' title='bbox 146 2339 225 2374; x_wconf 89' lang='lat' dir='ltr'>culmine</span> <span class='ocrx_word' id='word_1_359' title='bbox 236 2339 295 2372; x_wconf 86' lang='lat' dir='ltr'>lucide</span> <span class='ocrx_word' id='word_1_360' title='bbox 307 2338 405 2382; x_wconf 89' lang='lat' dir='ltr'>columpne</span> <span class='ocrx_word' id='word_1_361' title='bbox 416 2338 514 2381; x_wconf 83' lang='lat' dir='ltr'>subleuari,</span> <span class='ocrx_word' id='word_1_362' title='bbox 526 2344 544 2374; x_wconf 93' lang='lat' dir='ltr'>et</span> <span class='ocrx_word' id='word_1_363' title='bbox 555 2341 661 2384; x_wconf 87' lang='lat' dir='ltr'>pertingere</span> <span class='ocrx_word' id='word_1_364' title='bbox 672 2345 736 2383; x_wconf 91' lang='lat' dir='ltr'>posset</span> <span class='ocrx_word' id='word_1_365' title='bbox 746 2341 769 2375; x_wconf 90' lang='lat' dir='ltr'>ad</span> <span class='ocrx_word' id='word_1_366' title='bbox 781 2341 847 2385; x_wconf 86' lang='lat' dir='ltr'>glorio-</span> 
     </span>
     <span class='ocr_line' id='line_1_42' title="bbox 146 2390 847 2427; baseline 0 -1"><span class='ocrx_word' id='word_1_367' title='bbox 146 2403 186 2427; x_wconf 88' lang='lat' dir='ltr'>sam</span> <span class='ocrx_word' id='word_1_368' title='bbox 199 2391 289 2426; x_wconf 85' lang='lat' dir='ltr'>visionem</span> <span class='ocrx_word' id='word_1_369' title='bbox 301 2396 365 2425; x_wconf 88' lang='lat' dir='ltr'>cterne</span> <span class='ocrx_word' id='word_1_370' title='bbox 378 2390 479 2425; x_wconf 88' lang='lat' dir='ltr'>maiestatis</span> <span class='ocrx_word' id='word_1_371' title='bbox 493 2391 528 2426; x_wconf 87' lang='lat' dir='ltr'>dei.</span> <span class='ocrx_word' id='word_1_372' title='bbox 551 2392 626 2426; x_wconf 92' lang='lat' dir='ltr'>Audiuit</span> <span class='ocrx_word' id='word_1_373' title='bbox 640 2392 694 2426; x_wconf 89' lang='lat' dir='ltr'>etiam</span> <span class='ocrx_word' id='word_1_374' title='bbox 707 2403 763 2427; x_wconf 90' lang='lat' dir='ltr'>voces</span> <span class='ocrx_word' id='word_1_375' title='bbox 776 2393 795 2427; x_wconf 92' lang='lat' dir='ltr'>in</span> <span class='ocrx_word' id='word_1_376' title='bbox 808 2393 847 2427; x_wconf 87' lang='lat' dir='ltr'>celo</span> 
     </span>
     <span class='ocr_line' id='line_1_43' title="bbox 146 2443 847 2488; baseline 0.001 -9"><span class='ocrx_word' id='word_1_377' title='bbox 146 2444 219 2479; x_wconf 87' lang='lat' dir='ltr'>celestis</span> <span class='ocrx_word' id='word_1_378' title='bbox 233 2444 296 2488; x_wconf 88' lang='lat' dir='ltr'>glorie,</span> <span class='ocrx_word' id='word_1_379' title='bbox 309 2445 333 2478; x_wconf 93' lang='lat' dir='ltr'>ad</span> <span class='ocrx_word' id='word_1_380' title='bbox 345 2445 410 2487; x_wconf 81' lang='lat' dir='ltr'>gaudia</span> <span class='ocrx_word' id='word_1_381' title='bbox 422 2454 465 2478; x_wconf 92' lang='lat' dir='ltr'>eum</span> <span class='ocrx_word' id='word_1_382' title='bbox 480 2443 571 2478; x_wconf 81' lang='lat' dir='ltr'>felicitatis</span> <span class='ocrx_word' id='word_1_383' title='bbox 586 2450 650 2479; x_wconf 93' lang='lat' dir='ltr'>eterne</span> <span class='ocrx_word' id='word_1_384' title='bbox 664 2444 768 2480; x_wconf 89' lang='lat' dir='ltr'>inuitantes.</span> <span class='ocrx_word' id='word_1_385' title='bbox 792 2446 847 2480; x_wconf 86' lang='lat' dir='ltr'>Mane</span> 
     </span>
     <span class='ocr_line' id='line_1_44' title="bbox 146 2497 847 2541; baseline 0.001 -11"><span class='ocrx_word' id='word_1_386' title='bbox 146 2502 207 2531; x_wconf 89' lang='lat' dir='ltr'>autem</span> <span class='ocrx_word' id='word_1_387' title='bbox 222 2497 269 2530; x_wconf 88' lang='lat' dir='ltr'>sacto</span> <span class='ocrx_word' id='word_1_388' title='bbox 284 2507 327 2530; x_wconf 86' lang='lat' dir='ltr'>cum</span> <span class='ocrx_word' id='word_1_389' title='bbox 345 2498 368 2529; x_wconf 85' lang='lat' dir='ltr'>ad</span> <span class='ocrx_word' id='word_1_390' title='bbox 386 2498 455 2530; x_wconf 90' lang='lat' dir='ltr'>curiam</span> <span class='ocrx_word' id='word_1_391' title='bbox 474 2497 523 2540; x_wconf 87' lang='lat' dir='ltr'>regis</span> <span class='ocrx_word' id='word_1_392' title='bbox 540 2497 582 2530; x_wconf 82' lang='lat' dir='ltr'>offe</span> <span class='ocrx_word' id='word_1_393' title='bbox 598 2497 758 2541; x_wconf 88' lang='lat' dir='ltr'>appropinquaret,</span> <span class='ocrx_word' id='word_1_394' title='bbox 769 2498 847 2531; x_wconf 82' lang='lat' dir='ltr'>Atstrida</span> 
     </span>
     <span class='ocr_line' id='line_1_45' title="bbox 147 2548 848 2595; baseline -0.003 -11"><span class='ocrx_word' id='word_1_395' title='bbox 147 2551 203 2591; x_wconf 82' lang='lat' dir='ltr'>virgo,</span> <span class='ocrx_word' id='word_1_396' title='bbox 211 2554 263 2583; x_wconf 89' lang='lat' dir='ltr'>stans</span> <span class='ocrx_word' id='word_1_397' title='bbox 270 2548 289 2582; x_wconf 93' lang='lat' dir='ltr'>in</span> <span class='ocrx_word' id='word_1_398' title='bbox 297 2549 371 2583; x_wconf 89' lang='lat' dir='ltr'>excelso</span> <span class='ocrx_word' id='word_1_399' title='bbox 382 2549 433 2592; x_wconf 83' lang='lat' dir='ltr'>solio,</span> <span class='ocrx_word' id='word_1_400' title='bbox 442 2559 505 2594; x_wconf 86' lang='lat' dir='ltr'>regem</span> <span class='ocrx_word' id='word_1_401' title='bbox 517 2559 559 2584; x_wconf 91' lang='lat' dir='ltr'>cum</span> <span class='ocrx_word' id='word_1_402' title='bbox 568 2549 692 2594; x_wconf 89' lang='lat' dir='ltr'>pulcherrimo</span> <span class='ocrx_word' id='word_1_403' title='bbox 699 2555 789 2595; x_wconf 89' lang='lat' dir='ltr'>apparatu</span> <span class='ocrx_word' id='word_1_404' title='bbox 796 2548 848 2585; x_wconf 88' lang='lat' dir='ltr'>veni-</span> 
     </span>
    </p>
   </div>
   <div class='ocr_carea' id='block_1_3' title="bbox 166 2609 847 2651">
    <p class='ocr_par' dir='ltr' id='par_1_5' title="bbox 166 2609 847 2651">
     <span class='ocr_line' id='line_1_46' title="bbox 166 2609 847 2651; baseline 0.001 -11"><span class='ocrx_word' id='word_1_405' title='bbox 166 2610 200 2641; x_wconf 79' lang='grc' dir='ltr'>1Ε,</span> <span class='ocrx_word' id='word_1_406' title='bbox 208 2611 312 2649; x_wconf 89' lang='lat' dir='ltr'>eolumpnum.</span> <span class='ocrx_word' id='word_1_407' title='bbox 333 2609 484 2650; x_wconf 64' lang='lat' dir='ltr'>tnnpatererur.</span> <span class='ocrx_word' id='word_1_408' title='bbox 504 2611 538 2642; x_wconf 61' lang='grc' dir='ltr'>9Τ.</span> <span class='ocrx_word' id='word_1_409' title='bbox 545 2620 635 2651; x_wconf 86' lang='lat' dir='ltr'>suppremo.</span> <span class='ocrx_word' id='word_1_410' title='bbox 660 2611 694 2642; x_wconf 67' lang='grc' dir='ltr'>4Τ.</span> <span class='ocrx_word' id='word_1_411' title='bbox 702 2611 720 2643; x_wconf 87' lang='lat' dir='ltr'>E.</span> <span class='ocrx_word' id='word_1_412' title='bbox 728 2612 847 2650; x_wconf 86' lang='lat' dir='ltr'>contemplarer.</span> 
     </span>
    </p>
   </div>
   <div class='ocr_carea' id='block_1_4' title="bbox 0 0 894 2803">
    <p class='ocr_par' dir='ltr' id='par_1_6' title="bbox 0 0 894 2803">
     <span class='ocr_line' id='line_1_47' title="bbox 0 0 894 2803; baseline 0 0"><span class='ocrx_word' id='word_1_413' title='bbox 0 0 894 2803; x_wconf 95' lang='lat' dir='ltr'> </span> 
     </span>
    </p>
   </div>
  </div>
 </body>
</html>
