1762 2803
125 157 168 212 318
183 131 185 136 ’
283 215 284 218 ¹
312 156 395 222 ,nouo
410 153 527 216 tenura
542 155 635 218 auctir.

123 276 143 311 in
153 277 193 312 loco
202 277 227 313 ibi
237 277 340 323 propinquo
348 288 391 313 cum
401 276 440 312 suis
450 278 504 313 sociis
514 278 629 313 mansionem
638 277 685 312 lecit.
709 277 744 311 Per
751 275 825 321 triginta

124 341 183 366 annos
191 330 216 366 ita
223 331 340 366 innocentem
348 330 404 366 vitam
413 331 438 365 ibi
448 331 490 376 egit,
497 337 517 366 vt
524 331 594 366 nemini
603 331 671 366 faceret
681 331 729 374 quod
740 329 775 364 sibi
785 330 826 364 fieri

125 385 186 420 nollet.
209 386 287 420 Carnem
298 384 323 419 ita
334 384 407 419 ieiuniis
418 391 436 420 et
443 384 509 430 vigiliis
521 385 585 420 afflixit
596 389 614 420 et
626 384 693 429 algore,
701 389 720 418 vt
731 383 754 418 ad
766 383 826 429 repri-

125 439 203 473 mendos
215 443 277 474 motus
289 438 362 473 illicitos
373 438 477 483 voluptatis,
490 451 501 474 a
512 438 609 483 gallicantu
621 448 680 483 vsque
693 436 794 471 diluculum
806 437 826 471 in

107 492 211 527 storrentis
223 491 284 525 medio
298 492 359 526 nudus
372 497 493 535 pernoctaret.
522 493 549 527 Ita
564 492 626 536 gulam
642 491 745 533 edomabat,
756 497 776 526 vt
788 501 825 525 non

125 544 185 578 solum
198 543 295 578 deliciosos
307 548 407 588 apparatus
419 555 457 579 non
469 548 560 589 quereret,
571 553 637 579 verum
650 544 706 577 etiarn
720 544 759 577 solo
772 543 827 587 panis

124 597 186 631 edulio
196 597 290 642 gauderet.
317 597 388 632 Diebus
400 597 502 640 dominicis,
517 608 550 641 pro
568 596 672 631 reuerentia
686 596 827 631 resurrectionis

125 650 221 693 dominice,
233 650 306 694 aliquod
317 652 433 695 pulmentum
445 650 507 686 sobrie
520 651 609 695 gustabat,
621 661 658 694 quo
670 648 748 694 depulsa
759 648 827 692 esurie,

125 713 225 737 neruorum
237 703 312 737 ariditas
323 714 334 738 a
344 704 414 738 domini
424 703 487 738 militia
497 704 548 738 illum
560 703 674 738 debilitatum
686 714 723 737 non
735 703 827 737 redderet.

98 762 118 784 10
126 753 215 789 Decursis
223 755 278 797 igitur
286 755 360 798 triginta
369 756 422 790 annis
431 756 511 790 Romam
518 766 597 800 peregre
605 755 737 799 profectu[ru]s
744 757 749 775 ¹
758 766 799 789 cum
807 755 826 788 in

126 807 238 843 Coruubiam
250 818 347 853 regressus
358 808 429 850 suisset,
441 808 530 843 concitato
541 813 638 843 ventorum
652 808 726 842 turbine
739 808 787 842 sacta
799 813 828 843 est

126 860 189 903 pluuia
196 871 264 904 magna
271 862 329 895 valde.
352 862 375 896 Et
387 872 429 895 cunr
439 863 462 895 ob
470 862 505 895 hoc
516 860 612 904 conquesti
623 866 686 895 essent
698 860 782 904 discipuli
793 859 828 902 sui,

126 913 239 959 compescuit
252 923 336 948 murmur
351 924 415 949 eorum
425 914 454 949 vir
467 914 502 957 dei,
513 913 616 958 pollicitans
631 913 650 947 in
665 912 766 946 crastinum
779 913 828 947 aeris

126 967 251 1008 serenitatem,
264 973 282 1002 et
295 968 330 1002 iter
345 968 492 1012 prosperandum
508 967 551 1002 lore.
575 967 598 1002 Et
613 978 654 1002 cum
667 966 685 1001 in
698 966 778 1001 crastino
790 977 827 1001 non

99 1031 118 1061 ¹5
127 1026 218 1054 cessasset
229 1020 297 1063 pluuia,
308 1021 337 1054 vir
348 1020 378 1055 dei
390 1020 438 1065 cepit
449 1026 520 1055 mestus
532 1020 578 1062 fieri,
590 1031 647 1065 seque
658 1019 719 1064 ipsum
730 1031 828 1064 presump-

126 1074 181 1107 tionis
192 1082 275 1116 arguere,
288 1074 348 1117 quodl
359 1073 413 1107 aliter
425 1079 475 1109 esset
487 1073 579 1118 pollicitus
590 1083 646 1117 quam
658 1074 705 1107 deus
717 1073 829 1116 prouiderat.

127 1126 195 1160 Sedata
202 1126 278 1160 tandem
285 1130 395 1169 tempestate
403 1127 433 1160 die
440 1126 499 1168 tertia,
509 1127 570 1171 palam
579 1136 600 1160 se
611 1125 690 1160 Romam
702 1126 828 1169 profecturum

126 1178 223 1213 confitetur
234 1189 256 1211 eo
268 1179 316 1222 quod
328 1178 391 1223 lingua
402 1179 511 1214 temerarius
522 1179 607 1213 extiterat
619 1184 637 1213 et
648 1179 739 1212 aduersus
750 1178 780 1212 dei
791 1178 828 1212 dis-

126 1231 237 1274 positionem
246 1230 292 1264 falso
300 1231 448 1275 prophetauerat.
467 1231 508 1274 Quo
517 1243 558 1266 cum
566 1231 688 1275 peruenisset,
693 1236 711 1265 et
719 1230 758 1266 loca
765 1236 828 1265 sancta

100 1298 119 1317 πο
127 1283 224 1323 visitasset,
233 1282 351 1317 Hierusalem
358 1294 417 1327 usque
429 1283 556 1327 proficiscitur.
579 1284 663 1327 Cumque
674 1284 697 1317 ad
709 1284 828 1326 sepulchrum

127 1336 196 1371 domini
203 1337 243 1382 pias
251 1347 317 1381 preces
325 1336 403 1370 fudisset
411 1341 429 1371 et
435 1335 538 1378 lachrimas,
543 1346 609 1371 versus
616 1335 687 1370 indiam
695 1336 729 1370 iter
735 1340 828 1370 maturare

127 1389 181 1435 cepit.
204 1390 240 1424 Per
250 1390 330 1434 plurima
342 1391 417 1425 tandem
427 1390 519 1425 latronum
530 1389 664 1434 fluminumque
675 1388 757 1433 pericula
767 1388 829 1423 orien-

127 1444 183 1477 talem
190 1453 249 1487 vsque
257 1443 370 1486 perueniens
377 1453 483 1484 occeanum,
491 1444 548 1477 multa
555 1443 649 1477 confectus
659 1442 767 1477 lassitudine
777 1442 829 1477 solus

129 1496 215 1530 dormiuit
224 1495 243 1528 in
252 1495 318 1529 littore.
341 1495 435 1539 Euigilans
445 1500 506 1530 autem
517 1506 528 1530 a
539 1506 623 1540 sompno,
631 1495 676 1531 uidit
683 1506 716 1530 vas
728 1496 751 1529 ad
762 1506 783 1530 se
794 1506 829 1538 per

102 1563 121 1593 25
129 1558 180 1581 mare
188 1549 290 1588 aduectum,
298 1547 346 1581 intro
354 1548 439 1589 lucidum,
444 1548 498 1582 vnius
506 1548 621 1582 solummodo
629 1559 687 1591 capax
695 1548 779 1582 hominis.
805 1548 829 1582 Et

128 1601 202 1634 intuens
210 1610 249 1642 vas,
257 1601 372 1634 confidenter
381 1600 401 1634 in
410 1600 455 1634 illud
465 1601 560 1644 ingressus
570 1605 609 1635 est:
621 1606 640 1634 et
647 1601 686 1635 solo
695 1600 750 1635 maris
758 1600 828 1644 impetu

127 1653 168 1688 sine
179 1663 230 1688 remo
242 1657 362 1690 transuectus,
369 1658 387 1687 et
398 1653 473 1698 remige,
485 1653 545 1687 insule
556 1652 628 1687 cuidam
640 1653 688 1687 letus
698 1653 790 1697 applicuit,
798 1653 829 1688 vbi

128 1711 200 1750 septem
211 1705 264 1740 annis
276 1706 437 1750 contemplatiuam
448 1706 485 1750 egit
496 1707 558 1748 vitam,
566 1717 602 1741 vno
614 1711 684 1740 tantum
695 1706 747 1750 pisce
758 1712 829 1751 pastus,

127 1759 178 1794 horis
189 1759 262 1794 interim
269 1759 365 1803 oportunis
373 1758 460 1794 diuinitus
468 1759 558 1803 apposito.
581 1759 658 1793 Peracto
666 1764 726 1793 autem
738 1759 829 1803 septennii

100 1828 119 1856 50
127 1813 195 1856 spacio,
203 1813 280 1856 angelus
288 1812 357 1846 domini
365 1812 384 1846 in
392 1814 476 1856 sompnis
483 1813 500 1847 ei
508 1812 564 1847 astitit
574 1812 649 1847 dicens:
662 1812 713 1857 ‘Age
724 1813 766 1854 iam,
774 1823 829 1847 serue

127 1865 157 1898 dei
166 1865 247 1905 Petroce,
255 1865 373 1908 proficiscere
381 1870 399 1898 te
407 1865 457 1899 iubet
468 1865 559 1907 dominus,
568 1864 619 1898 cuius
629 1870 675 1899 nutu
685 1866 741 1908 piscis
751 1865 782 1899 ille
792 1876 829 1909 quo

126 1922 145 1951 te
160 1923 231 1961 septem
247 1916 300 1952 annis
315 1917 371 1961 pauit,
384 1922 434 1952 totus
449 1921 505 1951 restat
519 1916 597 1961 integer,
610 1922 629 1951 et
641 1927 674 1952 vas
690 1927 726 1961 quo
741 1918 829 1952 aduectus

127 1970 188 2005 fueras
199 1980 296 2005 recessuro
307 1976 370 2015 presto
382 1975 415 2006 est.
437 1970 473 2006 Vbi
480 1981 525 2005 vero
537 1980 588 2005 mare
597 1970 698 2012 transieris,
706 1982 748 2004 cum
759 1970 829 2011 baculo,

127 2034 182 2067 quem
191 2034 232 2057 cum
242 2023 309 2057 melote
319 2023 426 2067 reliqueras,
434 2024 551 2058 assistentem
562 2024 626 2067 lupum
635 2024 724 2067 reperies,
732 2034 787 2068 quem
796 2023 829 2057 tibi

100 2094 119 2122 35
127 2076 213 2110 dominus
225 2076 314 2120 collegam
326 2076 367 2110 uie³
378 2076 484 2121 preparabit
496 2076 586 2120 preuium,
598 2077 657 2111 donec
669 2081 722 2110 notas
735 2076 754 2110 in
767 2082 829 2121 partes

127 2129 236 2172 peruenias!
259 2129 351 2162 Omnibus
361 2135 381 2162 vt
393 2130 415 2162 ab
427 2130 493 2172 angelo
505 2130 573 2162 dictum
584 2129 644 2162 suerat
655 2129 739 2172 repertis,
751 2129 770 2163 in
782 2130 830 2164 occi-

127 2181 221 2215 dentalem
229 2179 342 2215 Britanniam
349 2181 439 2225 peruenit.
460 2182 558 2225 Regnabat
566 2192 589 2215 eo
596 2186 681 2224 tempore
689 2181 793 2225 Tenduru‘s,
800 2182 830 2217 vir

128 2240 181 2269 atrox
194 2237 213 2269 et
226 2233 276 2267 ferus
287 2233 374 2278 moribus,
387 2233 418 2279 qui
429 2235 453 2269 ad
464 2234 525 2268 surum
539 2244 607 2279 penam
618 2240 637 2269 et
648 2244 722 2268 reorum
734 2234 829 2280 supplicia,

128 2287 186 2321 effera
197 2286 293 2329 tirannide,
302 2292 399 2330 serpentes
408 2293 426 2321 et
433 2298 492 2331 genus
504 2298 559 2322 omne
566 2287 657 2322 vermium
668 2287 774 2322 nocentium
786 2299 830 2323 con-

100 2357 120 2388 40
128 2339 200 2385 gregari
208 2338 227 2373 in
236 2339 296 2374 lacum
304 2340 377 2374 lecerat.
396 2340 437 2382 Quo
445 2345 522 2382 mortuo,
528 2350 570 2374 cum
578 2340 627 2375 filius
635 2339 665 2385 qui
674 2340 690 2375 ei
698 2342 787 2375 successit
794 2342 829 2377 hoc

128 2391 215 2426 tormenti
222 2402 281 2435 genus
289 2393 386 2433 inhiberet,
394 2393 498 2426 huiusmodi
506 2399 604 2437 serpentes
611 2394 689 2428 famelici
694 2394 701 2413 ⁴
706 2394 830 2439 insurgentes,

128 2445 237 2479 alterutrum
245 2454 288 2477 sese
296 2444 366 2478 crebris
373 2446 503 2488 congressibus
511 2447 567 2479 dente
578 2445 633 2480 liuido
644 2446 764 2488 attriuerunt;
776 2453 795 2481 vt
805 2449 830 2482 de

127 2503 178 2532 tanto
188 2508 266 2532 numero
278 2496 338 2531 solum
345 2508 392 2533 unus
404 2502 514 2542 remaneret,
522 2499 630 2542 horrendus,
638 2498 709 2534 enormi
720 2510 802 2544 corpore,
811 2505 830 2535 et

128 2552 174 2587 rIctu
189 2561 284 2586 venenoso
299 2551 380 2594 pecudes
395 2550 517 2596 hominesque
531 2552 582 2587 seuis
596 2553 680 2588 saucibus
697 2552 778 2588 laniaret.
806 2553 830 2588 Et

147 2615 182 2648 ιΤ,
190 2615 207 2646 Ε.
217 2614 301 2653 proiectus.
331 2613 427 2655 'Bollqui
460 2616 534 2648 ³E.me.
566 2615 830 2656 ⁴⁵0T.,E.samelieiserpentes.
