1762 2803
240 110 286 167 Bc
301 109 403 163 sancta
418 108 520 168 uritis.
687 124 730 169 235

29 233 79 278 pulit.
103 233 170 278 Sicque
178 233 237 278 capite
245 239 343 277 amputato,
350 244 394 268 mox
401 233 454 277 virgo
462 233 542 277 erigitur,
550 237 568 267 et
575 236 629 276 caput
638 231 657 266 in
665 236 732 266 terram

29 288 130 332 collapsum
137 287 222 322 manibus
228 287 324 332 arripiens,
329 291 378 321 recto
383 296 449 330 gressu
455 285 514 321 firmis
519 285 601 330 vestigiis
606 285 733 330 progrediens,

28 351 88 385 usque
98 341 121 374 ad
130 340 226 375 ecclesiam
235 339 359 384 apostolorum
368 339 416 374 Petri
424 346 443 375 et
451 339 507 382 Pauli,
515 351 526 374 a
534 340 574 373 loco
581 339 673 383 passionis
680 338 733 383 quasi

29 404 64 437 per
71 393 105 428 tria
113 394 171 428 stadia
176 394 280 433 distantem,
286 394 368 435 angelico
375 393 431 426 ductu
436 392 526 436 peruenit.
546 392 629 435 Cumque
637 392 659 424 ad
666 391 732 424 ostium

30 446 107 480 ecclesie
121 445 240 480 subsisteret¹
253 446 374 486 obserratum,
387 444 473 480 manibus
485 444 590 483 cruentatis,
602 444 653 489 quasi
665 449 685 478 vt
698 443 750 483 sibis

30 499 138 544 aperiretur,
146 499 213 535 ostium
222 499 304 545 pulsans,
310 498 405 543 sanguinis
412 498 490 544 vestigia
497 502 516 533 ln
524 510 547 533 eo
554 498 633 543 reliquit,
640 503 657 532 et
665 498 733 532 ibidem

30 554 53 588 ad
62 558 130 588 terram
141 553 212 587 cecidit.
236 553 257 587 In
267 552 307 587 loco
318 558 378 587 autem
386 552 417 586 vbi
429 553 509 597 gloriosa
515 554 567 597 virgo
575 552 670 596 capitalem
679 550 734 585 subiit

30 605 147 649 sententiam,
154 606 196 640 fons
203 606 275 640 lucidus
282 605 347 650 erupit,
352 605 408 639 variis
415 606 522 639 morborum
530 605 629 649 generibus
636 604 734 638 sanitatem

30 660 116 702 prebens.
150 652 233 693 2Audito
241 664 302 693 autem
308 658 386 702 virginis
391 664 453 692 sancte
461 658 547 699 martirio,
554 664 606 702 pater
611 657 652 691 eius
659 657 734 691 Frethc·

30 711 101 745 waldus
109 721 143 745 rex
150 717 169 744 et
174 710 271 756 Wilburga
278 722 325 744 vxor
332 711 372 745 eius
380 710 468 755 precipuo
476 709 568 745 desiderio
576 709 672 744 estuabant
677 715 697 743 vt
704 708 734 744 vel
744 718 762 739 10

31 764 109 798 truncati
121 764 203 809 corporis
215 764 292 809 pignore
303 775 363 809 penes
374 775 407 798 eos
418 764 502 808 deposito
514 763 606 805 consolati,
618 763 686 798 doloris
698 763 734 797 iac·

31 823 91 851 turam
104 818 221 853 redimerent.
245 818 328 861 Cumque
340 827 407 861 corpus
418 823 481 852 sancte
492 816 568 861 virginis
579 817 602 850 ad
615 827 647 850 eos
660 816 734 850 allatum

31 875 86 913 esset,
94 870 113 904 in
121 870 198 905 ecclesia
206 871 229 904 de
236 870 338 914 Aylesbiry
345 880 387 904 cum
395 880 461 913 magno
469 870 539 904 honore
548 870 567 903 in
576 869 640 903 locello
648 870 735 914 plumbeo

31 924 148 959 collocarunt.
194 916 278 958 Peractis
286 929 346 957 autem
354 923 417 957 multis
425 929 468 967 post
476 924 510 958 hec
517 923 536 957 in
545 924 610 958 eodem
619 923 659 957 loco
665 923 735 957 meritis

31 982 95 1010 sancte
109 976 186 1020 virginis
203 977 302 1018 miraculis,
318 976 389 1011 cuidam
405 976 456 1011 fabro
470 976 490 1011 in
505 976 545 1011 visu
561 977 645 1021 apparuit
659 976 762 1015 dieen5215

32 1029 102 1075 ‘Surge
117 1034 136 1064 et
146 1031 193 1065 vade
209 1029 232 1064 ad
247 1029 344 1064 ecclesiam
355 1030 459 1072 Ailesbirie,
472 1036 490 1065 et
504 1030 570 1065 tollens
582 1030 661 1064 loculum
672 1029 735 1063 illum³

32 1084 139 1127 plumbeum
154 1083 174 1117 in
189 1094 225 1128 quo
244 1088 287 1118 sunt
306 1094 349 1117 ossa
367 1094 414 1125 mea,
429 1089 447 1117 et
463 1094 510 1127 equo
525 1089 578 1118 caute
593 1083 696 1127 imponens,
711 1083 734 1116 ad

32 1136 129 1170 ecclesiam
141 1136 259 1170 chichensem
271 1136 342 1170 deferre
354 1146 390 1170 non
403 1136 482 1170 differas.
505 1136 529 1170 Et
540 1147 564 1170 ne
576 1137 599 1170 de
610 1136 673 1170 labore
684 1141 735 1170 tanto

32 1188 111 1230 diffidas,
123 1199 165 1223 cum
176 1188 211 1223 iter
222 1199 321 1234 aggressus
332 1188 393 1232 fueris,
405 1189 424 1224 in
435 1190 465 1224 vie
476 1189 539 1224 labore
550 1194 568 1223 et
582 1188 653 1223 sarcine
667 1188 735 1222 sudore

32 1242 131 1277 releuatrix
145 1253 177 1277 ero
191 1247 209 1277 et
223 1242 313 1277 adiutrix!
336 1242 381 1276 Post
395 1241 462 1276 trinam
474 1254 519 1277 vero
534 1244 667 1287 apparitionem
681 1248 735 1276 nocte
744 1253 763 1274 ιο

32 1296 111 1340 quadam
130 1301 195 1330 nactus
213 1295 372 1340 oportunitatem⁴,
387 1296 484 1330 ecclesiam
502 1296 604 1338 ingressus,
623 1296 735 1330 excubantes

33 1359 99 1392 sopore
109 1355 195 1394 granatos
206 1348 280 1390 inuenit,
289 1349 368 1383 loculum
379 1349 486 1392 plumbeum
498 1350 521 1382 de
532 1355 582 1383 terra
593 1349 677 1382 euulsum
689 1360 736 1392 equo

33 1401 121 1444 imposuit
134 1406 152 1435 et
165 1401 214 1435 abiit.
237 1401 293 1435 illane
308 1400 355 1434 sacto
369 1400 477 1444 euigilantes
492 1402 583 1444 custodes,
596 1400 680 1435 excitatis
693 1410 735 1435 con·

33 1453 116 1497 uicaniis,
131 1453 232 1498 platearum
247 1453 355 1488 diuerticula
370 1459 388 1488 et
403 1454 476 1489 callium
494 1460 565 1489 secreta
584 1454 693 1498 compendia
711 1453 736 1487 ri·

33 1513 111 1549 mantur‚
127 1507 143 1541 si
160 1508 212 1550 forte,
227 1518 282 1552 quem
298 1508 462 1552 persequebantur,
477 1508 635 1553 comprehendere
653 1513 736 1553 possent.
745 1522 763 1552 ²5

33 1561 118 1605 Cumque
131 1561 183 1596 faber
195 1561 226 1595 ille
239 1561 335 1595 hominum
348 1567 439 1596 cateruam
453 1562 602 1606 appropinquare
615 1562 736 1606 conspiceret,

33 1614 75 1648 fusa
90 1615 113 1648 ad
129 1614 184 1648 deum
200 1619 218 1648 et
233 1615 256 1648 ad
268 1613 359 1657 uirginem
374 1619 456 1648 sanctam
471 1625 532 1658 prece,
545 1619 678 1659 persequentes
693 1625 736 1648 eum

34 1667 102 1701 mentis
113 1667 222 1701 alienatione
230 1668 360 1711 oculorumque
367 1673 443 1710 stupore
451 1667 529 1702 mirabili
536 1669 625 1711 percussi,
631 1669 654 1701 ad
662 1669 737 1711 propria

33 1719 86 1753 vacui
100 1720 199 1753 redierunt.
222 1719 283 1753 Faber
293 1730 337 1753 vero
349 1730 391 1754 cum
402 1719 484 1764 reliquiis
497 1725 560 1755 sancte
571 1719 647 1764 virginis
660 1730 701 1754 cum
713 1720 736 1754 ad

34 1772 131 1814 ecclesiam
140 1773 258 1807 chichensem
266 1772 387 1816 peruenisset,
394 1772 494 1807 Mauricius
503 1773 630 1808 londoniensis
638 1774 736 1818 episcopus
744 1788 764 1817 30

34 1824 53 1858 in
68 1825 137 1860 scrinio
152 1825 236 1870 precioso
255 1825 342 1871 reliquias
360 1832 434 1861 sanctas
453 1837 494 1862 cum
510 1827 579 1862 honore
595 1827 699 1869 collocauit3
718 1832 736 1861 et

35 1878 120 1913 roffensis
131 1879 230 1924 episcopus
241 1878 309 1914 ibidem
320 1890 398 1924 presens
408 1891 419 1914 a
429 1881 480 1925 graui
490 1892 527 1925 qua
537 1881 652 1916 detinebatur
661 1881 736 1914 infirmi·

34 1935 71 1966 tate
78 1932 136 1967 curari
143 1932 225 1967 meruit²¹
258 1925 309 1968 Cum
316 1933 390 1978 quidam
396 1939 451 1968 naute
458 1935 549 1978 quoddam
556 1934 633 1968 frustum
640 1933 736 1968 marmoris

35 1986 58 2020 de
68 1987 139 2030 porticu
150 1986 228 2021 ecclesie
237 1991 301 2020 sancte
309 1986 374 2021 Osithe
384 1987 431 2021 clam
442 1998 504 2021 secum
515 1987 613 2030 auferrent,
621 1987 709 2028 nauicula,
717 1987 736 2021 in

35 2050 71 2083 qua
78 2040 156 2074 frustum
164 2045 203 2073 erat
211 2039 297 2083 positum,
303 2039 353 2073 velut
360 2045 409 2074 terre
418 2040 455 2074 fixa
462 2040 560 2073 immobilis
568 2045 612 2081 erat,
619 2040 677 2073 donec
685 2045 737 2073 reatu
745 2051 764 2081 35

35 2092 108 2135 cognito
117 2093 195 2126 frustum
205 2093 249 2126 illud
258 2093 281 2126 ad
289 2093 386 2126 ecclesiam
396 2093 419 2126 de
430 2104 466 2137 qua
477 2098 516 2126 erat
528 2093 620 2128 ablatum⁶
629 2092 738 2128 attulissent.

38 2137 134 2180 “Clericus
142 2145 217 2189 quidam
224 2151 266 2179 uoto
274 2144 351 2189 simplici
357 2146 376 2179 in
385 2146 496 2180 monasterio
505 2151 569 2180 sancte
577 2145 642 2181 Osithe
650 2145 737 2190 virginis⁷

37 2198 118 2233 habiturn
131 2198 224 2243 religionis
236 2199 331 2243 suscipere
342 2200 462 2244 spospondit:
478 2200 631 2244 propositumque
644 2200 737 2235 arridente

36 2251 109 2286 fortuna
117 2252 209 2294 differens,
218 2254 240 2286 ad
249 2259 332 2287 extrema
339 2253 375 2286 vite
383 2254 442 2287 morbi
450 2260 537 2297 grauatus
546 2254 630 2288 molestia
638 2253 738 2288 deducitur.

37 2304 70 2339 Cui
86 2311 149 2340 sancta
162 2316 254 2349 apparens
267 2306 332 2341 Ositha
347 2307 383 2342 ait:
401 2306 458 2349 ‘Quid
472 2308 562 2351 estquod
575 2313 612 2341 tam
626 2306 696 2340 solicite
708 2317 738 2340 me
746 2319 766 2348 40

36 2359 123 2393 inuocas?
146 2359 246 2403 Nunquid⁸
259 2359 359 2394 meministi
374 2359 417 2404 quid
432 2359 464 2393 tibi
478 2359 553 2394 fecerim
566 2366 630 2404 quarto
642 2369 691 2393 anno
701 2359 738 2393 iam

37 2411 112 2455 elapso?
135 2411 181 2446 Cum
193 2417 287 2455 egrotares
298 2413 353 2447 morti
363 2413 439 2456 vicinus,
452 2424 493 2449 eum
505 2413 630 2448 satisfacerem
642 2412 684 2448 huic
696 2422 739 2457 pro·

57 2496 63 2515 ¹
73 2497 91 2527 T.
98 2498 186 2528 susisteret.
257 2497 282 2516 ²*
293 2497 318 2528 All
326 2499 357 2528 this
364 2498 378 2528 is
384 2498 457 2536 wanting
463 2499 479 2528 in
487 2499 521 2529 llIS.
530 2498 576 2528 Bodf.
641 2497 647 2515 ³
657 2507 689 2527 om.
696 2497 712 2526 in
720 2497 738 2528 T.

37 2536 42 2553 ¹
51 2536 70 2567 T.
78 2543 125 2567 nacta
132 2537 243 2575 oportunitate.
290 2537 296 2554 ⁵
306 2538 324 2568 T.
331 2538 386 2567 ablata.
432 2538 438 2557 ⁰
448 2539 482 2567 The
489 2543 523 2568 rest
529 2538 543 2567 is
550 2538 621 2574 wanting
628 2537 644 2566 in
652 2537 686 2566 tus
694 2537 739 2566 Bodi.

36 2573 131 2607 ⁷om.inT.
196 2576 306 2606 Β5,Αηηοιι.
