1762 2803
275 108 320 163 ΕΒ
335 106 437 160 &dulia
453 106 552 165 diflitbfl.
719 122 760 166 311

62 235 137 265 exarata
147 230 211 265 vrdere
222 230 287 272 merui,
299 229 419 264 edificationis
431 235 449 264 et
461 229 523 265 notitie
537 229 595 275 gratia
608 229 666 265 literis
676 231 763 264 mandare

61 283 134 318 decreui
139 283 150 316 ¹.

135 336 182 377 (The
189 335 220 369 lise
228 336 248 369 os
258 336 320 379 Edgar
327 346 361 369 rex
369 341 387 370 et
395 335 442 370 cons.
450 335 467 370 is
474 337 571 380 appended
579 341 596 371 at
604 336 636 371 the
644 336 693 378 end.)

169 463 184 498 li
197 455 230 496 DE
242 472 313 495 SANCTA
326 454 404 495 Eorrlta
415 471 491 495 vmolnr:
502 472 525 495 m·
536 460 655 496 hasartssa².

65 535 144 613 BEata
159 534 211 580 virgo
225 534 291 569 Editha
304 533 342 568 lilia
355 533 388 568 suit
404 533 471 578 Edgari
486 533 540 579 regis,
555 540 573 569 et
588 533 703 575 Wlstrudis³,
718 533 763 577 regii

120 588 172 622 ducis
187 588 229 630 filie,
245 598 300 632 quarn
315 598 349 622 rex
364 588 491 621 insolubilibus
505 588 552 622 votis
567 599 625 631 regno
640 587 710 621 sociare
727 586 763 621 dis-

62 646 158 686 posuerat3
171 641 204 675 sed
212 646 266 685 partu
275 641 366 686 explicito,
374 646 425 675 caste
432 640 500 681 viuere,
508 651 562 684 quam
570 640 661 675 illecebris
669 639 763 675 deseruire
772 649 781 680 5

62 694 130 735 maluit,
149 699 226 739 propter
245 695 305 736 deum,
324 694 442 739 habitumque
463 693 569 728 monialium
588 694 611 728 de
630 704 685 728 manu
704 693 763 727 sancti

63 747 172 781 Ethelwoldi
191 747 273 791 episcopi
292 748 341 791 apud
356 747 463 781 Wiltoniam
487 746 572 790 suscepit,
591 752 609 781 et
627 746 724 781 virtutibus
744 752 762 781 et

62 800 154 843 exemplis
172 800 276 843 proficiens,
295 800 396 844 virginibus
420 804 479 833 mater
497 798 596 844 spiritualis
619 799 666 833 effici
691 798 763 833 meruit.

62 853 129 888 Sancta
140 864 184 887 vero
196 852 263 887 Editha
274 854 309 887 sub
321 858 403 887 materna
416 863 459 887 cura
472 852 540 895 relicta,
551 853 574 886 de
585 862 676 886 consensu
687 853 762 886 tandem

62 905 112 948 regis
120 905 139 938 in
147 907 213 939 eodem
221 905 332 939 monasterio
342 906 424 939 habitum
433 905 526 948 religionis
534 904 627 948 suscepit;
639 916 693 948 quam
705 910 763 938 mater
773 916 792 937 ro

61 969 99 992 non
111 968 156 993 auro
166 958 196 993 et⁴
205 950 304 993 monilibus
313 955 345 992 acl
355 956 405 992 vario
416 962 487 999 ornatu,
497 957 530 992 sed
539 956 639 991 litterarum
647 966 668 991 ac
675 956 763 991 virtutum

61 1011 128 1052 decore
138 1022 204 1045 ornare
215 1012 289 1046 studuit.
313 1011 364 1046 Inter
374 1011 430 1046 multa
442 1017 503 1046 autem
515 1017 619 1044 sanctorum
631 1009 763 1055 exemplaque

61 1064 112 1098 libris
131 1064 208 1109 legebat,
223 1064 307 1109 interque
326 1063 419 1108 presentia
437 1068 542 1098 sanctorum
558 1068 576 1098 et
591 1063 672 1098 maxime
688 1063 763 1107 propin-

61 1128 139 1161 quorum
150 1117 278 1162 religiosorum
289 1117 363 1158 lumina,
374 1117 451 1152 vicinius
462 1118 596 1152 accendebatur
606 1116 690 1161 virginali
702 1117 763 1162 palma

61 1170 177 1204 sanctissime
187 1170 254 1204 amite⁰
262 1181 295 1204 sue
306 1170 378 1212 Edithe,
387 1170 455 1214 Edgari
463 1170 512 1214 regis
519 1170 577 1214 patris
587 1170 615 1205 sui
624 1180 718 1214 germane,
726 1180 762 1214 que
773 1180 791 1211 ¹⁵

61 1223 80 1256 in
90 1223 201 1257 monasterio
211 1223 349 1265 Pollesworth⁷‚
360 1222 454 1266 prouincie
465 1222 569 1265 Warwrcr,
579 1222 686 1257 meritorum
698 1221 762 1265 signis,

62 1275 108 1309 sicut
122 1280 140 1309 et
153 1276 194 1319 ipsa
204 1275 298 1316 Wiltonie,
309 1275 386 1310 refulsit.
408 1275 506 1308 Sororibus
518 1275 567 1309 enim
580 1274 677 1316 Martham,
689 1274 763 1308 Christo

62 1338 83 1361 se
93 1327 166 1371 prebuit
177 1327 259 1362 Mariam.
276 1327 357 1371 Singulis
369 1328 388 1361 in
400 1328 520 1362 ministrando
531 1327 657 1368 inclinabatur,
668 1333 686 1361 et
697 1337 763 1361 omnes

62 1380 145 1423 hospites
153 1380 172 1413 in
181 1380 249 1413 Christi
259 1381 330 1414 viscera
341 1380 454 1423 amplexans,
463 1380 489 1414 sic
497 1380 592 1415 abstinens
600 1390 620 1414 ac
628 1380 644 1414 si
652 1380 762 1423 epularetur,

61 1432 88 1468 sic
107 1433 185 1476 epulans
199 1439 219 1467 vt
234 1433 322 1476 fragilitas
340 1439 450 1475 seruaretur,
466 1432 545 1467 terrenis
563 1432 656 1467 fauoribus
669 1431 762 1473 valedixit,
772 1442 792 1464 ao

61 1485 152 1529 languidis
159 1496 180 1519 ac
190 1486 281 1520 destitutis
292 1496 313 1520 se
324 1486 420 1529 impendit,
428 1491 446 1520 et
453 1486 502 1529 regis
511 1485 559 1519 natis
569 1486 653 1530 leprosos
662 1484 763 1529 preposuit.

61 1539 134 1580 Quanto
145 1539 223 1583 quisque
235 1539 358 1583 apparuerat
366 1539 436 1573 morbis
447 1538 551 1580 deformior,
563 1544 613 1574 tanto
624 1538 659 1573 hec
670 1538 764 1572 offertur¹⁰

61 1591 172 1635 benignitate
183 1592 327 1637 compatientior‚
336 1598 355 1626 et
364 1593 451 1627 famulatu
461 1592 552 1628 suffusior.
575 1592 645 1627 Oculus
656 1602 740 1627 cecorum
747 1591 763 1633 ¹¹,

62 1644 136 1679 baculus
145 1645 238 1687 debilium,
246 1645 303 1679 vestis
311 1651 329 1679 et
337 1645 422 1679 alimonia
430 1645 556 1689 indigentium,
561 1651 616 1689 atque
623 1645 705 1679 omniurn
711 1646 763 1680 deso·

61 1697 139 1731 latorum
145 1698 204 1732 extitit
210 1698 300 1732 solatium.
320 1698 383 1732 Cilicio
389 1699 491 1742 asperrimo
497 1700 520 1733 ad
526 1709 601 1733 carnem
607 1699 695 1739 vtebatur,
701 1698 763 1732 nitidis
773 1711 792 1742 ²5

61 1750 143 1783 vestibus
158 1750 261 1793 superius¹²
276 1751 367 1784 decoratis
373 1752 391 1793 (t)
398 1751 416 1784 ¹³.
438 1750 492 1785 Vnde
505 1761 547 1785 cum
558 1753 623 1785 beatus
637 1751 764 1785 Ethelwoldus

61 1800 133 1836 videret
141 1801 190 1835 illam
202 1813 244 1836 curn
255 1802 347 1837 ornatiore
359 1802 422 1836 habitu
433 1802 531 1846 aliquando
542 1803 678 1847 procedentem,
686 1802 723 1838 ait:
736 1803 764 1837 ‘O

62 1855 104 1895 filia,
118 1866 155 1889 non
167 1856 196 1889 his
207 1856 243 1890 itur
255 1857 278 1890 acl
291 1856 391 1889 thalamum
405 1856 472 1890 Christi
485 1855 603 1897 indumentis,
613 1855 666 1891 nec¹⁴
676 1856 763 1891 exteriori

62 1908 110 1941 cultu
123 1908 224 1942 delectatur
235 1920 316 1953 sponsus
326 1909 410 1943 celestis!
434 1908 467 1943 llla
476 1920 521 1943 vero
531 1908 598 1943 interni
610 1909 683 1943 conscia
695 1908 763 1944 habita·

62 1960 113 2004 toris,
124 1961 185 1996 taliter
196 1962 303 2006 respondit:
316 1962 385 1996 ‘Crede
397 1962 457 2004 michi,
468 1973 479 1995 o
489 1967 547 2005 pater,
557 1972 672 2006 nequaquam
683 1962 764 1997 deterior
772 1974 791 2004 3⁰

64 2025 122 2055 mens,
134 2016 169 2049 deo
181 2015 280 2059 aspirante,
291 2016 326 2049 sub
336 2016 371 2049 hoc
382 2015 470 2050 habitabit
480 2014 566 2058 tegmine,
576 2026 631 2059 quarn
642 2015 677 2049 sub
688 2015 764 2059 caprina

81 2081 87 2099 ¹
98 2082 158 2112 Collect
165 2083 182 2111 in
189 2083 206 2112 T.
213 2093 217 2113 :

83 2126 101 2163 Ο
110 2133 155 2169 ulrgo
161 2133 224 2162 Christo
230 2133 304 2170 amabilis,
310 2133 327 2162 in
333 2134 405 2162 omnibus
410 2132 497 2167 laudabilis,
502 2133 562 2170 pietate
567 2131 654 2168 ineffabilis,
662 2131 685 2161 Tu
691 2136 762 2163 nostrum

61 2179 125 2240 {lemgpg
131 2181 198 2249 ¹rprtprens
207 2173 285 2209 gaudium,
293 2173 362 2202 omnium
370 2174 390 2202 ad
400 2177 416 2202 te
426 2172 527 2202 clamanclum
536 2172 593 2202 exaudi
603 2181 659 2210 preces
669 2172 761 2210 supplicum.

83 2252 131 2289 Deus
141 2259 168 2296 qui
178 2259 239 2289 beatam
249 2263 304 2289 sancte
311 2259 377 2297 uirginis
386 2263 412 2289 tue
420 2259 493 2297 Edburge
504 2259 571 2289 animam
581 2258 649 2289 celorum
658 2268 707 2297 regna
715 2268 763 2297 pene-

62 2302 104 2328 trare
114 2299 169 2335 fecisti,
181 2301 251 2328 concede
263 2300 347 2337 propicius,
358 2300 392 2329 eius
402 2309 432 2329 nos
443 2300 532 2329 interuentu
543 2309 553 2328 a
563 2304 663 2337 peccatorum
673 2304 763 2330 nostrorum

62 2339 128 2366 nexibus
135 2339 176 2367 solui
184 2343 200 2368 et
207 2339 226 2367 ab
233 2339 276 2368 omni
283 2348 346 2375 semper
352 2339 446 2368 aduersitate
454 2339 522 2375 defendi,
530 2348 563 2375 per,

81 2376 87 2393 ²
98 2378 122 2407 ed.
130 2379 146 2407 in
153 2379 188 2408 Act,
196 2378 226 2408 SS.
233 2379 274 2408 Boll.
283 2378 327 2416 Sept.
333 2378 371 2415 V.p.
379 2379 409 2415 369
417 2378 463 2416 (from
470 2388 480 2407 a
488 2378 521 2407 lllS.
529 2377 631 2415 Ruuvrttts]
639 2378 671 2408 and
678 2379 693 2409 in
702 2379 763 2411 Sarius.

62 2416 100 2446 Abr.
108 2418 148 2446 srorn
155 2419 182 2448 the
188 2418 225 2448 Vita
232 2419 253 2455 by
261 2418 335 2447 Goscelin
343 2419 359 2447 in
368 2418 401 2447 us.
410 2417 460 2448 Rawl.
468 2418 486 2447 C.
493 2419 532 2455 9383
542 2417 561 2448 cl.
570 2417 604 2448 Sar.
613 2418 659 2449 Brev.
729 2420 734 2437 ³
744 2420 763 2452 T.

62 2457 150 2488 nulstrudis.
172 2457 226 2489 ¹Boll,
234 2467 257 2487 ac.
277 2457 321 2487 2aut.
343 2457 374 2488 ⁰E.
381 2457 436 2488 amice.
456 2456 486 2486 1Τ.
494 2458 584 2487 tamworde
605 2458 764 2496 ⁸T.Staflordensis;

62 2496 80 2524 cf.
89 2497 124 2526 Sar.
134 2499 160 2526 Br.
206 2499 212 2515 ⁹
222 2498 262 2526 Boll.
269 2497 359 2534 apparebat.
405 2497 416 2513 ¹⁰
426 2497 444 2527 T,
453 2497 526 2533 offertum
536 2498 554 2526 E.
562 2497 634 2534 alienun
645 2499 686 2529 Boll.
695 2500 764 2530 effertur.

62 2533 72 2550 ¹¹
84 2535 101 2564 E.
108 2545 185 2565 secorum.
206 2536 351 2566 ¹²Boll.exterius.
371 2535 636 2572 ¹³Boll.decoratumdecorata.
658 2538 764 2569 “Bollnou
