1762 2803
58 90 178 136 1aanor
265 88 310 144 ma
325 87 427 142 &autu
443 88 547 143 urnula.
713 104 755 147 491

58 211 172 252 occurrisset,
185 208 257 253 cognita
270 208 357 252 illa[1um]
371 208 442 244 itineris
455 219 510 244 causa
523 209 595 244 iunctus
606 214 634 244 est
647 208 680 251 eis,
691 209 760 254 pariter

59 264 146 300 cumillis
159 263 284 307 proficiscens.
308 262 329 297 In
341 263 406 298 eodem
420 273 465 297 sane
476 262 567 307 virginum
579 262 655 307 collegio
669 262 697 297 hic
711 263 760 298 idem

59 319 156 364 episcopus
171 326 254 350 sororem
271 316 334 350 suam¹
348 316 429 361 repperit
446 320 528 351 sanctam
546 315 641 350 Elizabeth
658 321 760 351 matronam

59 372 162 416 religiosam
173 375 191 403 et
201 370 255 404 valde
265 370 366 409 honestam,
377 381 417 405 cum
429 371 466 405 filia
476 381 510 404 sua
521 369 614 404 Elizabeth
625 369 761 414 preclarissima

58 424 128 468 virgine
139 423 169 456 et1
180 422 309 463 deuotissima;
326 423 384 456 filium
395 422 450 457 etiarn
461 422 497 456 illic
509 423 591 466 repperit
602 422 677 456 alterius
692 423 778 461 sororis5

59 487 97 520 sue,
109 475 199 509 iuniorem
212 474 320 509 Helindium
334 475 400 509 ducem
412 474 561 516 illustrissimum,
572 484 686 519 uxoremque
697 474 761 519 ipsius,

59 532 115 564 filium
126 528 186 572 patrui
198 529 250 562 beate
258 527 325 562 Vrsule
337 528 399 572 patris.
423 528 496 562 Inuenit
506 528 561 563 etiarn
570 528 595 562 ibi
605 529 651 562 duas
658 528 705 563 filias
713 527 762 563 eius-

60 585 101 618 dem
114 583 171 623 ducis,
185 587 267 616 sanctam
282 582 339 625 Spem
353 587 371 616 et
384 583 456 616 beatam
471 581 593 616 Eusrosinam,
616 582 654 617 Sed
667 588 686 616 et
698 581 762 626 plures

59 638 106 670 inter
120 645 152 668 eas
167 634 248 679 repperit
264 640 355 678 cognatas.
387 634 433 677 Quia
446 633 511 678 spiritu
526 633 555 668 dei
570 644 665 675 accensus,
679 633 763 678 sequitur

59 687 113 722 etiam
128 686 210 730 virgines
225 698 292 729 sacras,
308 697 375 731 corpus
390 698 424 731 pro
439 687 514 721 domino
528 687 628 721 traditurus
643 692 661 721 et
676 687 762 721 animam.
773 698 791 720 ro

61 740 115 774 Hunc
127 739 182 773 etiam
193 740 229 774 duo
241 744 343 784 sequuntur
354 741 377 774 de
389 741 427 774 suis
439 739 543 784 capellania,
554 745 572 774 et
584 745 661 783 quatuor
672 740 696 774 de
707 739 763 774 comi-

60 798 96 829 tatu
108 804 141 827 suo
153 792 199 827 laici.
222 793 306 838 Cumque
317 804 376 838 prope
388 793 467 828 Romam
476 793 529 828 cum¹
537 792 587 828 omni
595 792 662 828 mentis
670 793 763 828 alacritate

60 858 104 881 sane
116 852 134 880 et
145 848 246 882 incolumes
254 849 351 883 vniuerse¹
359 848 459 889 uenissent,
467 848 508 891 ipse
516 847 590 891 quidem
602 846 713 891 apostolicus
721 858 763 881 curn

61 900 108 934 clero
124 905 142 933 et
157 900 284 942 cardinalibus,
297 900 417 944 principibus,
428 901 517 935 matronis
533 901 562 934 et¹
573 900 680 944 virginibus,
692 900 763 944 plebeis

61 957 79 986 et
89 951 159 986 ciuibus
170 951 201 985 in³
211 952 289 996 magna⁴
299 952 410 987 exultatione
421 953 514 997 nobilique
525 952 649 997 processione,
656 957 676 987 vt
688 953 763 996 dignum
773 965 778 987 ι
782 966 791 996 5

61 1009 104 1047 erat,
112 1004 152 1038 illas
160 1004 238 1049 excepit.
262 1005 347 1040 Preterea
355 1009 373 1039 et
382 1006 405 1040 de
414 1004 478 1040 vicinis
488 1004 597 1047 ciuitatibus,
605 1005 650 1039 vicis
658 1009 676 1038 et
684 1005 763 1039 castellis

61 1058 184 1102 properabant
191 1063 228 1092 tarn
236 1059 307 1093 nobiles
315 1068 370 1103 quam
378 1058 438 1103 plebei
446 1058 523 1103 gloriam
533 1068 597 1092 earum
606 1059 688 1093 certatim
695 1058 763 1093 videre.

61 1110 106 1144 Tota
118 1110 197 1154 denique
209 1111 273 1145 ciuitas
283 1111 320 1144 illis
331 1111 403 1146 obuiam
415 1112 470 1154 venit,
481 1111 608 1146 ammiratione
619 1111 667 1155 capti
678 1111 733 1145 simul
745 1117 763 1145 et

61 1162 146 1197 nouitate.
168 1162 256 1206 Virgines
263 1167 325 1197 autem
336 1163 404 1197 Christi
414 1163 499 1207 virginali
510 1163 568 1206 gratia
578 1163 696 1206 refulgentes,
708 1164 763 1196 mira-

61 1213 115 1248 bilem
126 1214 149 1249 de
161 1225 181 1249 se
193 1214 263 1250 cunctis
275 1214 379 1260 opinionem
389 1215 465 1257 virtutis¹
476 1220 494 1250 et
505 1216 561 1250 decus
572 1220 680 1260 sparserunt
691 1215 764 1259 insigne
772 1228 792 1249 20

61 1264 133 1298 celestis
148 1265 211 1309 gratie,
227 1270 245 1299 et
259 1266 303 1299 boni
317 1266 379 1300 odoris
394 1266 512 1310 fragrantiam
529 1266 614 1301 omnibus
631 1265 763 1301 ministrarunt.

62 1317 102 1359 Que
117 1329 158 1352 curn
173 1318 209 1353 illic
224 1324 302 1363 quatuor
316 1319 399 1354 dieruml
410 1330 481 1353 moram
493 1318 591 1361 facerent,
606 1318 693 1353 orationis
707 1319 764 1363 gratia

62 1375 165 1405 sanctorum
182 1371 221 1405 loca
238 1372 372 1406 circumeuntes
387 1377 406 1406 et
421 1372 513 1412 ecclesias,
528 1372 591 1414 agonis
606 1372 635 1406 sui
650 1371 764 1415 triumphurn

62 1427 115 1465 atque
123 1422 199 1456 martirii
207 1423 254 1457 sacri
262 1424 337 1458 calicem
348 1434 403 1468 quem
412 1424 431 1457 in
442 1423 526 1458 Christo⁷
535 1429 587 1458 erant
598 1423 682 1466 bibiture,
690 1423 765 1457 domino

62 1480 80 1508 et
91 1486 123 1510 sue
136 1475 219 1522 genitrici
231 1476 310 1522 gloriose
323 1483 378 1523 atque
391 1476 479 1523 apostolis
492 1475 604 1522 reliquisque
617 1476 685 1511 sanctis
699 1477 765 1511 deuote
773 1488 792 1518 ³5

62 1531 216 1565 commendarunt.
247 1530 328 1565 Fuerunt
347 1530 413 1565 etiam¹
431 1530 479 1565 inter
497 1541 529 1566 eas
544 1531 625 1575 virgines
646 1531 765 1574 quamplures

63 1581 192 1624 cathecumine,
203 1594 239 1627 que
253 1594 295 1617 cum
310 1584 369 1617 adhuc
380 1585 399 1617 in
410 1583 478 1627 palatio
489 1583 538 1628 regis
550 1588 613 1618 essent
624 1588 687 1618 sancte
698 1583 765 1618 Vrsule

62 1633 123 1676 patris
131 1641 241 1679 acceperunt
249 1636 313 1670 celitus
323 1646 434 1680 responsum
442 1637 502 1681 quedl
510 1637 570 1686 Rome
581 1636 640 1670 forent
650 1636 765 1680 baptizande.

63 1685 96 1720 llle
107 1697 151 1722 vero
163 1693 206 1723 tunc
217 1689 311 1734 temporis,
322 1693 393 1724 astante
405 1688 455 1723 clero
466 1694 484 1723 et
496 1688 618 1724 cardinalibus
629 1694 647 1723 et
658 1689 765 1733 magnatisl,

63 1739 84 1773 ab
92 1740 133 1785 ipso
141 1742 240 1786 apostolico
248 1753 290 1777 eum
298 1742 367 1788 ingenti
375 1741 432 1787 gloria
440 1742 555 1788 baptizantur
562 1747 580 1777 et
588 1742 664 1776 honore.
683 1742 764 1785 Quarum
774 1753 794 1783 5⁰

62 1793 121 1835 prime
134 1801 152 1829 et
165 1795 264 1831 nobiliores
276 1797 330 1830 beata
342 1801 382 1830 erat
395 1795 451 1830 Lucia
465 1801 483 1830 et
496 1801 559 1831 sancta
572 1795 675 1837 Anastasia,
687 1796 765 1831 duorum

63 1845 98 1880 filie
106 1858 176 1890 regum,
182 1860 217 1891 que
226 1849 279 1883 ambe
289 1850 389 1883 extiterunt
396 1855 473 1891 cognate
481 1848 553 1883 iuuenis
560 1848 678 1883 illustrissimi
684 1855 747 1884 sancte
752 1849 766 1869 ¹⁰

62 1895 127 1932 Vrsule
134 1900 204 1944 sponsi.

84 1974 98 2010 tl
110 1974 164 2016 Quod
173 1976 285 2020 apostolicus
295 1976 396 2021 pervisum
404 1982 432 2012 est
440 1976 551 2012 ammonitus
558 1980 577 2011 vt
584 1975 647 2011 relicta
655 1975 743 2020 dignitate

167 2030 280 2074 apostolatus
287 2030 413 2074 proficiscatur
421 2041 462 2064 cum
471 2029 542 2064 eisdem
549 2028 657 2073 virginibus.

86 2087 152 2132 Paucis
160 2098 221 2142 itaque
229 2098 294 2133 diebus
302 2098 337 2133 illic
346 2108 397 2134 sacre
404 2099 485 2143 virgines
493 2107 564 2133 moram
574 2097 663 2132 facientes
673 2097 765 2132 licentiam

63 2154 150 2189 expetunt
158 2151 220 2185 redire
227 2157 358 2195 proponentes.
380 2151 462 2193 Quarum
472 2150 558 2194 exemplo
570 2150 652 2183 Ciriaeus
663 2161 712 2194 papa
722 2155 765 2184 tunc
774 2163 793 2193 35

63 2205 137 2234 romane
145 2202 185 2236 sedi
193 2202 291 2246 presidens
298 2213 393 2246 accensus,
398 2203 525 2246 reconsignata
530 2202 541 2221 ¹¹
547 2202 576 2237 sui
583 2203 697 2247 apostolatus
706 2203 766 2247 digni-

64 2254 104 2294 tate,
117 2253 207 2290 Romanis
220 2257 282 2291 multis
295 2261 357 2291 tamen
371 2267 413 2290 eurn
426 2256 520 2291 retrahere
530 2255 638 2298 volentibus,
648 2256 748 2291 earundem
754 2256 767 2277 ¹²

64 2312 124 2340 tornes
135 2308 213 2345 efficitur
221 2310 313 2354 virginum
322 2316 377 2355 atque
387 2315 441 2355 caput
452 2310 524 2344 illarum
537 2310 559 2343 de
571 2314 633 2343 cetero
644 2314 662 2344 et
673 2309 766 2354 magister.

64 2355 101 2399 Ipsi
112 2360 191 2406 denique
202 2375 251 2407 pape
263 2364 334 2399 Ciriaco
345 2369 383 2399 tres
393 2364 412 2398 in
420 2363 461 2399 visu
472 2368 596 2408 apparuerunt
608 2362 683 2397 sancti¹³
694 2363 766 2398 candidi

63 2490 69 2508 6
82 2455 88 2473 ¹
99 2466 129 2487 om.
136 2458 153 2488 in
160 2461 179 2489 B.
231 2461 237 2479 ²
247 2462 265 2492 E.
273 2462 319 2500 Quia.
369 2461 375 2480 ³
386 2463 405 2493 B.
413 2472 454 2492 cum.
507 2462 513 2481 ⁴
524 2462 541 2491 E.
549 2472 611 2500 magno.
662 2462 668 2479 ⁵
678 2462 697 2491 B.
704 2461 765 2492 diebus.

64 2494 98 2565 1⁰1}-
104 2499 189 2531 traherent.
252 2501 259 2535 ,⁷
271 2504 289 2533 Β
297 2504 374 2540 proximo.
438 2504 444 2520 ⁸
454 2503 473 2532 B.
479 2504 557 2540 quoniam.
618 2501 624 2521 ⁰
636 2501 655 2549 B:
661 2501 765 2540 magnatibus.

100 2559 103 2567 .
113 2538 164 2570 beate.
205 2541 216 2559 ¹¹
227 2542 245 2572 B.
252 2548 338 2581 resignato.
378 2543 389 2561 ¹²
399 2543 417 2574 E.
425 2552 514 2581 earumque.
557 2543 567 2561 ¹²
579 2542 598 2573 B.
605 2547 656 2573 sancti
663 2552 699 2581 app.
