1762 2803
113 128 166 194 '134
213 209 215 214 ἲ
310 137 393 191 ιῐὴυυα
408 135 524 199 lacman
539 135 631 199 annito.

121 258 200 302 volebat,
207 258 243 293 nisi
251 258 302 304 pn'us
310 270 351 294 eam
359 264 422 294 cantor
429 259 515 294 audisset.
530 258 613 301 Quadam
619 258 649 292 die
656 258 700 292 dum
708 258 731 292 ad
739 269 823 293 mensam

123 312 198 354 legeret,
206 311 252 346 dixit
259 312 357 355 quiddaml
364 313 412 346 inter
419 313 519 355 legendum
530 313 576 345 sicut
584 311 645 346 dicere
653 312 720 353 debuit,
728 313 777 355 qnod
785 323 823 346 non

123 364 191 408 placuit
206 365 308 408 presidenti
319 370 337 398 et
350 365 402 398 aliter
417 364 477 398 dicere
492 363 557 398 iussit:
572 363 622 397 velut
637 362 652 397 si
668 363 745 398 dixisset
758 365 824 399 docere

123 418 184 452 media
195 419 287 461 producta,
295 423 314 453 vt
325 422 353 451 est
358 418 370 460 l,
380 423 398 451 et
409 416 444 452 iste
456 416 533 451 eadem³
543 416 603 451 media
614 422 697 461 correpta
707 418 824 452 emendasset

107 471 195 514 adocere,
207 471 256 514 quod
267 481 303 506 non
315 475 348 506 est.
372 470 413 504 Non
426 469 475 505 enim
487 469 537 514 prior
550 470 580 504 ille
592 469 681 505 litteratus
693 475 737 506 erat.
759 471 785 505 At
796 481 825 507 vrr

124 524 203 568 sapiens,
215 523 276 559 sciens
287 524 346 568 magis
357 523 430 559 Christo
441 523 511 558 obediri
521 523 595 558 deberi⁴
603 534 658 568 quam
669 523 746 568 Donato,
757 523 825 559 dimisit

123 578 172 623 quod
180 578 227 611 bene
235 577 393 622 pronunciauerat,
401 582 420 612 et
431 577 476 612 dixit
488 578 536 622 quod
547 588 584 611 non
595 582 645 612 recte
654 576 754 612 iubebatur.
777 578 825 613 Nam

123 633 225 675 producere
240 633 321 674 breuem,
336 633 365 665 vei
384 632 458 675 longam
477 630 569 674 corripere
588 630 676 674 sillabam,
692 642 729 665 non
749 632 825 676 capitale

124 683 211 717 nouerat⁵
218 684 287 717 crimen
295 697 299 718 :
311 695 375 718 verum
382 684 450 718 iubenti
458 688 540 726 exparte
548 683 577 717 dei
585 694 622 717 non
630 694 701 726 parere,
708 683 780 727 culpam
788 696 825 719 non

98 749 116 770 ιο
124 736 185 770 leuem
197 746 239 770 esse
251 736 324 770 sciebat.
369 728 452 781 Quidam
466 734 531 769 nobilis
543 734 572 770 vir
586 735 636 769 dedit
650 735 735 770 beccensi
749 736 826 772 ecclesie

124 793 197 828 terram,
212 788 235 820 ad
251 797 306 830 quam
321 786 389 820 missus
405 792 433 820 est
449 786 574 826 Lamsrancus,
588 790 606 818 vt
618 797 659 819 earn
673 792 756 820 seruaret
768 792 786 820 et
798 790 826 821 in-

125 843 220 874 stauraret.
243 839 292 874 Dum
308 839 357 874 enim
369 841 392 874 de
408 839 447 874 loco
459 838 489 873 illo
501 839 524 873 ad
536 838 680 873 monasterium³
693 840 826 885 regrederetur,

125 894 188 927 detulit
199 898 260 927 catum
271 893 290 927 in
302 904 363 937 panno
374 893 481 934 inuolutum,
493 897 535 936 post
547 903 567 926 se
579 892 654 935 ligatum
666 893 688 927 ad
700 892 764 927 sellam
769 893 780 927 ⁷.
804 895 827 929 Et

125 948 169 981 dum
180 946 214 979 iter
226 947 299 989 faceret,
307 946 382 990 quidam
392 945 475 980 adiunxit
485 957 506 980 se
517 944 553 980 illi:
570 956 648 989 cumque
660 945 714 979 simul
722 952 826 990 pergerent,

100 1013 117 1042 15
126 1000 186 1033 socius
194 998 252 1032 viator
260 1000 328 1032 audiuit
338 1009 403 1032 vocem
414 1001 454 1037 cati,
462 1004 480 1032 et
491 999 539 1040 cepit
550 999 612 1032 mirari
621 1004 639 1032 et
648 998 788 1041 circumspicere
796 1001 827 1034 vbi

126 1057 176 1087 esset
184 1057 234 1085 catus
242 1051 293 1085 cuius
301 1051 382 1085 audierat
390 1062 460 1085 vocem.
478 1051 562 1084 Tandem
570 1049 648 1084 aduertit
656 1050 764 1094 magistrum
772 1050 827 1086 Lam-

126 1105 210 1139 francum
220 1103 271 1137 illum
281 1108 324 1147 post
334 1114 355 1137 se
366 1104 442 1147 ligatum
454 1103 509 1142 ferre,
517 1107 535 1136 et
545 1103 570 1137 ait
579 1103 616 1138 illi:
629 1103 725 1145 ‘Domine,
734 1104 777 1147 quid
785 1114 827 1147 por-

126 1158 189 1191 tatisi’
213 1156 327 1201 Respondit:
341 1156 415 1190 ‘Mures
423 1161 440 1191 et
448 1156 482 1190 rati
490 1155 543 1190 valde
551 1155 604 1189 nobis
612 1160 655 1190 sunt
663 1154 730 1197 infesti,
738 1161 756 1191 et
764 1156 828 1192 iccirco

126 1221 175 1243 nunc
191 1209 247 1243 affero
262 1214 328 1251 catum,
340 1211 363 1243 ad
378 1210 539 1254 comprimendum
554 1209 633 1242 furorem
648 1208 732 1242 illorum!
754 1202 827 1244 Verum

100 1274 119 1295 zo
127 1263 193 1297 fratres
204 1263 234 1305 qui
245 1262 281 1296 iarn
292 1262 366 1296 adunati
376 1267 429 1296 erant
441 1261 460 1295 in
473 1261 512 1295 loco
523 1261 559 1303 illo,
569 1271 606 1294 non
617 1261 695 1295 multum
706 1262 784 1305 litterati,
794 1273 828 1297 nec

127 1316 215 1359 religione
233 1315 317 1350 instructi
335 1315 455 1349 habebantur.
478 1314 501 1349 Et
520 1324 597 1348 cernens
617 1313 736 1348 Lamfrancus
751 1315 827 1350 fratrum

127 1368 220 1408 inertiam,
228 1378 300 1401 morum
309 1368 417 1411 prauitatem
426 1373 444 1400 et
451 1366 521 1400 ordinis
528 1367 706 1409 transgressionem,
718 1367 829 1402 coniiciens⁸

127 1420 182 1454 etlam
195 1418 265 1463 aliquos
278 1419 312 1453 sibi
325 1419 414 1460 inuidere,
427 1419 458 1463 qui
472 1418 506 1452 sibi
521 1418 627 1453 metuebant
641 1427 683 1452 eum
695 1419 828 1462 preficiendum

127 1473 178 1507 fore:
190 1473 263 1506 tedebat
271 1483 313 1506 eum
325 1474 469 1507 conuersationis
480 1473 583 1514 inhoneste,
592 1477 610 1505 et
621 1471 702 1505 inhiabat
712 1474 798 1507 ardenter
805 1475 828 1507 ad

101 1539 119 1567 ²⁵
129 1525 208 1560 solitarie
223 1526 339 1559 dulcedinem
354 1527 391 1560 vite
397 1526 410 1560 ⁹.
441 1526 530 1560 Simulata
545 1526 599 1568 igitur
614 1525 703 1559 stomachi
718 1526 829 1569 infirmitate,

128 1578 243 1612 hortolanum
248 1577 261 1597 ¹⁰
266 1578 336 1622 rogauit
342 1584 361 1612 vt
368 1579 385 1613 ei
390 1578 471 1622 quotidie
476 1578 551 1612 afferret
556 1577 627 1612 radices
634 1578 748 1621 quorundam
754 1579 829 1613 carduo-

128 1641 174 1672 rum,
188 1641 234 1673 quas
247 1631 281 1664 sibi
293 1632 387 1664 asserebat
400 1632 466 1665 afferre
478 1630 573 1665 solutionis
585 1631 691 1664 remedium.
715 1631 756 1665 Hoc
768 1636 829 1666 autem

128 1683 211 1724 faciebat,
219 1688 239 1716 vt
250 1693 318 1725 corpus
329 1694 383 1716 suum
395 1683 519 1716 assuefaceret
530 1683 561 1715 tali
573 1683 633 1715 edulio
644 1683 693 1725 quali
705 1683 767 1716 vivere
773 1684 784 1703 ¹¹
792 1685 829 1717 dis·

128 1736 208 1779 ponebat
216 1735 235 1769 in
243 1735 324 1769 heremo.
347 1736 394 1770 Cum
403 1746 446 1780 ergo
454 1736 490 1770 iam
499 1735 580 1769 animum
589 1739 606 1769 et
617 1745 684 1779 corpus
692 1741 799 1779 prepararet
807 1737 829 1771 ad

101 1801 121 1830 30
129 1788 196 1832 fugam,
205 1787 312 1821 Herlewino
320 1788 385 1831 abbati,
393 1787 438 1822 nihil
446 1789 468 1822 de
477 1788 511 1822 hoe
520 1788 624 1832 suspicanti,
633 1788 676 1821 dum
686 1787 705 1821 in
716 1788 762 1822 lecto
770 1788 830 1832 quies·

129 1846 184 1883 ceret,
193 1851 240 1884 puer
247 1841 278 1885 qui
286 1851 345 1885 nuper
356 1842 426 1876 obierat
437 1842 456 1875 in
463 1846 515 1876 veste
526 1841 603 1875 candida
613 1841 702 1884 apparuit,
710 1852 769 1886 nepos
780 1853 830 1877 suus.

130 1894 186 1929 Cuius
194 1898 269 1937 aspectu
277 1893 296 1928 in
304 1894 354 1928 nullo
362 1894 451 1937 turbatus,
458 1894 533 1929 siceum
540 1894 614 1929 affatur:
627 1894 735 1935 ‘Quomodo
743 1900 761 1929 te
767 1895 830 1938 habes,

129 1947 177 1980 fili?’
201 1946 224 1979 Et
232 1947 274 1980 ille:
287 1947 338 1990 ‘Ego
346 1957 381 1989 me,
390 1947 419 1989 ait,
428 1953 485 1990 pater,
494 1949 541 1981 bene
552 1948 615 1989 habeo,
624 1947 666 1990 quia
676 1957 710 1990 per
722 1948 751 1981 dei
759 1950 830 1983 miseri·

130 1997 211 2032 cordiam
222 2003 240 2031 et
251 2003 301 2032 tuam
313 1998 465 2033 intercessionem
476 2000 499 2032 ab
512 1999 563 2032 omni
575 2003 665 2032 tormento
680 1999 768 2034 liberatus
784 2011 830 2035 sum.

103 2058 121 2086 35
130 2052 168 2084 Sed
179 2052 225 2083 deus
236 2052 286 2083 misit
297 2063 328 2084 me
338 2053 361 2084 ad
372 2058 391 2084 te
401 2057 420 2084 vt
429 2052 488 2085 dicam
499 2052 530 2084 tibi
541 2052 584 2096 quia
595 2052 611 2084 si
620 2063 657 2084 non
665 2051 697 2084 tibi
705 2054 830 2096 prospexeris,

131 2103 260 2137 Lamfrancum
268 2104 290 2136 ad
299 2103 403 2147 proximum
412 2114 449 2137 non
457 2104 538 2138 habebis.
558 2104 661 2137 Solitariam
669 2104 724 2138 vitam
733 2106 830 2148 desiderat,

131 2160 150 2189 et
161 2156 184 2189 de
196 2156 307 2189 monasterio
319 2157 383 2199 egredi
396 2157 490 2200 deliberat,
502 2157 589 2201 quoniam
601 2166 663 2190 mores
675 2162 693 2191 et
705 2157 781 2192 fratrum
794 2159 831 2194 vita

132 2218 170 2241 non
178 2208 212 2241 sibi
220 2209 298 2251 placent.
320 2208 368 2242 Vide
376 2220 420 2252 ergo
428 2210 472 2253 quid
479 2210 512 2243 tibi
517 2210 530 2229 ¹²
537 2210 593 2243 facias
601 2221 605 2242 :
614 2210 656 2253 quia
667 2210 699 2243 tibi
711 2221 748 2244 non
756 2212 831 2255 expedit

131 2264 176 2294 vtte
184 2261 267 2293 deserat!
290 2261 332 2293 Hiis
340 2261 392 2294 dictis
400 2272 447 2304 puer
455 2262 548 2305 disparuit.
571 2262 626 2295 Mane
634 2267 694 2296 autem
703 2262 831 2298 Lamfrancum

103 2327 124 2357 40
132 2312 196 2347 asciuit
202 2311 219 2353 ¹³,
226 2318 245 2346 et
252 2323 315 2346 secum
323 2314 389 2347 sedere
398 2313 445 2347 fecit.
468 2314 504 2347 Cor
509 2316 558 2348 enim
565 2313 578 2334 ¹²
584 2314 623 2348 eius
629 2315 692 2349 intimo
697 2316 760 2351 dolore
766 2327 831 2351 concu-

131 2367 180 2408 titur,
185 2376 221 2400 vox
226 2366 274 2399 intra
279 2365 341 2400 fauces
346 2368 440 2409 premitur,
446 2367 534 2401 lachrime
541 2373 659 2411 erumpentes
665 2369 748 2404 dolorem
754 2370 767 2390 ¹⁴
772 2372 832 2405 cordis

100 2482 101 2485 =
151 2466 185 2495 ¹E.
194 2467 277 2502 quoddam.
318 2465 379 2496 ²E.ea.
420 2467 551 2497 ³T.E,eanuern.
591 2467 831 2505 4Τ.Ε.οῐὶεπῐίῐεείεῐκεηηνὴ.

132 2505 302 2535 obedientiamdeberi.
352 2505 387 2535 ⁵E.
395 2506 462 2535 nouerit.
514 2507 832 2539 ⁶Vit.demonasterioadlocumillum.

131 2544 137 2561 ἵ
148 2543 166 2575 E.
174 2544 234 2575 cellam.
274 2543 280 2560 ⁸
290 2544 308 2575 T.
317 2545 414 2582 conniclens,
421 2545 452 2576 Vit.
460 2550 541 2576 contuens.
572 2545 577 2561 ⁰
588 2546 606 2577 E.
613 2547 645 2577 vite
653 2548 756 2579 dulcedinem.
792 2547 803 2565 ¹⁰
813 2549 831 2579 T.

133 2584 226 2614 ortolanum.
275 2583 387 2615 ¹¹E.invere.
429 2585 509 2616 nadom.
549 2586 561 2603 ¹³
572 2587 589 2617 E.
598 2588 657 2617 accivit.
702 2588 832 2619 ¹¹T.E.dolores.
