1762 2803
152 153 203 207 352Δ
342 142 422 194 tunna
439 139 673 203 tremuerant„

281 286 295 322 ll
305 278 338 320 DE
351 295 421 320 SANCTO
433 278 514 320 Enwnto
526 296 573 320 REGE
586 296 608 319 ET
620 285 727 319 MARTYREl.

153 370 234 445 Ablue
245 370 314 401 domini
323 370 470 412 quingentesimo
482 371 598 413 sexagesimo
611 370 656 410 Elle,
665 375 717 412 pater
728 369 783 409 Acce,
791 368 855 401 matris

213 421 270 455 sancti
279 421 365 463 usuardi,
373 422 422 465 cepit
430 421 449 455 in
461 422 556 466 prouincia
564 422 769 456 Northanhumbrorum
777 431 855 464 regnare

153 478 221 518 etpost
230 474 280 508 idam
289 485 352 519 regem
360 474 431 519 primus
440 485 517 519 regnum
526 475 624 509 Deirorum
633 474 734 519 possidere.
758 473 793 507 Hic
802 483 855 507 sanc·

153 534 191 561 tuni
204 527 301 560 Edwinum
313 538 375 571 regem
387 533 405 561 et
417 534 516 571 martyrem
528 529 596 572 genuit,
604 534 622 562 et
634 528 703 562 Accam
715 537 798 561 sororem
810 526 855 560 eius.

136 595 144 624 5
154 582 210 614 Porro
222 581 262 614 Elle
274 581 309 614 iste
321 592 354 614 rex
365 587 404 614 erat
416 582 439 615 de
450 593 486 625 quo
498 587 573 615 sanctus
582 582 681 626 Gregorius
691 581 775 614 alludens
786 579 855 613 nomini

153 633 208 668 dixit:
222 634 288 675 ‘Bcne,
297 634 360 677 inquit,
372 634 412 667 Elle
423 639 498 668 vocatur
507 646 540 668 rex
552 634 591 673 iste,
600 635 642 678 quia
654 635 672 668 in
685 635 757 667 laudem
769 632 856 667 creatoris

153 692 224 730 oportet
232 687 320 730 all[clui]a
328 687 363 720 illis
371 687 389 720 in
398 687 480 731 partibus
488 688 592 722 decantari!
617 688 656 721 Elle
664 698 708 721 vero
718 686 792 730 triginta
803 685 856 719 annis

153 750 238 781 regnans,
247 739 350 780 Edwinum,
358 740 406 773 Acce
415 740 495 781 fratrem,
503 741 592 774 heredem
604 740 684 773 moriens
696 738 780 782 reliquit,
793 738 856 771 Ethel-

154 792 211 826 fridus
220 793 292 826 tamenss
300 792 358 826 sancti
367 793 449 826 Oswaldi
458 799 516 836 pater,
527 792 569 826 licet
580 803 663 827 sororem
672 791 744 825 Edwiui
755 790 804 834 regis
814 790 856 824 Dei·

128 860 146 880 ιο
155 857 216 879 rorum
228 856 303 879 uxorem
313 845 380 886 habuit,
389 851 450 879 tamen
460 846 518 889 glorie
529 845 606 889 cupidus
618 856 660 878 eum
669 856 679 877 a
690 855 746 887 regno
758 843 828 886 expulit
838 849 856 876 et

154 897 265 941 aliquamdiu
279 909 313 941 pro
326 909 347 932 eo
363 898 451 941 regnauit.
497 891 597 932 interfecto
610 898 690 939 tandem,
702 901 722 930 vt
735 895 783 930 inira
795 895 856 937 claret,

156 951 258 985 Ethelfrido
273 962 316 995 rege
330 962 372 985 cuin
385 951 474 985 Edwinus
487 956 577 995 regnaret,
590 951 721 994 Ethelburgam
736 950 792 983 tiliam
808 950 857 993 regis

156 1004 294 1039 Cantuariorum
310 1005 368 1038 sancti
382 1004 488 1047 Ethelberti,
500 1015 511 1038 a
524 1005 579 1039 fratre
593 1014 626 1038 suo
639 1003 726 1043 Edbaldo,
738 1002 800 1036 missis
812 1012 857 1035 nun-

156 1057 193 1099 ciis,
202 1057 253 1101 petiit
265 1057 283 1091 in
291 1068 373 1091 uxorein.
396 1057 430 1091 Cui
442 1069 552 1101 responsum
564 1062 603 1092 est:
617 1068 654 1091 uon
666 1067 709 1091 esse
720 1055 789 1090 licitum
801 1055 857 1090 chris·

129 1124 147 1153 15
156 1110 224 1144 tianam
234 1110 324 1153 virginem
336 1121 406 1153 pagano
418 1110 437 1143 in
447 1111 543 1153 coniugem
554 1110 598 1152 dari,
609 1121 633 1142 ne
645 1110 691 1143 fides
703 1114 721 1142 et
732 1108 857 1142 sacramenta³

156 1163 229 1197 celestis
243 1161 304 1205 regis*
315 1163 406 1196 consortio
418 1163 578 1206 prophanarentur
587 1162 636 1206 regis
649 1161 690 1195 cuit
703 1160 741 1195 veri
755 1160 785 1194 dei
798 1160 857 1194 cultus

156 1221 206 1249 esset
217 1226 293 1259 prorsus
305 1214 385 1258 ignarus.
408 1215 462 1256 Quod
477 1227 519 1248 cum
535 1215 622 1248 Edwinus
638 1214 724 1256 audisset,
737 1213 821 1257 promisit
837 1224 857 1247 se

157 1267 212 1301 nichil
224 1267 299 1299 omnino
311 1267 422 1300 contrarium
434 1267 533 1300 christiane
545 1267 593 1308 fidei,
602 1277 656 1309 quam
667 1266 719 1308 virgo
730 1266 807 1307 colebat,
815 1276 857 1298 esse

156 1321 257 1360 facturum;
273 1319 305 1352 sed
314 1318 375 1363 potius
383 1319 439 1353 fidem
447 1330 488 1353 cum
497 1319 582 1353 omnibus
593 1318 623 1362 qui
635 1329 698 1353 secum
708 1318 798 1359 venirent,
806 1328 858 1351 more

129 1388 148 1408 zo
157 1373 255 1408 christiano
268 1378 355 1406 seruaret.
378 1372 446 1416 Sicque
455 1372 541 1407 Paulinus
549 1384 560 1407 a
569 1372 618 1406 Iusto
627 1371 759 1406 dorobernensi
768 1370 858 1415 archiepi-

156 1437 211 1470 scopo
223 1425 337 1469 archipresul
345 1431 468 1467 consecratus,
477 1437 519 1459 cum
527 1425 639 1469 Ethelburga
647 1425 722 1469 virgine,
731 1435 779 1458 anno
787 1423 857 1457 domini

155 1478 290 1513 sexcentesimo
298 1478 455 1521 vicesimoquinto,
463 1479 486 1511 ad
494 1489 557 1521 regem
566 1478 663 1511 Edwinum
671 1477 751 1511 aduenit.
798 1470 858 1510 Anno

156 1537 217 1564 autem
228 1531 312 1573 sequenti
320 1530 371 1563 venit
382 1531 400 1562 in
412 1530 525 1573 prouinciam
536 1530 585 1563 illam
597 1530 671 1573 quidam
682 1529 758 1563 sicarius
769 1528 858 1562 vocabulo

157 1583 252 1623 Eumerus,
259 1582 326 1616 missus
334 1593 345 1615 a
353 1593 396 1625 rege
405 1582 549 1616 Occidentalium
558 1583 652 1616 Saxonum
661 1581 735 1615 nomine
744 1580 858 1623 Quichelmo,

129 1650 147 1679 25
157 1646 234 1679 sperans
246 1646 267 1669 se
278 1645 342 1678 regern
354 1635 451 1668 Edwinum
464 1636 531 1678 regnol
539 1635 594 1668 simul
605 1640 623 1668 et
632 1635 669 1668 vita
680 1634 799 1677 priuaturunt.
823 1634 858 1675 Qui

157 1689 235 1723 habebat
251 1687 307 1721 sicam
325 1687 418 1731 bicipitem
433 1687 536 1730 toxicatam,
552 1693 572 1722 vt
587 1688 603 1721 si
618 1687 661 1721 ferri
676 1687 743 1721 vulnus
759 1688 820 1720 minus
835 1687 859 1719 ad

157 1747 235 1777 mortem
243 1740 292 1785 regis
302 1740 400 1783 sufficeret,
409 1741 475 1775 veneni
483 1746 535 1786 peste
543 1742 641 1775 iuuaretur¹
664 1739 752 1775 Peruenit
763 1744 824 1774 autem
836 1740 858 1774 ad

157 1806 220 1838 regem
235 1796 294 1838 primo
310 1794 340 1828 die
355 1795 429 1837 pasche,
444 1794 495 1828 iuxta
509 1805 583 1828 amnem
599 1794 754 1833 Dorwentionem,
769 1792 800 1827 vbi
815 1797 859 1826 tunc

157 1853 196 1883 erat
210 1849 253 1883 villa
266 1847 338 1892 regalis,
352 1847 463 1892 intrauitque
476 1847 528 1892 quasi
544 1847 631 1881 nuncium
645 1847 713 1881 domini
729 1847 757 1880 sui
770 1840 859 1880 reserens.

130 1915 148 1945 30
157 1903 229 1937 Etcum
241 1902 345 1936 simulatam
356 1901 466 1945 legationem
475 1912 506 1935 ore
514 1906 573 1936 astuto
579 1902 667 1944 volueret,
673 1899 767 1934 exurrexit
775 1904 858 1943 repente,

157 1961 175 1990 et
190 1955 286 1998 euaginata
301 1955 335 1987 sub
347 1960 399 1987 veste
414 1954 457 1996 sica,
469 1955 558 1998 impetum
572 1954 614 1987 fecit
626 1954 645 1987 in
657 1964 726 1997 regem.
749 1953 802 1994 Quod
816 1963 858 1986 cum

156 2008 228 2044 videret
243 2007 289 2041 Lilia
304 2007 388 2041 minister
403 2007 452 2051 regis
467 2007 594 2049 amicissimus,
610 2017 647 2040 non
663 2006 733 2039 habens
749 2011 820 2039 scutum
835 2005 858 2038 ad

157 2072 232 2095 manum
240 2072 276 2104 quo
287 2071 349 2103 regem
360 2071 371 2093 a
381 2071 426 2093 nece
434 2060 547 2101 defenderet,
556 2071 600 2092 mox
610 2058 719 2102 interposuit
729 2069 796 2101 corpus
804 2068 859 2091 suum

157 2120 199 2148 ante
212 2115 267 2146 ictum
280 2113 383 2155 pungentis.
407 2113 445 2146 Sed
459 2118 509 2146 tanta
521 2112 550 2145 νίτ
563 2111 621 2145 hostis
633 2111 703 2144 serrum
716 2110 781 2151 infixit,
793 2116 813 2143 vt
826 2121 860 2153 per

130 2178 148 2208 35
158 2177 226 2210 corpus
234 2165 296 2199 militis
304 2164 358 2198 occisi
369 2165 423 2199 etiam
431 2176 494 2208 regem
502 2165 611 2199 vulneraret.
635 2164 669 2205 Qui
678 2174 720 2197 cum
728 2174 771 2196 mox
779 2162 860 2206 vndique

157 2219 223 2264 gladiis
236 2218 360 2262 impeteretur,
372 2217 391 2251 in
405 2218 445 2261 ipso
459 2218 537 2251 tumultu
550 2217 605 2251 etiarn
619 2217 673 2250 aliurn
687 2217 710 2250 de
722 2215 810 2249 militibus
822 2215 861 2249 sica

158 2272 257 2316 nephanda
268 2270 351 2315 peremit.
382 2270 451 2303 Eadem
465 2275 526 2304 antem
540 2275 594 2303 nocte
607 2269 693 2303 dominici
707 2268 776 2313 pasche
788 2268 861 2312 peperit

159 2326 223 2370 regina
231 2325 287 2359 filiam
295 2324 370 2358 nomine
379 2323 496 2359 Eanssedam:
514 2324 597 2368 Cumque
607 2323 656 2358 idem
669 2334 702 2357 rex
714 2327 801 2367 presente
814 2321 861 2356 Pau-

159 2379 196 2414 lino
208 2378 295 2422 episcopo
306 2378 374 2421 gratias
385 2382 447 2420 ageret
458 2377 492 2411 diis
502 2378 540 2410 suis
552 2387 585 2420 pro
595 2382 638 2410 nata
647 2376 730 2416 sibifilia,
739 2380 814 2408 econtra
822 2374 861 2418 cpi·

131 2442 151 2473 40
159 2442 227 2476 scopus
234 2431 302 2474 gratias
310 2431 358 2473 cepit
364 2440 419 2472 agere
426 2429 500 2463 domino
509 2430 587 2471 Christo,
593 2430 668 2472 regique
674 2433 757 2462 astruere
763 2427 812 2470 quod
819 2428 860 2470 ipse

178 2504 182 2523 ¹
194 2506 248 2535 Talren
259 2505 298 2534 from
309 2505 358 2540 Beda,
370 2504 391 2541 H.
404 2503 422 2534 E.
434 2503 501 2541 11.9ff.
526 2500 772 2533 ctA.ss.Boll.120ct.V1.
786 2510 820 2538 109,
830 2500 862 2530 and

159 2547 196 2576 Vita
203 2547 220 2575 S.
228 2546 289 2575 Paulini
297 2546 313 2574 in
321 2546 376 2575 Surius
382 2545 414 2574 and
422 2544 462 2573 Boll.
471 2554 490 2572 10
497 2544 532 2573 Oct.
609 2542 615 2559 ²
626 2543 644 2573 E.
653 2552 692 2572 cum,
769 2540 775 2558 ³
786 2540 804 2571 Ε.
811 2550 861 2570 sacra.

160 2586 229 2614 *emin
237 2585 255 2615 T.
296 2585 371 2622 lalqui.
412 2583 446 2613 θΕ.
455 2593 525 2621 regnum.
566 2582 602 2613 1Ε.
610 2582 631 2611 in.
