1762 2803
136 97 180 149 49⁶
329 93 409 145 tutta
425 90 541 153 termut
555 91 648 153 tinctu

137 227 202 250 manus
215 216 234 249 in
247 215 325 249 sublime
340 215 458 258 protendens,
470 216 559 257 ‘domine
570 216 634 259 inquit,
647 216 702 250 lhesu
715 215 791 257 Christe,
803 215 838 250 mi·

137 280 199 304 serere
211 270 262 310 mei’,
274 273 381 312 tantumque
392 269 492 302 clamorem
504 268 565 309 edidit,
577 270 626 312 quod
638 268 698 303 socios
710 268 838 313 expergefecit.

138 323 161 356 Et
172 321 266 362 excitatus,
278 326 296 355 et
307 321 390 364 quesitus
401 331 434 354 cur
445 321 556 361 clamauerit,
568 326 633 355 cuncta
645 321 725 355 seriatim
737 321 809 363 retulit,
821 327 839 355 et

137 375 179 418 quis
186 379 236 409 essct
243 374 273 407 ille
281 373 376 415 Godricus,
384 373 469 416 inquirit3
482 380 500 407 ct
508 375 531 407 ad
539 385 581 407 eum
590 375 676 418 perrexit.
700 376 759 417 Quem
767 375 838 416 videns,

120 438 128 466 5
137 428 198 472 ipsum
206 438 248 461 esse
256 438 311 470 quem
319 427 338 460 in
346 426 430 470 sompnis
437 427 512 468 viderat,
521 427 635 462 exclamauit.
657 427 709 462 Tunc
717 427 746 462 vir
754 433 838 462 sanctus:

137 483 186 525 ‘ego,
199 481 262 524 inquit,
274 479 300 513 fui
315 491 370 524 quem
383 479 445 514 vidisti
458 491 500 513 cum
515 480 588 514 domiuo
603 481 709 525 loquentem
725 486 743 514 et
759 491 793 525 pro
808 487 839 515 tuo

137 534 214 568 crimine
225 534 361 577 deprecantem.
384 533 413 566 Tu
425 543 469 567 vero
479 533 543 566 facicm
555 533 594 567 eius
605 533 623 567 in
632 533 749 568 confessione
756 533 839 577 preueni,

137 593 156 621 vt
168 597 210 622 mea
223 587 284 631 possis
296 585 428 620 intercessione
443 585 512 620 iuuari?
534 585 568 620 lile
579 587 670 622 accedens
683 588 706 622 ad
718 588 839 629 sacerdotem,

137 642 186 684 quod
198 645 251 674 antea
262 650 297 683 pre
310 639 418 673 confusione
430 639 526 680 celauerat,
538 645 659 683 compunctus
671 640 753 684 aperuit;
770 645 788 673 et
800 640 839 673 uiro

111 702 129 722 10
138 693 168 726 dei
178 693 272 726 absolutus
284 691 358 725 assedit.
381 691 416 732 Qui
427 692 450 725 de
460 691 509 724 lineo
520 703 582 734 panno
593 703 665 726 crucem
676 693 723 732 fecit,
731 698 749 726 et
758 692 793 726 ait:
807 692 839 725 ‘In

138 745 212 779 nomine
223 745 278 778 lhesu
290 744 358 778 Christi
368 744 402 777 hoc
414 744 486 788 signum
498 743 558 777 crucis
567 744 658 788 accipies:
671 744 757 788 quoniam
768 744 808 788 ipse
816 746 839 779 ad

139 799 185 832 hanc
192 798 359 842 peregrinationem
364 802 382 831 tc
387 797 458 831 uocauit
466 796 588 840 quando¹tibi
596 796 695 831 crucifixus
703 796 797 841 apparuit!
817 797 839 830 Et

138 852 206 886 sactum
219 855 247 885 est
259 850 289 884 ita.
332 843 468 895 Apparuerunt
481 847 498 884 ei
510 853 548 883 tres
560 848 595 883 viri
607 849 630 884 de
646 849 686 885 celo
700 851 840 892 descendentes,

139 914 217 949 quorum
225 904 260 945 ille,
266 904 296 947 qui
301 905 360 937 stabat
366 902 465 940 asinistris¹
471 902 495 936 ita
500 907 528 936 est
534 903 605 936 locutus
611 903 634 936 ad
640 903 731 937 medium:
744 903 840 944 ‘Domine

113 965 130 993 15
139 956 168 989 hic
174 956 331 991 nosterGodricus
339 954 425 998 quamdiu
433 954 467 987 hoc
476 955 530 987 modo
538 955 647 988 cruciabitur
654 960 672 988 et
679 966 690 989 a
696 961 758 988 nostro
764 955 840 1000 collegio

139 1008 253 1052 disiungetur
260 1009 275 1042 i'
299 1008 380 1050 ‘Adhuc
389 1008 413 1041 ait
421 1007 457 1048 ille,
465 1012 493 1041 est
501 1007 519 1040 in
528 1018 550 1041 eo
558 1007 625 1051 aliquid
633 1008 751 1052 expiandum,
760 1009 839 1042 necdum

139 1062 189 1097 venit
200 1063 245 1098 hora
256 1061 296 1095 eius
307 1067 326 1095 vt
337 1065 418 1095 trauseat
430 1071 454 1095 ex
467 1060 501 1094 hoc
514 1061 592 1095 mundo!
616 1061 639 1095 Et
650 1062 700 1096 vultu
715 1062 786 1106 placido
797 1073 840 1095 eum

139 1119 267 1159 respexerunt,
279 1119 297 1147 et
308 1114 369 1155 verba,
379 1124 415 1156 que
427 1113 507 1147 hominis
517 1113 579 1157 lingua
590 1114 682 1158 explicare
693 1125 729 1148 non
740 1119 806 1159 potest,
817 1114 840 1149 ab

139 1168 166 1203 eis
182 1168 255 1203 audiuit.
282 1168 354 1201 Medius
370 1167 442 1200 illorum
457 1166 491 1200 suit
506 1166 591 1201 dominus
607 1168 678 1208 ihesus,
693 1179 704 1202 a
720 1169 790 1204 dextris
806 1169 841 1204 celi

108 1235 131 1256 ao
140 1221 271 1264 clauicuiarius,
279 1233 290 1254 a
300 1221 378 1255 sinistris
391 1221 483 1254 Iohannes
495 1221 582 1264 Baptista.
605 1222 657 1255 Tunc
668 1222 713 1256 flere
720 1222 841 1256 vehementer

139 1275 211 1319 incepit,
223 1275 269 1309 adeo
280 1279 299 1307 vt
310 1274 401 1316 singultus
413 1279 467 1316 atque
479 1273 559 1316 suspiria
572 1275 658 1317 loquendi
672 1274 773 1309 adimerent
785 1276 841 1309 sacul-

139 1333 200 1361 tatem.
245 1320 284 1360 Die
290 1326 368 1370 quadam
377 1331 440 1369 raptus
448 1325 466 1358 in
475 1325 553 1359 extasim
562 1327 584 1360 ab
592 1327 637 1360 hora
645 1327 680 1360 diei
687 1328 746 1371 prima
751 1337 810 1371 vsque
818 1328 841 1361 ad

140 1390 207 1413 nonam
219 1379 290 1422 palmas
305 1378 324 1412 in
339 1378 398 1411 celum
414 1379 488 1411 tenebat
503 1383 579 1420 erectas,
591 1378 727 1423 lachrymisque
742 1379 841 1413 liuentibus

140 1432 235 1467 inuocabat
243 1431 273 1466 dei
281 1431 383 1474 piissimam
392 1430 499 1474 genitricem
511 1430 562 1473 quasi
573 1431 709 1474 presentialiter
717 1432 841 1466 assistentem.

109 1498 130 1528 25
141 1486 190 1530 Sepe
205 1484 299 1530 psallebat,
312 1483 420 1528 frequenter
434 1484 502 1526 orabat,
518 1494 628 1528 semperque
642 1485 735 1528 plorabat;
751 1486 840 1520 canticum

140 1540 248 1582 plerumque
267 1536 392 1571 dulcissimum
411 1537 524 1570 decantabat.
548 1537 571 1570 Et
590 1537 667 1571 adiecit:
688 1538 766 1572 ‘Sancta
784 1538 842 1571 Maria

141 1591 234 1630 miserere,
254 1599 346 1630 succurre,
365 1589 458 1630 auxiliare,
474 1594 492 1624 et
510 1595 598 1633 protege;
617 1596 635 1624 et
654 1591 677 1623 de
697 1590 731 1623 hoc
750 1591 842 1634 ergastulo

141 1649 213 1678 erutum
224 1643 246 1676 ad
254 1647 272 1676 te
282 1642 381 1684 perducito,
390 1647 408 1675 et
420 1647 480 1675 tecum
491 1641 509 1674 in
520 1642 610 1684 perhenni
620 1643 677 1685 gloria
686 1643 777 1676 collocato.
801 1644 842 1677 Non

141 1706 172 1729 me
180 1693 256 1730 ulterius
267 1694 286 1727 in
298 1693 380 1738 presenti
391 1692 465 1727 miseria
475 1694 597 1738 derelinquas,
608 1695 651 1739 quia
660 1694 693 1728 tibi
703 1695 799 1739 coherebo,
808 1707 842 1731 nec

114 1760 133 1790 30
141 1754 159 1782 te
167 1748 219 1783 aliter
226 1747 276 1782 abire
284 1747 399 1791 permittam!
423 1747 467 1782 Post
475 1747 509 1781 hec
517 1746 570 1792 quasi
577 1759 619 1782 cum
627 1747 687 1792 aliquo
695 1754 766 1784 secreto
775 1750 842 1785 diutius

141 1809 169 1836 est
181 1803 256 1837 locutus.
280 1801 356 1842 Deinde,
368 1800 437 1835 vocatis
449 1800 534 1835 fratribus
548 1801 663 1844 quibusdam,
675 1802 709 1835 ait:
726 1801 802 1837 ‘Grauis
815 1808 843 1837 est

141 1855 196 1889 michi
208 1853 307 1898 corporalis
321 1864 383 1898 pugna
398 1853 470 1894 milicie,
483 1854 578 1898 multoque
593 1854 665 1897 meiius,
678 1854 754 1889 dissolui
770 1860 788 1890 et
801 1867 843 1891 esse

141 1920 182 1943 cum
196 1907 273 1943 Christo.
297 1908 344 1941 Nam
359 1907 410 1941 senio
423 1912 544 1951 pregrauatus
556 1913 654 1941 consuetas
666 1908 758 1942 orationes
771 1920 843 1952 nequeo

142 1962 253 2005 persoluere,
262 1971 297 1994 nec
305 1959 432 2004 spiritualibus
442 1965 461 1994 et
469 1959 552 1994 iocundis
563 1960 711 1995 meditationibus
723 1960 804 1996 animum
813 1961 843 1996 diu

111 2026 132 2053 ..35
142 2020 205 2048 tenere
220 2024 338 2057 suspensum.
361 2013 408 2047 Cum
423 2014 481 2053 beata,
496 2013 560 2056 inquit,
572 2014 643 2056 virgine
658 2025 700 2048 sum
716 2015 792 2056 loeutus,
808 2026 843 2058 que

142 2076 214 2100 mecum
230 2066 303 2106 sedens,
319 2066 342 2098 de
357 2065 417 2107 patria
431 2065 494 2098 celesti
510 2066 567 2098 multa
581 2066 667 2100 narrauit.
690 2066 776 2099 Promisit
790 2067 844 2101 etiam

142 2119 191 2163 quod
199 2129 229 2152 me
237 2128 274 2150 non
285 2117 384 2159 desereret,
393 2119 426 2151 sed
435 2118 557 2153 habitaculum
568 2119 604 2153 vite
615 2119 717 2162 perhennis
727 2119 782 2154 michi
791 2130 844 2165 opor-

142 2179 186 2206 tuno
194 2178 278 2215 tempore
286 2172 403 2214 prepararet!
437 2164 526 2206 Aliavice
532 2171 576 2206 uidit
583 2173 633 2206 celos
639 2178 718 2216 apertos,
726 2179 744 2207 et
750 2173 844 2207 beatorum

143 2225 240 2268 spirituum
248 2224 314 2258 choros
322 2234 413 2257 summam
421 2223 520 2258 trinitatem
528 2225 628 2267 laudantes,
636 2231 654 2259 et
661 2236 695 2270 pro
703 2226 762 2260 salute
770 2226 845 2260 humani

115 2290 135 2319 40
143 2278 216 2322 generis
225 2282 329 2310 exorantes.
356 2276 407 2309 Vidit
414 2277 468 2310 etiam
476 2283 547 2320 patrem
556 2278 638 2312 omnium
647 2284 753 2318 creatorem,
762 2283 779 2312 et
787 2278 844 2312 filium

143 2330 225 2364 omnium
241 2330 384 2372 redemptorem,
399 2332 417 2361 et
433 2328 517 2371 spiritum
533 2329 615 2362 omnium
630 2331 763 2363 consolatorem
779 2331 845 2364 adesse

144 2385 251 2425 presentes;
264 2381 314 2414 vnde
325 2392 359 2424 pre
371 2379 427 2413 nimia
438 2380 549 2414 iocunditate
560 2393 625 2415 vocem
637 2388 655 2416 et
666 2382 746 2425 linguam
759 2383 844 2417 cohibere

143 2446 181 2468 non
188 2433 251 2480 potuit.
275 2434 319 2468 Post
327 2435 361 2468 hec
370 2434 450 2468 tundens
460 2439 530 2478 pectus,
539 2445 580 2469 cum
588 2434 687 2480 lachrymis
695 2435 730 2470 ait:
743 2435 842 2470 ‘Miserere

402 2538 405 2555 ¹
417 2536 435 2567 T.
442 2536 521 2574 quoniam,
530 2536 547 2567 E.
556 2539 588 2576 qui.
