1762 2803
109 108 111 113 ·
135 111 163 142 10
323 97 403 149 muna
418 93 534 157 termut
549 94 641 156 anulio.

132 217 218 261 ingentes
229 216 281 262 palos
292 228 315 252 ex
323 218 426 261 quercubus
436 216 521 251 maximis
529 217 570 251 fieri
580 217 668 262 precepit,
676 222 761 261 terreque
769 215 820 260 infigi
828 227 832 258 ;

133 276 202 304 terram
213 281 285 313 quoque
297 272 373 304 solidam
384 271 436 303 iussit
447 280 515 302 nouem
526 270 627 302 miliaribus
638 280 672 312 per
683 280 750 312 aquam
760 269 832 302 afferri:

134 327 152 357 et
171 321 202 363 sic,
214 334 258 356 vsus
277 323 336 368 ligneo
355 323 477 367 fundamento,
489 322 586 356 ecclesiam
603 321 676 368 incepit,
689 327 707 358 et
722 327 833 357 conuentum

135 378 266 410 monachorum
282 378 368 420 instituit;
385 378 481 420 locumque
495 376 615 420 magnificans
630 375 729 417 beneficiis,
741 374 817 409 edificiis
823 373 833 416 ¹,

118 430 253 471 5ornamentis,
260 441 318 474 usque
330 431 353 463 ad
365 429 413 463 diem
426 429 485 462 obitus
497 428 525 462 sui
534 430 557 462 ab
569 428 617 462 illius
628 428 699 462 cenobii
709 427 834 468 veneratione,

136 481 243 516 defensione
251 487 269 516 et
277 483 390 527 promotione
398 494 435 516 non
443 482 575 516 cessauit—²
582 474 664 517 Sanctus
676 481 725 516 enim
734 481 834 515 Guthlacus

136 540 173 568 tarn
185 534 279 569 irremisso
287 535 373 570 famulatu
385 538 419 569 deo
432 535 513 578 seruiuit,
521 535 551 569 vt³
561 546 655 578 nunquam
667 534 686 568 in
696 534 744 567 illius
755 544 787 567 ore
800 533 834 566 nisi

137 587 226 629 Christus,
235 599 327 632 nunquam
335 588 354 621 in
362 588 410 621 illius
418 589 472 622 corde
480 588 515 622 nisi
521 589 584 632 pietas,
592 587 636 621 nihil
644 587 663 620 in
675 586 723 620 illius
731 586 792 619 animo
800 585 835 619 nisi

137 639 220 683 charitas,
236 641 270 674 nisi
289 652 332 685 pax,
347 641 382 674 nisi
401 640 530 682 misericordia,
546 640 581 675 nisi
599 639 712 684 indulgentia
730 638 836 683 permansit.

111 707 130 727 10
138 694 197 726 Nemo
205 704 285 736 vnquam
293 693 343 727 illum
350 693 395 728 vidit
403 693 474 737 iratum,
482 705 536 727 nemo
545 695 650 737 superbum,
659 703 713 726 nemo
722 698 823 725 merentem
830 704 834 733 3

138 746 171 780 sed
176 756 223 779 vnus
231 747 316 791 idemque
321 757 395 792 semper
400 757 515 791 permanens,
520 746 596 781 letitiam
603 746 621 780 in
627 746 683 788 vultu,
689 744 766 791 gratiam
771 744 790 778 in
798 754 835 787 ore,

138 799 247 834 suauitatem
258 800 277 833 in
289 805 356 842 mente,
364 801 481 844 prudentiam
492 801 511 834 in
525 806 604 844 pectore,
616 799 737 834 humilitatem
749 798 768 832 in
781 798 836 832 corde

137 852 241 896 preferebat
246 853 257 886 ⁴.
281 854 392 887 Potestatem
404 860 465 887 autem
477 864 562 897 magnam
576 864 632 897 super
645 853 749 886 immundos
761 851 836 895 spiritus

138 906 194 939 adeo
207 905 281 949 accepit,
294 907 340 940 adeo
348 912 368 941 vt
381 917 413 940 eos
427 906 498 940 edificia
507 911 612 941 construere
624 912 702 950 cogeret,
714 911 732 940 et
744 905 836 949 quendam

112 972 129 1003 ¹5
138 958 222 1001 spiritum
230 959 249 991 in
257 959 292 992 olla
300 969 333 992 sua
339 959 426 992 bulliente
434 960 540 993 includeret.
585 953 684 1003 fiQuadam
692 964 753 993 autem
765 957 795 991 die
806 967 837 1000 ap-

138 1016 237 1053 paruerunt
250 1011 267 1043 ei
280 1012 359 1044 humano
372 1011 433 1044 habitu
446 1012 534 1044 demones
544 1012 586 1051 duo,
598 1012 691 1045 dicentes:
704 1011 754 1043 ‘Nos
765 1009 837 1052 experti

138 1073 202 1096 sumus
214 1067 237 1103 te,
250 1067 267 1096 et
278 1063 321 1095 fidei
333 1068 363 1095 tue
375 1062 493 1095 valitudinem
505 1064 633 1107 comperimus,
643 1063 837 1107 perseuerantiamque

136 1114 223 1157 patientie
239 1120 269 1147 tue
281 1115 406 1148 inuincibilein
418 1116 523 1158 probantes,
537 1115 628 1149 variarum
640 1115 706 1149 artium
718 1116 807 1149 aduersus
819 1118 837 1148 te

136 1176 188 1200 arma
196 1167 311 1211 suscepimus
319 1179 323 1202 ε
335 1173 432 1211 propterea
437 1167 469 1201 tibi
475 1167 625 1202 insultarevltral
633 1167 723 1202 desistere
731 1166 836 1212 cogimur⁷;

109 1234 128 1255 20
136 1225 155 1255 et
166 1230 203 1254 non
215 1220 273 1254 solum
285 1221 372 1264 propositi
386 1221 412 1254 tui
423 1220 462 1255 vias
475 1221 590 1266 disrumpere
603 1221 704 1262 nolumusl,
716 1221 749 1255 sed
762 1226 779 1254 te
791 1220 837 1254 anti-

137 1283 214 1318 quorum
228 1273 359 1307 heremitarum
371 1274 520 1308 conuersationes
534 1274 645 1308 erudiemus.
668 1274 744 1318 Moyses
758 1273 838 1307 enimet

138 1326 214 1371 Helyas,
223 1332 241 1361 et
253 1325 293 1370 ipse
306 1327 391 1369 saluatur,
400 1327 459 1372 primo
473 1327 555 1361 omnium
567 1328 590 1362 ad
604 1327 665 1362 ieiunii
673 1327 744 1371 fastigia
752 1337 838 1361 conscen-

137 1381 226 1414 deruntl:
239 1380 278 1414 Sed
291 1385 309 1413 et
322 1381 387 1415 famosi
399 1381 424 1414 1111
436 1380 520 1415 monachi
533 1381 635 1414 habitantes
648 1380 746 1423 Egyptum,
759 1380 838 1413 humane

137 1432 247 1479 infirmitatis
255 1432 298 1466 vitia
306 1433 415 1466 abstinentie
423 1433 492 1466 framea
500 1432 633 1467 interimebant.
657 1432 680 1466 Et
687 1432 757 1474 iccirco,
764 1431 803 1465 situ
810 1431 838 1465 vis

110 1499 129 1529 ²5
138 1491 180 1520 ante
190 1486 288 1519 commissa
300 1486 376 1519 crimina
387 1485 467 1526 abluere,
475 1485 589 1519 imminentia
600 1496 666 1519 necare
672 1485 694 1527 ¹⁰3
707 1496 781 1519 carnem
789 1490 838 1518 tuam

138 1537 248 1572 abstinentie
260 1538 336 1582 flagellis
348 1539 413 1582 afflige,
424 1543 442 1572 et
455 1538 509 1572 animi
521 1538 547 1571 tui
560 1538 674 1572 insolentiam
688 1537 759 1571 ieiuniis
770 1537 839 1581 frange.

139 1591 212 1632 Quanto
221 1591 296 1623 enimin
305 1591 339 1623 hoc
350 1592 411 1623 seculo
420 1591 514 1632 frangeris,
522 1596 572 1623 tanto
580 1591 598 1623 in
607 1596 716 1633 perpetuum
724 1590 825 1623 solidaris¹¹
834 1603 839 1629 ¹,

140 1647 159 1676 et
167 1647 234 1686 quanto
243 1642 261 1675 in
270 1642 352 1685 presenti
363 1642 455 1686 affligeris,
463 1648 513 1677 tanto
524 1643 542 1676 in
555 1643 614 1677 futuro
625 1643 724 1687 gaudebis:
738 1643 785 1677 Nam
797 1652 838 1677 cum

140 1694 208 1728 ieiunio
215 1699 316 1737 prostratus
322 1695 404 1736 iacueris,
411 1700 454 1728 tunc
460 1696 543 1729 excelsus
549 1706 609 1730 coram
616 1697 651 1730 deo
656 1696 739 1730 eleuaris.
748 1694 839 1729 Ieiunium

114 1760 133 1790 30
141 1758 185 1791 ergo
193 1758 230 1781 non
242 1746 292 1781 bidui
299 1753 330 1782 aut
341 1748 406 1788 tridui;
418 1749 450 1783 sed
462 1754 579 1793 septenarum
591 1750 661 1784 dierum
669 1749 729 1784 valida
741 1750 839 1793 castigatio,

141 1800 229 1834 ieiunium
239 1806 271 1834 est.
295 1801 345 1834 Sicut
358 1802 407 1835 enim
419 1812 452 1835 sex
466 1802 529 1836 diebus
541 1803 586 1837 deus
599 1803 662 1837 mundi
673 1804 743 1847 plasma
755 1801 839 1837 formauit

143 1853 195 1897 [et]¹ss
208 1854 285 1896 septimo
300 1854 394 1897 requieuit,
407 1854 432 1888 ita
445 1855 499 1889 etiam
512 1855 603 1889 hominem
619 1857 672 1890 decet
683 1867 717 1890 sex
729 1855 794 1890 diebus
806 1865 840 1898 per

142 1905 229 1940 ieiunium
238 1906 302 1950 spiritu
309 1907 409 1949 reformari,
417 1913 435 1941 et
443 1908 519 1951 septimo
527 1909 556 1942 die
564 1900 676 1944 comedendo
681 1910 694 1929 ¹³
700 1909 750 1943 carni
758 1909 840 1952 requiem

142 1960 196 1991 dare.⁵
220 1958 261 1992 Hiis
272 1959 337 1992 auditis
348 1961 411 1993 beatus
421 1961 518 1995 Guthlacus
530 1972 628 2006 exurgens,
635 1961 735 2005 psallebat:
748 1961 840 1996 ‘Conuer-

115 2024 134 2053 35
143 2016 204 2045 tantur
211 2011 278 2044 inimici
288 2012 324 2045 mei
336 2015 444 2047 retrorsum)
467 2013 507 2056 Quo
519 2014 571 2056 dicto,
580 2014 637 2048 hostis
645 2015 694 2048 velut
705 2014 766 2048 fumus
773 2024 840 2048 vacuas

142 2063 161 2098 in
168 2074 221 2098 auras
229 2064 305 2098 euanuit.
317 2064 367 2099 Tunc
374 2072 466 2112 assumpta
471 2068 553 2102 ordeacei
561 2068 613 2113 panis
618 2068 706 2113 particula
713 2068 780 2102 victum
787 2079 840 2103 suum

142 2117 266 2161 quotidianum
271 2119 319 2152 vesci
325 2120 376 2163 cepit.
393 2120 517 2164 Malignivero
524 2122 597 2166 spiritus
606 2127 720 2165 contemptos
726 2132 746 2155 se
751 2122 840 2163 videntes,

143 2170 251 2205 lachrimoso
259 2171 336 2205 clamore
348 2177 366 2207 et
374 2172 428 2207 ssebili
436 2174 509 2218 vlulatu,
518 2175 594 2210 diuersis
606 2174 714 2219 singultibus
725 2175 840 2219 plangentes,

143 2234 205 2258 aerem
214 2224 306 2267 questibus
314 2222 555 2269 impleuerat-Florus
565 2234 626 2263 autem
638 2228 685 2262 circa
696 2239 765 2262 annum
773 2228 841 2262 domini

116 2293 136 2322 40
144 2276 324 2320 septingentesimum
335 2285 406 2313 sextum
412 2282 429 2315 ¹³.

163 2345 277 2391 ¹E3edeficiis.
311 2347 533 2388 ²FromtheVitabyFelix.
568 2349 842 2386 ³E.vtnunquaminilliuscorde

144 2386 243 2432 nisilpietaffi
257 2387 295 2415 nihil
305 2387 320 2416 in
333 2389 374 2418 illius
386 2390 438 2419 animo
451 2391 480 2419 nisi
492 2391 564 2427 charitas,
575 2393 592 2419 vt
603 2399 683 2426 nunquam
693 2389 709 2418 in
721 2389 762 2419 illius
773 2398 800 2419 ore
811 2389 841 2419 nisi

144 2425 220 2461 Christus,
228 2426 258 2454 nisi
265 2436 301 2463 pax,
309 2431 336 2457 &o
387 2430 393 2446 ¹
403 2430 421 2460 E.
429 2430 522 2468 perferebat.
573 2429 578 2447 ⁵
589 2429 635 2458 From
643 2430 670 2459 the
677 2428 714 2458 Vita
721 2429 742 2466 by
750 2428 795 2459 Felix
800 2439 804 2466 ;
815 2429 842 2460 the

144 2465 299 2504 samemiraclewas,
308 2468 386 2507 however,
395 2470 494 2500 toldbesore.
528 2469 620 2499 ⁰T.ulttra.
653 2469 776 2499 711110111111111.
807 2469 842 2500 ⁸E.

144 2506 218 2536 volumus.
259 2506 420 2539 ⁹E.concenderunt.
461 2510 656 2546 ¹⁰T.necare;E.vitare.
700 2508 842 2540 '¹E.solidaberls.

144 2549 155 2568 ¹²
166 2559 195 2580 om.
202 2551 218 2580 in
226 2551 242 2580 T.
251 2552 268 2582 E.
311 2554 322 2571 ¹³
333 2554 351 2582 E.
358 2555 476 2585 commedendo.
520 2555 532 2573 ¹⁴
542 2555 612 2584 Collect:
624 2551 658 2594 (O)
665 2555 704 2583 felix
711 2554 765 2583 diuino
772 2563 842 2592 munere,
