1762 2803
249 122 294 178 Bt
309 118 409 174 &aaut
425 118 585 179 adauctu.
722 134 766 177 437

65 247 114 282 iuxta
121 244 170 279 littus
178 243 240 286 maris,
246 244 276 279 vbi
284 242 329 278 mihi
335 241 431 277 videbatur
437 243 502 277 adesse
508 242 587 287 quedam
595 240 676 277 maxima
684 240 766 283 nauisin

65 310 101 344 qua
116 298 212 331 multitudo
227 298 302 342 copiosa
317 296 400 340 piscium,
415 302 433 329 et
448 297 528 330 maxime
541 296 670 340 anguillarum,
682 295 767 330 conclusa

65 352 166 392 tenebatur,
182 352 205 385 ab
220 350 257 384 imo
272 360 331 393 vsque
349 350 372 383 ad
388 360 486 383 summum.
509 349 592 393 Cumque
611 360 684 383 mecum
701 348 767 383 tacitus

65 404 164 450 cogitarem
173 404 216 448 quid
228 404 263 438 sibi
271 403 327 438 vellet
338 402 373 437 hec
381 402 433 444 visio,
441 409 517 447 repente
528 402 590 437 audiui
600 414 665 437 vocem
675 402 767 437 dicentem

65 457 120 492 mihi:
140 457 276 498 “Ethelwolde,
290 455 409 496 Ethetwolde,
422 455 456 489 hoc
468 456 500 489 tibi
514 456 620 489 mandatum
633 455 697 489 celitus
709 465 720 488 a
732 455 784 494 deo5

65 510 142 546 missum
158 515 198 545 est:
216 509 276 545 excita
291 509 325 544 hos
339 507 400 552 pisces
415 508 481 552 quibus
497 508 530 543 hec
545 507 598 544 nauis
613 507 688 553 impleta
701 513 735 549 est,
748 513 767 542 et

65 563 176 598 orationibus
188 563 224 597 tuis
234 563 288 597 effice
298 567 317 595 vt
328 562 365 595 sint
376 562 465 603 homines,
473 562 520 596 sicut
531 567 585 595 antea
597 562 686 596 suerunt.”
709 561 766 595 Cuius

64 615 141 651 iussioni
151 626 195 650 mox
204 626 238 659 ego
249 616 379 659 obtemperans
389 615 431 649 steti
440 625 475 659 pro
485 615 512 650 eis
523 615 546 649 ad
558 615 664 656 orationem,
673 620 690 650 et
700 613 767 649 lachri-

64 681 136 704 marum
144 670 209 713 ymbre
220 669 306 713 perfusus
315 668 440 712 ingemiscens
450 669 500 703 dixi:
514 668 608 702 “Domine
619 669 675 702 lhesu
687 667 766 708 Christe,

64 723 93 757 cui
101 722 146 755 nihil
154 728 182 756 est
190 722 309 766 impossibile,
318 721 390 765 respice
398 721 487 766 propitius
495 722 518 755 ad
527 721 598 755 animas
606 721 694 755 diabolica
702 720 765 754 fraude
776 732 794 753 ro

65 778 157 820 deceptas,
166 785 201 820 que
209 785 219 809 a
227 785 284 809 sensu
292 775 373 808 humane
382 774 457 809 rationis
465 775 543 809 alienate
554 780 596 809 sunt
606 780 623 809 et
633 784 685 809 more
694 773 765 808 bestiali

65 830 83 863 in
91 829 161 863 lubrico
169 829 223 863 huius
232 829 288 863 seculi
296 839 342 862 ceno
350 828 456 862 mirabiliter
464 828 586 862 inuoluuntur.
609 828 643 868 Ne,
649 839 712 872 queso,
718 828 767 861 bone

66 883 126 924 lhesu,
139 881 235 926 permittas
250 887 269 916 vt
285 882 308 916 de
324 880 351 915 eis
366 880 484 925 triumphans
499 880 587 924 glorietur
602 880 677 914 humani
691 879 766 925 generis

64 935 149 968 inimicus
156 947 160 976 ς
173 935 206 967 sed
214 945 248 978 per
255 934 281 967 tui
289 933 347 968 sancti
355 934 435 977 nominis
443 933 594 977 omnipotentiam
605 934 737 966 resuscitentur
743 933 766 965 ad

64 988 126 1028 vitam,
139 992 158 1020 vt
172 997 270 1031 sompnum
284 992 347 1020 eterne
361 986 425 1020 mortis
439 987 545 1027 euadentes,
557 991 575 1019 te
587 996 652 1019 verum
664 991 682 1019 et
693 984 767 1019 vnicum
777 995 794 1025 ¹5

65 1039 128 1074 muudi
141 1039 250 1073 saluatorem
263 1042 363 1083 agnoscant
369 1038 380 1080 ¹,
394 1043 412 1072 et
424 1038 512 1083 deinceps
526 1048 601 1082 semper
614 1038 637 1072 ad
649 1037 767 1082 tranquillum

65 1091 129 1126 salutis
137 1098 167 1126 tue
175 1097 248 1137 portum
257 1091 388 1136 confugientes,
397 1092 419 1125 ab
431 1092 516 1125 omnibus
525 1091 589 1125 mundi
600 1090 767 1136 perturbationibus

64 1147 157 1179 immunes
165 1145 245 1179 existant
251 1151 269 1180 et
278 1146 312 1180 sub
320 1150 351 1179 tua
356 1145 489 1188 gubernatione
495 1144 555 1179 securi
561 1150 687 1188 permaneant.
706 1144 766 1178 Tuum

65 1204 93 1232 est
101 1199 155 1239 euim,
161 1198 239 1240 Christe,
246 1204 329 1232 mortuos
336 1197 434 1238 viuiiicare,
440 1203 458 1232 et
466 1197 570 1242 ymaginem
580 1203 629 1232 tuam
637 1207 693 1241 quam
701 1198 766 1231 creasti

65 1252 83 1285 in
92 1251 178 1285 decorem
186 1263 239 1285 suum
250 1250 349 1295 pristinum
357 1250 468 1285 reformare:
480 1250 511 1295 qui
519 1250 585 1285 venisti
594 1250 612 1284 in
621 1251 669 1285 hunc
678 1250 767 1284 mundum
777 1264 796 1284 zo

65 1309 171 1347 peccatores
185 1304 246 1338 saluos
257 1304 324 1345 facere,
339 1309 358 1337 et
369 1303 409 1337 dira
422 1303 486 1338 mortis
498 1303 587 1346 supplicia
599 1314 666 1347 passus
677 1303 695 1337 in
707 1313 768 1343 cruce,

65 1357 142 1391 sundere
150 1356 235 1400 dignatus
246 1367 266 1391 es
276 1356 384 1399 sanguinem
395 1361 446 1390 tuum
457 1355 562 1400 preciosum
573 1366 607 1400 pro
618 1356 676 1390 salute
685 1354 766 1390 omnium

65 1410 164 1443 nostrum.”
188 1408 234 1443 Cum
252 1409 286 1443 hec
306 1414 324 1442 et
343 1407 378 1442 hiis
393 1408 459 1442 similia
474 1414 583 1451 compuncto
598 1409 653 1442 corde
668 1414 687 1442 et
702 1406 766 1451 spiritu

65 1461 171 1497 humilitatis
191 1462 310 1503 effunderem,
326 1472 369 1495 ecce
387 1472 434 1506 quos
452 1467 506 1496 antea
524 1461 586 1505 pisces
604 1462 692 1503 videram,
707 1460 767 1495 subito

65 1515 150 1550 homiues
158 1515 232 1550 effectos
240 1521 276 1550 eta
287 1521 345 1549 morte
357 1514 474 1550 resuscitatos
484 1514 532 1550 vidi:
545 1520 563 1550 et
574 1515 709 1560 perrexerunt²
717 1514 767 1549 testi·
776 1526 794 1557 ²5

65 1574 131 1603 nanter
149 1570 172 1603 ad
191 1575 260 1603 terram
279 1568 352 1612 copiosa
371 1569 467 1603 hominum
486 1568 588 1610 multitudo,
604 1580 681 1612 quorum
700 1568 767 1602 multos

65 1622 142 1666 agnoui:
161 1622 210 1656 inter
224 1633 271 1666 quos
287 1633 335 1656 uuus
352 1627 454 1655 retrorsum
470 1623 539 1656 cadens
554 1622 620 1656 iterum
636 1622 654 1656 in
669 1621 768 1666 anguillam

64 1684 130 1708 versus
141 1679 175 1715 est,
185 1674 215 1708 ille
226 1674 311 1708 videlicet
321 1674 441 1708 Ethelstanus
449 1674 479 1718 qui
490 1684 563 1708 mecum
574 1675 666 1717 quondam
677 1674 769 1718 presbiter

65 1726 124 1760 suerat
136 1726 236 1768 ordinatus,
245 1738 300 1770 quem
312 1725 400 1770 deinceps
412 1727 461 1760 nullo
473 1727 527 1761 modo
539 1727 624 1767 excitare,
636 1738 670 1761 nec
682 1733 701 1761 vt
713 1726 768 1760 homo

66 1780 119 1813 fieret
130 1785 213 1823 poteram
225 1779 305 1813 efficere.
327 1778 401 1823 Reliqui
412 1790 478 1814 omnes
487 1780 595 1814 leuauerunt
602 1775 667 1814 vocem
675 1780 693 1813 in
702 1779 767 1821 celum,
776 1788 796 1818 30

66 1832 151 1866 manibus
162 1833 271 1876 plaudentes
283 1839 301 1866 et
312 1832 380 1876 gratias
392 1833 427 1866 deo
438 1833 546 1873 reserentes,
557 1832 599 1876 quia
610 1844 645 1877 per
656 1832 767 1867 ineffabilem

66 1885 106 1919 eius
119 1885 240 1928 clementiam,
252 1891 270 1919 et
282 1895 316 1929 per
327 1896 369 1919 mee
380 1885 487 1929 paruitatis³
498 1886 627 1928 incrementum,
638 1891 745 1919 meruerunt
756 1896 767 1919 a

66 1944 125 1973 morte
136 1940 159 1973 ad
170 1939 227 1974 vitam
238 1937 320 1973 reuocari
334 1943 351 1973 et
364 1938 445 1974 humane
458 1939 523 1974 rationi
535 1949 590 1983 quam
603 1938 702 1974 amiserant
714 1938 767 1973 resti-

65 1993 91 2026 tui
97 1992 109 2026 ⁴.
132 1993 171 2037 Ego
179 1998 241 2026 autem
251 1994 334 2037 gaudeus
344 1992 362 2025 in
371 1992 445 2026 domino
454 1998 472 2026 et
483 1993 612 2037 congratulans
622 1993 663 2033 illis,
671 1992 767 2037 euigilaui;

66 2050 84 2077 et
97 2045 144 2078 hanc
157 2045 247 2078 visionem
259 2045 318 2086 vobis,
330 2056 341 2077 o
354 2045 405 2077 lilioli
417 2045 459 2087 mei,
470 2045 535 2079 iccirco
546 2045 606 2079 resero
619 2051 639 2079 vt
652 2051 670 2083 et
680 2055 714 2079 vos
726 2055 767 2078 cum
777 2056 796 2087 35

66 2097 156 2132 bonorum
168 2108 245 2141 operum
257 2096 328 2132 sructu⁰
339 2099 358 2131 in
370 2104 433 2132 sancto
444 2097 539 2142 proposito
550 2098 678 2142 perseueretis,
687 2108 723 2142 quo
734 2109 768 2141 per

66 2150 143 2193 gratiam
155 2150 185 2185 dei
196 2150 284 2195 possitis⁶
296 2150 315 2184 in
329 2162 393 2185 eorum
407 2162 484 2186 numero
499 2150 601 2195 computari
616 2150 647 2195 qui
662 2150 712 2192 mihi,
726 2150 768 2184 licet

66 2202 146 2248 indigno,
155 2204 248 2239 commissi
260 2205 313 2239 sunt?
359 2197 399 2239 Hic
409 2210 484 2239 sanctus
493 2204 591 2249 episcopus
599 2204 683 2238 kalendis
690 2204 768 2248 augusti,

66 2267 115 2291 anno
131 2257 200 2291 domini
219 2257 360 2302 nongentesimo
378 2258 502 2302 octuagesimo
517 2263 587 2301 quarto,
603 2257 721 2301 episcopatus
739 2257 768 2291 sui

66 2310 154 2344 vicesimo
166 2316 236 2355 quarto,
249 2316 339 2356 regnante
352 2311 452 2346 Ethelredo
465 2321 514 2355 rege,
527 2310 613 2354 migrauit
625 2311 648 2345 ad
661 2309 767 2345 dominum:
777 2323 797 2353 40

66 2363 117 2397 cuius
137 2375 204 2408 corpus
219 2364 279 2398 subita
293 2364 419 2398 immutatione
434 2364 467 2398 fuit
483 2369 596 2405 renouatum,
611 2363 670 2398 lacteo
688 2364 768 2399 candore

66 2416 161 2459 perfusum
169 2428 259 2461 roseoque
267 2418 334 2451 rubore
341 2422 463 2459 venustatum,
470 2416 495 2451 ita
501 2421 521 2451 vt
529 2416 664 2461 quodammodo
672 2416 769 2462 septennis

67 2469 119 2511 pueri
133 2471 203 2503 vultum
216 2471 326 2513 pretendere
338 2469 440 2512 videretur3
456 2476 474 2503 et
485 2470 534 2514 apud
546 2469 660 2504 Wintoniam
674 2470 693 2504 in
706 2469 769 2504 Veteri

86 2538 232 2575 laLcognoscant.
281 2539 322 2566 Ἴαἱ.
330 2539 406 2575 perrexit.
456 2539 492 2568 ³E.
499 2538 586 2575 peruicacia
636 2538 770 2570 ¹at.restaurari.

67 2574 158 2606 ’alcultu
218 2577 253 2607 ⁸1²2.
262 2576 323 2615 positis.
