1762 2803
274 89 320 145 Ue
335 87 435 142 &ando
451 85 563 146 cheliau.
724 89 767 144 367

65 211 114 247 illius
125 222 192 257 magna
202 211 259 246 oritur
269 209 363 253 dissentio,
376 209 453 253 singulis
465 220 509 245 suas
522 208 638 244 auctoritates
648 208 672 243 de
683 207 768 242 habendo

66 274 143 309 corpore
161 264 201 299 eius
219 269 237 299 et
256 262 352 308 priuilegia
371 260 538 306 pretendentibus¹.
562 259 687 295 Discretorum
706 264 768 292 tamen

66 315 128 350 habito
138 315 214 350 tandem
222 313 304 355 consilio,
312 312 424 348 orationibus
433 316 451 347 et
458 310 531 347 ieiuniis
539 309 637 347 insistere¹
644 309 769 355 acquiescunt,

65 375 85 402 vt
98 380 182 403 summus
194 368 262 403 arbiter
275 367 364 409 Christus,
376 366 408 411 qui
420 371 448 401 est
459 377 503 400 vera
515 365 612 400 auctoritas
623 370 641 400 et
653 363 768 409 priuilegium

66 427 177 466 sanctorum,
189 421 287 456 ostendere
300 420 407 465 dignaretur
420 419 486 464 quibus
500 419 557 454 sancti
572 417 601 454 sui
616 427 683 462 corpus
696 415 787 461 dignius⁵

66 479 116 508 esset
127 474 283 509 committendum.
306 473 362 507 Mane
373 477 435 506 autem
446 471 499 512 facto,
507 471 581 514 quidam
589 470 656 511 senior,
663 469 694 504 vbi
702 479 770 513 corpus

66 526 124 560 sancti
132 526 212 571 positum
220 530 258 560 erat
266 523 381 569 inspiciendo
390 523 510 558 considerans
514 522 527 565 ⁵,
534 533 579 557 voce
587 532 653 567 magna
660 520 770 556 exclamauit

66 579 130 614 dicens
138 591 142 613 ε
155 578 256 613 ‘Exaudita
264 584 298 620 est,
306 578 371 613 fratres
379 576 421 619 mei,
429 588 439 612 a
447 576 522 612 domino
531 575 588 611 oratio
600 581 667 611 nostra
690 575 769 620 Surgite‚

67 638 128 677 etque
137 633 184 668 iacta
195 638 256 668 sunta
265 632 338 668 Christo
346 631 421 666 domino
429 631 452 666 ad
460 637 540 665 vestram
548 629 649 665 sedandam
660 628 769 663 discordiam

66 686 158 731 respicite,
169 687 199 720 vt⁴
208 685 255 720 sicut
266 686 285 720 in
297 685 346 721 beati
357 683 469 720 confessoris
480 683 550 719 Theliai
561 683 598 719 vita
610 682 732 722 sanctissima,
744 682 770 717 sic
780 696 799 717 ro

67 744 86 774 et
97 738 116 774 in
128 739 168 775 eius
180 745 239 775 morte
251 739 274 774 ad
288 739 376 774 honorem
390 743 408 773 et
420 738 493 772 laudem
505 737 534 773 dei
546 736 613 772 fierent
625 736 723 771 miracula?
746 735 770 770 Et

67 802 110 826 ecce
121 792 184 826 vident
195 791 220 826 ibi
235 801 312 835 corpora
325 791 364 833 tria,
376 790 443 834 quibus
454 800 488 833 par
499 796 538 824 erat
550 789 642 833 quantitas
654 788 673 822 in
687 798 771 832 corpore,

67 843 117 879 idem
128 844 178 880 color
187 844 207 879 in
217 843 268 886 facie,
281 848 300 879 et
311 843 331 878 in
342 843 392 878 nullo
404 843 528 887 discrepantia
542 841 598 877 totius
613 840 727 886 compaginis
738 847 769 875 aut

67 896 145 933 vestium
157 897 268 932 lineamenta
279 896 403 942 possidebant
425 895 493 941 Sicque
501 896 564 931 sedata
572 895 603 930 lite
611 894 678 939 singuli
686 903 728 929 cum
736 906 770 929 suo

68 961 145 994 corpore
158 961 200 985 cum
211 950 278 995 gaudio
291 950 367 993 reuersi,
379 955 398 984 et
412 948 492 984 diuersis
506 949 526 983 in
541 948 586 983 locis
599 957 640 983 cum
653 956 726 983 summa
741 958 770 982 re·
780 958 798 988 ¹⁵

67 1004 151 1038 uerentia
162 1004 280 1048 sepelierunt.
301 1004 374 1038 ⁶Vnum
387 1008 447 1038 autem
460 1012 527 1047 corpus
537 1002 556 1037 in
567 1001 675 1037 landauensi
688 1000 771 1043 ecclesia,

68 1056 116 1090 aliud
126 1067 164 1090 non
175 1057 230 1101 longe
245 1057 268 1090 ab
279 1057 325 1091 vrbe
338 1055 484 1097 Caermerthinl,
498 1055 571 1089 tertium
585 1055 604 1088 in
616 1054 737 1097 Westwallia,
752 1053 770 1087 in

68 1118 135 1152 magno
145 1109 215 1143 honore
225 1108 318 1144 habetur⁵.

90 1186 138 1231 [Ms.
146 1187 185 1221 Tib.
193 1187 250 1222 adds:
358 1178 373 1216 ll
383 1177 469 1212 Narrabo
473 1174 484 1212 ⁷.

91 1243 146 1293 (Erat
151 1249 232 1294 quidam)
241 1251 341 1285 monachus
348 1250 367 1285 in
376 1251 477 1295 (spelunca,
485 1260 557 1286 summe
567 1250 684 1289 abstinencie,
692 1250 770 1294 cuncltis

68 1303 125 1337 animi
130 1302 198 1338 ssorens
204 1303 305 1338 uirtutibus.
321 1303 412 1348 (Cumque
419 1303 438 1338 in
443 1303 563 1348 prosecti)bus
569 1304 664 1337 confidens
670 1314 707 1337 non
713 1309 771 1338 totum
781 1314 800 1335 ro

69 1356 109 1397 deo,
114 1360 142 1389 set
148 1355 189 1399 (sibi
194 1355 229 1400 ipsi
235 1356 356 1398 retribuelret‚
361 1361 460 1400 temptator
465 1357 512 1391 hanc
517 1356 678 1400 presumpcionem
685 1356 772 1399 (intuens,

69 1408 156 1453 quodam)
167 1419 245 1453 uespere
253 1408 304 1453 fingit
312 1420 332 1444 se
343 1408 361 1443 in
370 1408 451 1453 speciem
462 1409 544 1444 mulieris
553 1409 669 1453 (oberranltis
677 1419 711 1453 per
718 1409 772 1444 here·

69 1471 125 1497 mum.
151 1461 192 1505 Que
203 1467 223 1496 ut
234 1462 284 1497 sessa
296 1462 326 1505 (ad
337 1462 418 1498 hostium
431 1462 527 1507 spelunlce
537 1462 665 1497 lassitudinem
678 1463 773 1504 simulans,

70 1514 126 1556 (intus
132 1524 153 1548 se
159 1515 241 1558 proiecit)
247 1520 265 1548 et
274 1515 374 1558 (obuolluta
382 1514 460 1558 genibus
468 1514 508 1549 eius
515 1520 535 1549 ut
543 1514 571 1549 sui
579 1514 689 1549 misereatur
695 1515 773 1556 enor(at.

70 1566 135 1610 ‘Nox‚)
144 1566 207 1612 inquit,
212 1576 242 1602 me
250 1566 401 1611 comprehendit:
413 1567 456 1602 iube
463 1578 493 1602 me
501 1567 597 1612 quiescere
604 1566 623 1602 in
631 1566 698 1611 angulo
706 1567 771 1602 cellule
782 1578 800 1608 ¹5

68 1624 105 1662 tue,
120 1631 144 1654 ne
159 1620 205 1655 forte
220 1619 290 1655 efficiar
304 1620 368 1655 bestiis
381 1621 449 1665 preda?
477 1621 500 1655 Et
517 1620 548 1655 ille
566 1622 627 1666 primo
645 1621 772 1655 miseracionis

69 1673 151 1716 ob(tentu
167 1672 238 1718 recipit)
254 1684 295 1708 eam
309 1675 329 1708 in
344 1674 437 1718 spelunca,
453 1684 534 1718 querens
549 1684 624 1709 causam
637 1674 706 1708 erroris
721 1674 773 1709 eius·

69 1735 104 1768 per
118 1725 219 1760 heremum.
241 1725 267 1759 At
283 1726 315 1760 illa
332 1737 407 1760 causam
422 1727 480 1769 fingit,
495 1732 514 1760 et
528 1727 602 1760 interim
617 1737 690 1760 uenena
702 1726 773 1761 blandi-

70 1782 174 1811 mentorum
186 1788 221 1821 per
234 1783 304 1811 textum
320 1779 430 1812 narrationis
442 1777 542 1819 interserit,
555 1784 573 1811 et
589 1789 638 1812 nunc
650 1789 671 1813 se
684 1778 773 1813 miseran-

70 1830 117 1870 dam,
134 1839 182 1863 nunc
198 1829 306 1863 defensione
323 1830 398 1873 dignam
416 1830 523 1871 ostendens,
539 1830 630 1875 elegantia
647 1836 666 1865 et
683 1831 773 1865 suauitate
782 1843 802 1873 3⁰

70 1881 161 1917 sermonis
172 1883 265 1925 aff(ectum
277 1882 365 1925 holminis
376 1883 484 1918 illecebroso
495 1894 558 1918 amore
567 1882 653 1918 deflectit.
676 1883 725 1918 Hinc
736 1884 772 1919 iarn

69 1936 165 1970 blandiora
176 1936 270 1980 colloquia,
282 1935 316 1970 ioci
329 1936 414 1980 risusque
430 1936 535 1979 miscentur,
549 1947 615 1971 manus
630 1938 688 1971 eciam
704 1947 773 1981 procax

70 1989 93 2023 ad
105 1994 188 2024 mentum
199 1989 313 2034 barbamque
327 1988 394 2033 [quasi]
408 1990 515 2023 uenerando
527 1989 608 2034 speciem
620 1990 724 2034 protendit3
736 1990 773 2024 iam

70 2052 115 2076 uero
127 2041 203 2086 palpare
217 2041 308 2076 ceruicem
324 2041 397 2076 mollius
410 2042 513 2086 collumque
528 2042 615 2086 leuigare.
642 2041 691 2084 Quid
706 2044 774 2078 multa?

70 2095 94 2127 ad
113 2094 212 2136 (ultimum)
228 2094 320 2137 captiuum
339 2094 389 2128 ducit
407 2094 483 2128 militem
503 2094 583 2128 Christi:
603 2094 694 2129 Continuo
710 2095 802 2139 (enim)35

70 2145 151 2180 libidinis
163 2146 248 2181 fluctibus
258 2147 354 2190 (estuans),
366 2147 423 2181 eciam
439 2147 522 2181 laborum
538 2147 682 2192 (preteritorum)
694 2158 716 2182 ac
731 2158 775 2193 pro-

70 2198 156 2233 fessionis
168 2200 240 2241 oblitus,
249 2200 339 2234 obscenos
350 2200 386 2234 iam
396 2200 497 2235 conabatur
505 2199 552 2235 inire
564 2200 666 2244 amplexus.
689 2200 775 2236 lllauero

71 2252 159 2286 ululatum
169 2253 282 2287 teterrimum
295 2252 386 2295 emittens,
398 2252 444 2287 sicut
457 2252 522 2287 umbra
535 2258 574 2287 erat
585 2254 650 2296 tenuis,
662 2264 698 2299 per
708 2264 775 2289 manus

71 2305 198 2349 amplectentis
213 2305 292 2341 elabitur
308 2306 406 2351 ipsumque
422 2307 517 2342 sedissima
532 2318 573 2342 cum
588 2308 673 2342 irrisione
688 2308 776 2343 deseruit.

71 2357 123 2392 Tunc
135 2358 232 2392 multitudo
244 2360 343 2393 demonum
356 2361 376 2393 in
389 2370 432 2393 aere
445 2361 469 2393 ad
483 2360 518 2394 hoc
530 2362 654 2403 spectaculum
665 2367 776 2405 congregata
783 2373 804 2402 4⁰

71 2408 140 2455 ingenti
149 2411 228 2445 clamore
237 2410 319 2456 (ianuit:
332 2411 357 2447 ‘0
368 2412 399 2456 qui
410 2416 429 2447 te
439 2422 498 2457 usque
509 2412 532 2447 ad
544 2412 604 2448 celum
615 2412 723 2454 extollebas
730 2424 775 2457 quo-

91 2473 260 2512 ¹E.precedentibus.
320 2475 354 2505 1Ε.
363 2476 449 2506 instituere.
505 2476 652 2514 ’vitrespiciens
712 2477 775 2508 ‘flet

71 2511 93 2531 ³·³
104 2513 127 2544 Cf.
135 2514 168 2544 Lib.
177 2514 226 2545 Laud
234 2524 249 2553 p.
258 2524 291 2554 109.
335 2515 491 2546 *Ecaemerchin
530 2515 774 2546 'fronvileneunvrle

72 2551 77 2569 ⁶
87 2553 120 2584 VB.
130 2554 192 2584 errandi
200 2564 240 2586 earn.
