1762 2803
43 95 127 140 ars-rm
234 89 281 146 Ut
295 87 430 151 utntttntlt
445 89 564 143 daubei.
701 104 745 148 303

43 220 90 248 quarn
97 221 138 249 pons
145 212 221 250 superior.
243 211 312 250 Eratque
319 212 371 243 tabula
378 212 404 242 illa
412 212 466 250 pontis
472 212 529 250 plena¹
536 212 585 242 clauis
591 211 647 241 ferreis
653 211 746 242 acutissimis

43 258 112 295 insertis,
125 260 152 297 qui
164 260 233 290 omnium
244 260 361 290 transeuntium
370 260 420 297 pedes
430 259 535 297 perlambant
561 258 621 289 Omnes
633 262 685 289 autem
695 257 747 288 bestie

44 307 64 335 ad
75 306 118 336 iiluna
129 310 193 344 pontem
204 307 324 343 conueniebant,
336 312 353 337 ut
367 307 417 336 cibum
429 307 466 336 inde
477 311 564 344 sumerent,
576 306 636 336 animas
646 305 706 336 scilicet
716 315 748 343 quc

44 353 111 384 transire
125 362 157 384 non
171 357 249 392 poterant.
276 354 325 384 Erant
338 358 390 385 autem
404 353 454 385 bestie
467 359 510 384 tante
524 354 641 392 magnitudinis,
655 358 673 383 ut
686 353 749 391 magnis

45 400 113 430 turribus
119 401 247 432 assimilarentur.
265 401 290 431 De
297 411 325 431 ore
332 402 400 440 ipsarum
407 401 460 431 exibat
467 401 507 439 ignis
514 406 546 430 tam
553 401 644 436 uehemens,
651 405 669 430 ut
675 404 748 437 stagnum
756 407 765 437 5

45 447 96 485 ipsum
107 458 117 478 a
128 449 229 478 cernentibus
239 448 296 478 bullire
307 452 393 486 putaretur.
413 448 457 477 Vidit
466 452 519 477 autem
530 447 551 477 ibi
562 448 629 476 animam
641 448 719 484 quandam
732 446 748 476 in

45 499 95 531 ponte
106 494 153 524 ualde
167 494 255 532 plorantem
266 500 283 525 et
293 504 311 524 se
323 496 376 525 multis
388 494 478 525 criminibus
490 499 600 524 accusantem:
616 498 681 531 eratque
692 501 750 531 magno

46 541 118 578 pondere
129 542 244 579 manipulorum
253 542 328 572 frumenti
340 547 412 578 onerata,
423 546 439 571 et
449 542 491 571 hunc
502 545 567 580 pontem
577 541 645 571 transire
655 540 750 578 togatarum

46 592 63 617 et
73 588 144 625 quamuis
155 588 204 617 clauis
214 589 301 626 perforatas
311 589 374 628 plantas
384 589 432 619 nimis
441 589 508 626 doleret,
519 589 569 626 magis
580 588 648 628 (tamen)
658 586 723 618 timebat
733 586 750 617 in

46 640 119 673 stagnum
125 637 181 667 cadere
189 641 205 667 et
210 637 226 666 in
233 645 261 667 ora
268 637 341 675 patencla
347 637 437 667 bestiarum.
456 636 534 674 Querenti
540 636 613 667 Tundalo
618 635 656 674 quid
663 636 694 665 hcc
700 639 749 669 esset.
759 643 779 666 rc

47 683 87 714 dixit
104 684 180 722 angelus:
198 684 242 715 ‘Ista
259 694 300 723 pena
317 685 408 723 specialiter
424 685 452 715 tibi
469 689 494 714 est
511 684 590 722 condigna
605 687 622 714 et
637 684 660 714 tui
674 683 751 713 similibus

47 731 105 760 furtum
117 733 249 769 perpetrantibus,
261 733 287 760 uel
297 741 370 768 magnum
383 731 409 760 uel
423 732 512 765 modicum
526 741 558 760 nou
570 736 623 760 tamen
635 731 691 759 eodem
704 730 752 758 modo

48 777 130 815 paciuntur
142 777 168 816 qui
181 777 197 807 in
211 777 279 808 minimis
291 782 308 808 et
321 778 348 816 qui
362 778 379 808 in
391 778 452 816 magnis
465 777 565 816 delinquunt,
577 777 608 806 nisi
622 776 660 807 illud
673 776 752 806 modicum

48 824 147 862 sacrilegium
154 824 205 854 suerit.
226 826 296 855 Maxime
302 835 342 855 uero
351 826 374 855 rei
384 830 422 855 sunt
431 826 458 863 qui
465 826 494 855 sub
503 825 557 855 habitu
564 825 645 863 religionis
652 823 751 861 delinquunt.

49 871 97 901 Hunc
110 876 175 910 pontem
188 877 251 910 oportet
263 877 280 903 te
292 873 373 912 tranlsire,
386 877 402 903 et
414 873 485 910 uaccam)
498 873 589 902 indomitam
603 878 655 902 tecum
667 871 725 901 ducere
736 875 753 900 et
761 879 780 911 15

49 918 109 948 illesam
121 918 180 958 (michi)
193 919 235 949 ultra
246 925 311 957 pontem
323 920 400 950 reddere·¹
413 920 450 958 quia
460 929 524 949 uaccam
536 919 619 958 compatris
632 918 655 949 tui
668 917 754 956 aliquando

49 966 145 996 iuratuses.¹
165 966 191 996 Ad
198 967 342 1004 quemTundalus:
354 967 439 1004 ¹Domine,
446 977 500 996 nonne
510 976 540 1004 ego
550 967 591 996 illam
599 964 679 997 reddidil¹
700 965 754 994 ‘Reu-

50 1012 109 1048 didisti,
117 1013 172 1050 inquit,
179 1018 205 1042 set
215 1014 278 1051 quando
289 1013 330 1043 illam
340 1013 438 1043 abscondere
448 1022 481 1043 non
492 1012 566 1051 potuisli3
576 1016 592 1042 et
600 1013 637 1042 ideo
647 1020 680 1042 non
689 1010 754 1050 plenum

50 1059 117 1098 pacieris
124 1059 223 1098 supplicium,
231 1060 267 1098 quia
278 1060 330 1091 miuus
337 1065 362 1092 est
372 1060 429 1091 malum
436 1060 478 1091 uelle
485 1070 532 1098 quam
539 1059 620 1098 perficere,
627 1059 663 1089 licet
670 1062 754 1096 utrumque

51 1107 108 1137 malum
125 1107 145 1137 sit
161 1111 199 1138 ante
216 1106 275 1139 deum'
297 1108 317 1139 Et
334 1109 403 1139 ostendit
420 1107 434 1138 ei
451 1108 518 1146 angelus
535 1117 599 1138 uaccam
616 1106 717 1138 indomitam:
737 1111 754 1137 et
762 1115 782 1139 ιο

50 1154 132 1184 Tundalus
152 1155 201 1185 uellet
221 1156 270 1185 nollet
290 1157 349 1195 tenu(it
365 1155 437 1193 uacclam
454 1160 471 1185 et
488 1155 607 1193 quibuscunque
627 1154 674 1184 minis
692 1158 755 1192 poterat

52 1201 141 1241 (instigare)
149 1202 235 1232 conabatur
243 1203 263 1232 ad
274 1207 344 1240 pontem.
365 1202 420 1232 Bestie
431 1211 470 1232 uero
480 1202 569 1240 mugientes
580 1201 665 1232 ueniebant
674 1205 691 1231 et
703 1201 755 1231 cibum

51 1258 97 1279 suum
108 1249 128 1279 de
138 1254 187 1286 ponte
197 1250 306 1287 expectabant.
328 1250 409 1279 Tundalus
419 1250 461 1288 cepit
471 1249 502 1279 iter
512 1259 564 1287 agere,
571 1259 619 1279 uacca
628 1252 681 1279 sutem
692 1247 756 1278 nolebat

52 1305 88 1324 euru
98 1296 148 1333 sequi.
169 1297 208 1325 Cum
215 1297 274 1326 staret²
280 1297 366 1332 Tundalus,
373 1296 439 1326 cadebat
445 1304 502 1331 uacca;
516 1300 533 1325 et
542 1304 578 1325 cum
588 1295 640 1324 stabat
648 1294 680 1330 illa,
691 1294 756 1324 cadebat

52 1342 138 1372 Tundalus.
166 1342 187 1372 Et
200 1342 223 1373 sic
239 1351 286 1373 uersa
299 1342 334 1373 uice
352 1342 400 1373 modo
414 1342 485 1373 cadendo
499 1341 546 1372 modo
563 1342 627 1377 stando,
640 1345 719 1371 uenerunt
735 1340 784 1382 ada5

53 1389 136 1429 (nte)dium
144 1389 202 1427 pontis.
224 1389 295 1428 Cumque
302 1389 338 1420 illuc
347 1390 434 1427 uenissent,
443 1389 482 1420 uidit
489 1389 548 1429 [illum]
555 1390 582 1427 qui
589 1389 661 1428 portabat
668 1388 757 1427 manipulos

53 1437 100 1467 tritici
107 1436 137 1467 sibi
144 1437 199 1467 uenire
206 1437 278 1469 obuiam:
289 1437 316 1475 qui
323 1438 389 1475 rogabat
395 1438 463 1467 animam
470 1436 543 1474 Tundali‚
551 1446 582 1476 que
587 1446 650 1467 uaccam
657 1437 728 1473 ducebat,
736 1445 757 1466 ne

53 1484 83 1515 sibi
92 1488 157 1523 pontem
170 1489 279 1524 preocuparet,
291 1490 308 1515 et
318 1485 404 1521 Tundalus,
416 1484 488 1516 similiter
501 1484 544 1515 illum
558 1484 624 1523 rogabat
637 1489 654 1515 ut
668 1484 699 1516 iter
711 1493 757 1515 suum

53 1533 249 1570 eumcornpleresineret,
268 1533 300 1562 uod
309 1533 340 1562 iam
349 1533 417 1562 medium
424 1532 516 1569 perfecerat.
538 1532 604 1567 Neuter,
612 1542 644 1562 non
652 1533 687 1561 dico
694 1533 758 1568 reuerti,

53 1582 79 1608 set
93 1578 137 1617 (nec)
151 1579 231 1616 respicere
245 1542 289 1609 reiro
301 1583 368 1616 poterae
395 1578 468 1617 siqque]
485 1583 546 1608 stantes
564 1583 580 1608 et
593 1579 679 1616 plorantes,
693 1582 758 1617 pontem
766 1589 787 1620 go

54 1625 142 1664 plantarum
149 1635 213 1656 suarum
222 1626 300 1664 sanguine
307 1626 415 1656 cruentabant.
435 1626 507 1663 Cumque
517 1626 539 1656 ita
550 1626 610 1656 diucius
619 1630 686 1663 starent,
694 1626 758 1665 (nes)ci·

54 1678 101 1704 entes
108 1675 193 1712 quomodo,
200 1678 266 1712 uterque
273 1675 340 1704 alterum
345 1683 363 1704 se
368 1675 473 1713 pertransisse
480 1674 524 1704 uidit.
539 1674 619 1704 Tundalus
626 1679 679 1704 autern
686 1674 759 1712 angelum

54 1731 105 1757 suum,
113 1731 160 1759 quem
167 1726 210 1751 retro
218 1722 307 1760 reliquerat,
314 1726 352 1751 ante
358 1731 377 1751 se
383 1721 427 1757 uidit,
435 1721 462 1759 qui
469 1722 509 1751 dixit
516 1722 531 1750 ei
538 1732 543 1751 a
553 1722 608 1751 ‘Bene
616 1721 678 1756 uenias,
684 1722 705 1751 de
711 1730 760 1751 uacca

55 1767 122 1806 amplius
129 1777 162 1798 non
168 1777 219 1803 cures
226 1768 263 1806 quia
270 1768 317 1798 nichil
325 1768 340 1798 ei
347 1768 395 1798 debes
402 1767 480 1805 amplius'
500 1767 572 1805 Cumque
580 1767 661 1798 Tundalus
667 1768 760 1798 ostenderet

55 1815 105 1853 pedes
114 1824 152 1845 suos
162 1815 253 1853 diceretque
262 1815 304 1852 quod
313 1814 379 1853 amplius
390 1815 413 1844 ire
424 1824 457 1844 nou
466 1818 527 1852 posset,
537 1815 621 1852 respondit
629 1814 706 1852 angelus:
716 1815 759 1845 ‘hle-
768 1816 787 1847 35

56 1862 121 1892 minisse
132 1862 181 1891 debes
192 1871 238 1899 quam
250 1863 314 1891 ueloces
325 1862 389 1891 suemnt
401 1861 451 1898 pedes
463 1861 485 1890 tui
498 1862 518 1890 sd
529 1862 642 1891 effundendum
656 1862 760 1899 sanguinem:

56 1913 73 1939 et
84 1909 121 1938 ideo
131 1907 208 1938 contricio
219 1913 235 1938 et
246 1907 330 1938 infelicitas
338 1908 355 1938 in
366 1907 396 1938 uiis
405 1906 447 1938 tuis.¹
468 1907 488 1938 Et
499 1912 567 1946 tangens
577 1917 612 1939 eam
622 1909 684 1939 sanauit
695 1918 734 1944 eam,
744 1913 761 1939 et

55 1958 79 1986 sic
84 1957 166 1995 precessit.
184 1955 269 1995 (Cumque)
277 1955 337 1986 diceret
342 1954 423 1986 Tundalus
429 1957 433 1971 ¹
438 1955 512 1994 Domine,
519 1965 551 1994 quo
558 1955 599 1987 imus
606 1957 672 1988 modot'
679 1956 761 1995 respondit

56 2005 132 2042 angelus:
143 2004 220 2040 ‘Quidam
230 2008 280 2033 tortor
290 2004 380 2033 teterrimus
390 2008 461 2032 nostrum
471 2007 545 2040 expectat
555 2004 644 2042 aduentum,
657 2004 701 2034 cuius
708 2004 761 2043 trospi-

57 2052 97 2082 cium
108 2061 140 2082 non
150 2060 233 2089 possumus
240 2051 322 2088 preterire.
343 2043 390 2087 Quod
398 2050 485 2088 hospicium
492 2060 556 2088 semper
563 2051 628 2088 plenum
634 2056 660 2081 est
667 2052 761 2090 hospitibus,
769 2055 789 2085 4⁰

56 2102 82 2129 set
89 2099 149 2137 hospes
156 2098 182 2128 ille
189 2098 240 2127 adhuc
246 2098 286 2128 alios
294 2097 366 2135 hospites
375 2098 396 2126 ad
403 2096 496 2135 supplicium
503 2097 581 2127 desiderat
587 2098 670 2129 inuenire.'
711 2092 762 2130 Cum·

57 2155 88 2183 que
96 2145 137 2175 irent
144 2155 174 2183 per
179 2145 214 2175 loca
221 2144 306 2175 tenebrosa
316 2149 332 2174 et
342 2144 392 2181 arida,
402 2144 475 2182 apparuit
482 2144 505 2175 cis
513 2145 569 2174 domus
575 2149 631 2184 aperta
637 2146 710 2181 maxima,
717 2146 762 2184 quasi

58 2192 121 2230 quidam
132 2191 192 2231 (mons)
204 2193 262 2221 arduus
268 2201 297 2230 pre
306 2192 354 2221 nimia
362 2192 474 2229 magnitudine,
482 2191 564 2231 rottunda)
572 2193 617 2230 quasi
626 2192 690 2225 furnus:
701 2193 763 2223 llamrrra

57 2241 95 2270 inde
108 2241 161 2270 exibat
172 2250 204 2278 que
215 2250 245 2278 per
256 2240 298 2270 mille
310 2248 365 2279 passus
377 2238 437 2269 animas
448 2247 488 2276 quas
500 2240 572 2271 inuenire
584 2244 647 2279 poterat
658 2240 762 2271 comburebat.

58 2288 105 2325 Quod
116 2288 173 2317 uidens
184 2287 270 2323 Tundalus,
282 2287 323 2317 dixit
332 2287 352 2317 ad
362 2286 446 2325 angelum:
460 2286 511 2316 ‘Ecce
522 2288 666 2325 appropinquamus
677 2288 697 2318 ad
709 2292 763 2326 ponas
770 2291 790 2322 45

58 2335 114 2364 mortis
121 2345 125 2365 r
136 2334 171 2372 quis
178 2343 203 2364 me
213 2334 287 2364 miserum
294 2333 367 2364 liberabit
372 2332 387 2364 i’
407 2333 437 2363 Cui
444 2333 510 2371 angelus
517 2343 521 2364 a
532 2334 567 2364 ‘Ab
574 2335 605 2364 ista
613 2335 676 2372 quidem
683 2334 763 2364 exteriore

59 2382 120 2410 flamma
127 2381 224 2417 liberaberIs,
231 2385 257 2410 set
263 2381 313 2418 ipsam
320 2381 389 2417 domum,
397 2380 439 2410 unde
449 2381 526 2417 procedit,
534 2380 609 2411 intrabis!
629 2382 691 2411 Etcum
698 2382 764 2419 propius

59 2426 158 2461 accederent,
165 2426 238 2456 uiderunt
245 2425 341 2464 ca(rnifices)
349 2435 385 2455 curn
394 2426 475 2455 securibus
483 2429 499 2454 et
508 2426 562 2456 cultris
569 2430 585 2455 et
592 2426 665 2455 bisacutis
672 2431 688 2455 et
695 2426 764 2456 dolabris

60 2475 76 2503 et
87 2473 153 2503 terebris
164 2472 195 2512 [et]
206 2471 271 2503 falcibus
280 2475 297 2503 et
305 2472 390 2511 forcipibus
397 2471 491 2502 acutissimis
500 2476 517 2503 et
527 2472 607 2504 sossoriis⁸
614 2477 630 2503 et
640 2473 697 2504 ceteris
707 2474 764 2504 instru-

120 2536 125 2555 ¹
136 2536 158 2567 So
165 2535 194 2566 VB
199 2547 204 2575 ;
214 2536 251 2567 Scir.
259 2536 324 2567 inserta.
385 2536 392 2554 ²
402 2537 439 2567 Sch.
446 2537 501 2568 stabat.
568 2537 575 2555 ³
584 2537 603 2568 T.
612 2537 703 2569 fossoribus.
