1762 2803
263 135 309 190 br
323 133 423 188 banau
438 136 544 193 nutare.
714 140 759 193 4⁶7

58 256 126 299 burgh¹
134 261 204 297 vocato,
213 267 223 289 a
231 268 275 300 rege
283 257 375 300 Sigiberto
383 256 418 291 sibi
426 258 496 299 collato,
503 257 635 292 monasterium
647 258 748 291 construxit
755 269 759 299 ;

57 309 107 353 quod
117 309 236 352 postmodum
248 309 309 350 Anna,
321 309 403 344 eiusdem
415 311 507 354 prouintie
520 322 558 354 rex,
570 310 644 345 edifitiis
657 316 675 345 et
687 321 759 354 posses·

58 361 140 395 sionibus
156 372 192 395 non
208 361 300 396 modicum
315 362 370 396 auxit.
393 362 416 396 Et
431 373 472 396 cum
488 363 506 397 in
521 363 572 397 tenui
587 369 639 397 veste
654 363 727 397 sederet
742 367 760 396 et

58 414 138 448 visiones
153 424 196 448 suas
211 413 318 448 timentibus
333 414 388 448 deum
405 426 479 449 narrare
497 415 615 461 contingeret,
631 421 649 449 et
665 415 684 450 in
700 414 760 450 media

59 467 119 502 hieme
138 478 213 512 semper
235 468 308 503 sudauit
327 479 361 512 pre
380 468 461 504 timore-¹.
487 470 554 504 Curam
576 470 682 505 monasterii
709 469 777 506 fratri5

58 532 92 555 suo
108 521 190 555 Foillano
204 522 279 556 tandem
294 521 391 564 commisit,
406 527 425 556 et
439 533 480 556 cum
494 524 551 557 altero
563 523 619 557 fratre
634 534 673 564 suo,
688 523 761 563 Vltano,

59 585 128 607 annum
141 574 238 618 integrum,
252 575 362 618 quotidianis
374 575 440 608 viuens
453 576 549 616 laboribus,
562 576 581 609 in
594 576 669 610 heremo
684 575 761 620 peregit.

59 628 159 661 Turbatam
175 628 241 662 deinde
257 628 361 662 incursione
378 627 459 671 gentium
472 628 538 662 videns
552 628 669 672 pronintiam‚
682 628 760 663 Galliam

60 679 157 723 nauigauit,
176 686 193 714 et
212 692 247 724 ope
264 680 393 714 Erkemvaldi³
412 679 483 723 patricii
499 680 611 715 Latiniacum
628 681 760 715 monasterIum

59 732 171 774 construxit3
183 738 202 767 et
215 733 294 777 septimo
306 733 377 766 decimo
394 732 482 766 kalendas
495 733 582 766 februarii
595 734 614 766 in
628 744 673 777 pace
686 734 761 778 quieuit,
771 744 789 763 10

60 791 78 818 et
89 784 108 818 in
120 786 163 819 villa
174 797 210 831 que
222 787 293 820 Perona
307 786 376 826 dicitur,
389 785 464 830 sepeliri
476 785 548 821 meruit.
572 786 615 821 Post
628 792 705 831 quatuor
717 797 761 821 vero

60 839 120 873 obitus
128 839 157 873 sui
164 850 223 873 annos
233 852 244 874 a
254 839 323 886 sanctis
333 838 426 883 episcopis
437 839 496 882 Eligio
507 844 526 873 et
534 839 634 873 Autberto⁴
644 850 712 884 eorpus
722 840 762 874 eius

61 892 197 927 immaculatum
210 893 250 927 sine
261 893 298 927 vlla
310 891 408 937 putredine
418 902 460 926 cum
473 891 544 926 honore
555 892 669 927 transfertur.
693 891 761 927 Floruit

60 951 121 980 autem
129 946 177 981 circa
184 957 254 981 annum
262 945 331 981 domini
341 945 497 981 sexcentesimum
505 944 618 981 tricesImum
626 951 706 980 sertum.

353 1023 368 1059 ll
380 1022 470 1056 Narratio.

83 1072 192 1123 ⁰Tempore
203 1080 233 1114 illo
246 1080 348 1124 Sigibertus
359 1081 442 1123 prefatus
455 1079 558 1114 inimicitias
572 1080 668 1114 Redwaldi
683 1080 732 1124 regis
744 1080 790 1123 in15

62 1132 139 1166 Galliam
149 1132 236 1176 fugiendo
247 1134 347 1174 declinans,
356 1133 412 1167 fidem
423 1132 491 1166 Christi
502 1134 587 1177 suscepit.
611 1133 691 1166 Patriam
702 1139 762 1167 autem

62 1195 154 1226 reuersus,
169 1197 263 1229 regnoque
278 1185 352 1229 potitus,
365 1185 434 1218 scolam
447 1185 466 1218 in
480 1196 516 1228 qua
531 1185 583 1229 pueri
597 1185 665 1219 erudiri
680 1191 763 1229 possent,

62 1237 135 1271 iuuante
145 1245 208 1272 sancto
217 1238 277 1272 Felice
286 1239 378 1284 episcopo,
388 1248 443 1283 quem
454 1239 477 1272 de
488 1238 556 1273 Cancia
566 1243 667 1283 acceperat,
680 1238 762 1273 instituit.

62 1291 140 1325 Celestis
152 1294 227 1326 tandem
240 1293 292 1336 regni
304 1298 375 1326 amator
388 1291 470 1334 effectus,
484 1290 536 1336 regni
549 1291 627 1335 negotiis
639 1296 716 1336 cognato
729 1302 763 1327 suo

64 1344 129 1388 Egrico
141 1345 278 1388 commendatis,
286 1347 305 1380 in
317 1345 429 1379 monasterio
439 1356 450 1379 a
460 1351 523 1379 sancto
534 1345 603 1379 Furseo
615 1346 649 1379 sibi
659 1351 792 1379 constructore

63 1397 144 1432 habitum
156 1399 282 1432 monachalem
294 1398 380 1443 suscepit.
403 1398 495 1442 Contigit⁰
506 1404 571 1442 postea
580 1409 643 1442 regem
653 1398 764 1432 Illerciorum

64 1451 145 1484 Pendam
152 1462 194 1485 cum
202 1462 235 1485 suo
243 1452 325 1485 exercitu
333 1453 422 1485 aduersus
429 1451 533 1485 Orientales
540 1450 612 1494 Anglos
620 1451 638 1484 in
646 1451 715 1485 bellum
723 1461 765 1495 pro-

64 1504 136 1539 cedere.
157 1504 192 1545 Qui
200 1505 244 1538 dum
252 1515 273 1538 se
281 1504 377 1538 inferiores
385 1504 469 1538 hostibus
477 1504 500 1537 ad
508 1503 624 1548 preliandum
631 1503 765 1548 conspicerent,

64 1562 174 1598 rogauerunt
189 1556 302 1599 Sigibertum
320 1557 343 1590 ad
360 1557 488 1589 confortandos
503 1556 570 1590 milites
586 1567 649 1590 secum
663 1556 728 1591 venire
743 1557 766 1590 ad

63 1608 137 1643 bellum.
160 1609 299 1643 Contradicente
307 1609 342 1651 illo,
350 1609 427 1643 Inuitum
435 1608 546 1644 monasterio
555 1615 640 1644 eruentes
648 1609 667 1643 in
675 1615 767 1644 certarnen
776 1621 783 1642 2
786 1621 794 1653 5

64 1673 127 1696 secum
141 1663 214 1704 ducunt,
228 1669 324 1707 sperantes
339 1663 417 1697 militum
432 1664 504 1698 animos
519 1663 581 1697 minus
595 1662 692 1708 trepidare,
706 1664 767 1698 mitius

64 1721 151 1758 presente
160 1721 210 1749 tanto
221 1717 267 1750 duce
277 1716 339 1760 fugam
352 1716 435 1750 meditari
447 1727 508 1761 posse.
531 1715 575 1760 Ipse
586 1727 635 1757 vero¹
647 1715 766 1760 professionis

65 1779 97 1803 sue
111 1779 148 1803 non
161 1769 264 1810 immemor,
280 1780 315 1803 non
332 1769 367 1803 nisi
381 1770 452 1813 virgam
463 1770 482 1803 in
494 1781 549 1804 manu
565 1770 641 1811 habens,
654 1769 726 1805 occisus
739 1776 767 1805 est

65 1833 149 1857 unacum
159 1833 204 1867 rege
212 1822 284 1867 Egrieo,
292 1828 310 1857 et
319 1828 394 1856 cunctus
403 1834 466 1857 eorum
475 1822 566 1857 exercitus
575 1833 585 1856 a
593 1823 669 1867 paganis
677 1834 731 1858 cesus
739 1829 767 1858 est

65 1876 94 1910 vel
110 1877 210 1919 dispersus,
225 1887 272 1909 anno
288 1876 356 1909 domini
370 1877 504 1909 sexcentesimo
516 1876 668 1919 quinquagesimo
681 1878 767 1911 secundo.
776 1890 795 1917 30

66 1927 159 1963 Successit
174 1932 236 1962 autem
249 1927 309 1967 Anna,
322 1933 385 1961 sancte
401 1927 501 1962 Ethelrede
513 1927 589 1972 virginis
602 1935 659 1973 pater.
703 1922 767 1965 ⁷Cum

66 1987 127 2015 autem
146 1982 183 2015 illis
201 1981 266 2015 diebus
285 1987 359 2015 sanctus
378 1981 448 2025 Ehgius
467 1981 559 2025 quendam
578 1983 693 2017 sacerdotem
712 1983 768 2017 nimis

65 2035 152 2069 infamem
166 2035 272 2079 frequenter
284 2034 384 2079 corriperet
396 2040 414 2069 et
426 2035 449 2068 ad
462 2034 595 2070 confessionem
611 2035 671 2069 modis
683 2036 768 2070 omnibus

67 2088 157 2130 inuitaret,
170 2094 188 2123 et
203 2088 233 2122 ille
247 2099 321 2133 semper
334 2088 404 2122 crimen
419 2098 473 2122 suum
488 2089 582 2132 detegeret
588 2089 600 2131 ⁸,
612 2095 685 2123 sanctus
698 2089 768 2134 Eligius

66 2142 230 2175 excomnrunicauit
238 2152 281 2174 eum
289 2148 307 2174 et
314 2147 339 2181 vt,
347 2152 442 2184 quousque
450 2140 545 2184 peniteret,
553 2141 603 2174 nullo
610 2142 666 2174 modo
674 2142 768 2175 celebrare
777 2154 795 2184 35

66 2199 182 2238 presumeret
194 2194 281 2238 precepit.
304 2193 397 2229 Presbiter
408 2204 458 2236 vero,
469 2194 562 2238 negligens
573 2199 590 2227 et
603 2194 683 2238 episcopi
694 2201 768 2229 senten-

66 2249 110 2282 tiam
121 2247 274 2292 paruipendens⁹‚
282 2258 325 2282 curn
333 2252 375 2292 post
384 2248 452 2291 aliquot
461 2247 501 2282 dies
511 2247 635 2282 celebraturus
648 2247 699 2282 altari
713 2247 769 2283 assis-

67 2307 119 2344 teret,
129 2301 152 2335 ad
164 2306 231 2335 terram
245 2312 333 2336 corruens
344 2301 439 2346 expirauit.
483 2293 543 2335 ¹⁰Illis
553 2300 608 2335 etiam
618 2300 683 2336 diebus
695 2308 770 2337 sanctus

68 2355 166 2398 Quintinus
185 2356 277 2399 quendam
293 2355 358 2389 falsum
374 2360 440 2389 testem
455 2354 473 2388 in
489 2355 572 2398 sompnis
591 2355 689 2399 redarguit,
705 2367 770 2401 appre-

68 2410 187 2452 hendensque
200 2419 265 2442 nasum
277 2409 323 2450 eius,
334 2409 438 2443 falsatorem
447 2408 523 2442 vocauit.
547 2408 593 2442 Cum
606 2413 667 2443 autem
680 2419 770 2454 experge-
778 2421 799 2451 40

68 2463 126 2496 sactus
139 2461 204 2495 factem
216 2462 280 2496 lauans
289 2462 342 2496 vxori
352 2461 442 2496 visionem
455 2460 537 2503 referret,
547 2467 624 2496 extensa
636 2472 691 2496 manu
705 2473 771 2499 nasum

89 2526 339 2562 ¹NowBurghcastleinSnlIolIe
361 2526 451 2555 ²ctl3eda.
472 2525 610 2554 ³aIErehenaIdi.
631 2526 771 2558 ‘ramnebertus

68 2564 262 2596 ⁵C133edafl.l2.iii.1n.
280 2564 310 2594 lE.
319 2564 398 2601 Contegit.
419 2563 652 2602 'uxvmelaeltxxutep
674 2566 772 2606 ⁸=tegcret

68 2605 74 2622 ‘³
81 2605 99 2636 E.
106 2604 227 2643 peruipemlens.
249 2604 260 2623 ¹⁰
266 2605 310 2635 Vinc.
317 2605 356 2635 Bell.
365 2604 427 2634 XXIII.
432 2614 456 2642 90·

395 2654 448 2688 rrha
