1762 2803
63 148 197 187 maturae]
223 125 688 190 Debuuntunuuetueetnutturt.
721 143 764 188 597

63 250 131 286 modica
145 249 256 290 suppellectili
272 259 303 289 pro
317 258 376 281 amore
391 248 419 281 dei
432 248 489 291 peciit.
511 247 577 282 Abnuit
589 249 675 290 sacerdos,
687 249 766 284 homines

63 304 130 345 ignotos
142 298 219 341 hospicio
232 298 307 341 recipere
319 299 427 332 detrectans:
443 305 470 332 set
482 299 559 340 tandem,
571 305 610 343 post
622 299 670 334 illata
683 300 767 342 conuicia,

63 355 119 396 ipsum
127 362 166 383 cum
174 350 215 383 reda
226 361 257 382 sua
268 350 300 382 sub
310 350 351 383 diuo
362 349 379 382 in
390 356 427 383 orto
436 360 467 383 suo
477 350 533 383 iacere
542 350 618 393 permisit
629 360 662 384 nec
670 351 687 384 in
695 352 766 385 domum

63 414 111 437 snam
119 401 225 434 introducere
233 400 291 433 voluit.
313 399 411 442 Ayelwinus
422 405 480 433 autem
492 401 555 434 lectum
565 409 615 433 suum
627 402 659 435 sub
669 401 709 443 biga
717 408 766 436 nocte

63 454 91 486 illa
99 451 212 493 qualicunque
220 450 272 482 modo
282 451 337 492 potuit
348 450 380 481 sibi
392 451 489 483 substrahit.
512 450 585 492 ¹Sicque
593 451 663 484 recubat
671 452 766 484 monachus
774 461 783 491 5

64 502 95 535 sub
104 499 179 539 martire,
187 499 247 532 martir
254 509 294 532 vero
306 500 337 532 sub
349 499 390 532 diuo
401 499 468 532 luciflue
479 500 570 542 columpne
581 499 659 543 [lumine]
668 502 766 535 choruscus.

64 554 79 585 ο
91 560 142 593 quam
153 548 209 582 felicia
220 549 324 592 quiescentis
335 549 443 591 lectisternia,
451 550 479 583 vbi
491 559 550 583 seruus
561 560 621 584 secura
632 551 700 594 sompni
712 552 766 595 carpit

63 602 100 636 ocia
108 603 111 634 l
135 600 178 642 Quis
186 600 241 640 nobis,
249 611 259 633 ο
268 600 360 642 Ayelwyne
368 607 416 642 pater
423 600 539 640 deuotissime,
545 601 626 634 reserabit
634 611 686 644 quam
693 609 766 644 gratam,

63 661 115 695 quam
127 649 218 690 placidam,
231 651 262 683 sub
273 656 309 683 tam
323 651 400 692 precioso
413 650 487 683 culmine
500 657 569 683 noctem
582 651 696 693 transegeris?
724 653 767 693 Quis

63 699 130 734 tametsi
141 700 225 732 facundus
236 706 298 739 orator,
309 699 393 742 explicare
405 706 455 742 queat
467 710 518 743 quam
530 699 584 733 dulcis
596 710 652 743 sopor,
664 710 716 743 quam
726 701 767 735 deli·
777 713 795 735 ro

64 751 110 784 ciosa
123 749 171 792 quies
184 760 269 783 merorem
282 749 345 792 pariter
357 761 378 782 ac
391 749 468 782 laborem
481 755 530 783 tuum
544 749 675 784 refocillatieriti
698 752 767 795 Quanta

64 808 143 843 putamus
151 800 227 833 animam
235 807 281 833 tuam
290 800 350 832 intima
358 801 395 833 luce
406 800 486 837 serenari,
495 810 534 832 cum
546 801 650 838 attenderes,
659 801 715 834 indice
725 803 766 841 celo,

64 850 151 885 Christum
163 850 214 884 amici
226 851 252 884 sui
262 850 420 892 peregrinacioncm
429 850 519 884 comitari?
548 851 564 884 0
573 850 617 884 mira
628 851 709 893 suauitas,
720 863 731 885 o
742 852 767 886 in-

63 900 135 933 effabilis
143 902 250 933 iocunditas!
267 902 306 932 Nox
313 901 342 932 illa
349 911 414 933 nouum
422 900 451 933 tibi
456 902 510 933 solem
518 900 634 942 parturiebat,
646 902 767 943 hospitalitatis

64 951 131 990 repulsa
139 960 181 982 auro
188 949 238 983 tectis
246 949 307 982 edibus
314 949 382 991 gracias
390 949 482 982 tentorium
490 949 603 982 ministrabat.
620 951 686 991 Quarta
693 951 768 994 denique
778 964 794 994 ¹5

64 999 118 1032 noctis
127 999 201 1032 instante
208 1000 271 1042 vigilia.
279 1006 360 1043 ceperunt
372 999 445 1033 vehiculi
457 1007 494 1033 rote
503 999 540 1033 sine
552 999 621 1033 alterius
630 1000 709 1034 mucione
716 1002 767 1034 velud

64 1051 86 1084 ad
94 1050 208 1091 gradiendum
216 1050 303 1083 concitari.
326 1051 403 1092 Quarum
414 1051 486 1083 stridore
496 1051 572 1092 prefatus
582 1051 677 1085 monachus
687 1062 768 1095 experge-

64 1101 124 1141 factus,
132 1101 238 1134 voluntatem
247 1101 301 1134 sancti
309 1101 430 1134 animaduertit
438 1101 460 1133 de
468 1100 543 1144 corporis
551 1100 577 1134 sui
585 1101 608 1133 ab
616 1101 643 1134 illo
651 1102 689 1135 loco
696 1102 768 1136 celerius

64 1151 181 1192 aspar-tacione
188 1160 192 1183 ι
199 1161 273 1193 moxque
279 1150 321 1193 [uie]
327 1151 403 1184 redditus
412 1150 444 1183 iter
449 1150 495 1193 quod
501 1158 568 1193 ceperat
574 1151 676 1192 aggreditur.
695 1154 768 1195 lamque

64 1211 75 1233 a
82 1200 119 1232 loco
127 1199 194 1241 longius
202 1206 319 1242 processerat:
330 1207 348 1234 et
356 1211 397 1233 ecce
402 1206 444 1245 post
453 1208 520 1243 tergum
528 1200 578 1232 solito
586 1200 684 1244 respiciens,
693 1201 768 1235 intuetur
777 1211 796 1233 zo

64 1250 131 1283 eminus
138 1250 212 1283 flammis
220 1251 307 1285 vltricibus
316 1252 386 1284 domum
394 1250 482 1293 presbiteri
491 1250 596 1293 conflagrari.
616 1252 639 1285 Et
647 1251 716 1296 quidem
724 1253 767 1287 satis

64 1303 113 1342 iuste,
121 1302 185 1343 quippe
193 1302 222 1344 qui
230 1302 301 1335 caritate
309 1303 375 1335 seclusa
382 1301 435 1335 voluit
443 1308 461 1334 vt
471 1302 557 1343 proprium
569 1302 657 1344 possidere
667 1303 714 1343 quod
725 1303 768 1335 deus

64 1350 149 1390 omnibus,
162 1356 178 1384 et
192 1351 265 1384 maxime
277 1351 375 1385 domesticis
388 1351 427 1385 fidei
440 1350 486 1385 iubet
499 1361 537 1384 esse
549 1361 646 1384 commune.
669 1353 716 1386 Nam
728 1352 767 1387 licet

65 1401 148 1442 ignorauit
156 1401 194 1443 quis
202 1407 297 1443 quantusve
306 1402 337 1433 fuit
350 1401 450 1442 peregrinus
460 1412 512 1443 quem
524 1411 563 1433 aere
571 1402 603 1433 sub
611 1401 658 1434 nudo
666 1409 766 1443 pernoctare

65 1450 125 1492 coegit,
134 1450 151 1483 in
160 1450 222 1484 Christi
230 1456 287 1484 tamen
294 1451 364 1484 nomine
371 1457 462 1491 rogantem
470 1450 558 1492 aspernari
566 1460 601 1483 non
609 1450 673 1484 debuit.
697 1452 769 1493 Legerat
778 1464 796 1492 25

65 1501 98 1533 hoc
109 1500 191 1542 scriptum
202 1507 228 1533 set
239 1510 274 1534 non
285 1501 399 1533 intellexerat:
409 1500 513 1541 hospitalem
525 1510 543 1532 se
555 1500 590 1533 fieri
602 1500 665 1534 debere
676 1500 713 1534 sine
724 1512 768 1534 mur·

64 1549 168 1585 muracionis
180 1562 249 1594 angore.
264 1553 271 1592 ss
284 1552 362 1595 Cumque
374 1551 469 1585 monachus
481 1549 580 1594 sepedictus
593 1558 661 1594 ceptum
673 1551 704 1586 iter
716 1552 768 1586 confi·

65 1608 115 1642 ceret,
123 1603 183 1636 eodem
192 1603 220 1636 die
228 1602 329 1636 Stmtsordie
336 1602 399 1635 vadum
407 1601 484 1642 offendit,
489 1601 535 1645 quod
542 1602 596 1635 tribus
602 1601 672 1635 milibus
679 1613 690 1635 a
698 1602 769 1637 ciuitate

66 1653 155 1686 Londonie
162 1653 219 1686 distat.
235 1653 267 1686 Cui
273 1653 331 1686 breuis
339 1652 450 1694 plurimisque
458 1652 475 1684 in
482 1651 524 1684 locis
531 1663 576 1693 pons
582 1651 703 1694 inter[r]uptus
709 1664 768 1694 super-

66 1702 138 1743 iacebat,
146 1707 201 1736 tutum
211 1702 279 1743 nullius,
289 1701 378 1744 presertim
390 1701 506 1744 equitancium
514 1701 541 1734 vel
551 1700 670 1742 militantium,
679 1702 768 1744 vestigium
778 1716 796 1745 50

65 1752 156 1786 sustinens.
179 1753 236 1794 Quem
247 1752 307 1786 volens
317 1752 399 1785 transire:
413 1757 483 1795 propter
494 1751 605 1784 artitudinem
619 1753 681 1794 pontis,
693 1760 769 1787 rotarum

66 1804 149 1836 ambitum
157 1814 192 1835 non
201 1803 275 1844 serentis,
283 1803 387 1845 reprimitur.
410 1802 504 1844 Nauigium
516 1803 571 1842 abest,
580 1802 641 1835 semita
654 1803 698 1836 inter
707 1803 769 1837 fluctus

66 1853 121 1887 solida
129 1865 163 1886 non
171 1853 254 1894 subsistit,
262 1854 315 1887 immo
326 1853 402 1886 tumidus
413 1863 497 1896 aquarum
505 1862 568 1894 gurges
579 1852 688 1894 naufragium
696 1853 769 1887 commi·

66 1909 120 1937 natur.
144 1905 203 1936 Dacus
218 1914 229 1935 a
240 1909 288 1944 tergo
300 1909 384 1945 perurget.
396 1901 497 1935 diuerticula
508 1902 555 1934 nulla
566 1908 662 1943 patescunt,
675 1902 769 1935 remorari²

66 1962 100 1984 non
108 1958 134 1985 est
142 1953 242 1985 consultum.
266 1951 312 1992 Quid
319 1961 360 1992 ergo
367 1951 462 1983 monachus
470 1956 534 1991 ageret,
542 1960 577 1992 quo
584 1960 603 1982 se
610 1956 689 1990 verteret,
697 1952 769 1984 consilio
778 1965 796 1996 35

66 2012 131 2044 pauper
143 2012 211 2044 prorsus
222 2001 318 2043 ignorabat.
341 2002 361 2032 ln
371 2012 391 2033 se
401 2000 470 2033 tandem
480 2010 564 2040 reuersus,
574 2000 687 2042 omnipotenti
699 2002 769 2035 dextere

67 2062 100 2094 que
107 2064 155 2086 mare
166 2052 205 2086 iecit
217 2059 233 2085 et
243 2051 323 2092 atridam,
331 2051 420 2092 negocium
432 2062 482 2084 suurn
492 2050 588 2083 committit.
612 2052 674 2085 Statim
686 2053 740 2086 mouit
751 2064 769 2087 se

66 2102 112 2144 biga,
121 2114 153 2137 nec
161 2109 206 2137 stare
214 2102 279 2136 destitit
287 2102 342 2135 donec
350 2101 419 2134 dextera
427 2107 464 2134 rota
471 2101 551 2133 uoluente
559 2111 610 2143 super
617 2108 693 2144 pontem,
701 2102 770 2137 sinistra

67 2153 84 2185 in
92 2164 131 2186 aere
139 2155 182 2186 vltra
190 2164 253 2195 aquam
261 2159 343 2194 tanquam
354 2161 405 2193 super
415 2151 490 2183 atridam
501 2151 592 2183 incedente
603 2157 619 2184 et
629 2152 678 2193 quasi
687 2152 770 2192 sulcante,

45 2198 50 2205 '
66 2202 89 2235 ad
102 2210 165 2236 terram
179 2202 275 2245 oppositam
291 2200 373 2244 peruenit.
397 2200 449 2242 Quod
463 2200 541 2233 videntes
556 2200 580 2233 hii
595 2201 625 2244 qui
639 2208 690 2234 erant
702 2213 723 2235 ex
736 2203 799 2244 aliaqo

67 2259 116 2294 parte
131 2252 210 2292 fluminis,
231 2253 247 2285 in
266 2253 333 2285 laudem
349 2251 376 2283 dei
392 2250 444 2283 cicius
461 2258 585 2293 prorumpunt3
601 2252 698 2294 Ayelivinus
715 2252 770 2285 eciam

67 2304 137 2345 preuius
152 2303 212 2345 auriga
226 2302 298 2336 miratur
312 2303 375 2343 visum,
387 2302 491 2344 insolitoque
506 2301 604 2344 spectaculo
619 2301 648 2334 diu
663 2302 770 2345 multumque

67 2353 167 2394 delectatus,
173 2354 191 2386 in
197 2353 225 2386 dei
231 2353 310 2387 laudibus
317 2359 334 2386 et
343 2352 397 2386 sancti
403 2352 478 2385 martiris
486 2351 566 2385 assiduus
573 2358 677 2394 perseuerat.
691 2353 770 2385 Tandem

67 2413 106 2436 cum
115 2403 228 2436 londoniense
237 2402 338 2437 suburbium
348 2401 438 2445 attigisset,
445 2402 508 2435 mirum
517 2401 535 2434 in
547 2402 618 2435 modum
630 2402 699 2436 obuiam
710 2410 770 2436 sancto

67 2453 133 2496 corpori
142 2454 193 2486 turba
200 2463 235 2486 non
243 2453 311 2486 modica
322 2458 432 2494 processerat,
438 2462 478 2495 que,
484 2452 559 2485 nescitur
567 2457 623 2485 utrum
631 2451 769 2494 precurrencium
778 2465 797 2494 45

68 2512 90 2537 an
104 2503 162 2537 diuine
173 2503 265 2536 voluntatis
277 2502 363 2541 vaticinio,
373 2503 396 2535 ad
409 2501 520 2545 obsequelam
533 2500 608 2535 martiris
621 2501 718 2543 premonita
730 2512 770 2534 con-

149 2578 154 2596 ¹
164 2579 189 2611 Cf,
197 2578 230 2609 MS.
238 2578 280 2609 Trin.
288 2577 329 2610 Coll.
337 2578 384 2610 Dnbl.
510 2576 517 2595 ²
527 2576 561 2608 MS.
568 2577 670 2608 rememorari.
