1762 2803
140 129 203 172 392Δ
329 114 410 167 nono
426 110 542 174 tarmus
557 109 650 174 trotio.

139 246 186 280 quus
195 240 266 279 patrem
275 234 357 268 eiusdem
363 234 428 276 Offam,
435 234 494 267 adhuc
502 233 622 275 incredulum,
628 233 661 266 sed
667 232 740 266 fidelem
746 231 825 264 futurum
831 230 843 274 ¹,

139 290 158 322 in
173 292 243 321 tantum
259 287 339 321 furorem
355 292 417 321 contra
432 287 488 320 liliam
503 286 604 327 concitauit,
616 285 677 329 quod²
688 286 711 319 de
726 284 844 328 progenitore

139 341 197 375 factus
213 345 241 373 est
255 340 272 373 ei
287 339 395 373 senissimus
410 344 522 383 persecutor.
553 339 600 372 Mira
616 340 657 373 resl
677 338 695 371 in
710 342 760 371 tanta
775 337 844 380 patris²

140 393 205 429 seuitia
213 404 244 427 cor
252 393 313 436 puelle
321 399 358 426 tam
365 398 430 426 tenere
438 392 457 426 in
465 393 514 427 bono
522 392 616 436 proposito
624 391 718 425 immobile
726 395 843 435 perseuerat;

123 457 229 491 5suamque
241 446 354 480 sanctitatem
366 446 473 489 parentibus
485 446 605 487 abscondens,
618 445 658 479 sine
673 445 719 479 scitu
732 444 814 487 ipsorum
826 448 845 477 et

140 500 180 534 visu
192 499 215 532 ad
227 498 316 543 capellam
327 498 346 532 in
358 509 394 543 qua
406 497 551 543 regenerationis
559 498 665 532 lauachrum
674 501 774 542 receperat,
783 506 844 530 secre-

141 552 177 584 tius
186 562 206 584 se
218 552 298 593 contulit,
309 552 334 583 ibi
346 551 416 584 crebris
428 551 512 593 suspiriis
522 556 540 583 et
552 550 679 583 afflictionibus
691 551 745 583 deum
757 550 845 582 inuocans

140 603 176 637 ne²
184 614 237 636 suam
245 604 346 636 castitatem
356 603 424 636 carnali
434 603 538 646 corruptela
548 603 663 646 permitteret
674 601 741 635 violari.
787 593 845 635 Cres-

140 661 193 691 cente
209 661 269 690 autem
286 661 333 690 etate
348 656 388 690 eius
401 655 484 699 puellari,
498 665 539 689 cum
553 660 606 698 pater
618 665 662 688 suus
675 654 776 688 secundum
789 653 845 687 seculi

114 724 132 745 10
140 708 291 744 consuetudinem
310 718 351 742 eam
370 708 443 742 tradere
458 707 513 742 vellet
528 707 594 752 copulc
609 706 697 750 maritali;
716 706 757 751 ipsa
771 705 845 750 penitus

140 761 233 804 renu[it]³‚
249 765 336 805 tanquam
349 771 442 795 venenum
457 761 551 795 detestans
568 760 664 804 amplexus
681 759 769 801 carnales,
783 763 846 802 vtpote

141 826 176 859 que
188 826 199 847 a
210 814 289 858 pueritia
303 825 392 857 sponsum
406 814 440 847 sibi
453 814 533 856 elegerat
548 813 643 846 dominum
657 812 731 847 Ihesum
745 811 846 846 Christum.

141 870 258 911 Quapropter
273 868 379 910 frequentes
394 867 452 910 patris
465 867 561 900 instantias
576 868 595 899 in
611 867 644 899 hac
659 877 680 899 re
695 877 732 899 non
747 866 846 906 sustinens,

141 925 214 963 patrem
226 919 299 962 reliquit
312 924 330 952 et
341 919 423 962 patriam,
435 918 488 953 unius
501 918 596 952 domicelle
608 918 695 961 simplicis
707 917 792 951 comitatu
804 928 847 950 con·

115 976 197 1017 15tcnta,
210 982 246 1015 que
261 971 328 1015 pedum
344 982 419 1004 suorum
434 970 510 1014 vestigia
529 970 654 1014 sequeretur⁴.
706 962 787 1005 Sanctus
802 979 846 1003 vero

144 1025 282 1067 Erkenwaldus,
290 1036 311 1057 se
319 1031 337 1057 et
345 1024 411 1057 dictam
419 1035 502 1057 sororem
510 1035 562 1057 suam
571 1035 581 1056 a
589 1023 653 1056 mundi
660 1022 770 1057 vanitatibus
780 1027 798 1055 et
808 1022 847 1054 ille-

142 1078 202 1113 cebris
210 1078 317 1111 abstrahere
324 1078 371 1111 votis
379 1078 464 1111 omnibus
472 1077 565 1118 affectans,
571 1081 590 1111 vt
595 1076 643 1110 circa
648 1076 728 1110 diuinam
735 1075 847 1119 contempla-

142 1131 212 1165 tionem
223 1130 242 1164 in
254 1135 317 1164 sancta
329 1130 418 1174 religione
430 1135 512 1163 mentem
524 1129 603 1163 totaliter
617 1134 718 1173 occuparet,
731 1129 753 1163 ab
767 1129 847 1163 aduentu

142 1183 200 1218 sancti
218 1183 275 1226 patris
290 1183 389 1226 Augustini
407 1182 426 1215 in
443 1182 530 1225 Angliam
547 1182 680 1225 trigintatribus
697 1181 749 1215 annis
769 1181 846 1223 effluxis,

116 1250 134 1271 κο
143 1235 246 1279 sumptibus
257 1235 300 1277 suis,
309 1236 332 1268 de
342 1235 395 1268 bonis
405 1246 441 1278 que
450 1236 490 1268 iure
501 1235 611 1268 hereditario
623 1235 657 1268 sibi
669 1235 789 1276 obuenerunt,
797 1240 847 1277 post·

143 1300 198 1334 quam
204 1290 279 1322 domum
286 1289 398 1332 Ceroteseye
403 1288 511 1321 fundauerat
517 1292 535 1321 et
543 1289 637 1321 dotauerat
644 1299 678 1332 pro
685 1288 756 1331 seipse,
765 1287 847 1321 fundauit

143 1344 218 1376 domum
225 1342 248 1375 de
255 1341 347 1385 Berkinga
351 1342 370 1374 in
376 1351 419 1374 area
425 1351 480 1384 quam
484 1340 615 1375 infructuosam
623 1340 692 1374 inuenit
697 1342 708 1383 2',
717 1345 734 1374 et
741 1350 781 1374 eam
787 1340 847 1373 reddi-

143 1396 192 1429 tibus
209 1394 328 1438 amplioribus
343 1395 402 1428 dotari
417 1394 520 1437 procurauit
534 1404 567 1437 per
582 1404 637 1437 reges
652 1399 670 1428 et
685 1393 778 1437 principes
793 1399 848 1427 terre.

144 1449 211 1490 Sicque
221 1453 315 1480 terrenam
325 1447 432 1489 dignitatem
443 1452 461 1479 et
470 1447 532 1488 ampla
542 1446 651 1488 patrimonia
662 1457 695 1479 sua
706 1447 725 1478 in
737 1446 818 1479 diuinam
830 1452 848 1479 et

117 1515 124 1535 2
127 1515 135 1545 5
144 1498 288 1534 ecclesiasticam
296 1498 418 1532 hereditatem
426 1498 478 1531 duxit
485 1498 619 1541 transferenda,
627 1498 733 1542 priusquam
742 1499 765 1531 ad
775 1497 848 1541 pontifi·

144 1554 192 1586 cium
204 1551 330 1584 londoniensis
341 1551 418 1585 ecclesie
427 1551 486 1583 fuerat
495 1552 557 1583 diuina
565 1551 684 1594 dispositione
692 1557 772 1593 vocatus,
785 1556 803 1583 et
815 1561 849 1594 per

144 1610 228 1639 sanctum
247 1604 365 1637 Theodorum
380 1604 537 1637 dorobernensem
552 1603 711 1647 archiepiscopum
726 1609 848 1637 consecratus.

146 1651 197 1693 Cum
209 1657 263 1700 igitur
274 1656 340 1690 heata²
347 1656 399 1700 virgo
410 1656 538 1700 Ethelburga⁶‚
546 1661 565 1690 vt
572 1656 694 1700 virginitatem
703 1657 798 1699 suamdeo
806 1667 848 1689 con·

145 1715 232 1750 seruaret,
248 1710 271 1742 ob
290 1714 386 1751 paternam
403 1709 550 1751 persecutionem
566 1709 643 1750 labores,
658 1709 729 1752 vigilias
744 1715 762 1742 et
777 1709 849 1750 ieiunia,

117 1761 204 1804 govarias
221 1760 328 1795 afflictiones
347 1765 365 1794 et
380 1760 462 1795 desectus
477 1761 611 1804 peregrinando
630 1760 653 1795 sit
668 1772 757 1805 perpessa
774 1765 850 1805 propter

144 1825 226 1849 amorem
234 1813 298 1857 sponsi
306 1813 334 1848 sui
343 1813 398 1848 Ihesu
407 1812 484 1855 Christi;
497 1814 543 1847 duce
553 1813 617 1857 spiritu
629 1820 692 1848 saneto
705 1820 815 1858 peruenerat
826 1814 849 1847 acl

145 1867 275 1909 Berkingum⁶‚
287 1877 297 1900 a
309 1868 344 1900 deo
355 1867 466 1901 destinatum
478 1871 496 1901 et
506 1876 542 1909 per
553 1866 628 1901 fratrem
640 1877 693 1901 suum
707 1867 849 1901 Erkenwaldum

145 1920 289 1965 preordinatum,
312 1918 356 1963 Ipso
368 1923 430 1952 sancto
442 1918 510 1952 fabrice
521 1919 586 1954 domus
598 1931 632 1964 pro
641 1919 809 1953 sanctimonialibus
816 1918 849 1952 ibi-

147 1975 190 2008 dem
196 1978 214 2006 et
220 1973 268 2006 dicta
273 1983 336 2006 sorore
343 1983 376 2005 sua
381 1973 427 2006 deo⁷
435 1972 525 2006 seruitura
531 1973 652 2016 intendent[e]
659 1973 675 2015 ⁸;
684 1984 724 2006 cum
730 1974 778 2007 dicte
784 1974 850 2007 domus

118 2041 137 2070 35
146 2026 226 2060 artifices
239 2025 348 2058 mereminm
363 2035 417 2058 suum
432 2031 566 2066 mensurarent‚
576 2025 654 2059 diuersis
665 2026 710 2059 locis
721 2026 772 2059 iuxta
784 2026 850 2059 decen-

145 2079 190 2113 tiam
206 2077 267 2122 operis
283 2077 414 2121 coaptandum3
432 2078 507 2111 inuenta
522 2083 550 2111 est
564 2078 614 2112 trabs
629 2089 670 2120 vna,
685 2078 737 2123 operi
752 2079 850 2113 admodum

147 2131 256 2172 necessaria,
265 2130 331 2164 ceteris
339 2130 416 2171 breuior,
425 2135 443 2164 et
451 2130 492 2163 ideo
501 2130 568 2164 fabrice
576 2131 637 2165 minus
645 2137 697 2175 apta:
709 2132 742 2165 sed
749 2132 788 2166 vir⁹
796 2132 851 2165 totius

146 2184 248 2219 sanctitatis
257 2184 390 2217 Erkenwaldus
398 2188 416 2217 et
424 2193 477 2217 soror
485 2184 560 2217 suadeo
569 2185 635 2217 deuota
645 2184 770 2228 Ethelburga⁶
781 2185 850 2218 aridam

165 2290 170 2309 ¹
181 2291 198 2319 T.
207 2290 275 2319 futurum
284 2290 351 2319 fidelem.
404 2290 451 2320 lom.
459 2291 475 2319 in
487 2290 504 2320 T.
557 2289 587 2320 2Τ.
597 2291 614 2320 Ε.
623 2300 692 2320 renuens
699 2295 719 2322 ct.
782 2291 815 2321 4Τ.
823 2292 851 2321 Ta.

146 2330 176 2360 add
184 2330 231 2359 herc:
244 2330 309 2368 (Postea
318 2339 362 2366 uere,
370 2329 410 2359 fama
419 2329 486 2367 virginis
495 2329 526 2359 deo
536 2329 593 2360 deuote
603 2340 631 2368 per
637 2330 696 2369 Anglie
704 2336 757 2369 partes
766 2331 851 2369 diuulgata,

147 2371 239 2405 Eadwinusl
251 2380 280 2399 rex
292 2370 404 2399 Northumbrie
418 2370 466 2409 peciit
479 2370 594 2408 (Athssburgam
609 2371 625 2400 in
638 2375 723 2409 vxolrerm
739 2382 816 2410 responso
827 2382 851 2401 ac-

146 2414 192 2449 cepto
203 2411 245 2448 quod
255 2420 287 2439 uon
297 2410 364 2449 (liceret)
372 2411 473 2439 christianam
480 2410 556 2447 virginem
566 2421 628 2448 pagano
639 2412 719 2449 coniungi,
728 2411 763 2450 (per
773 2412 850 2451 sanctum)

147 2450 228 2480 Paulinum
236 2454 273 2479 tunc
279 2450 415 2487 archiepiscopum
423 2451 535 2478 eboracensem
541 2451 634 2487 protegitur,
642 2461 662 2480 ne
670 2452 766 2488 pollueretur
773 2462 782 2481 a
789 2461 851 2489 pagano

148 2499 191 2526 rege,
198 2490 298 2526 postmodum
305 2494 358 2519 tamen
365 2491 385 2517 ad
390 2490 438 2519 fidem
443 2489 502 2518 Christi
507 2499 593 2523 conuerso;
601 2491 654 2527 sicque
660 2491 702 2521 dicta
707 2496 761 2521 sancta
766 2492 852 2528 permansit

147 2530 241 2565 incorrupta.
327 2529 333 2545 ⁵
342 2529 360 2558 T.
367 2529 464 2565 Athilburga.
534 2529 540 2545 ⁶
551 2529 568 2559 T.
576 2530 683 2568 Berkyngum.
756 2530 762 2547 ⁷
773 2531 790 2560 E.
798 2540 807 2560 a
816 2531 851 2560 deo.

147 2569 152 2586 Β
162 2568 180 2598 Τ.
188 2568 206 2597 Ε.
214 2568 337 2598 intendentibus⁴
379 2568 384 2585 ⁹
395 2569 423 2597 sed
430 2569 459 2606 vir,
467 2578 497 2597 om.
503 2568 519 2597 in
527 2569 545 2599 T,
