1762 2803
131 143 158 189 32
322 133 402 186 mona
417 130 533 193 tonante
549 131 641 194 annito.

129 253 189 288 risset.
211 254 249 288 Sed
257 254 320 288 mora¹
330 254 370 288 eius
381 252 436 288 michi
447 257 497 287 certe
508 254 581 297 placere
590 264 627 287 non
637 252 702 297 potuit,
710 253 741 296 qui
753 251 833 287 sciebam

129 307 218 350 populum
229 318 303 350 semper
313 308 336 340 ad
348 307 396 340 mala
408 307 464 339 fuisse
475 306 586 351 procliuem:
599 317 633 340 nec
644 305 661 339 ei
672 305 742 340 iudices
752 316 834 348 vnquam

129 359 242 401 placuerunt,
253 359 284 402 qui
293 369 358 394 verum
367 359 386 392 in
397 358 463 392 iudicio
474 359 580 393 discernunt
585 359 596 392 ².
619 359 679 393 Huius
691 359 792 392 doctrinam
803 369 833 392 me

129 411 188 447 fateor
203 411 318 455 suscepisse:
336 422 370 446 nec
383 411 425 445 facti
440 412 515 455 penitet.
547 411 610 446 Fidem
623 410 673 446 enim
687 421 742 456 quam
754 410 833 455 suscepi,

112 473 120 503 5
130 464 200 498 debiles
212 471 229 498 et
240 464 297 508 egroti
309 464 381 498 sanitati
393 464 471 498 restituti
482 475 545 499 veram
556 475 598 498 esse
610 464 673 498 salutis
685 476 718 498 sue
729 464 834 498 testimonio

130 517 279 561 comprobabunt.
302 517 342 551 Diis
353 517 420 552 vestris
428 528 466 551 non
474 517 562 560 sacrifico,
573 518 618 551 nec³
627 517 682 552 etiam
691 517 751 551 minas
762 521 833 551 vestras

130 581 164 604 nec
172 576 262 604 tormenta
269 576 335 612 vestra,
344 571 374 604 dei
381 571 418 604 mei
426 571 481 605 fultus
491 570 577 615 presidio,
582 570 692 614 pertimesco
696 570 713 605 ³?
737 570 773 605 His
781 569 834 604 dictis

129 623 241 657 conueniens
252 625 306 658 turba
315 628 403 667 precepto
412 623 477 657 iudicis
486 623 589 657 sacrificare
597 624 691 657 nolentem
698 623 764 657 acriter
772 623 833 667 flagel-

129 676 182 709 labat.
205 676 240 719 Qui
255 687 297 710 cum
309 677 389 720 grauiter
404 678 505 719 cederetur,
519 687 619 711 conuersus
634 677 657 710 ad
673 676 768 711 dominum
781 676 834 710 hilari

102 741 121 762 10
129 729 180 762 vultu
185 728 266 763 dicebat:
275 729 363 763 ‘Domine
369 730 424 763 lhesu
431 729 508 772 Christe,
513 729 584 764 custodi
590 740 647 772 queso
652 735 733 763 mentem
739 739 804 771 meam,
810 740 834 762 ne

128 781 205 823 vacillet,
213 792 237 816 ne
245 792 255 815 a
263 787 310 816 statu
318 782 390 816 decidat
398 793 453 825 quem
461 781 531 816 dedisti.
550 781 596 822 Tibi,
602 781 681 823 domine,
686 781 766 815 animam
774 792 834 816 meam

128 834 147 867 in
157 834 282 869 holocaustum
292 835 363 876 offerre,
372 835 449 879 fusoque
460 834 548 879 sanguine
555 834 608 869 testis
616 840 658 869 tuus
666 834 706 868 fieri
715 834 834 878 concupisco!

130 888 213 930 Cumque
221 888 339 931 fatigarentur
348 898 414 921 manus
424 888 513 929 lictorum,
520 887 549 921 vir
559 893 633 921 sanctus
641 887 660 921 in
669 887 705 921 ima
713 887 791 922 carceris
800 898 834 922 sex

130 939 224 974 mensibus
232 940 397 974 detruditur—His
405 939 431 974 ita
438 941 500 984 gestis,
508 950 552 974 mox
559 939 643 973 iniuriam
651 939 737 983 martyris
743 940 835 973 elementa

103 1004 121 1034 15
129 998 224 1027 testantur.
236 993 342 1037 Atempore
347 1004 427 1036 namque
433 992 602 1037 comprehensionis
606 992 655 1026 illius
659 1004 717 1036 vsque
723 993 745 1026 ad
751 997 834 1032 mortem,

129 1051 198 1079 terram
210 1057 241 1080 ros
256 1052 286 1080 aut
298 1046 361 1090 pluuia
373 1056 410 1080 non
420 1045 490 1088 infudit,
499 1045 550 1080 venti
560 1056 597 1079 non
611 1045 708 1089 spirarunt,
724 1046 756 1079 sed
770 1045 834 1079 diebus

130 1099 207 1142 singulis
222 1099 282 1133 omnis
297 1099 346 1142 regio
362 1100 396 1133 sub
411 1100 450 1134 sole
465 1098 594 1133 ardentissimo
607 1099 713 1133 torrebatur.
736 1099 834 1133 Nocturnis

130 1162 203 1195 quoque
221 1151 272 1185 horis
287 1157 338 1186 estus
353 1157 392 1185 erat
408 1152 475 1185 nimius
491 1157 509 1185 et
526 1151 656 1185 intollerabilis.
680 1152 722 1185 Non
737 1151 781 1195 agri,
796 1161 833 1185 non

130 1205 205 1236 arbores
220 1203 317 1247 quicquam
333 1203 424 1237 fructuum
439 1204 558 1246 protulerunt,
574 1204 618 1237 orbe
633 1208 723 1236 terrarum
738 1215 772 1247 pro
787 1203 834 1238 iusto

102 1270 121 1291 20
130 1261 192 1289 contra
205 1255 271 1300 impios
284 1255 386 1289 dimicante.
410 1256 464 1290 Ciues
476 1261 538 1290 autem
551 1256 598 1289 hanc
611 1256 685 1299 plagam
697 1266 734 1289 non
747 1256 834 1295 ferentes,

129 1308 225 1342 dixerunt:
238 1308 331 1341 ‘Christus
343 1307 378 1349 illc,
388 1319 444 1351 quem
453 1309 495 1342 colit
505 1308 594 1350 Albanus,
606 1309 640 1342 hoc
650 1309 686 1351 agit
697 1313 716 1342 vt
724 1309 774 1342 nulla
781 1309 834 1343 nobis

130 1360 218 1406 germina,
228 1366 268 1395 sata
278 1361 327 1395 nulla
337 1361 457 1404 proueniant.y
481 1360 590 1405 Iniuriisque
598 1361 656 1395 sancti
664 1361 788 1403 condolentes,
796 1372 834 1395 om-

129 1414 180 1448 nium
195 1413 261 1448 iudicio
276 1414 354 1448 nexibus
369 1413 442 1448 exuitur
457 1415 580 1448 cathenarum.
608 1414 661 1456 Quod
677 1413 758 1458 grauiter
772 1414 834 1448 serens

130 1468 219 1509 Albanus,
225 1473 243 1501 et
251 1478 275 1500 ne
280 1467 432 1511 eiusmartyrinm
438 1467 676 1501 differretur⁴vehementer
680 1466 786 1508 formidans,
793 1478 835 1501 cum

103 1533 121 1563 ²5
130 1520 199 1565 gemitu
205 1520 307 1564 suspiciens
313 1520 332 1553 in
338 1521 398 1554 celum
405 1519 460 1554 dixit:
470 1519 559 1555 ‘Domine
566 1520 621 1553 Ihesu
628 1519 705 1561 Christe,
711 1530 735 1553 ne
739 1519 834 1564 permittas

130 1574 149 1607 in
164 1578 234 1607 tantum
249 1572 322 1616 dyaboli
336 1573 433 1616 preualere
448 1573 543 1613 maliciam,
557 1578 577 1607 vt
590 1583 624 1616 per
637 1572 780 1607 machinationes
792 1584 835 1607 suas

131 1625 210 1666 callidas,
219 1630 237 1658 et
244 1624 297 1658 istius
306 1625 369 1668 populi
378 1624 499 1663 concordiam,
511 1635 570 1659 meam
582 1624 669 1669 impediat
679 1624 784 1669 passionem
790 1627 804 1667 ς’
817 1631 835 1660 et

130 1678 153 1712 ad
161 1678 249 1721 populum
257 1688 278 1710 se
285 1683 395 1710 conuertens
403 1677 439 1711 ait:
452 1677 509 1718 ‘Quid
519 1677 613 1711 sustinetis
620 1681 625 1711 i
649 1677 669 1711 si
677 1689 714 1711 non
722 1678 780 1711 nostis
786 1678 835 1712 ferre

130 1729 245 1771 sententiam,
255 1730 306 1773 leges
316 1735 387 1763 vestras
398 1728 492 1769 consulite,
502 1728 580 1762 ciuitatis
589 1734 650 1763 vestre
660 1734 727 1763 statuta
737 1729 834 1774 requirite:

103 1782 171 1826 30ipsa
185 1782 237 1817 vobis
252 1781 346 1816 insinuent
360 1781 403 1825 quid
416 1792 471 1825 agere
486 1782 573 1816 debeatis.
601 1782 648 1824 Quid
666 1792 727 1816 moras
739 1783 835 1827 patimini?

131 1834 195 1870 Sciatis
209 1834 296 1876 vniuersi,
307 1835 383 1869 deorum
396 1840 499 1869 vestrorum
513 1845 543 1869 me
555 1845 630 1879 grauem
644 1834 724 1869 existere
736 1835 835 1870 inimicum.

131 1887 222 1932 Numquid
233 1887 283 1921 enim
292 1888 362 1922 honore
372 1893 415 1922 sunt
424 1888 475 1931 digni
485 1888 516 1932 qui
527 1888 583 1922 nichil
593 1888 612 1922 in
624 1898 645 1921 se
658 1887 757 1922 diuinitatis
767 1888 835 1923 habere

130 1946 236 1984 noscuntur,
247 1952 289 1975 cum
300 1941 336 1975 sint
347 1952 404 1985 opera
414 1953 502 1976 manuum
516 1942 623 1976 hominum?
650 1941 689 1975 Vos
701 1946 758 1975 testes
771 1953 835 1976 eorum

130 1995 175 2030 estis
183 2007 186 2028 z
199 1995 241 2037 quia
249 1994 387 2036 nichil⁵vident,
395 1994 450 2029 nichil
455 1995 536 2036 audiunt,
544 1995 599 2028 nichil
604 1994 712 2038 intelligunt.
735 1995 835 2029 Otmultum

102 2061 120 2092 35
129 2048 237 2081 detestanda
246 2047 322 2086 vanitas,
332 2047 354 2080 ab
364 2046 392 2080 his
402 2047 458 2081 vitam
468 2058 544 2092 sperare
555 2047 586 2091 qui
597 2057 691 2091 nunquam
699 2046 794 2089 vixerunt,
806 2047 835 2082 his

130 2100 196 2134 offerre
204 2109 270 2142 preces
278 2099 309 2142 qui
317 2109 411 2142 nunquam
419 2100 525 2142 audierunt3
534 2101 557 2134 ab
565 2100 594 2134 his
602 2101 681 2134 salutem
686 2110 764 2143 querere
769 2099 835 2143 quibus

129 2163 224 2195 nunquam
230 2153 277 2185 bene
283 2151 326 2184 fuit!
335 2150 388 2184 Vnde
395 2152 476 2185 absolute
481 2152 582 2195 pronuncio
588 2152 630 2195 quia
635 2151 665 2195 qui
670 2152 716 2185 tales
721 2152 767 2193 colit,
773 2152 836 2186 insan-

129 2205 204 2239 issimus
210 2209 243 2239 est.
261 2204 313 2248 Rogo
319 2203 536 2247 quidinfeliciushomine
542 2205 571 2238 cui
577 2206 702 2248 suafigmenta
708 2204 835 2239 dominantur?

130 2256 158 2292 Ve
173 2268 217 2300 ergo
232 2256 290 2298 idolis,
303 2261 321 2289 et
334 2267 357 2290 ve
370 2257 470 2290 cultoribus
485 2258 594 2291 idolorumt’
617 2258 653 2291 His
667 2257 738 2299 auditis,
753 2258 835 2292 vnanimi

102 2327 122 2357 40
130 2320 221 2345 consensu
233 2309 251 2344 in
262 2315 346 2344 sanctum
357 2308 417 2345 virum
429 2310 493 2345 mortis
505 2310 563 2346 tulere
576 2309 691 2353 sententiam,
703 2309 800 2355 ipsumque
812 2311 835 2345 ad

130 2364 189 2397 locum
203 2363 234 2407 qui
244 2362 358 2396 Holmhirst⁶
369 2362 462 2397 dicebatur
473 2365 594 2398 adduxerunt.
616 2362 675 2396 Tanta
686 2363 782 2406 congeries
793 2363 836 2398 illuc

131 2417 243 2450 confluxerat
251 2416 365 2460 populorum,
372 2421 391 2450 vt
399 2416 438 2450 loca
446 2417 476 2450 illa
484 2417 568 2461 spaciosa
575 2426 609 2460 pre
617 2415 732 2450 multitudine
741 2417 836 2452 hominum

130 2469 322 2512 angustaviderentur.
333 2468 367 2502 Vis
372 2480 444 2513 quoque
450 2475 500 2503 tanta
505 2469 549 2503 solis
554 2474 597 2510 erat,
602 2474 622 2503 vt
627 2468 689 2502 nimiis
694 2469 734 2502 eius
740 2470 836 2504 ardoribus

143 2533 156 2555 '¹
165 2532 197 2562 Vit.
204 2533 285 2564 adventus.
352 2532 358 2549 ²
368 2533 399 2562 Vit.
406 2543 438 2562 non
446 2534 543 2565 discernunt.
611 2533 617 2550 ³
627 2534 771 2571 nec—«pertimesco
778 2534 834 2565 added.

130 2571 137 2589 ⁴
147 2571 257 2602 numeretur.
341 2570 347 2587 ⁵
356 2572 374 2602 T.
383 2572 430 2602 nichil
438 2583 496 2603 eorum.
582 2571 588 2589 Β
597 2572 615 2603 Τ.
623 2573 640 2602 Ε.
648 2573 737 2603 helinhirst.
