1762 2803
120 132 166 172 ,πό
314 128 393 179 mona
409 125 525 188 aalma
540 125 632 188 finalia.

122 247 186 293 sicque
198 240 268 293 pauper
280 253 299 282 et
310 258 379 292 egenus
392 246 503 291 aliquamdiu
515 247 598 289 latitabis,
606 247 673 281 timens
685 257 709 281 ne
721 247 781 282 omnis
793 249 824 292 qui

123 301 214 336 inuenerit
222 307 240 335 te
248 301 317 335 occidat
326 306 349 335 te.
372 301 419 335 Cum
427 306 488 334 autem
498 299 602 335 huiusmodi
613 300 706 334 infortunii
717 301 825 344 cognoueris

123 355 214 399 effectum,
222 356 323 389 confortare
331 359 349 388 et
359 359 398 388 esto
406 354 502 389 robustus:
514 353 591 388 viriliter
601 365 635 399 age
646 359 664 388 et
675 353 786 389 confortetur
794 367 825 390 cor

123 414 180 443 tuum.
203 409 225 442 In
236 409 320 446 omnibus
331 407 360 442 dei
371 407 506 442 misericordie¹
517 418 588 441 memor
598 408 640 450 eris,
648 408 706 452 quial,
715 419 756 442 curn
768 409 825 444 iratus

107 461 182 504 afuerit,
196 461 320 496 misericordie
333 460 462 499 recordabitur.
485 460 564 495 Noueris
579 461 634 500 enim,
646 472 677 495 me
692 461 763 495 deuotis
777 463 825 505 apud

125 515 179 548 deum
194 513 355 547 intercessionibus
370 513 471 548 obtinuisse
489 517 509 547 vt
528 523 629 557 suppressa
647 514 757 557 quandoque
775 518 825 548 tante

124 565 239 600 aduersitatis
246 565 389 609 importunitate,
397 565 473 609 pustine
481 565 547 599 iterum
555 565 682 609 prosperitatis
690 565 799 600 iocunditate
808 572 826 601 et

124 619 179 664 plena
186 618 274 663 gaudebis
285 618 380 663 regiminis
392 617 511 660 restitutione,
520 617 536 652 si
545 623 607 652 tamen
615 629 670 662 agere
678 629 766 663 peruerse
775 619 825 663 quie·

124 672 174 707 ueris
194 677 212 706 et
230 671 285 716 digna
303 671 405 717 penitueris
423 671 551 706 satisfactione.
582 671 635 706 Nunc
652 671 707 716 igitur
721 672 825 716 quantotius

97 736 116 757 ιο
126 726 205 760 Romam
213 726 282 768 legatos
290 725 376 769 dirigens,
385 725 483 759 Martinum
491 735 558 769 papam
566 724 638 768 magnis
649 724 737 770 ampliare
745 726 826 759 muneri-

124 780 159 814 bus
167 790 191 814 ne
202 779 269 820 tardes,
277 778 384 824 suppliciter
392 789 460 822 rogans
469 783 488 813 vt
498 778 586 822 anglicam
597 778 671 821 scolam,
679 778 698 812 in
709 779 773 813 eadem
782 779 826 813 vrbe

125 832 185 872 sitam,
192 831 271 871 libertati
279 826 319 865 non
327 832 405 875 deneget
414 831 512 875 applicare,
519 836 539 864 vt
549 842 583 875 per
593 831 628 864 hoc
639 831 750 865 beneficium
758 831 827 875 gratius

125 884 157 919 tibi
165 889 257 929 prestetur
264 884 312 918 inter
319 883 451 931 incomlmloda
460 883 567 921 subsidium.
591 883 629 927 Ego
635 895 679 918 vero
686 888 728 927 post
735 883 827 919 modicum

125 937 174 973 viam
183 938 269 972 vniuerse
280 937 340 972 carnis
350 937 453 981 ingrediar:
467 943 484 971 et
496 949 531 981 que
540 937 572 971 tibi
581 937 655 981 predico
666 937 743 979 sutura³‚
751 938 827 973 credere

99 999 116 1029 15
126 1002 149 1025 ne
157 991 240 1024 differas)
264 991 326 1025 Missis
335 991 395 1035 itaque
405 990 483 1024 Romam
492 990 568 1032 nunciis,
577 991 626 1035 quod
636 991 710 1034 petebat
717 990 828 1035 impetrauit.

126 1044 213 1088 Misitque
224 1043 240 1077 ei
252 1055 300 1088 papa
309 1055 351 1079 cum
363 1043 425 1083 multis
435 1049 539 1082 sanctorum
551 1042 632 1088 reliquiis
646 1043 704 1078 crucis
717 1049 780 1078 sancte
791 1055 827 1078 non

125 1098 215 1131 modicam
223 1097 331 1139 portionem.
376 1090 459 1131 Sanctus
465 1097 539 1129 tandem
548 1096 616 1134 domini
625 1098 724 1136 consessor,
731 1097 801 1140 angelis
809 1097 828 1130 in

125 1148 203 1183 sublime
215 1148 349 1193 plaudentibus,
358 1148 437 1182 debitam
446 1148 525 1182 humano
535 1147 598 1193 generi
610 1149 702 1182 resolutus
713 1148 732 1182 in
744 1155 828 1192 mortem,

127 1202 165 1236 celo
175 1203 276 1245 gaudenter
284 1207 380 1245 susceptus
392 1206 425 1242 est,
432 1201 492 1244 pridie
500 1201 588 1236 kalendas
596 1202 673 1245 augusti.
691 1202 770 1236 Tantam
779 1203 828 1236 enim

99 1266 118 1287 to
126 1255 212 1299 tamque¹
225 1255 349 1290 delectabilem
363 1255 418 1298 longe
432 1255 504 1298 lateque
518 1259 575 1293 totam
587 1255 635 1289 aeris
647 1255 756 1298 temperiem
768 1255 828 1290 odoris

126 1308 205 1342 reddidit
220 1307 323 1351 fragrantia,
336 1313 355 1342 vt
366 1307 486 1342 aduenientes
498 1306 530 1341 ac⁶
541 1306 606 1342 remoti
622 1319 643 1342 se
656 1307 716 1342 subito
729 1308 829 1343 faterentur

125 1361 210 1395 renouari
216 1361 317 1403 dulcedine,
323 1366 342 1395 et
348 1360 405 1405 egroti
411 1360 478 1404 quique
486 1359 552 1394 sanari.
593 1353 655 1395 Terra
660 1360 728 1405 quippe
735 1361 829 1405 sepulture

126 1414 175 1449 illius
184 1425 225 1449 cum
236 1414 266 1457 pia
279 1415 397 1449 veneratione
408 1413 535 1456 languentibus
547 1413 617 1454 tradita,
626 1414 687 1448 multis
699 1414 830 1448 medicinaliter

127 1467 208 1500 noscitur
216 1467 313 1510 profuisse.
336 1467 412 1500 Gustata
420 1466 488 1509 quippe
495 1476 529 1509 pro
536 1466 616 1509 quolibet
623 1466 747 1501 inualitudinis
755 1478 829 1511 genere,

100 1529 118 1560 ²5
127 1525 164 1554 tarn
180 1518 264 1554 homines
280 1530 334 1564 quam
347 1520 428 1553 iumenta
440 1518 568 1553 conualescere
581 1518 662 1555 faciebat.
706 1512 757 1556 Cum
769 1525 829 1555 autem

128 1573 229 1606 secundum
236 1572 351 1615 prophetiam
357 1572 391 1605 viri
397 1572 427 1605 dei
433 1572 500 1615 Anglia
506 1571 532 1614 [a]
537 1571 619 1605 barbaris
627 1572 770 1615 irrumpentibus
775 1583 830 1605 vexa-

128 1630 183 1666 retur,
196 1624 320 1668 Alfredusque
332 1635 371 1667 rex,
384 1631 404 1658 vt
418 1623 437 1656 in
449 1623 506 1667 gestis
519 1623 558 1657 eius
571 1624 636 1657 clarius
652 1625 754 1668 elucescat,
767 1635 829 1670 vagus,

128 1678 216 1722 profugus
227 1683 244 1711 et
255 1678 360 1712 humiliatus
371 1678 428 1712 sactus
439 1677 513 1719 fuisset;
525 1678 584 1712 noctis
592 1678 719 1722 profunditate,
727 1690 769 1713 cum
780 1679 830 1712 idem

128 1742 162 1765 rex
170 1731 224 1766 totius
232 1741 301 1776 expers
309 1731 374 1776 quietis
382 1731 430 1766 curis
439 1731 537 1765 vallaretur
547 1731 668 1774 mordacibus,
676 1731 727 1766 affuit
735 1732 830 1767 consessor

101 1795 121 1823 30
129 1785 158 1819 dei
171 1791 244 1819 sanctus
259 1785 333 1826 Neotus,
345 1786 406 1819 vultus
419 1791 437 1819 et
450 1785 523 1819 habitus
536 1785 594 1819 nitore
607 1785 667 1819 locum
679 1786 774 1821 irradians.
797 1786 830 1820 Ille

128 1848 173 1871 vero
188 1837 254 1870 erectis
268 1837 287 1870 in
302 1843 386 1871 sanctum
398 1837 498 1871 luminibus
511 1842 529 1870 et
543 1837 661 1871 immobiliter
676 1838 747 1881 defixis,
759 1844 778 1872 vt
790 1838 830 1881 quis

128 1895 178 1925 esset
193 1889 260 1925 certius
275 1895 393 1934 agnoscerem
414 1889 480 1925 talibus
495 1889 518 1925 ab
534 1900 555 1924 eo
569 1888 677 1925 suscitatus⁷
692 1895 720 1925 est
735 1890 830 1934 alloquiis:

129 1943 193 1985 ‘Quid
206 1953 245 1984 rex,
258 1942 322 1986 inquit,
335 1948 361 1977 tot
374 1942 483 1988 deprimeris
498 1943 598 1987 angustiis?
614 1943 648 1977 ⁸an
660 1943 734 1988 ignoras
745 1944 831 1987 quoniam

129 1995 247 2041 cogitationes
255 1996 350 2030 hominum
358 1996 418 2031 nauel
425 2001 472 2038 sunt,
480 2002 498 2031 et
506 1996 536 2040 qui
545 2001 619 2041 sperant
627 1996 646 2031 in
655 1996 729 2031 domino
736 1997 831 2044 mutabunt

102 2060 120 2089 35
129 2049 259 2093 fortitudinem,
265 2050 545 2095 assument¹⁰pennasvtaquile,
551 2050 653 2085 volabunt¹¹
660 2056 678 2085 et
684 2061 721 2085 non
727 2051 831 2086 deficient?l

129 2103 167 2136 Cur
177 2114 234 2137 vnum
246 2104 311 2138 oblitus
323 2103 453 2145 necessarium,
461 2109 487 2137 tot
496 2109 514 2137 et
524 2104 579 2137 tantis
590 2103 757 2148 perturbationibus
770 2110 831 2138 mente

130 2155 239 2200 exagitaris?
262 2156 343 2191 Securus
360 2162 406 2200 esto,
422 2156 464 2201 quia
481 2157 497 2191 si
512 2157 560 2191 bona
577 2156 635 2202 egisti,
651 2157 698 2192 bona
713 2157 831 2203 proculdubio

130 2209 219 2252 recipies:
231 2209 298 2243 sivero
306 2210 358 2250 mala,
367 2210 403 2244 iam
411 2210 497 2244 iudicium
505 2211 605 2253 pertulisti:
618 2222 678 2254 neque
690 2211 739 2244 enim
747 2210 832 2245 iudicabit

130 2261 215 2293 dominus
223 2260 251 2294 bis
263 2261 378 2303 inidipsum.
401 2261 451 2295 Pone
463 2262 518 2305 igitur
529 2262 603 2295 modum
615 2262 695 2304 tristicie,
703 2273 723 2296 ac
735 2263 758 2297 de
770 2268 831 2296 cetero

102 2329 122 2359 40
131 2313 235 2347 desiderata
242 2313 336 2358 perfruere
344 2313 458 2350 iocunditate.
481 2314 511 2349 Ad
519 2314 553 2349 hoc
562 2314 611 2350 enim
620 2326 649 2350 me
658 2315 707 2350 misit
715 2317 801 2351 dominus
809 2316 832 2350 de

130 2377 211 2412 superna
223 2372 327 2402 sanctorum
339 2367 405 2411 quiete,
416 2372 435 2402 vt
446 2373 477 2402 tua
487 2368 523 2402 iam
534 2369 641 2402 terminetur
652 2369 732 2411 miseria,
742 2370 758 2404 si
769 2375 831 2404 tamen

151 2499 157 2517 ¹
167 2499 185 2529 E.
193 2498 301 2528 misericordie
309 2497 338 2528 dei.
383 2497 431 2529 ‘vit
439 2498 470 2536 qui.
517 2498 523 2515 ³
533 2498 551 2528 T.
557 2498 625 2528 futurum
632 2499 665 2529 tibi.
710 2499 716 2517 ¹
727 2500 744 2529 E.
753 2504 832 2536 tanquam.

131 2539 137 2557 ³
148 2540 169 2571 al.
176 2540 227 2570 etiam.
292 2538 298 2557 ⁰
308 2538 326 2569 E.
334 2537 412 2570 elucessit.
475 2537 482 2556 ⁷
492 2538 510 2569 E.
517 2538 535 2569 T.
542 2539 633 2571 scissitatus.
696 2538 719 2557 Η
729 2549 760 2571 om.
768 2540 784 2569 in
792 2536 832 2568 Boll.

132 2580 138 2597 ⁹
148 2579 166 2609 E.
173 2583 215 2609 nate.
277 2578 288 2596 ¹⁰
299 2579 317 2610 E.
324 2583 409 2609 assumant.
459 2578 470 2596 ¹¹
482 2578 500 2609 E.
508 2578 593 2611 volabunti.
