<?xml version="1.0" encoding="UTF-8"?>
<!DOCTYPE html PUBLIC "-//W3C//DTD XHTML 1.0 Transitional//EN"
    "http://www.w3.org/TR/xhtml1/DTD/xhtml1-transitional.dtd">
<html xmlns="http://www.w3.org/1999/xhtml" xml:lang="en" lang="en">
 <head>
  <title>
</title>
<meta http-equiv="Content-Type" content="text/html;charset=utf-8" />
  <meta name='ocr-system' content='tesseract 3.04.00' />
  <meta name='ocr-capabilities' content='ocr_page ocr_carea ocr_par ocr_line ocrx_word'/>
</head>
<body>
  <div class='ocr_page' id='page_1' title='image "./MN5111ucmf_0/MN5111ucmf_0_0962.png"; bbox 0 0 1762 2803; ppageno 0'>
   <div class='ocr_carea' id='block_1_1' title="bbox 89 97 598 187">
    <p class='ocr_par' dir='ltr' id='par_1_1' title="bbox 89 97 598 187">
     <span class='ocr_line' id='line_1_1' title="bbox 89 97 598 187; baseline -0.008 -6"><span class='ocrx_word' id='word_1_1' title='bbox 89 97 135 181; x_wconf 32' lang='lat'><strong>346&#39;</strong></span> <span class='ocrx_word' id='word_1_2' title='bbox 233 178 234 184; x_wconf 70' lang='grc'>,</span> <span class='ocrx_word' id='word_1_3' title='bbox 277 121 598 187; x_wconf 66' lang='lat' dir='ltr'>moveturmouetur.</span> 
     </span>
    </p>
   </div>
   <div class='ocr_carea' id='block_1_2' title="bbox 63 245 798 2465">
    <p class='ocr_par' dir='ltr' id='par_1_2' title="bbox 63 245 798 2465">
     <span class='ocr_line' id='line_1_2' title="bbox 89 245 791 292; baseline 0 -12"><span class='ocrx_word' id='word_1_4' title='bbox 89 248 160 281; x_wconf 87' lang='lat' dir='ltr'>morem</span> <span class='ocrx_word' id='word_1_5' title='bbox 167 251 264 282; x_wconf 80' lang='lat' dir='ltr'>vescentes</span> <span class='ocrx_word' id='word_1_6' title='bbox 273 245 379 289; x_wconf 82' lang='lat' dir='ltr'>letarentur,</span> <span class='ocrx_word' id='word_1_7' title='bbox 387 246 478 291; x_wconf 80' lang='lat' dir='ltr'><strong>cogitabat</strong></span> <span class='ocrx_word' id='word_1_8' title='bbox 485 247 546 292; x_wconf 88' lang='lat' dir='ltr'>puella</span> <span class='ocrx_word' id='word_1_9' title='bbox 554 247 645 292; x_wconf 89' lang='lat' dir='ltr'>quomodo</span> <span class='ocrx_word' id='word_1_10' title='bbox 654 251 718 291; x_wconf 90' lang='lat' dir='ltr'>posset</span> <span class='ocrx_word' id='word_1_11' title='bbox 726 247 749 281; x_wconf 91' lang='lat' dir='ltr'>ad</span> <span class='ocrx_word' id='word_1_12' title='bbox 757 246 791 281; x_wconf 89' lang='lat' dir='ltr'>viri</span> 
     </span>
     <span class='ocr_line' id='line_1_3' title="bbox 89 298 792 345; baseline 0.001 -12"><span class='ocrx_word' id='word_1_13' title='bbox 89 299 163 334; x_wconf 93' lang='lat' dir='ltr'>thorum</span> <span class='ocrx_word' id='word_1_14' title='bbox 178 299 250 343; x_wconf 84' lang='lat' dir='ltr'>ingredi</span> <span class='ocrx_word' id='word_1_15' title='bbox 265 298 338 344; x_wconf 86' lang='lat' dir='ltr'>ipsique</span> <span class='ocrx_word' id='word_1_16' title='bbox 350 299 418 334; x_wconf 87' lang='lat' dir='ltr'>carnali</span> <span class='ocrx_word' id='word_1_17' title='bbox 433 300 563 335; x_wconf 78' lang='lat' dir='ltr'>commixtione</span> <span class='ocrx_word' id='word_1_18' title='bbox 578 299 664 344; x_wconf 88' lang='lat' dir='ltr'>copulari,</span> <span class='ocrx_word' id='word_1_19' title='bbox 677 300 708 345; x_wconf 91' lang='lat' dir='ltr'>qui</span> <span class='ocrx_word' id='word_1_20' title='bbox 724 300 792 335; x_wconf 86' lang='lat' dir='ltr'>Christi</span> 
     </span>
     <span class='ocr_line' id='line_1_4' title="bbox 89 352 792 396; baseline 0.001 -10"><span class='ocrx_word' id='word_1_21' title='bbox 89 354 142 396; x_wconf 84' lang='lat' dir='ltr'>signo</span> <span class='ocrx_word' id='word_1_22' title='bbox 157 353 239 386; x_wconf 86' lang='lat' dir='ltr'>nondum</span> <span class='ocrx_word' id='word_1_23' title='bbox 254 359 292 386; x_wconf 85' lang='lat' dir='ltr'>erat</span> <span class='ocrx_word' id='word_1_24' title='bbox 307 352 411 396; x_wconf 87' lang='lat' dir='ltr'>insignitus.</span> <span class='ocrx_word' id='word_1_25' title='bbox 434 354 463 386; x_wconf 82' lang='lat' dir='ltr'>Ex</span> <span class='ocrx_word' id='word_1_26' title='bbox 481 353 544 387; x_wconf 90' lang='lat' dir='ltr'>intimo</span> <span class='ocrx_word' id='word_1_27' title='bbox 559 352 646 396; x_wconf 87' lang='lat' dir='ltr'>ita(que)¹</span> <span class='ocrx_word' id='word_1_28' title='bbox 661 353 721 388; x_wconf 91' lang='lat' dir='ltr'>cordis</span> <span class='ocrx_word' id='word_1_29' title='bbox 737 354 792 396; x_wconf 85' lang='lat' dir='ltr'>longa</span> 
     </span>
     <span class='ocr_line' id='line_1_5' title="bbox 89 404 792 451; baseline 0 -12"><span class='ocrx_word' id='word_1_30' title='bbox 89 405 165 440; x_wconf 87' lang='lat' dir='ltr'>trahens</span> <span class='ocrx_word' id='word_1_31' title='bbox 173 405 257 448; x_wconf 79' lang='lat' dir='ltr'>suspiria,</span> <span class='ocrx_word' id='word_1_32' title='bbox 265 404 365 449; x_wconf 84' lang='lat' dir='ltr'>oculosque</span> <span class='ocrx_word' id='word_1_33' title='bbox 372 406 396 440; x_wconf 91' lang='lat' dir='ltr'>ad</span> <span class='ocrx_word' id='word_1_34' title='bbox 405 406 468 442; x_wconf 86' lang='lat' dir='ltr'>ethera</span> <span class='ocrx_word' id='word_1_35' title='bbox 475 406 544 446; x_wconf 83' lang='lat' dir='ltr'>leuans,</span> <span class='ocrx_word' id='word_1_36' title='bbox 551 405 646 440; x_wconf 89' lang='lat' dir='ltr'>Christum</span> <span class='ocrx_word' id='word_1_37' title='bbox 656 416 719 451; x_wconf 83' lang='lat' dir='ltr'>regern</span> <span class='ocrx_word' id='word_1_38' title='bbox 731 405 792 440; x_wconf 89' lang='lat' dir='ltr'>omnia</span> 
     </span>
     <span class='ocr_line' id='line_1_6' title="bbox 71 457 792 504; baseline 0 -11"><span class='ocrx_word' id='word_1_39' title='bbox 71 467 80 498; x_wconf 82' lang='lat'><strong>5</strong></span> <span class='ocrx_word' id='word_1_40' title='bbox 90 459 217 493; x_wconf 85' lang='lat' dir='ltr'>moderantem</span> <span class='ocrx_word' id='word_1_41' title='bbox 225 457 302 501; x_wconf 88' lang='lat' dir='ltr'>inuocat,</span> <span class='ocrx_word' id='word_1_42' title='bbox 307 458 403 504; x_wconf 88' lang='lat' dir='ltr'>taliterque</span> <span class='ocrx_word' id='word_1_43' title='bbox 412 469 454 494; x_wconf 90' lang='lat' dir='ltr'>curn</span> <span class='ocrx_word' id='word_1_44' title='bbox 462 458 554 493; x_wconf 88' lang='lat' dir='ltr'>lachrimis</span> <span class='ocrx_word' id='word_1_45' title='bbox 563 463 636 494; x_wconf 85' lang='lat' dir='ltr'>exorat:</span> <span class='ocrx_word' id='word_1_46' title='bbox 650 458 740 493; x_wconf 83' lang='lat' dir='ltr'>‘Domine</span> <span class='ocrx_word' id='word_1_47' title='bbox 746 459 792 493; x_wconf 90' lang='lat' dir='ltr'>deus</span> 
     </span>
     <span class='ocr_line' id='line_1_7' title="bbox 89 511 792 556; baseline 0.001 -11"><span class='ocrx_word' id='word_1_48' title='bbox 89 518 161 546; x_wconf 84' lang='lat' dir='ltr'>creator</span> <span class='ocrx_word' id='word_1_49' title='bbox 172 518 190 546; x_wconf 93' lang='lat' dir='ltr'>et</span> <span class='ocrx_word' id='word_1_50' title='bbox 201 511 283 545; x_wconf 90' lang='lat' dir='ltr'>omnium</span> <span class='ocrx_word' id='word_1_51' title='bbox 296 513 407 555; x_wconf 89' lang='lat' dir='ltr'>redemptor,</span> <span class='ocrx_word' id='word_1_52' title='bbox 421 524 446 547; x_wconf 86' lang='lat' dir='ltr'>ne</span> <span class='ocrx_word' id='word_1_53' title='bbox 458 513 509 546; x_wconf 89' lang='lat' dir='ltr'>sinas</span> <span class='ocrx_word' id='word_1_54' title='bbox 522 522 589 555; x_wconf 90' lang='lat' dir='ltr'>corpus</span> <span class='ocrx_word' id='word_1_55' title='bbox 604 522 667 546; x_wconf 88' lang='lat' dir='ltr'>meum</span> <span class='ocrx_word' id='word_1_56' title='bbox 678 511 734 556; x_wconf 88' lang='lat' dir='ltr'>pollui</span> <span class='ocrx_word' id='word_1_57' title='bbox 750 523 792 547; x_wconf 92' lang='lat' dir='ltr'>cum</span> 
     </span>
     <span class='ocr_line' id='line_1_8' title="bbox 89 564 792 608; baseline 0 -10"><span class='ocrx_word' id='word_1_58' title='bbox 89 565 128 598; x_wconf 91' lang='lat' dir='ltr'>viro</span> <span class='ocrx_word' id='word_1_59' title='bbox 139 576 150 598; x_wconf 87' lang='lat' dir='ltr'>a</span> <span class='ocrx_word' id='word_1_60' title='bbox 161 569 180 599; x_wconf 89' lang='lat' dir='ltr'>te</span> <span class='ocrx_word' id='word_1_61' title='bbox 191 564 273 608; x_wconf 86' lang='lat' dir='ltr'>alienato,</span> <span class='ocrx_word' id='word_1_62' title='bbox 286 565 319 599; x_wconf 90' lang='lat' dir='ltr'>sed</span> <span class='ocrx_word' id='word_1_63' title='bbox 330 570 417 599; x_wconf 87' lang='lat' dir='ltr'>conuerte</span> <span class='ocrx_word' id='word_1_64' title='bbox 429 575 460 599; x_wconf 91' lang='lat' dir='ltr'>cor</span> <span class='ocrx_word' id='word_1_65' title='bbox 471 564 510 598; x_wconf 91' lang='lat' dir='ltr'>eius</span> <span class='ocrx_word' id='word_1_66' title='bbox 523 565 546 598; x_wconf 90' lang='lat' dir='ltr'>ad</span> <span class='ocrx_word' id='word_1_67' title='bbox 559 575 641 598; x_wconf 89' lang='lat' dir='ltr'>amorem</span> <span class='ocrx_word' id='word_1_68' title='bbox 653 569 710 607; x_wconf 89' lang='lat' dir='ltr'>tuum,</span> <span class='ocrx_word' id='word_1_69' title='bbox 722 569 741 599; x_wconf 92' lang='lat' dir='ltr'>et</span> <span class='ocrx_word' id='word_1_70' title='bbox 752 564 792 599; x_wconf 87' lang='lat' dir='ltr'>illu-</span> 
     </span>
     <span class='ocr_line' id='line_1_9' title="bbox 89 616 793 662; baseline 0.001 -12"><span class='ocrx_word' id='word_1_71' title='bbox 89 616 139 651; x_wconf 88' lang='lat' dir='ltr'>mina</span> <span class='ocrx_word' id='word_1_72' title='bbox 150 617 195 652; x_wconf 91' lang='lat' dir='ltr'>illud</span> <span class='ocrx_word' id='word_1_73' title='bbox 206 617 306 661; x_wconf 87' lang='lat' dir='ltr'>splendore</span> <span class='ocrx_word' id='word_1_74' title='bbox 317 617 378 652; x_wconf 85' lang='lat' dir='ltr'>vultus</span> <span class='ocrx_word' id='word_1_75' title='bbox 390 617 426 653; x_wconf 84' lang='lat' dir='ltr'>tui:</span> <span class='ocrx_word' id='word_1_76' title='bbox 443 618 503 662; x_wconf 91' lang='lat' dir='ltr'>daque</span> <span class='ocrx_word' id='word_1_77' title='bbox 513 617 539 650; x_wconf 93' lang='lat' dir='ltr'>illi</span> <span class='ocrx_word' id='word_1_78' title='bbox 550 617 694 661; x_wconf 84' lang='lat' dir='ltr'>intelligentiam,</span> <span class='ocrx_word' id='word_1_79' title='bbox 704 623 724 652; x_wconf 94' lang='lat' dir='ltr'>vt</span> <span class='ocrx_word' id='word_1_80' title='bbox 735 622 753 651; x_wconf 91' lang='lat' dir='ltr'>te</span> <span class='ocrx_word' id='word_1_81' title='bbox 765 618 793 651; x_wconf 88' lang='lat' dir='ltr'>in-</span> 
     </span>
     <span class='ocr_line' id='line_1_10' title="bbox 89 669 792 714; baseline 0.003 -11"><span class='ocrx_word' id='word_1_82' title='bbox 89 669 173 713; x_wconf 83' lang='lat' dir='ltr'>telligere</span> <span class='ocrx_word' id='word_1_83' title='bbox 185 669 250 711; x_wconf 85' lang='lat' dir='ltr'>ualeat,</span> <span class='ocrx_word' id='word_1_84' title='bbox 262 674 280 704; x_wconf 90' lang='lat' dir='ltr'>et</span> <span class='ocrx_word' id='word_1_85' title='bbox 291 671 368 714; x_wconf 83' lang='lat' dir='ltr'>gratiam</span> <span class='ocrx_word' id='word_1_86' title='bbox 380 670 466 714; x_wconf 87' lang='lat' dir='ltr'>baptismi</span> <span class='ocrx_word' id='word_1_87' title='bbox 478 669 503 705; x_wconf 95' lang='lat' dir='ltr'>tui</span> <span class='ocrx_word' id='word_1_88' title='bbox 515 669 624 713; x_wconf 78' lang='lat' dir='ltr'>percipiat².&#39;</span> <span class='ocrx_word' id='word_1_89' title='bbox 647 669 671 705; x_wconf 91' lang='lat' dir='ltr'>Et</span> <span class='ocrx_word' id='word_1_90' title='bbox 684 670 718 705; x_wconf 92' lang='lat' dir='ltr'>hec</span> <span class='ocrx_word' id='word_1_91' title='bbox 732 680 792 712; x_wconf 88' lang='lat' dir='ltr'>orans,</span> 
     </span>
     <span class='ocr_line' id='line_1_11' title="bbox 63 721 792 767; baseline 0.004 -12"><span class='ocrx_word' id='word_1_92' title='bbox 63 732 81 755; x_wconf 81' lang='lat' dir='ltr'>ro</span> <span class='ocrx_word' id='word_1_93' title='bbox 89 722 136 757; x_wconf 91' lang='lat' dir='ltr'>illico</span> <span class='ocrx_word' id='word_1_94' title='bbox 144 733 187 757; x_wconf 84' lang='lat' dir='ltr'>curn</span> <span class='ocrx_word' id='word_1_95' title='bbox 195 723 276 767; x_wconf 82' lang='lat' dir='ltr'>sponso³</span> <span class='ocrx_word' id='word_1_96' title='bbox 283 723 338 758; x_wconf 90' lang='lat' dir='ltr'>intrat</span> <span class='ocrx_word' id='word_1_97' title='bbox 349 724 372 758; x_wconf 89' lang='lat' dir='ltr'>ad</span> <span class='ocrx_word' id='word_1_98' title='bbox 384 723 489 766; x_wconf 87' lang='lat' dir='ltr'>thalamum,</span> <span class='ocrx_word' id='word_1_99' title='bbox 500 721 588 766; x_wconf 89' lang='lat' dir='ltr'>illumque</span> <span class='ocrx_word' id='word_1_100' title='bbox 599 721 623 756; x_wconf 89' lang='lat' dir='ltr'>ita</span> <span class='ocrx_word' id='word_1_101' title='bbox 634 721 710 757; x_wconf 86' lang='lat' dir='ltr'>affatur:</span> <span class='ocrx_word' id='word_1_102' title='bbox 723 722 792 767; x_wconf 88' lang='lat' dir='ltr'>‘Seias‚</span> 
     </span>
     <span class='ocr_line' id='line_1_12' title="bbox 90 775 792 821; baseline 0.001 -11"><span class='ocrx_word' id='word_1_103' title='bbox 90 776 154 821; x_wconf 90' lang='lat' dir='ltr'>inquit,</span> <span class='ocrx_word' id='word_1_104' title='bbox 166 776 241 812; x_wconf 90' lang='lat' dir='ltr'>domine</span> <span class='ocrx_word' id='word_1_105' title='bbox 255 788 293 821; x_wconf 87' lang='lat' dir='ltr'>rex,</span> <span class='ocrx_word' id='word_1_106' title='bbox 306 788 400 821; x_wconf 89' lang='lat' dir='ltr'>nunquam</span> <span class='ocrx_word' id='word_1_107' title='bbox 415 787 445 811; x_wconf 93' lang='lat' dir='ltr'>me</span> <span class='ocrx_word' id='word_1_108' title='bbox 457 775 564 810; x_wconf 87' lang='lat' dir='ltr'>intraturam</span> <span class='ocrx_word' id='word_1_109' title='bbox 579 780 631 810; x_wconf 90' lang='lat' dir='ltr'>tuum</span> <span class='ocrx_word' id='word_1_110' title='bbox 644 776 723 820; x_wconf 78' lang='lat' dir='ltr'>thorum,</span> <span class='ocrx_word' id='word_1_111' title='bbox 735 776 792 821; x_wconf 88' lang='lat' dir='ltr'>prius-</span> 
     </span>
     <span class='ocr_line' id='line_1_13' title="bbox 90 829 793 874; baseline 0.003 -11"><span class='ocrx_word' id='word_1_112' title='bbox 90 829 279 874; x_wconf 84' lang='lat' dir='ltr'>quam⁴baptismum</span> <span class='ocrx_word' id='word_1_113' title='bbox 291 829 370 874; x_wconf 87' lang='lat' dir='ltr'>accipias</span> <span class='ocrx_word' id='word_1_114' title='bbox 382 830 473 873; x_wconf 92' lang='lat' dir='ltr'>deumque</span> <span class='ocrx_word' id='word_1_115' title='bbox 484 830 551 864; x_wconf 89' lang='lat' dir='ltr'>trinum</span> <span class='ocrx_word' id='word_1_116' title='bbox 560 835 578 864; x_wconf 90' lang='lat' dir='ltr'>et</span> <span class='ocrx_word' id='word_1_117' title='bbox 585 840 642 864; x_wconf 91' lang='lat' dir='ltr'>vnum</span> <span class='ocrx_word' id='word_1_118' title='bbox 654 841 678 864; x_wconf 87' lang='lat' dir='ltr'>ex</span> <span class='ocrx_word' id='word_1_119' title='bbox 689 834 726 865; x_wconf 87' lang='lat' dir='ltr'>toto</span> <span class='ocrx_word' id='word_1_120' title='bbox 738 832 793 865; x_wconf 88' lang='lat' dir='ltr'>corde</span> 
     </span>
     <span class='ocr_line' id='line_1_14' title="bbox 91 882 793 928; baseline 0.001 -12"><span class='ocrx_word' id='word_1_121' title='bbox 91 883 200 925; x_wconf 87' lang='lat' dir='ltr'>confitearis,</span> <span class='ocrx_word' id='word_1_122' title='bbox 209 883 284 917; x_wconf 90' lang='lat' dir='ltr'>abiectis</span> <span class='ocrx_word' id='word_1_123' title='bbox 292 882 368 916; x_wconf 84' lang='lat' dir='ltr'>culturis</span> <span class='ocrx_word' id='word_1_124' title='bbox 376 882 475 927; x_wconf 74' lang='lat' dir='ltr'>idolorum!</span> <span class='ocrx_word' id='word_1_125' title='bbox 497 882 580 926; x_wconf 89' lang='lat' dir='ltr'>Cumque</span> <span class='ocrx_word' id='word_1_126' title='bbox 588 882 622 917; x_wconf 90' lang='lat' dir='ltr'>hoc</span> <span class='ocrx_word' id='word_1_127' title='bbox 630 882 713 925; x_wconf 86' lang='lat' dir='ltr'>dixisset,</span> <span class='ocrx_word' id='word_1_128' title='bbox 721 888 793 928; x_wconf 86' lang='lat' dir='ltr'>gratum</span> 
     </span>
     <span class='ocr_line' id='line_1_15' title="bbox 90 935 793 980; baseline 0.001 -12"><span class='ocrx_word' id='word_1_129' title='bbox 90 940 145 977; x_wconf 90' lang='lat' dir='ltr'>atque</span> <span class='ocrx_word' id='word_1_130' title='bbox 157 935 275 978; x_wconf 84' lang='lat' dir='ltr'>acceptabile,</span> <span class='ocrx_word' id='word_1_131' title='bbox 287 936 322 968; x_wconf 89' lang='lat' dir='ltr'>deo</span> <span class='ocrx_word' id='word_1_132' title='bbox 333 935 411 976; x_wconf 87' lang='lat' dir='ltr'>volente,</span> <span class='ocrx_word' id='word_1_133' title='bbox 423 935 455 969; x_wconf 84' lang='lat' dir='ltr'>fuit</span> <span class='ocrx_word' id='word_1_134' title='bbox 467 945 536 978; x_wconf 89' lang='lat' dir='ltr'>sponso</span> <span class='ocrx_word' id='word_1_135' title='bbox 549 935 613 969; x_wconf 89' lang='lat' dir='ltr'>salutis</span> <span class='ocrx_word' id='word_1_136' title='bbox 625 936 715 976; x_wconf 73' lang='lat' dir='ltr'>verbum,</span> <span class='ocrx_word' id='word_1_137' title='bbox 730 935 793 980; x_wconf 82' lang='lat' dir='ltr'>sieque</span> 
     </span>
     <span class='ocr_line' id='line_1_16' title="bbox 64 986 793 1032; baseline 0.004 -13"><span class='ocrx_word' id='word_1_138' title='bbox 64 998 82 1028; x_wconf 83' lang='lat'>15</span> <span class='ocrx_word' id='word_1_139' title='bbox 91 992 177 1032; x_wconf 85' lang='lat' dir='ltr'>suscepto</span> <span class='ocrx_word' id='word_1_140' title='bbox 193 986 265 1026; x_wconf 88' lang='lat' dir='ltr'>ieiunio,</span> <span class='ocrx_word' id='word_1_141' title='bbox 280 987 334 1021; x_wconf 87' lang='lat' dir='ltr'>tertia</span> <span class='ocrx_word' id='word_1_142' title='bbox 348 987 378 1022; x_wconf 89' lang='lat' dir='ltr'>die</span> <span class='ocrx_word' id='word_1_143' title='bbox 396 987 497 1031; x_wconf 88' lang='lat' dir='ltr'>baptizatus</span> <span class='ocrx_word' id='word_1_144' title='bbox 513 992 545 1028; x_wconf 87' lang='lat' dir='ltr'>est,</span> <span class='ocrx_word' id='word_1_145' title='bbox 561 993 579 1022; x_wconf 90' lang='lat' dir='ltr'>et</span> <span class='ocrx_word' id='word_1_146' title='bbox 595 987 646 1022; x_wconf 85' lang='lat' dir='ltr'>iuxta</span> <span class='ocrx_word' id='word_1_147' title='bbox 664 988 720 1022; x_wconf 90' lang='lat' dir='ltr'>ritum</span> <span class='ocrx_word' id='word_1_148' title='bbox 735 988 793 1022; x_wconf 91' lang='lat' dir='ltr'>chris-</span> 
     </span>
     <span class='ocr_line' id='line_1_17' title="bbox 90 1040 793 1086; baseline 0.001 -12"><span class='ocrx_word' id='word_1_149' title='bbox 90 1040 182 1076; x_wconf 89' lang='lat' dir='ltr'>tianorum</span> <span class='ocrx_word' id='word_1_150' title='bbox 201 1041 280 1085; x_wconf 87' lang='lat' dir='ltr'>coniugii</span> <span class='ocrx_word' id='word_1_151' title='bbox 297 1041 333 1086; x_wconf 83' lang='lat' dir='ltr'>legi</span> <span class='ocrx_word' id='word_1_152' title='bbox 352 1042 464 1075; x_wconf 87' lang='lat' dir='ltr'>coniunctus.</span> <span class='ocrx_word' id='word_1_153' title='bbox 487 1040 574 1084; x_wconf 87' lang='lat' dir='ltr'>Concepit</span> <span class='ocrx_word' id='word_1_154' title='bbox 592 1052 635 1085; x_wconf 85' lang='lat' dir='ltr'>ergo</span> <span class='ocrx_word' id='word_1_155' title='bbox 650 1042 713 1086; x_wconf 86' lang='lat' dir='ltr'>regina</span> <span class='ocrx_word' id='word_1_156' title='bbox 731 1053 755 1076; x_wconf 89' lang='lat' dir='ltr'>ex</span> <span class='ocrx_word' id='word_1_157' title='bbox 771 1053 793 1077; x_wconf 91' lang='lat' dir='ltr'>eo</span> 
     </span>
     <span class='ocr_line' id='line_1_18' title="bbox 90 1093 793 1139; baseline 0.001 -11"><span class='ocrx_word' id='word_1_158' title='bbox 90 1093 153 1128; x_wconf 87' lang='lat' dir='ltr'>filium.</span> <span class='ocrx_word' id='word_1_159' title='bbox 178 1094 202 1128; x_wconf 87' lang='lat' dir='ltr'>Et</span> <span class='ocrx_word' id='word_1_160' title='bbox 212 1094 372 1139; x_wconf 88' lang='lat' dir='ltr'>appropinquante</span> <span class='ocrx_word' id='word_1_161' title='bbox 387 1099 471 1139; x_wconf 87' lang='lat' dir='ltr'>tempore</span> <span class='ocrx_word' id='word_1_162' title='bbox 484 1094 571 1139; x_wconf 90' lang='lat' dir='ltr'>pariendi,</span> <span class='ocrx_word' id='word_1_163' title='bbox 583 1094 632 1129; x_wconf 86' lang='lat' dir='ltr'>misit</span> <span class='ocrx_word' id='word_1_164' title='bbox 645 1106 679 1129; x_wconf 86' lang='lat' dir='ltr'>rex</span> <span class='ocrx_word' id='word_1_165' title='bbox 693 1095 756 1129; x_wconf 87' lang='lat' dir='ltr'>Penda</span> <span class='ocrx_word' id='word_1_166' title='bbox 770 1096 793 1129; x_wconf 89' lang='lat' dir='ltr'>ad</span> 
     </span>
     <span class='ocr_line' id='line_1_19' title="bbox 90 1146 794 1192; baseline 0.003 -11"><span class='ocrx_word' id='word_1_167' title='bbox 90 1157 181 1191; x_wconf 84' lang='lat' dir='ltr'>generum</span> <span class='ocrx_word' id='word_1_168' title='bbox 192 1157 246 1181; x_wconf 92' lang='lat' dir='ltr'>suum</span> <span class='ocrx_word' id='word_1_169' title='bbox 259 1152 277 1181; x_wconf 93' lang='lat' dir='ltr'>et</span> <span class='ocrx_word' id='word_1_170' title='bbox 289 1148 312 1181; x_wconf 84' lang='lat' dir='ltr'>ad</span> <span class='ocrx_word' id='word_1_171' title='bbox 324 1146 421 1191; x_wconf 88' lang='lat' dir='ltr'>coniugem</span> <span class='ocrx_word' id='word_1_172' title='bbox 433 1147 477 1189; x_wconf 87' lang='lat' dir='ltr'>eius,</span> <span class='ocrx_word' id='word_1_173' title='bbox 484 1152 504 1182; x_wconf 90' lang='lat' dir='ltr'>vt</span> <span class='ocrx_word' id='word_1_174' title='bbox 515 1147 583 1192; x_wconf 90' lang='lat' dir='ltr'>pariter</span> <span class='ocrx_word' id='word_1_175' title='bbox 593 1147 616 1182; x_wconf 91' lang='lat' dir='ltr'>ad</span> <span class='ocrx_word' id='word_1_176' title='bbox 628 1157 670 1183; x_wconf 92' lang='lat' dir='ltr'>eum</span> <span class='ocrx_word' id='word_1_177' title='bbox 678 1148 767 1189; x_wconf 87' lang='lat' dir='ltr'>venirent,</span> <span class='ocrx_word' id='word_1_178' title='bbox 775 1153 794 1183; x_wconf 91' lang='lat' dir='ltr'>et</span> 
     </span>
     <span class='ocr_line' id='line_1_20' title="bbox 91 1199 794 1250; baseline 0.003 -17"><span class='ocrx_word' id='word_1_179' title='bbox 91 1206 153 1234; x_wconf 88' lang='lat' dir='ltr'>mutuo</span> <span class='ocrx_word' id='word_1_180' title='bbox 161 1210 224 1234; x_wconf 88' lang='lat' dir='ltr'>amore</span> <span class='ocrx_word' id='word_1_181' title='bbox 233 1201 341 1250; x_wconf 63' lang='lat' dir='ltr'>exultarent.</span> <span class='ocrx_word' id='word_1_182' title='bbox 365 1199 408 1234; x_wconf 87' lang='lat' dir='ltr'>Rex</span> <span class='ocrx_word' id='word_1_183' title='bbox 415 1200 494 1244; x_wconf 88' lang='lat' dir='ltr'>denique</span> <span class='ocrx_word' id='word_1_184' title='bbox 502 1200 704 1236; x_wconf 87' lang='lat' dir='ltr'>Northanhumbrorum</span> <span class='ocrx_word' id='word_1_185' title='bbox 712 1200 794 1246; x_wconf 80' lang='lat' dir='ltr'>prefatus</span> 
     </span>
     <span class='ocr_line' id='line_1_21' title="bbox 64 1252 794 1298; baseline 0.004 -14"><span class='ocrx_word' id='word_1_186' title='bbox 64 1264 83 1284; x_wconf 78' lang='lat' dir='ltr'>ro</span> <span class='ocrx_word' id='word_1_187' title='bbox 91 1254 135 1286; x_wconf 92' lang='lat' dir='ltr'>dum</span> <span class='ocrx_word' id='word_1_188' title='bbox 147 1252 201 1286; x_wconf 74' lang='lat' dir='ltr'>eum⁶</span> <span class='ocrx_word' id='word_1_189' title='bbox 208 1263 267 1285; x_wconf 88' lang='lat' dir='ltr'>vxore</span> <span class='ocrx_word' id='word_1_190' title='bbox 278 1257 382 1296; x_wconf 85' lang='lat' dir='ltr'>pregnante</span> <span class='ocrx_word' id='word_1_191' title='bbox 391 1258 474 1296; x_wconf 87' lang='lat' dir='ltr'>carperet</span> <span class='ocrx_word' id='word_1_192' title='bbox 485 1252 524 1295; x_wconf 85' lang='lat' dir='ltr'>iter,</span> <span class='ocrx_word' id='word_1_193' title='bbox 536 1253 612 1296; x_wconf 81' lang='lat' dir='ltr'>cogebat</span> <span class='ocrx_word' id='word_1_194' title='bbox 622 1258 686 1298; x_wconf 85' lang='lat' dir='ltr'>partus</span> <span class='ocrx_word' id='word_1_195' title='bbox 697 1253 794 1287; x_wconf 89' lang='lat' dir='ltr'>mulierem</span> 
     </span>
     <span class='ocr_line' id='line_1_22' title="bbox 91 1304 794 1351; baseline 0.001 -12"><span class='ocrx_word' id='word_1_196' title='bbox 91 1316 167 1349; x_wconf 86' lang='lat' dir='ltr'>parere:</span> <span class='ocrx_word' id='word_1_197' title='bbox 184 1305 247 1349; x_wconf 91' lang='lat' dir='ltr'>sicque</span> <span class='ocrx_word' id='word_1_198' title='bbox 261 1304 281 1339; x_wconf 90' lang='lat' dir='ltr'>in</span> <span class='ocrx_word' id='word_1_199' title='bbox 292 1306 372 1349; x_wconf 89' lang='lat' dir='ltr'>quodam</span> <span class='ocrx_word' id='word_1_200' title='bbox 384 1311 436 1349; x_wconf 86' lang='lat' dir='ltr'>prato</span> <span class='ocrx_word' id='word_1_201' title='bbox 447 1304 509 1338; x_wconf 78' lang='lat' dir='ltr'>famuli</span> <span class='ocrx_word' id='word_1_202' title='bbox 520 1305 625 1350; x_wconf 88' lang='lat' dir='ltr'>militesque</span> <span class='ocrx_word' id='word_1_203' title='bbox 636 1305 750 1351; x_wconf 71' lang='lat' dir='ltr'>papiliones⁸</span> <span class='ocrx_word' id='word_1_204' title='bbox 761 1318 794 1340; x_wconf 90' lang='lat' dir='ltr'>ex·</span> 
     </span>
     <span class='ocr_line' id='line_1_23' title="bbox 91 1358 794 1404; baseline 0 -11"><span class='ocrx_word' id='word_1_205' title='bbox 91 1361 169 1394; x_wconf 91' lang='lat' dir='ltr'>tendunt</span> <span class='ocrx_word' id='word_1_206' title='bbox 187 1364 242 1402; x_wconf 89' lang='lat' dir='ltr'>atque</span> <span class='ocrx_word' id='word_1_207' title='bbox 258 1359 342 1400; x_wconf 90' lang='lat' dir='ltr'>tentoria,</span> <span class='ocrx_word' id='word_1_208' title='bbox 361 1365 379 1393; x_wconf 91' lang='lat' dir='ltr'>et</span> <span class='ocrx_word' id='word_1_209' title='bbox 399 1369 443 1393; x_wconf 89' lang='lat' dir='ltr'>mox</span> <span class='ocrx_word' id='word_1_210' title='bbox 457 1358 520 1403; x_wconf 80' lang='lat' dir='ltr'>regina</span> <span class='ocrx_word' id='word_1_211' title='bbox 538 1359 595 1393; x_wconf 89' lang='lat' dir='ltr'>filium</span> <span class='ocrx_word' id='word_1_212' title='bbox 613 1360 690 1404; x_wconf 86' lang='lat' dir='ltr'>peperit,</span> <span class='ocrx_word' id='word_1_213' title='bbox 705 1370 716 1394; x_wconf 91' lang='lat' dir='ltr'>a</span> <span class='ocrx_word' id='word_1_214' title='bbox 731 1359 794 1394; x_wconf 91' lang='lat' dir='ltr'>multis</span> 
     </span>
     <span class='ocr_line' id='line_1_24' title="bbox 91 1411 794 1456; baseline 0.001 -11"><span class='ocrx_word' id='word_1_215' title='bbox 91 1417 174 1456; x_wconf 86' lang='lat' dir='ltr'>optatum</span> <span class='ocrx_word' id='word_1_216' title='bbox 182 1417 200 1445; x_wconf 90' lang='lat' dir='ltr'>et</span> <span class='ocrx_word' id='word_1_217' title='bbox 208 1422 219 1444; x_wconf 90' lang='lat' dir='ltr'>a</span> <span class='ocrx_word' id='word_1_218' title='bbox 226 1412 261 1445; x_wconf 91' lang='lat' dir='ltr'>deo</span> <span class='ocrx_word' id='word_1_219' title='bbox 269 1412 407 1445; x_wconf 86' lang='lat' dir='ltr'>sanctificatum.</span> <span class='ocrx_word' id='word_1_220' title='bbox 430 1412 512 1455; x_wconf 87' lang='lat' dir='ltr'>Cumque</span> <span class='ocrx_word' id='word_1_221' title='bbox 522 1411 581 1446; x_wconf 89' lang='lat' dir='ltr'>insans</span> <span class='ocrx_word' id='word_1_222' title='bbox 591 1418 645 1447; x_wconf 90' lang='lat' dir='ltr'>natus</span> <span class='ocrx_word' id='word_1_223' title='bbox 655 1412 724 1454; x_wconf 87' lang='lat' dir='ltr'>suisset,</span> <span class='ocrx_word' id='word_1_224' title='bbox 733 1413 794 1447; x_wconf 91' lang='lat' dir='ltr'>statim</span> 
     </span>
     <span class='ocr_line' id='line_1_25' title="bbox 92 1464 794 1508; baseline 0 -9"><span class='ocrx_word' id='word_1_225' title='bbox 92 1465 141 1499; x_wconf 87' lang='lat' dir='ltr'>clara</span> <span class='ocrx_word' id='word_1_226' title='bbox 148 1477 193 1499; x_wconf 88' lang='lat' dir='ltr'>voce</span> <span class='ocrx_word' id='word_1_227' title='bbox 205 1464 290 1498; x_wconf 90' lang='lat' dir='ltr'>omnibus</span> <span class='ocrx_word' id='word_1_228' title='bbox 301 1464 417 1498; x_wconf 88' lang='lat' dir='ltr'>audientibus</span> <span class='ocrx_word' id='word_1_229' title='bbox 429 1464 513 1503; x_wconf 85' lang='lat' dir='ltr'>clamauit</span> <span class='ocrx_word' id='word_1_230' title='bbox 521 1464 595 1499; x_wconf 88' lang='lat' dir='ltr'>dicens:</span> <span class='ocrx_word' id='word_1_231' title='bbox 612 1465 738 1500; x_wconf 87' lang='lat' dir='ltr'>‘Christianus</span> <span class='ocrx_word' id='word_1_232' title='bbox 746 1476 794 1508; x_wconf 87' lang='lat' dir='ltr'>sum,</span> 
     </span>
     <span class='ocr_line' id='line_1_26' title="bbox 65 1516 795 1563; baseline 0.003 -13"><span class='ocrx_word' id='word_1_233' title='bbox 65 1528 83 1560; x_wconf 78' lang='lat'>²5</span> <span class='ocrx_word' id='word_1_234' title='bbox 92 1518 202 1552; x_wconf 88' lang='lat' dir='ltr'>christianus</span> <span class='ocrx_word' id='word_1_235' title='bbox 222 1527 268 1560; x_wconf 93' lang='lat' dir='ltr'>sum,</span> <span class='ocrx_word' id='word_1_236' title='bbox 285 1517 395 1551; x_wconf 88' lang='lat' dir='ltr'>christianus</span> <span class='ocrx_word' id='word_1_237' title='bbox 414 1518 465 1550; x_wconf 87' lang='lat' dir='ltr'>sum&#39;</span> <span class='ocrx_word' id='word_1_238' title='bbox 498 1516 529 1550; x_wconf 86' lang='lat' dir='ltr'>Ad</span> <span class='ocrx_word' id='word_1_239' title='bbox 548 1517 594 1551; x_wconf 88' lang='lat' dir='ltr'>hane</span> <span class='ocrx_word' id='word_1_240' title='bbox 612 1528 677 1552; x_wconf 90' lang='lat' dir='ltr'>vocem</span> <span class='ocrx_word' id='word_1_241' title='bbox 697 1518 795 1563; x_wconf 90' lang='lat' dir='ltr'>[reponde-</span> 
     </span>
     <span class='ocr_line' id='line_1_27' title="bbox 92 1570 795 1616; baseline 0 -11"><span class='ocrx_word' id='word_1_242' title='bbox 92 1571 154 1616; x_wconf 79' lang='lat' dir='ltr'>runt]⁷</span> <span class='ocrx_word' id='word_1_243' title='bbox 167 1570 264 1615; x_wconf 90' lang='lat' dir='ltr'>presbiteri</span> <span class='ocrx_word' id='word_1_244' title='bbox 275 1571 311 1605; x_wconf 92' lang='lat' dir='ltr'>duo</span> <span class='ocrx_word' id='word_1_245' title='bbox 325 1570 433 1605; x_wconf 90' lang='lat' dir='ltr'>Widerinus</span> <span class='ocrx_word' id='word_1_246' title='bbox 444 1574 462 1604; x_wconf 91' lang='lat' dir='ltr'>et</span> <span class='ocrx_word' id='word_1_247' title='bbox 475 1570 574 1605; x_wconf 88' lang='lat' dir='ltr'>Edwoldus</span> <span class='ocrx_word' id='word_1_248' title='bbox 583 1571 589 1589; x_wconf 75' lang='lat'>³</span> <span class='ocrx_word' id='word_1_249' title='bbox 597 1570 679 1606; x_wconf 86' lang='lat' dir='ltr'>dieentes</span> <span class='ocrx_word' id='word_1_250' title='bbox 690 1571 742 1606; x_wconf 83' lang='lat' dir='ltr'>‘Deo</span> <span class='ocrx_word' id='word_1_251' title='bbox 753 1582 795 1615; x_wconf 82' lang='lat' dir='ltr'>gra·</span> 
     </span>
     <span class='ocr_line' id='line_1_28' title="bbox 92 1622 794 1669; baseline 0.001 -11"><span class='ocrx_word' id='word_1_252' title='bbox 92 1625 136 1659; x_wconf 75' lang='lat' dir='ltr'>tias.¹</span> <span class='ocrx_word' id='word_1_253' title='bbox 160 1625 183 1659; x_wconf 90' lang='lat' dir='ltr'>Et</span> <span class='ocrx_word' id='word_1_254' title='bbox 192 1629 235 1669; x_wconf 91' lang='lat' dir='ltr'>post</span> <span class='ocrx_word' id='word_1_255' title='bbox 245 1625 279 1658; x_wconf 88' lang='lat' dir='ltr'>hec</span> <span class='ocrx_word' id='word_1_256' title='bbox 289 1624 407 1668; x_wconf 86' lang='lat' dir='ltr'>subsequitur</span> <span class='ocrx_word' id='word_1_257' title='bbox 415 1622 475 1657; x_wconf 78' lang='lat' dir='ltr'>infans</span> <span class='ocrx_word' id='word_1_258' title='bbox 484 1635 487 1658; x_wconf 96' lang='lat'><strong>:</strong></span> <span class='ocrx_word' id='word_1_259' title='bbox 500 1622 588 1657; x_wconf 91' lang='lat' dir='ltr'>‘Trinum</span> <span class='ocrx_word' id='word_1_260' title='bbox 595 1629 614 1658; x_wconf 87' lang='lat' dir='ltr'>et</span> <span class='ocrx_word' id='word_1_261' title='bbox 621 1635 678 1659; x_wconf 90' lang='lat' dir='ltr'>vnum</span> <span class='ocrx_word' id='word_1_262' title='bbox 685 1625 740 1659; x_wconf 92' lang='lat' dir='ltr'>deum</span> <span class='ocrx_word' id='word_1_263' title='bbox 749 1625 794 1667; x_wconf 84' lang='lat' dir='ltr'>coto,</span> 
     </span>
     <span class='ocr_line' id='line_1_29' title="bbox 93 1677 795 1721; baseline -0.001 -8"><span class='ocrx_word' id='word_1_264' title='bbox 93 1679 182 1713; x_wconf 88' lang='lat' dir='ltr'>confiteor</span> <span class='ocrx_word' id='word_1_265' title='bbox 193 1683 212 1712; x_wconf 92' lang='lat' dir='ltr'>et</span> <span class='ocrx_word' id='word_1_266' title='bbox 223 1679 284 1720; x_wconf 86' lang='lat' dir='ltr'>adoro,</span> <span class='ocrx_word' id='word_1_267' title='bbox 296 1683 368 1721; x_wconf 91' lang='lat' dir='ltr'>patrem</span> <span class='ocrx_word' id='word_1_268' title='bbox 379 1683 398 1711; x_wconf 90' lang='lat' dir='ltr'>et</span> <span class='ocrx_word' id='word_1_269' title='bbox 409 1677 467 1711; x_wconf 88' lang='lat' dir='ltr'>filium</span> <span class='ocrx_word' id='word_1_270' title='bbox 479 1682 497 1711; x_wconf 89' lang='lat' dir='ltr'>et</span> <span class='ocrx_word' id='word_1_271' title='bbox 508 1677 593 1721; x_wconf 89' lang='lat' dir='ltr'>spiritum</span> <span class='ocrx_word' id='word_1_272' title='bbox 604 1679 698 1712; x_wconf 64' lang='lat' dir='ltr'>sanctum?</span> <span class='ocrx_word' id='word_1_273' title='bbox 721 1678 751 1712; x_wconf 90' lang='lat' dir='ltr'>Ad</span> <span class='ocrx_word' id='word_1_274' title='bbox 761 1678 795 1712; x_wconf 90' lang='lat' dir='ltr'>hec</span> 
     </span>
     <span class='ocr_line' id='line_1_30' title="bbox 93 1729 796 1776; baseline -0.001 -10"><span class='ocrx_word' id='word_1_275' title='bbox 93 1730 190 1775; x_wconf 84' lang='lat' dir='ltr'>presbiteri</span> <span class='ocrx_word' id='word_1_276' title='bbox 203 1736 221 1765; x_wconf 88' lang='lat' dir='ltr'>et</span> <span class='ocrx_word' id='word_1_277' title='bbox 236 1732 329 1765; x_wconf 74' lang='lat' dir='ltr'>astantes⁹</span> <span class='ocrx_word' id='word_1_278' title='bbox 344 1735 362 1764; x_wconf 90' lang='lat' dir='ltr'>et</span> <span class='ocrx_word' id='word_1_279' title='bbox 375 1740 440 1764; x_wconf 90' lang='lat' dir='ltr'>omnes</span> <span class='ocrx_word' id='word_1_280' title='bbox 454 1729 485 1773; x_wconf 93' lang='lat' dir='ltr'>qui</span> <span class='ocrx_word' id='word_1_281' title='bbox 500 1729 594 1763; x_wconf 81' lang='lat' dir='ltr'>aderant¹⁰</span> <span class='ocrx_word' id='word_1_282' title='bbox 606 1729 693 1764; x_wconf 86' lang='lat' dir='ltr'>mirantes</span> <span class='ocrx_word' id='word_1_283' title='bbox 707 1736 796 1776; x_wconf 88' lang='lat' dir='ltr'>ceperunt</span> 
     </span>
     <span class='ocr_line' id='line_1_31' title="bbox 65 1782 796 1826; baseline 0.003 -10"><span class='ocrx_word' id='word_1_284' title='bbox 65 1795 85 1824; x_wconf 80' lang='lat'>50</span> <span class='ocrx_word' id='word_1_285' title='bbox 93 1789 167 1818; x_wconf 87' lang='lat' dir='ltr'>cantare</span> <span class='ocrx_word' id='word_1_286' title='bbox 179 1783 217 1817; x_wconf 85' lang='lat' dir='ltr'>‘Te</span> <span class='ocrx_word' id='word_1_287' title='bbox 227 1784 282 1816; x_wconf 90' lang='lat' dir='ltr'>deum</span> <span class='ocrx_word' id='word_1_288' title='bbox 293 1784 399 1817; x_wconf 69' lang='lat' dir='ltr'>laudamus!</span> <span class='ocrx_word' id='word_1_289' title='bbox 427 1783 467 1824; x_wconf 78' lang='lat' dir='ltr'>Quo</span> <span class='ocrx_word' id='word_1_290' title='bbox 479 1783 536 1822; x_wconf 87' lang='lat' dir='ltr'>finito,</span> <span class='ocrx_word' id='word_1_291' title='bbox 544 1783 618 1826; x_wconf 82' lang='lat' dir='ltr'>rogabat</span> <span class='ocrx_word' id='word_1_292' title='bbox 629 1793 650 1816; x_wconf 90' lang='lat' dir='ltr'>se</span> <span class='ocrx_word' id='word_1_293' title='bbox 662 1782 722 1818; x_wconf 82' lang='lat' dir='ltr'>infans</span> <span class='ocrx_word' id='word_1_294' title='bbox 734 1784 796 1818; x_wconf 88' lang='lat' dir='ltr'>cathe-</span> 
     </span>
     <span class='ocr_line' id='line_1_32' title="bbox 92 1834 795 1880; baseline -0.001 -9"><span class='ocrx_word' id='word_1_295' title='bbox 92 1836 186 1871; x_wconf 89' lang='lat' dir='ltr'>cuminum</span> <span class='ocrx_word' id='word_1_296' title='bbox 198 1835 314 1870; x_wconf 86' lang='lat' dir='ltr'>aWiderino</span> <span class='ocrx_word' id='word_1_297' title='bbox 326 1836 421 1870; x_wconf 86' lang='lat' dir='ltr'>sacerdote</span> <span class='ocrx_word' id='word_1_298' title='bbox 433 1835 479 1876; x_wconf 90' lang='lat' dir='ltr'>fieri,</span> <span class='ocrx_word' id='word_1_299' title='bbox 488 1839 505 1868; x_wconf 92' lang='lat' dir='ltr'>et</span> <span class='ocrx_word' id='word_1_300' title='bbox 517 1835 540 1868; x_wconf 90' lang='lat' dir='ltr'>ab</span> <span class='ocrx_word' id='word_1_301' title='bbox 553 1834 641 1869; x_wconf 86' lang='lat' dir='ltr'>Edwoldo</span> <span class='ocrx_word' id='word_1_302' title='bbox 652 1836 711 1869; x_wconf 87' lang='lat' dir='ltr'>teneri</span> <span class='ocrx_word' id='word_1_303' title='bbox 722 1837 744 1870; x_wconf 88' lang='lat' dir='ltr'>ad</span> <span class='ocrx_word' id='word_1_304' title='bbox 753 1847 795 1880; x_wconf 89' lang='lat' dir='ltr'>pre·</span> 
     </span>
     <span class='ocr_line' id='line_1_33' title="bbox 92 1887 796 1934; baseline -0.003 -9"><span class='ocrx_word' id='word_1_305' title='bbox 92 1891 206 1934; x_wconf 84' lang='lat' dir='ltr'>signaculum</span> <span class='ocrx_word' id='word_1_306' title='bbox 222 1889 270 1932; x_wconf 86' lang='lat' dir='ltr'>fidei,</span> <span class='ocrx_word' id='word_1_307' title='bbox 286 1895 305 1924; x_wconf 89' lang='lat' dir='ltr'>et</span> <span class='ocrx_word' id='word_1_308' title='bbox 324 1888 455 1924; x_wconf 87' lang='lat' dir='ltr'>Rumwoldum</span> <span class='ocrx_word' id='word_1_309' title='bbox 471 1889 537 1922; x_wconf 77' lang='lat' dir='ltr'>vocari.</span> <span class='ocrx_word' id='word_1_310' title='bbox 559 1888 643 1923; x_wconf 88' lang='lat' dir='ltr'>Perfecto</span> <span class='ocrx_word' id='word_1_311' title='bbox 662 1887 796 1934; x_wconf 86' lang='lat' dir='ltr'>presignaculo,</span> 
     </span>
     <span class='ocr_line' id='line_1_34' title="bbox 92 1940 796 1987; baseline -0.001 -9"><span class='ocrx_word' id='word_1_312' title='bbox 92 1944 178 1978; x_wconf 90' lang='lat' dir='ltr'>dixerunt</span> <span class='ocrx_word' id='word_1_313' title='bbox 189 1948 276 1987; x_wconf 88' lang='lat' dir='ltr'>parentes</span> <span class='ocrx_word' id='word_1_314' title='bbox 288 1943 311 1977; x_wconf 92' lang='lat' dir='ltr'>ad</span> <span class='ocrx_word' id='word_1_315' title='bbox 322 1943 414 1977; x_wconf 87' lang='lat' dir='ltr'>inuicem:</span> <span class='ocrx_word' id='word_1_316' title='bbox 432 1940 537 1975; x_wconf 87' lang='lat' dir='ltr'>‘Mittamus</span> <span class='ocrx_word' id='word_1_317' title='bbox 551 1942 574 1975; x_wconf 84' lang='lat' dir='ltr'>ad</span> <span class='ocrx_word' id='word_1_318' title='bbox 587 1942 692 1976; x_wconf 91' lang='lat' dir='ltr'>conuicinos</span> <span class='ocrx_word' id='word_1_319' title='bbox 708 1952 761 1986; x_wconf 81' lang='lat' dir='ltr'>reges</span> <span class='ocrx_word' id='word_1_320' title='bbox 775 1953 796 1977; x_wconf 88' lang='lat' dir='ltr'>ac</span> 
     </span>
     <span class='ocr_line' id='line_1_35' title="bbox 92 1994 796 2039; baseline -0.003 -9"><span class='ocrx_word' id='word_1_321' title='bbox 92 1998 154 2039; x_wconf 88' lang='lat' dir='ltr'>duces,</span> <span class='ocrx_word' id='word_1_322' title='bbox 162 2002 182 2031; x_wconf 87' lang='lat' dir='ltr'>vt</span> <span class='ocrx_word' id='word_1_323' title='bbox 189 2002 272 2030; x_wconf 86' lang='lat' dir='ltr'>nostrum</span> <span class='ocrx_word' id='word_1_324' title='bbox 281 1996 370 2039; x_wconf 87' lang='lat' dir='ltr'>accipiant</span> <span class='ocrx_word' id='word_1_325' title='bbox 378 1995 436 2028; x_wconf 88' lang='lat' dir='ltr'>filium</span> <span class='ocrx_word' id='word_1_326' title='bbox 446 1994 574 2027; x_wconf 88' lang='lat' dir='ltr'>charissimum</span> <span class='ocrx_word' id='word_1_327' title='bbox 582 1995 606 2027; x_wconf 92' lang='lat' dir='ltr'>de</span> <span class='ocrx_word' id='word_1_328' title='bbox 617 2006 670 2028; x_wconf 87' lang='lat' dir='ltr'>sacro</span> <span class='ocrx_word' id='word_1_329' title='bbox 680 1995 796 2038; x_wconf 89' lang='lat' dir='ltr'>baptismatis</span> 
     </span>
     <span class='ocr_line' id='line_1_36' title="bbox 65 2046 796 2093; baseline -0.003 -10"><span class='ocrx_word' id='word_1_330' title='bbox 65 2058 84 2090; x_wconf 76' lang='lat'>35</span> <span class='ocrx_word' id='word_1_331' title='bbox 93 2048 170 2085; x_wconf 78' lang='lat' dir='ltr'>fonte¹¹.&#39;</span> <span class='ocrx_word' id='word_1_332' title='bbox 193 2048 235 2084; x_wconf 90' lang='lat' dir='ltr'>Hoc</span> <span class='ocrx_word' id='word_1_333' title='bbox 246 2049 323 2084; x_wconf 88' lang='lat' dir='ltr'>audiens</span> <span class='ocrx_word' id='word_1_334' title='bbox 334 2049 400 2083; x_wconf 91' lang='lat' dir='ltr'>beatus</span> <span class='ocrx_word' id='word_1_335' title='bbox 412 2046 539 2091; x_wconf 88' lang='lat' dir='ltr'>Rumwoldus,</span> <span class='ocrx_word' id='word_1_336' title='bbox 547 2046 639 2082; x_wconf 90' lang='lat' dir='ltr'>accersitis</span> <span class='ocrx_word' id='word_1_337' title='bbox 650 2048 763 2093; x_wconf 88' lang='lat' dir='ltr'>parentibus,</span> <span class='ocrx_word' id='word_1_338' title='bbox 771 2047 796 2083; x_wconf 87' lang='lat' dir='ltr'>ait</span> 
     </span>
     <span class='ocr_line' id='line_1_37' title="bbox 93 2100 796 2146; baseline 0.001 -11"><span class='ocrx_word' id='word_1_339' title='bbox 93 2102 139 2137; x_wconf 90' lang='lat' dir='ltr'>illis:</span> <span class='ocrx_word' id='word_1_340' title='bbox 158 2102 210 2137; x_wconf 85' lang='lat' dir='ltr'>‘Non</span> <span class='ocrx_word' id='word_1_341' title='bbox 221 2102 271 2136; x_wconf 88' lang='lat' dir='ltr'>enim</span> <span class='ocrx_word' id='word_1_342' title='bbox 281 2103 333 2137; x_wconf 89' lang='lat' dir='ltr'>decet</span> <span class='ocrx_word' id='word_1_343' title='bbox 344 2111 374 2136; x_wconf 88' lang='lat' dir='ltr'>me</span> <span class='ocrx_word' id='word_1_344' title='bbox 386 2111 461 2136; x_wconf 90' lang='lat' dir='ltr'>seruum</span> <span class='ocrx_word' id='word_1_345' title='bbox 473 2100 503 2135; x_wconf 87' lang='lat' dir='ltr'>det</span> <span class='ocrx_word' id='word_1_346' title='bbox 514 2100 533 2135; x_wconf 87' lang='lat' dir='ltr'>in</span> <span class='ocrx_word' id='word_1_347' title='bbox 545 2101 629 2135; x_wconf 83' lang='lat' dir='ltr'>manibus</span> <span class='ocrx_word' id='word_1_348' title='bbox 640 2102 762 2146; x_wconf 87' lang='lat' dir='ltr'>superborum</span> <span class='ocrx_word' id='word_1_349' title='bbox 775 2113 796 2136; x_wconf 91' lang='lat' dir='ltr'>ac</span> 
     </span>
     <span class='ocr_line' id='line_1_38' title="bbox 93 2154 797 2200; baseline 0.001 -11"><span class='ocrx_word' id='word_1_350' title='bbox 93 2154 170 2189; x_wconf 90' lang='lat' dir='ltr'>diuitum</span> <span class='ocrx_word' id='word_1_351' title='bbox 184 2155 247 2189; x_wconf 86' lang='lat' dir='ltr'>mundi</span> <span class='ocrx_word' id='word_1_352' title='bbox 262 2156 316 2190; x_wconf 89' lang='lat' dir='ltr'>huius</span> <span class='ocrx_word' id='word_1_353' title='bbox 331 2157 354 2190; x_wconf 91' lang='lat' dir='ltr'>de</span> <span class='ocrx_word' id='word_1_354' title='bbox 370 2155 509 2199; x_wconf 84' lang='lat' dir='ltr'>regeneratione</span> <span class='ocrx_word' id='word_1_355' title='bbox 525 2154 583 2189; x_wconf 90' lang='lat' dir='ltr'>sancti</span> <span class='ocrx_word' id='word_1_356' title='bbox 600 2154 715 2199; x_wconf 84' lang='lat' dir='ltr'>baptismatis</span> <span class='ocrx_word' id='word_1_357' title='bbox 731 2155 797 2200; x_wconf 82' lang='lat' dir='ltr'>excipi,</span> 
     </span>
     <span class='ocr_line' id='line_1_39' title="bbox 94 2207 795 2253; baseline 0.003 -11"><span class='ocrx_word' id='word_1_358' title='bbox 94 2209 127 2242; x_wconf 93' lang='lat' dir='ltr'>sed</span> <span class='ocrx_word' id='word_1_359' title='bbox 139 2208 169 2243; x_wconf 93' lang='lat' dir='ltr'>dei</span> <span class='ocrx_word' id='word_1_360' title='bbox 181 2208 247 2242; x_wconf 83' lang='lat' dir='ltr'>imitari</span> <span class='ocrx_word' id='word_1_361' title='bbox 260 2209 371 2253; x_wconf 86' lang='lat' dir='ltr'>exemplum,</span> <span class='ocrx_word' id='word_1_362' title='bbox 384 2208 415 2252; x_wconf 92' lang='lat' dir='ltr'>qui</span> <span class='ocrx_word' id='word_1_363' title='bbox 427 2208 501 2242; x_wconf 91' lang='lat' dir='ltr'>humilis</span> <span class='ocrx_word' id='word_1_364' title='bbox 514 2207 592 2242; x_wconf 73' lang='lat' dir='ltr'>factus¹²</span> <span class='ocrx_word' id='word_1_365' title='bbox 603 2219 637 2252; x_wconf 89' lang='lat' dir='ltr'>pro</span> <span class='ocrx_word' id='word_1_366' title='bbox 652 2208 705 2243; x_wconf 91' lang='lat' dir='ltr'>nobis</span> <span class='ocrx_word' id='word_1_367' title='bbox 721 2219 795 2244; x_wconf 89' lang='lat' dir='ltr'>carnem</span> 
     </span>
     <span class='ocr_line' id='line_1_40' title="bbox 94 2259 797 2304; baseline 0.003 -12"><span class='ocrx_word' id='word_1_368' title='bbox 94 2261 211 2304; x_wconf 86' lang='lat' dir='ltr'>suscipiendo</span> <span class='ocrx_word' id='word_1_369' title='bbox 223 2262 328 2302; x_wconf 89' lang='lat' dir='ltr'>humanam,</span> <span class='ocrx_word' id='word_1_370' title='bbox 340 2272 363 2294; x_wconf 88' lang='lat' dir='ltr'>ex</span> <span class='ocrx_word' id='word_1_371' title='bbox 375 2262 423 2294; x_wconf 87' lang='lat' dir='ltr'>almo</span> <span class='ocrx_word' id='word_1_372' title='bbox 434 2259 509 2303; x_wconf 86' lang='lat' dir='ltr'>virginis</span> <span class='ocrx_word' id='word_1_373' title='bbox 521 2265 572 2293; x_wconf 89' lang='lat' dir='ltr'>vtero</span> <span class='ocrx_word' id='word_1_374' title='bbox 586 2267 685 2304; x_wconf 85' lang='lat' dir='ltr'>conceptus</span> <span class='ocrx_word' id='word_1_375' title='bbox 696 2261 719 2295; x_wconf 90' lang='lat' dir='ltr'>de</span> <span class='ocrx_word' id='word_1_376' title='bbox 731 2261 797 2304; x_wconf 89' lang='lat' dir='ltr'>spiritu</span> 
     </span>
     <span class='ocr_line' id='line_1_41' title="bbox 65 2312 797 2358; baseline 0.003 -12"><span class='ocrx_word' id='word_1_377' title='bbox 65 2324 85 2355; x_wconf 79' lang='lat'>40</span> <span class='ocrx_word' id='word_1_378' title='bbox 94 2318 162 2356; x_wconf 82' lang='lat' dir='ltr'>sancto,</span> <span class='ocrx_word' id='word_1_379' title='bbox 171 2312 228 2348; x_wconf 91' lang='lat' dir='ltr'>noluit</span> <span class='ocrx_word' id='word_1_380' title='bbox 239 2313 326 2357; x_wconf 76' lang='lat' dir='ltr'>baptIzari</span> <span class='ocrx_word' id='word_1_381' title='bbox 338 2314 357 2348; x_wconf 94' lang='lat' dir='ltr'>in</span> <span class='ocrx_word' id='word_1_382' title='bbox 369 2313 437 2348; x_wconf 86' lang='lat' dir='ltr'>ssuenta</span> <span class='ocrx_word' id='word_1_383' title='bbox 443 2312 456 2332; x_wconf 76' lang='lat'>¹³</span> <span class='ocrx_word' id='word_1_384' title='bbox 464 2312 548 2348; x_wconf 87' lang='lat' dir='ltr'>iordanis</span> <span class='ocrx_word' id='word_1_385' title='bbox 556 2323 566 2346; x_wconf 95' lang='lat' dir='ltr'>a</span> <span class='ocrx_word' id='word_1_386' title='bbox 574 2314 679 2358; x_wconf 88' lang='lat' dir='ltr'>potentibus</span> <span class='ocrx_word' id='word_1_387' title='bbox 690 2313 754 2348; x_wconf 90' lang='lat' dir='ltr'>caduci</span> <span class='ocrx_word' id='word_1_388' title='bbox 761 2314 797 2356; x_wconf 88' lang='lat' dir='ltr'>eui,</span> 
     </span>
     <span class='ocr_line' id='line_1_42' title="bbox 94 2365 796 2411; baseline 0 -10"><span class='ocrx_word' id='word_1_389' title='bbox 94 2368 128 2401; x_wconf 92' lang='lat' dir='ltr'>sed</span> <span class='ocrx_word' id='word_1_390' title='bbox 139 2378 150 2401; x_wconf 91' lang='lat' dir='ltr'>a</span> <span class='ocrx_word' id='word_1_391' title='bbox 161 2377 271 2411; x_wconf 86' lang='lat' dir='ltr'>precursore</span> <span class='ocrx_word' id='word_1_392' title='bbox 283 2365 382 2402; x_wconf 87' lang='lat' dir='ltr'>natiuitatis</span> <span class='ocrx_word' id='word_1_393' title='bbox 394 2377 434 2410; x_wconf 85' lang='lat' dir='ltr'>sue,</span> <span class='ocrx_word' id='word_1_394' title='bbox 442 2366 473 2411; x_wconf 93' lang='lat' dir='ltr'>qui</span> <span class='ocrx_word' id='word_1_395' title='bbox 484 2365 526 2411; x_wconf 90' lang='lat' dir='ltr'>pilis</span> <span class='ocrx_word' id='word_1_396' title='bbox 537 2367 602 2401; x_wconf 87' lang='lat' dir='ltr'>carneli</span> <span class='ocrx_word' id='word_1_397' title='bbox 612 2366 686 2402; x_wconf 88' lang='lat' dir='ltr'>indutus</span> <span class='ocrx_word' id='word_1_398' title='bbox 693 2367 712 2401; x_wconf 94' lang='lat' dir='ltr'>in</span> <span class='ocrx_word' id='word_1_399' title='bbox 721 2367 796 2402; x_wconf 88' lang='lat' dir='ltr'>heremo</span> 
     </span>
     <span class='ocr_line' id='line_1_43' title="bbox 93 2419 798 2465; baseline 0.001 -11"><span class='ocrx_word' id='word_1_400' title='bbox 93 2421 175 2465; x_wconf 83' lang='lat' dir='ltr'>degebat,</span> <span class='ocrx_word' id='word_1_401' title='bbox 195 2419 246 2454; x_wconf 89' lang='lat' dir='ltr'>cuius</span> <span class='ocrx_word' id='word_1_402' title='bbox 265 2430 308 2454; x_wconf 87' lang='lat' dir='ltr'>esca</span> <span class='ocrx_word' id='word_1_403' title='bbox 326 2420 364 2454; x_wconf 89' lang='lat' dir='ltr'>mel</span> <span class='ocrx_word' id='word_1_404' title='bbox 382 2419 468 2454; x_wconf 84' lang='lat' dir='ltr'>siluestre</span> <span class='ocrx_word' id='word_1_405' title='bbox 485 2425 524 2454; x_wconf 89' lang='lat' dir='ltr'>erat</span> <span class='ocrx_word' id='word_1_406' title='bbox 543 2430 564 2453; x_wconf 94' lang='lat' dir='ltr'>ac</span> <span class='ocrx_word' id='word_1_407' title='bbox 581 2420 656 2462; x_wconf 91' lang='lat' dir='ltr'>locusta,</span> <span class='ocrx_word' id='word_1_408' title='bbox 672 2421 731 2455; x_wconf 89' lang='lat' dir='ltr'>factus</span> <span class='ocrx_word' id='word_1_409' title='bbox 748 2420 798 2455; x_wconf 92' lang='lat' dir='ltr'>inter</span> 
     </span>
    </p>
   </div>
   <div class='ocr_carea' id='block_1_3' title="bbox 92 2508 796 2621">
    <p class='ocr_par' dir='ltr' id='par_1_3' title="bbox 92 2508 796 2621">
     <span class='ocr_line' id='line_1_44' title="bbox 112 2508 796 2548; baseline -0.003 -8"><span class='ocrx_word' id='word_1_410' title='bbox 112 2509 177 2541; x_wconf 82' lang='lat' dir='ltr'>¹T.ita</span> <span class='ocrx_word' id='word_1_411' title='bbox 197 2509 317 2548; x_wconf 76' lang='lat' dir='ltr'>²E.suscipiat.</span> <span class='ocrx_word' id='word_1_412' title='bbox 344 2509 436 2547; x_wconf 81' lang='lat' dir='ltr'>³E.sposo.</span> <span class='ocrx_word' id='word_1_413' title='bbox 463 2508 493 2539; x_wconf 76' lang='lat' dir='ltr'>⁴T.</span> <span class='ocrx_word' id='word_1_414' title='bbox 501 2510 550 2547; x_wconf 85' lang='lat' dir='ltr'>prius,</span> <span class='ocrx_word' id='word_1_415' title='bbox 558 2518 642 2547; x_wconf 85' lang='lat' dir='ltr'>quamom.</span> <span class='ocrx_word' id='word_1_416' title='bbox 672 2510 704 2540; x_wconf 68' lang='lat'>⁶13.</span> <span class='ocrx_word' id='word_1_417' title='bbox 712 2520 747 2540; x_wconf 86' lang='lat' dir='ltr'>eum</span> <span class='ocrx_word' id='word_1_418' title='bbox 755 2510 796 2538; x_wconf 87' lang='lat' dir='ltr'>dum.</span> 
     </span>
     <span class='ocr_line' id='line_1_45' title="bbox 92 2548 796 2588; baseline 0.001 -10"><span class='ocrx_word' id='word_1_419' title='bbox 92 2550 223 2588; x_wconf 66' lang='lat' dir='ltr'>“Epapilones</span> <span class='ocrx_word' id='word_1_420' title='bbox 264 2548 398 2585; x_wconf 65' lang='lat' dir='ltr'>“soT.;om.in</span> <span class='ocrx_word' id='word_1_421' title='bbox 407 2549 425 2579; x_wconf 84' lang='lat' dir='ltr'>E.</span> <span class='ocrx_word' id='word_1_422' title='bbox 465 2549 512 2578; x_wconf 68' lang='lat' dir='ltr'>’vie</span> <span class='ocrx_word' id='word_1_423' title='bbox 520 2550 620 2580; x_wconf 84' lang='lat' dir='ltr'>Eadwaldus.</span> <span class='ocrx_word' id='word_1_424' title='bbox 663 2549 709 2579; x_wconf 67' lang='lat' dir='ltr'>’vit</span> <span class='ocrx_word' id='word_1_425' title='bbox 717 2553 796 2587; x_wconf 85' lang='lat' dir='ltr'>parentes.</span> 
     </span>
     <span class='ocr_line' id='line_1_46' title="bbox 93 2588 715 2621; baseline -0.002 -1"><span class='ocrx_word' id='word_1_426' title='bbox 93 2589 105 2610; x_wconf 80' lang='lat'>¹⁰</span> <span class='ocrx_word' id='word_1_427' title='bbox 115 2589 133 2621; x_wconf 84' lang='grc' dir='ltr'>Ε,</span> <span class='ocrx_word' id='word_1_428' title='bbox 142 2591 213 2621; x_wconf 85' lang='lat' dir='ltr'>aderunt.</span> <span class='ocrx_word' id='word_1_429' title='bbox 254 2588 265 2608; x_wconf 86' lang='lat'>¹¹</span> <span class='ocrx_word' id='word_1_430' title='bbox 276 2589 294 2621; x_wconf 86' lang='lat' dir='ltr'>T.</span> <span class='ocrx_word' id='word_1_431' title='bbox 302 2589 352 2620; x_wconf 82' lang='lat' dir='ltr'>sunte.</span> <span class='ocrx_word' id='word_1_432' title='bbox 393 2588 404 2608; x_wconf 77' lang='lat'>¹²</span> <span class='ocrx_word' id='word_1_433' title='bbox 414 2588 432 2620; x_wconf 93' lang='lat' dir='ltr'>T.</span> <span class='ocrx_word' id='word_1_434' title='bbox 437 2588 455 2620; x_wconf 84' lang='lat' dir='ltr'>E.</span> <span class='ocrx_word' id='word_1_435' title='bbox 462 2588 512 2620; x_wconf 82' lang='lat' dir='ltr'>iactus</span> <span class='ocrx_word' id='word_1_436' title='bbox 519 2593 549 2620; x_wconf 89' lang='lat' dir='ltr'>est.</span> <span class='ocrx_word' id='word_1_437' title='bbox 591 2588 602 2608; x_wconf 81' lang='lat'>¹¹</span> <span class='ocrx_word' id='word_1_438' title='bbox 609 2588 640 2620; x_wconf 78' lang='lat' dir='ltr'>vit.</span> <span class='ocrx_word' id='word_1_439' title='bbox 647 2588 715 2620; x_wconf 80' lang='lat' dir='ltr'>fluentis.</span> 
     </span>
    </p>
   </div>
   <div class='ocr_carea' id='block_1_4' title="bbox 0 0 895 2803">
    <p class='ocr_par' dir='ltr' id='par_1_4' title="bbox 0 0 895 2803">
     <span class='ocr_line' id='line_1_47' title="bbox 0 0 895 2803; baseline 0 0"><span class='ocrx_word' id='word_1_440' title='bbox 0 0 895 2803; x_wconf 95' lang='lat' dir='ltr'> </span> 
     </span>
    </p>
   </div>
  </div>
 </body>
</html>
