1762 2803
140 140 191 208 346ἲ
326 138 405 192 mata
421 136 538 199 tremor
553 138 647 202 annuc.

138 259 274 293 inuadens—ob
288 260 322 293 hoc
335 269 427 293 asummo
439 260 525 304 pontifice
537 271 643 305 suspensus,
652 261 706 305 paulo
718 266 760 305 post
771 260 841 305 crepuit

139 318 157 346 et
169 311 227 346 effusa
238 318 280 346 sunt
291 313 361 346 viscera
373 313 417 347 eius.
446 313 481 347 Hic
493 315 516 347 ad
527 326 592 349 vocem
604 314 694 348 narrantis
706 314 795 355 obduruit,
807 325 841 348 nec

139 370 218 400 terretur
232 366 310 407 oraculo,
326 377 360 399 nec
376 366 431 400 fidem
446 366 507 400 habuit
519 367 641 412 prophetanti,
655 369 688 402 sed
702 368 763 412 potius
778 378 841 411 regem

139 418 191 452 senio
199 419 300 451 confectum
309 419 387 452 delirare
395 416 553 462 submurmurans,
562 422 622 454 ridere
632 421 695 453 maluit
707 431 762 464 quam
774 420 842 463 lugere.

122 485 131 514 5
140 470 201 505 Ceteri
211 482 260 512 vero,
271 471 337 515 quibus
349 482 402 505 mens
412 472 473 506 sanior
481 478 525 515 erat,
533 473 601 507 flebant
609 473 687 507 vbertim
695 478 713 507 et
721 473 843 518 suspirabant,

139 524 170 567 qui
178 523 223 556 nihil
232 535 285 557 secus
293 535 347 567 quarn
356 524 395 567 ipse
404 524 480 564 dixerat,
486 531 517 558 aut
525 537 536 558 a
544 525 668 560 sacerdotibus
677 532 707 558 aut
714 524 843 568 aprincipibus

139 574 180 609 fieri
197 586 233 608 non
249 576 361 619 ignorabant.
407 570 490 622 Quidam
509 578 558 611 enirn
578 578 688 622 premissam
707 577 843 612 similitudinem

140 627 201 663 dicunt
209 639 272 671 regern
280 640 314 672 pro
322 629 429 672 impossibili
437 629 528 671 statuisse,
536 630 562 664 illi
574 631 653 665 maxime
663 630 694 674 qui
706 636 762 665 totam
773 629 844 673 Anglo-

140 691 181 717 rum
193 682 305 717 nobilitatem
317 681 343 716 sic
355 682 449 727 deperisse
462 682 554 727 lugebant,
561 689 581 718 vt
593 695 616 718 ex
627 694 649 717 ea
658 689 713 728 gente
721 695 755 718 nec
763 693 802 722 rex,
810 693 844 716 nec

115 750 133 771 ro
141 734 243 780 episcopus,
252 746 285 770 nec
294 736 355 777 abbas,
364 747 397 770 nec
407 736 494 780 princeps
503 736 578 780 quilibet
586 736 616 771 vix
626 736 644 770 in
656 737 722 780 Anglia
733 740 845 771 cerneretur.

143 781 193 823 Mihi
204 799 249 822 sane
260 789 295 822 alia
306 799 359 823 mens
370 795 403 831 est,
411 789 538 831 consideranti,
548 790 684 824 sanctissimum
695 790 754 823 virum
767 789 845 823 Dunsta·

141 851 185 875 num
196 847 214 873 et
223 841 282 885 ipsam
295 842 415 875 calamitatem
426 842 534 886 predixisse,
543 848 561 876 et
573 842 716 876 consolationem
728 842 846 875 nihilominus

141 893 254 937 promisisse.
278 895 339 927 Potest
351 896 428 937 proinde
440 895 466 928 sic
478 906 515 927 non
526 894 678 928 inconuenienter
690 895 768 936 exponi:
784 894 846 926 Arbor

142 947 175 979 hcc
188 956 265 988 regnum
277 946 379 989 Anglorum
391 947 486 990 significat,
494 947 581 980 decorum
591 945 653 990 gloria,
663 946 733 980 deliciis
742 945 846 989 diuitiisque

116 1014 133 1043 15
142 1000 246 1039 fecundum,
254 1000 362 1033 excellentia
370 1000 420 1043 regie
431 1000 523 1043 dignitatis
534 1001 617 1033 sublime.
642 999 709 1040 Radix,
717 1010 741 1033 cx
751 1009 787 1042 qua
798 1003 846 1032 totus

143 1053 202 1086 honor
210 1051 244 1085 iste
252 1052 347 1095 processit,
356 1053 426 1095 regium
434 1062 498 1087 semen
508 1052 547 1093 fuit,
555 1053 603 1096 quod
611 1052 634 1085 ab
644 1052 725 1093 Allredo,
733 1051 764 1095 qui
776 1051 847 1094 primus

143 1104 245 1146 Anglorum
254 1116 264 1138 a
272 1115 344 1138 summo
353 1106 438 1148 pontifice
446 1111 511 1139 vnctus
521 1111 539 1139 et
550 1110 667 1139 consecratus
679 1104 737 1138 suerat
749 1104 767 1138 in
778 1114 847 1147 regem,

143 1162 192 1191 recta
209 1157 331 1191 successionis
347 1157 395 1191 linea
409 1169 467 1202 usque
483 1159 506 1191 ad
521 1163 605 1192 sanctum
621 1157 732 1191 Edwardum
747 1156 847 1191 descendit.

142 1210 221 1246 Abscisa
227 1212 494 1256 estarbordetrunco,quando
500 1222 593 1255 regnuma
598 1222 667 1256 genere
673 1211 728 1255 regali
734 1210 847 1252 diuisum‚ad

116 1279 135 1299 zo
143 1263 191 1298 aliud
199 1275 264 1297 semen
272 1265 380 1298 translatum
388 1270 421 1299 est.
440 1265 470 1298 Ad
478 1265 561 1307 spacium
569 1265 624 1298 trium
632 1264 716 1307 iugerum
724 1264 758 1298 hec
766 1263 812 1297 sacta
820 1269 848 1297 est

144 1316 245 1359 separatio:
254 1318 296 1360 quia
301 1317 319 1350 in
324 1317 380 1350 trium
384 1316 498 1362 temporibus
505 1328 570 1361 regum
576 1316 626 1351 nulla
630 1316 664 1351 suit
669 1316 723 1351 nouis
728 1326 769 1351 cum
774 1315 848 1359 antiquo

143 1369 214 1404 semine
223 1370 279 1414 regali
287 1370 396 1405 communio.
420 1370 512 1405 Haraldus
521 1370 571 1404 enim
577 1369 666 1405 successit
673 1370 769 1411 Edwardo,
777 1368 849 1403 Willel·

143 1433 185 1458 mus
191 1422 278 1464 Haraldo‚
284 1423 389 1458 Willelmus
396 1424 456 1457 iunior
461 1423 517 1467 priori
523 1423 623 1458 Willelm0.
642 1422 726 1457 Accessit
734 1424 757 1456 ad
763 1421 849 1463 radicem,

144 1475 211 1519 [arbor]
221 1477 294 1519 quando
302 1487 336 1509 rex
345 1476 443 1518 Henricus,
454 1475 472 1509 in
481 1486 536 1519 quem
548 1481 605 1509 totum
614 1475 666 1518 regni
673 1475 729 1509 decus
736 1474 849 1508 transfusum

117 1543 134 1572 ²5
144 1533 177 1568 est,
185 1528 235 1560 nulla
243 1527 352 1561 necessitate
361 1535 443 1572 cogente,
450 1528 500 1562 nulla
507 1540 541 1572 spe
549 1529 594 1562 lucri
601 1533 684 1571 urgente,
690 1529 722 1561 sed
731 1540 755 1561 ex
762 1526 823 1560 inluso
832 1527 849 1560 ei

144 1579 212 1615 amoris
224 1580 289 1615 affectu
303 1581 401 1625 abneptem
416 1581 502 1615 Edwardi
516 1580 610 1615 Matildam
626 1580 677 1615 duxit
689 1591 771 1622 uxorem,
785 1590 849 1615 semen

145 1635 219 1676 regum¹
227 1634 375 1668 Normannorum
380 1635 503 1677 etAnglorum
509 1635 628 1678 coniungens,
632 1640 650 1667 et
655 1634 788 1668 interueniente
793 1645 850 1677 opere
860 1632 861 1636 ’

145 1687 234 1729 coniugali
246 1688 268 1720 de
282 1688 352 1720 duobus
363 1698 420 1720 vnum
432 1687 505 1721 iaciens.
534 1687 603 1720 Floruit
614 1697 659 1720 sane
670 1688 730 1728 arbor,
742 1687 815 1730 quando
827 1687 850 1720 de

144 1744 221 1782 vtroque
236 1740 308 1774 semine
323 1739 430 1783 imperatrix
445 1739 520 1774 Matilda
533 1738 628 1783 processit.
650 1739 702 1773 Tunc
715 1750 760 1774 vero
772 1738 850 1773 fructum

117 1806 136 1835 30
145 1791 192 1832 fecit,
200 1793 274 1834 quando
282 1793 305 1826 de
313 1791 354 1835 ipsa
363 1792 455 1826 Henricus
464 1791 555 1834 exoriens,
564 1791 616 1835 quasi
625 1791 671 1834 lapis
681 1791 774 1834 angularis
781 1796 850 1825 vtrum-

145 1855 180 1889 que
194 1845 282 1888 populum
295 1845 391 1888 copulauit.
419 1846 481 1879 Habet
497 1855 545 1878 nunc
562 1851 611 1878 certe
627 1845 650 1877 de
665 1855 733 1887 genere
748 1844 851 1887 Anglorum

144 1897 212 1941 Anglia
223 1908 293 1942 regem,
301 1898 356 1932 habet
368 1899 392 1932 de
400 1900 465 1932 eadem
473 1903 528 1942 gente
536 1898 634 1942 episcopos
642 1902 660 1931 et
668 1898 749 1938 abbates,
757 1896 851 1941 principes

145 1958 163 1988 et
175 1952 247 1994 milites,
256 1965 279 1987 ex
291 1952 385 1997 vtriusque
397 1952 474 1987 seminis
485 1951 614 1986 coniunctione
625 1957 736 1996 procreatos.
760 1949 780 1984 Si
791 1950 852 1985 enim²

145 2007 197 2041 alicui
213 2008 247 2041 hec
262 2007 375 2051 displicuerit
390 2006 486 2050 expositio,
498 2012 529 2039 aut
542 2007 583 2049 ipse
595 2005 648 2039 aliter
663 2010 749 2048 exponat,
761 2009 791 2037 aut
803 2005 851 2038 aliud

118 2073 136 2103 35
145 2066 219 2104 tempus
231 2071 267 2104 quo
281 2061 316 2095 hec
331 2060 441 2103 expleantur
454 2063 545 2103 expectet.
600 2050 670 2093 Sciens
685 2058 745 2101 itaque
761 2067 795 2091 rex
810 2056 852 2101 quia

145 2114 299 2156 appropinquauit
308 2113 399 2146 horacius
407 2118 427 2146 vt
435 2113 520 2146 transiret
528 2112 552 2145 de
562 2112 596 2145 hoe
606 2111 681 2151 mundo,
689 2121 742 2143 suum
754 2110 852 2143 transitum

146 2176 190 2199 mox
201 2165 220 2198 in
232 2166 307 2198 circuitu
318 2166 411 2207 propalari
421 2165 479 2205 iussit,
487 2176 511 2198 ne
519 2164 583 2197 mortis
591 2174 624 2197 sue
632 2163 735 2205 cognitione
744 2163 803 2203 dilata,
812 2173 852 2195 ora-

146 2218 216 2253 tionum
234 2229 306 2262 quoque
325 2217 411 2262 suffragia
429 2217 552 2251 differrentur.
580 2216 647 2259 Sicqne
667 2226 730 2256 senex,
749 2219 768 2249 et
785 2214 853 2259 plenus

147 2271 217 2306 dierum
226 2271 255 2305 et³
267 2272 356 2305 bonorum
365 2282 447 2314 operum,
455 2270 540 2313 migrauit
548 2270 571 2303 ad
581 2268 681 2303 dominum,
726 2261 780 2303 Obiit
792 2273 853 2301 autem

119 2337 139 2368 40
147 2335 195 2360 anno
204 2324 273 2358 domini
281 2323 379 2358 millesimo
387 2323 504 2368 sexagesimo
512 2327 570 2365 sexto,
579 2332 620 2357 cum
626 2325 721 2364 regnasset
726 2320 789 2365 viginti
795 2320 853 2355 tribus

147 2377 201 2412 annis
207 2379 301 2412 mensibus
308 2387 342 2411 sex
347 2382 365 2411 et
370 2377 435 2412 diebus
441 2377 583 2420 vigintiseptem,
588 2374 647 2420 pridie
654 2374 802 2416 nonasianuarii3
811 2384 853 2408 cum

148 2441 183 2475 quo
195 2435 232 2464 tota
243 2430 312 2474 pariter
321 2430 424 2474 Anglorum
436 2430 513 2464 felicitas
524 2429 565 2470 ruit,
577 2428 631 2473 periit
642 2428 722 2468 libertas,
730 2427 782 2471 vigor
793 2426 853 2460 omnis

147 2477 378 2519 interiit—Contractus
393 2484 467 2527 quidam
481 2483 504 2517 ad
517 2482 636 2527 sepulchrum
650 2480 689 2514 eius
700 2480 784 2521 veniens,
795 2490 853 2514 mem·

148 2539 224 2571 brorum
232 2537 328 2570 sanitatem
336 2538 407 2570 deuotis
416 2536 515 2578 lachrymis
523 2541 541 2569 et
549 2536 635 2579 precibus
646 2534 754 2577 postulabat.
776 2534 800 2567 Et
811 2544 854 2567 ecce

169 2594 174 2612 ¹
184 2594 202 2624 E.
208 2605 283 2632 regnum
293 2596 310 2625 S.
318 2595 387 2632 regium
397 2595 432 2626 Tw.
440 2604 500 2631 regum,
540 2593 546 2611 ²
557 2595 573 2625 S.
582 2599 644 2629 autem3
655 2592 690 2623 Tw,
698 2592 716 2621 Si
723 2592 753 2623 eui.
790 2591 796 2609 ³
807 2591 823 2621 S.
831 2602 854 2622 ac.
