<?xml version="1.0" encoding="UTF-8"?>
<!DOCTYPE html PUBLIC "-//W3C//DTD XHTML 1.0 Transitional//EN"
    "http://www.w3.org/TR/xhtml1/DTD/xhtml1-transitional.dtd">
<html xmlns="http://www.w3.org/1999/xhtml" xml:lang="en" lang="en">
 <head>
  <title>
</title>
<meta http-equiv="Content-Type" content="text/html;charset=utf-8" />
  <meta name='ocr-system' content='tesseract 3.04.00' />
  <meta name='ocr-capabilities' content='ocr_page ocr_carea ocr_par ocr_line ocrx_word'/>
</head>
<body>
  <div class='ocr_page' id='page_1' title='image "./MN5111ucmf_0/MN5111ucmf_0_1345.png"; bbox 0 0 1762 2803; ppageno 0'>
   <div class='ocr_carea' id='block_1_1' title="bbox 65 158 768 222">
    <p class='ocr_par' dir='ltr' id='par_1_1' title="bbox 65 158 768 222">
     <span class='ocr_line' id='line_1_1' title="bbox 65 158 768 222; baseline 0.027 -26"><span class='ocrx_word' id='word_1_1' title='bbox 65 167 180 199; x_wconf 75' lang='lat' dir='ltr'>ursonio.</span> <span class='ocrx_word' id='word_1_2' title='bbox 188 176 202 200; x_wconf 70' lang='lat' dir='ltr'>a.</span> <span class='ocrx_word' id='word_1_3' title='bbox 211 170 232 211; x_wconf 70' lang='lat' dir='ltr'>a]</span> <span class='ocrx_word' id='word_1_4' title='bbox 254 158 374 219; x_wconf 56' lang='lat' dir='ltr'>duntone</span> <span class='ocrx_word' id='word_1_5' title='bbox 390 159 427 214; x_wconf 50' lang='grc' dir='ltr'>ᾖ.</span> <span class='ocrx_word' id='word_1_6' title='bbox 437 159 581 222; x_wconf 68' lang='lat' dir='ltr'>tunnentnt.</span> <span class='ocrx_word' id='word_1_7' title='bbox 725 169 768 218; x_wconf 80' lang='lat'>729</span> 
     </span>
    </p>
   </div>
   <div class='ocr_carea' id='block_1_2' title="bbox 50 279 795 2643">
    <p class='ocr_par' dir='ltr' id='par_1_2' title="bbox 64 279 795 932">
     <span class='ocr_line' id='line_1_2' title="bbox 65 279 768 327; baseline 0.003 -15"><span class='ocrx_word' id='word_1_8' title='bbox 65 284 142 323; x_wconf 88' lang='lat' dir='ltr'>tempore</span> <span class='ocrx_word' id='word_1_9' title='bbox 150 287 234 316; x_wconf 86' lang='lat' dir='ltr'>nocturno</span> <span class='ocrx_word' id='word_1_10' title='bbox 241 281 341 326; x_wconf 79' lang='lat' dir='ltr'>quiesceret,</span> <span class='ocrx_word' id='word_1_11' title='bbox 349 288 394 317; x_wconf 88' lang='lat' dir='ltr'>astat</span> <span class='ocrx_word' id='word_1_12' title='bbox 402 282 417 317; x_wconf 90' lang='lat' dir='ltr'>ei</span> <span class='ocrx_word' id='word_1_13' title='bbox 425 293 456 327; x_wconf 93' lang='lat' dir='ltr'>per</span> <span class='ocrx_word' id='word_1_14' title='bbox 462 281 519 316; x_wconf 88' lang='lat' dir='ltr'>uisum</span> <span class='ocrx_word' id='word_1_15' title='bbox 527 280 597 315; x_wconf 88' lang='lat' dir='ltr'>celestis</span> <span class='ocrx_word' id='word_1_16' title='bbox 607 279 636 313; x_wconf 90' lang='lat' dir='ltr'>illa</span> <span class='ocrx_word' id='word_1_17' title='bbox 647 284 664 313; x_wconf 90' lang='lat' dir='ltr'>et</span> <span class='ocrx_word' id='word_1_18' title='bbox 674 279 721 313; x_wconf 87' lang='lat' dir='ltr'>clara</span> <span class='ocrx_word' id='word_1_19' title='bbox 730 279 768 314; x_wconf 89' lang='lat' dir='ltr'>luce</span> 
     </span>
     <span class='ocr_line' id='line_1_3' title="bbox 65 330 768 379; baseline 0 -16"><span class='ocrx_word' id='word_1_20' title='bbox 65 330 164 374; x_wconf 81' lang='lat' dir='ltr'><strong>prefulgens</strong></span> <span class='ocrx_word' id='word_1_21' title='bbox 180 344 255 376; x_wconf 90' lang='lat' dir='ltr'>persona</span> <span class='ocrx_word' id='word_1_22' title='bbox 269 344 322 379; x_wconf 88' lang='lat' dir='ltr'>quam</span> <span class='ocrx_word' id='word_1_23' title='bbox 337 335 354 368; x_wconf 92' lang='lat' dir='ltr'>in</span> <span class='ocrx_word' id='word_1_24' title='bbox 370 334 485 379; x_wconf 86' lang='lat' dir='ltr'>superioribus</span> <span class='ocrx_word' id='word_1_25' title='bbox 500 332 595 367; x_wconf 89' lang='lat' dir='ltr'>uisionihns</span> <span class='ocrx_word' id='word_1_26' title='bbox 610 331 683 372; x_wconf 84' lang='lat' dir='ltr'>uiderat,</span> <span class='ocrx_word' id='word_1_27' title='bbox 698 330 768 364; x_wconf 83' lang='lat' dir='ltr'>dicens:</span> 
     </span>
     <span class='ocr_line' id='line_1_4' title="bbox 65 381 769 425; baseline 0 -11"><span class='ocrx_word' id='word_1_28' title='bbox 65 382 135 423; x_wconf 75' lang='lat' dir='ltr'>‘Surge</span> <span class='ocrx_word' id='word_1_29' title='bbox 147 392 219 425; x_wconf 77' lang='lat' dir='ltr'>sequere</span> <span class='ocrx_word' id='word_1_30' title='bbox 229 395 263 425; x_wconf 92' lang='lat' dir='ltr'>me,</span> <span class='ocrx_word' id='word_1_31' title='bbox 271 392 288 418; x_wconf 92' lang='lat' dir='ltr'>et</span> <span class='ocrx_word' id='word_1_32' title='bbox 299 386 388 418; x_wconf 88' lang='lat' dir='ltr'>ostendam</span> <span class='ocrx_word' id='word_1_33' title='bbox 399 385 431 419; x_wconf 90' lang='lat' dir='ltr'>tihi</span> <span class='ocrx_word' id='word_1_34' title='bbox 442 385 472 418; x_wconf 92' lang='lat' dir='ltr'>ubi</span> <span class='ocrx_word' id='word_1_35' title='bbox 483 384 588 418; x_wconf 87' lang='lat' dir='ltr'>desiderium</span> <span class='ocrx_word' id='word_1_36' title='bbox 599 389 648 416; x_wconf 87' lang='lat' dir='ltr'>tuum</span> <span class='ocrx_word' id='word_1_37' title='bbox 660 381 769 425; x_wconf 67' lang='lat' dir='ltr'>implebitur!</span> 
     </span>
     <span class='ocr_line' id='line_1_5' title="bbox 65 431 767 477; baseline 0.003 -15"><span class='ocrx_word' id='word_1_38' title='bbox 65 431 89 463; x_wconf 84' lang='lat' dir='ltr'>Et</span> <span class='ocrx_word' id='word_1_39' title='bbox 97 437 115 464; x_wconf 92' lang='lat' dir='ltr'>ut</span> <span class='ocrx_word' id='word_1_40' title='bbox 123 432 156 464; x_wconf 90' lang='lat' dir='ltr'>sibi</span> <span class='ocrx_word' id='word_1_41' title='bbox 163 433 258 475; x_wconf 89' lang='lat' dir='ltr'>uidebatur,</span> <span class='ocrx_word' id='word_1_42' title='bbox 266 444 337 477; x_wconf 84' lang='lat' dir='ltr'>surgens</span> <span class='ocrx_word' id='word_1_43' title='bbox 347 436 450 477; x_wconf 79' lang='lat' dir='ltr'>sequebatur</span> <span class='ocrx_word' id='word_1_44' title='bbox 457 445 496 469; x_wconf 90' lang='lat' dir='ltr'>eurn</span> <span class='ocrx_word' id='word_1_45' title='bbox 504 436 560 468; x_wconf 89' lang='lat' dir='ltr'>donec</span> <span class='ocrx_word' id='word_1_46' title='bbox 567 433 633 467; x_wconf 88' lang='lat' dir='ltr'>ueniret</span> <span class='ocrx_word' id='word_1_47' title='bbox 643 432 667 465; x_wconf 88' lang='lat' dir='ltr'>ad</span> <span class='ocrx_word' id='word_1_48' title='bbox 674 433 730 465; x_wconf 88' lang='lat' dir='ltr'>locum</span> <span class='ocrx_word' id='word_1_49' title='bbox 738 431 767 465; x_wconf 90' lang='lat' dir='ltr'>ubi</span> 
     </span>
     <span class='ocr_line' id='line_1_6' title="bbox 65 480 785 529; baseline 0.004 -17"><span class='ocrx_word' id='word_1_50' title='bbox 65 480 111 514; x_wconf 88' lang='lat' dir='ltr'>beati</span> <span class='ocrx_word' id='word_1_51' title='bbox 123 483 197 517; x_wconf 89' lang='lat' dir='ltr'>martiris</span> <span class='ocrx_word' id='word_1_52' title='bbox 207 494 268 527; x_wconf 87' lang='lat' dir='ltr'>corpus</span> <span class='ocrx_word' id='word_1_53' title='bbox 280 485 313 518; x_wconf 89' lang='lat' dir='ltr'>sub</span> <span class='ocrx_word' id='word_1_54' title='bbox 322 485 422 527; x_wconf 87' lang='lat' dir='ltr'>pauimento</span> <span class='ocrx_word' id='word_1_55' title='bbox 430 484 535 529; x_wconf 52' lang='lat' dir='ltr'>quiescebat,</span> <span class='ocrx_word' id='word_1_56' title='bbox 557 483 605 517; x_wconf 83' lang='lat' dir='ltr'>Dicit</span> <span class='ocrx_word' id='word_1_57' title='bbox 617 493 658 526; x_wconf 86' lang='lat' dir='ltr'>ergo</span> <span class='ocrx_word' id='word_1_58' title='bbox 669 482 694 516; x_wconf 91' lang='lat' dir='ltr'>ei:</span> <span class='ocrx_word' id='word_1_59' title='bbox 706 482 785 526; x_wconf 82' lang='lat' dir='ltr'>‘Ecce,5</span> 
     </span>
     <span class='ocr_line' id='line_1_7' title="bbox 64 531 767 579; baseline 0.003 -15"><span class='ocrx_word' id='word_1_60' title='bbox 64 531 93 564; x_wconf 93' lang='lat' dir='ltr'>hic</span> <span class='ocrx_word' id='word_1_61' title='bbox 101 532 173 575; x_wconf 84' lang='lat' dir='ltr'>quiescit</span> <span class='ocrx_word' id='word_1_62' title='bbox 182 533 249 568; x_wconf 89' lang='lat' dir='ltr'>amicus</span> <span class='ocrx_word' id='word_1_63' title='bbox 256 534 284 568; x_wconf 88' lang='lat' dir='ltr'>dei</span> <span class='ocrx_word' id='word_1_64' title='bbox 292 535 374 568; x_wconf 85' lang='lat' dir='ltr'>dilectus:</span> <span class='ocrx_word' id='word_1_65' title='bbox 386 536 414 569; x_wconf 91' lang='lat' dir='ltr'>dic</span> <span class='ocrx_word' id='word_1_66' title='bbox 424 536 482 579; x_wconf 86' lang='lat' dir='ltr'>itaque</span> <span class='ocrx_word' id='word_1_67' title='bbox 489 536 559 570; x_wconf 89' lang='lat' dir='ltr'>domino</span> <span class='ocrx_word' id='word_1_68' title='bbox 567 541 597 569; x_wconf 88' lang='lat' dir='ltr'>tuo</span> <span class='ocrx_word' id='word_1_69' title='bbox 604 533 693 576; x_wconf 87' lang='lat' dir='ltr'>Bruningo</span> <span class='ocrx_word' id='word_1_70' title='bbox 700 533 767 577; x_wconf 89' lang='lat' dir='ltr'>presbi-</span> 
     </span>
     <span class='ocr_line' id='line_1_8' title="bbox 65 583 768 627; baseline 0.004 -13"><span class='ocrx_word' id='word_1_71' title='bbox 65 586 102 614; x_wconf 88' lang='lat' dir='ltr'>tero</span> <span class='ocrx_word' id='word_1_72' title='bbox 113 583 154 625; x_wconf 88' lang='lat' dir='ltr'>quia</span> <span class='ocrx_word' id='word_1_73' title='bbox 166 583 184 616; x_wconf 88' lang='lat' dir='ltr'>in</span> <span class='ocrx_word' id='word_1_74' title='bbox 197 583 230 617; x_wconf 89' lang='lat' dir='ltr'>isto</span> <span class='ocrx_word' id='word_1_75' title='bbox 243 585 281 617; x_wconf 89' lang='lat' dir='ltr'>loco</span> <span class='ocrx_word' id='word_1_76' title='bbox 294 585 369 618; x_wconf 89' lang='lat' dir='ltr'>inueniet</span> <span class='ocrx_word' id='word_1_77' title='bbox 381 585 431 618; x_wconf 66' lang='lat' dir='ltr'>eum!</span> <span class='ocrx_word' id='word_1_78' title='bbox 454 587 508 619; x_wconf 87' lang='lat' dir='ltr'>Facto</span> <span class='ocrx_word' id='word_1_79' title='bbox 521 584 572 627; x_wconf 88' lang='lat' dir='ltr'>igitur</span> <span class='ocrx_word' id='word_1_80' title='bbox 583 595 639 626; x_wconf 88' lang='lat' dir='ltr'>mane,</span> <span class='ocrx_word' id='word_1_81' title='bbox 652 584 723 618; x_wconf 89' lang='lat' dir='ltr'>domino</span> <span class='ocrx_word' id='word_1_82' title='bbox 736 593 768 618; x_wconf 90' lang='lat' dir='ltr'>suo</span> 
     </span>
     <span class='ocr_line' id='line_1_9' title="bbox 64 632 767 677; baseline 0.006 -13"><span class='ocrx_word' id='word_1_83' title='bbox 64 632 131 673; x_wconf 82' lang='lat' dir='ltr'>prefato</span> <span class='ocrx_word' id='word_1_84' title='bbox 146 633 215 667; x_wconf 85' lang='lat' dir='ltr'>nunciat</span> <span class='ocrx_word' id='word_1_85' title='bbox 230 644 264 677; x_wconf 92' lang='lat' dir='ltr'>que</span> <span class='ocrx_word' id='word_1_86' title='bbox 278 634 351 669; x_wconf 85' lang='lat' dir='ltr'>uidisset</span> <span class='ocrx_word' id='word_1_87' title='bbox 365 635 393 668; x_wconf 93' lang='lat' dir='ltr'>uel</span> <span class='ocrx_word' id='word_1_88' title='bbox 407 634 488 669; x_wconf 84' lang='lat' dir='ltr'>audisset.</span> <span class='ocrx_word' id='word_1_89' title='bbox 516 634 556 668; x_wconf 87' lang='lat' dir='ltr'>Hiis</span> <span class='ocrx_word' id='word_1_90' title='bbox 571 634 640 675; x_wconf 87' lang='lat' dir='ltr'>auditis,</span> <span class='ocrx_word' id='word_1_91' title='bbox 653 635 724 668; x_wconf 87' lang='lat' dir='ltr'>herebat</span> <span class='ocrx_word' id='word_1_92' title='bbox 739 634 767 668; x_wconf 91' lang='lat' dir='ltr'>ille</span> 
     </span>
     <span class='ocr_line' id='line_1_10' title="bbox 65 684 767 728; baseline 0.003 -14"><span class='ocrx_word' id='word_1_93' title='bbox 65 687 146 724; x_wconf 83' lang='lat' dir='ltr'>stupens3</span> <span class='ocrx_word' id='word_1_94' title='bbox 162 684 233 716; x_wconf 86' lang='lat' dir='ltr'>tandem</span> <span class='ocrx_word' id='word_1_95' title='bbox 248 694 289 718; x_wconf 92' lang='lat' dir='ltr'>nero</span> <span class='ocrx_word' id='word_1_96' title='bbox 301 684 394 727; x_wconf 81' lang='lat' dir='ltr'>resumptis</span> <span class='ocrx_word' id='word_1_97' title='bbox 406 684 446 718; x_wconf 88' lang='lat' dir='ltr'>fidei</span> <span class='ocrx_word' id='word_1_98' title='bbox 461 690 478 718; x_wconf 92' lang='lat' dir='ltr'>et</span> <span class='ocrx_word' id='word_1_99' title='bbox 494 685 530 728; x_wconf 88' lang='lat' dir='ltr'>spei</span> <span class='ocrx_word' id='word_1_100' title='bbox 543 684 612 725; x_wconf 90' lang='lat' dir='ltr'>uiribus,</span> <span class='ocrx_word' id='word_1_101' title='bbox 624 684 697 718; x_wconf 85' lang='lat' dir='ltr'>intendit</span> <span class='ocrx_word' id='word_1_102' title='bbox 709 684 767 717; x_wconf 92' lang='lat' dir='ltr'>animo</span> 
     </span>
     <span class='ocr_line' id='line_1_11' title="bbox 65 736 795 781; baseline 0 -13"><span class='ocrx_word' id='word_1_103' title='bbox 65 745 99 778; x_wconf 90' lang='lat' dir='ltr'>que</span> <span class='ocrx_word' id='word_1_104' title='bbox 112 736 213 770; x_wconf 83' lang='lat' dir='ltr'>dicebantur</span> <span class='ocrx_word' id='word_1_105' title='bbox 223 738 300 781; x_wconf 88' lang='lat' dir='ltr'>experiri.</span> <span class='ocrx_word' id='word_1_106' title='bbox 321 738 432 781; x_wconf 81' lang='lat' dir='ltr'>Acceptoque</span> <span class='ocrx_word' id='word_1_107' title='bbox 445 737 511 772; x_wconf 88' lang='lat' dir='ltr'>sarculo</span> <span class='ocrx_word' id='word_1_108' title='bbox 523 737 574 770; x_wconf 84' lang='lat' dir='ltr'>intrat</span> <span class='ocrx_word' id='word_1_109' title='bbox 586 736 681 777; x_wconf 88' lang='lat' dir='ltr'>ecclesiam,</span> <span class='ocrx_word' id='word_1_110' title='bbox 693 742 710 770; x_wconf 92' lang='lat' dir='ltr'>et</span> <span class='ocrx_word' id='word_1_111' title='bbox 721 736 767 770; x_wconf 84' lang='lat' dir='ltr'>sacta</span> <span class='ocrx_word' id='word_1_112' title='bbox 775 744 795 767; x_wconf 84' lang='lat' dir='ltr'>ro</span> 
     </span>
     <span class='ocr_line' id='line_1_12' title="bbox 65 786 767 832; baseline 0.001 -13"><span class='ocrx_word' id='word_1_113' title='bbox 65 786 145 821; x_wconf 85' lang='lat' dir='ltr'>oracione</span> <span class='ocrx_word' id='word_1_114' title='bbox 155 787 200 831; x_wconf 89' lang='lat' dir='ltr'>cepit</span> <span class='ocrx_word' id='word_1_115' title='bbox 210 788 268 822; x_wconf 80' lang='lat' dir='ltr'>fodere</span> <span class='ocrx_word' id='word_1_116' title='bbox 276 788 293 822; x_wconf 92' lang='lat' dir='ltr'>in</span> <span class='ocrx_word' id='word_1_117' title='bbox 301 789 339 823; x_wconf 90' lang='lat' dir='ltr'>loco</span> <span class='ocrx_word' id='word_1_118' title='bbox 349 789 379 822; x_wconf 93' lang='lat' dir='ltr'>illo</span> <span class='ocrx_word' id='word_1_119' title='bbox 387 789 416 823; x_wconf 91' lang='lat' dir='ltr'>ubi</span> <span class='ocrx_word' id='word_1_120' title='bbox 427 788 504 832; x_wconf 87' lang='lat' dir='ltr'>predicto</span> <span class='ocrx_word' id='word_1_121' title='bbox 514 788 552 821; x_wconf 87' lang='lat' dir='ltr'>uiro</span> <span class='ocrx_word' id='word_1_122' title='bbox 561 788 616 822; x_wconf 85' lang='lat' dir='ltr'>iuerat</span> <span class='ocrx_word' id='word_1_123' title='bbox 627 787 767 821; x_wconf 89' lang='lat' dir='ltr'>demonstratum.</span> 
     </span>
     <span class='ocr_line' id='line_1_13' title="bbox 65 837 768 883; baseline 0.003 -15"><span class='ocrx_word' id='word_1_124' title='bbox 65 838 138 880; x_wconf 91' lang='lat' dir='ltr'>Iamque</span> <span class='ocrx_word' id='word_1_125' title='bbox 148 839 177 872; x_wconf 89' lang='lat' dir='ltr'>vix</span> <span class='ocrx_word' id='word_1_126' title='bbox 188 839 280 882; x_wconf 86' lang='lat' dir='ltr'>semipedis</span> <span class='ocrx_word' id='word_1_127' title='bbox 290 841 349 883; x_wconf 89' lang='lat' dir='ltr'>spacio</span> <span class='ocrx_word' id='word_1_128' title='bbox 358 840 376 873; x_wconf 89' lang='lat' dir='ltr'>in</span> <span class='ocrx_word' id='word_1_129' title='bbox 387 841 440 873; x_wconf 89' lang='lat' dir='ltr'>aitum</span> <span class='ocrx_word' id='word_1_130' title='bbox 450 840 522 880; x_wconf 84' lang='lat' dir='ltr'>foderat,</span> <span class='ocrx_word' id='word_1_131' title='bbox 531 849 570 872; x_wconf 89' lang='lat' dir='ltr'>cum</span> <span class='ocrx_word' id='word_1_132' title='bbox 580 848 620 872; x_wconf 90' lang='lat' dir='ltr'>ecce</span> <span class='ocrx_word' id='word_1_133' title='bbox 628 837 716 882; x_wconf 86' lang='lat' dir='ltr'>quoddam</span> <span class='ocrx_word' id='word_1_134' title='bbox 725 837 768 871; x_wconf 88' lang='lat' dir='ltr'>inibi</span> 
     </span>
     <span class='ocr_line' id='line_1_14' title="bbox 64 888 768 932; baseline 0.003 -13"><span class='ocrx_word' id='word_1_135' title='bbox 64 888 127 928; x_wconf 86' lang='lat' dir='ltr'>reperit</span> <span class='ocrx_word' id='word_1_136' title='bbox 135 890 248 930; x_wconf 86' lang='lat' dir='ltr'>sepulchrum.</span> <span class='ocrx_word' id='word_1_137' title='bbox 271 890 344 923; x_wconf 84' lang='lat' dir='ltr'>Miratur</span> <span class='ocrx_word' id='word_1_138' title='bbox 351 896 368 923; x_wconf 89' lang='lat' dir='ltr'>et</span> <span class='ocrx_word' id='word_1_139' title='bbox 376 890 445 931; x_wconf 86' lang='lat' dir='ltr'>gaudet,</span> <span class='ocrx_word' id='word_1_140' title='bbox 451 896 541 932; x_wconf 88' lang='lat' dir='ltr'>totamque</span> <span class='ocrx_word' id='word_1_141' title='bbox 549 895 612 923; x_wconf 89' lang='lat' dir='ltr'>terram</span> <span class='ocrx_word' id='word_1_142' title='bbox 620 899 653 931; x_wconf 90' lang='lat' dir='ltr'>que</span> <span class='ocrx_word' id='word_1_143' title='bbox 660 888 768 931; x_wconf 89' lang='lat' dir='ltr'>superficiem</span> 
     </span>
    </p>

    <p class='ocr_par' dir='ltr' id='par_1_3' title="bbox 50 935 794 1232">
     <span class='ocr_line' id='line_1_15' title="bbox 50 935 768 982; baseline 0.006 -14"><span class='ocrx_word' id='word_1_144' title='bbox 50 940 52 944; x_wconf 90' lang='lat'>&#39;</span> <span class='ocrx_word' id='word_1_145' title='bbox 65 935 110 971; x_wconf 89' lang='lat' dir='ltr'>illius</span> <span class='ocrx_word' id='word_1_146' title='bbox 117 939 205 972; x_wconf 83' lang='lat' dir='ltr'>obtexerat</span> <span class='ocrx_word' id='word_1_147' title='bbox 215 938 283 973; x_wconf 86' lang='lat' dir='ltr'>abradit</span> <span class='ocrx_word' id='word_1_148' title='bbox 293 944 310 973; x_wconf 88' lang='lat' dir='ltr'>et</span> <span class='ocrx_word' id='word_1_149' title='bbox 318 939 394 982; x_wconf 82' lang='lat' dir='ltr'>undique</span> <span class='ocrx_word' id='word_1_150' title='bbox 401 939 479 980; x_wconf 91' lang='lat' dir='ltr'>mundat,</span> <span class='ocrx_word' id='word_1_151' title='bbox 488 944 506 972; x_wconf 85' lang='lat' dir='ltr'>vt</span> <span class='ocrx_word' id='word_1_152' title='bbox 516 938 583 973; x_wconf 87' lang='lat' dir='ltr'>cunctis</span> <span class='ocrx_word' id='word_1_153' title='bbox 593 948 663 971; x_wconf 89' lang='lat' dir='ltr'>cernere</span> <span class='ocrx_word' id='word_1_154' title='bbox 671 936 768 972; x_wconf 86' lang='lat' dir='ltr'>uolentibus</span> 
     </span>
     <span class='ocr_line' id='line_1_16' title="bbox 65 987 794 1033; baseline 0.001 -14"><span class='ocrx_word' id='word_1_155' title='bbox 65 988 175 1030; x_wconf 89' lang='lat' dir='ltr'>perspicuum</span> <span class='ocrx_word' id='word_1_156' title='bbox 182 998 220 1022; x_wconf 90' lang='lat' dir='ltr'>esse</span> <span class='ocrx_word' id='word_1_157' title='bbox 228 988 316 1032; x_wconf 88' lang='lat' dir='ltr'>potuisset.</span> <span class='ocrx_word' id='word_1_158' title='bbox 338 988 392 1024; x_wconf 80' lang='lat' dir='ltr'>Audit</span> <span class='ocrx_word' id='word_1_159' title='bbox 400 999 440 1032; x_wconf 92' lang='lat' dir='ltr'>ergo</span> <span class='ocrx_word' id='word_1_160' title='bbox 448 989 526 1033; x_wconf 87' lang='lat' dir='ltr'>populus,</span> <span class='ocrx_word' id='word_1_161' title='bbox 534 987 607 1022; x_wconf 87' lang='lat' dir='ltr'>accurrit</span> <span class='ocrx_word' id='word_1_162' title='bbox 617 988 706 1021; x_wconf 90' lang='lat' dir='ltr'>uniuersus</span> <span class='ocrx_word' id='word_1_163' title='bbox 713 999 719 1028; x_wconf 88' lang='lat'>;</span> <span class='ocrx_word' id='word_1_164' title='bbox 728 998 768 1030; x_wconf 90' lang='lat' dir='ltr'>pro-</span> <span class='ocrx_word' id='word_1_165' title='bbox 776 995 794 1027; x_wconf 79' lang='lat'>15</span> 
     </span>
     <span class='ocr_line' id='line_1_17' title="bbox 65 1038 767 1083; baseline 0.003 -12"><span class='ocrx_word' id='word_1_166' title='bbox 65 1038 132 1079; x_wconf 85' lang='lat' dir='ltr'>palatur</span> <span class='ocrx_word' id='word_1_167' title='bbox 145 1039 192 1073; x_wconf 83' lang='lat' dir='ltr'>fama</span> <span class='ocrx_word' id='word_1_168' title='bbox 204 1039 226 1073; x_wconf 91' lang='lat' dir='ltr'>de</span> <span class='ocrx_word' id='word_1_169' title='bbox 238 1039 348 1082; x_wconf 70' lang='lat' dir='ltr'>renotatione,</span> <span class='ocrx_word' id='word_1_170' title='bbox 361 1041 445 1083; x_wconf 86' lang='lat' dir='ltr'>probatur</span> <span class='ocrx_word' id='word_1_171' title='bbox 458 1049 500 1074; x_wconf 86' lang='lat' dir='ltr'>nera</span> <span class='ocrx_word' id='word_1_172' title='bbox 514 1040 537 1074; x_wconf 91' lang='lat' dir='ltr'>de</span> <span class='ocrx_word' id='word_1_173' title='bbox 552 1039 612 1074; x_wconf 90' lang='lat' dir='ltr'>tumuli</span> <span class='ocrx_word' id='word_1_174' title='bbox 625 1039 734 1081; x_wconf 81' lang='lat' dir='ltr'>inuentione3</span> <span class='ocrx_word' id='word_1_175' title='bbox 749 1044 767 1073; x_wconf 87' lang='lat' dir='ltr'>et</span> 
     </span>
     <span class='ocr_line' id='line_1_18' title="bbox 65 1088 767 1134; baseline 0.001 -13"><span class='ocrx_word' id='word_1_176' title='bbox 65 1089 144 1130; x_wconf 90' lang='lat' dir='ltr'>quamuis</span> <span class='ocrx_word' id='word_1_177' title='bbox 152 1089 212 1123; x_wconf 89' lang='lat' dir='ltr'>lateret</span> <span class='ocrx_word' id='word_1_178' title='bbox 221 1090 278 1123; x_wconf 87' lang='lat' dir='ltr'>adhue</span> <span class='ocrx_word' id='word_1_179' title='bbox 285 1101 345 1124; x_wconf 91' lang='lat' dir='ltr'>onmes</span> <span class='ocrx_word' id='word_1_180' title='bbox 353 1090 390 1134; x_wconf 89' lang='lat' dir='ltr'>quis</span> <span class='ocrx_word' id='word_1_181' title='bbox 400 1091 429 1124; x_wconf 90' lang='lat' dir='ltr'>ille</span> <span class='ocrx_word' id='word_1_182' title='bbox 435 1096 486 1132; x_wconf 83' lang='lat' dir='ltr'>esset,</span> <span class='ocrx_word' id='word_1_183' title='bbox 494 1091 541 1124; x_wconf 90' lang='lat' dir='ltr'>cuius</span> <span class='ocrx_word' id='word_1_184' title='bbox 551 1089 612 1130; x_wconf 90' lang='lat' dir='ltr'>meriti,</span> <span class='ocrx_word' id='word_1_185' title='bbox 620 1090 647 1124; x_wconf 93' lang='lat' dir='ltr'>uel</span> <span class='ocrx_word' id='word_1_186' title='bbox 655 1100 690 1132; x_wconf 91' lang='lat' dir='ltr'>qno</span> <span class='ocrx_word' id='word_1_187' title='bbox 697 1088 767 1122; x_wconf 92' lang='lat' dir='ltr'>nomine</span> 
     </span>
     <span class='ocr_line' id='line_1_19' title="bbox 66 1139 768 1181; baseline 0.003 -12"><span class='ocrx_word' id='word_1_188' title='bbox 66 1144 163 1172; x_wconf 84' lang='lat' dir='ltr'>censeretur</span> <span class='ocrx_word' id='word_1_189' title='bbox 174 1140 202 1181; x_wconf 85' lang='lat' dir='ltr'>qui</span> <span class='ocrx_word' id='word_1_190' title='bbox 215 1139 233 1172; x_wconf 89' lang='lat' dir='ltr'>in</span> <span class='ocrx_word' id='word_1_191' title='bbox 245 1140 306 1173; x_wconf 88' lang='lat' dir='ltr'>eodem</span> <span class='ocrx_word' id='word_1_192' title='bbox 316 1141 354 1174; x_wconf 88' lang='lat' dir='ltr'>loco</span> <span class='ocrx_word' id='word_1_193' title='bbox 364 1140 426 1174; x_wconf 90' lang='lat' dir='ltr'>iaceret</span> <span class='ocrx_word' id='word_1_194' title='bbox 436 1141 521 1181; x_wconf 90' lang='lat' dir='ltr'>conditus,</span> <span class='ocrx_word' id='word_1_195' title='bbox 528 1141 562 1172; x_wconf 85' lang='lat' dir='ltr'>hoe</span> <span class='ocrx_word' id='word_1_196' title='bbox 572 1146 630 1172; x_wconf 85' lang='lat' dir='ltr'>tamen</span> <span class='ocrx_word' id='word_1_197' title='bbox 639 1145 704 1172; x_wconf 87' lang='lat' dir='ltr'>cerrum</span> <span class='ocrx_word' id='word_1_198' title='bbox 714 1139 768 1172; x_wconf 89' lang='lat' dir='ltr'>habe-</span> 
     </span>
     <span class='ocr_line' id='line_1_20' title="bbox 64 1187 767 1232; baseline 0.001 -12"><span class='ocrx_word' id='word_1_199' title='bbox 64 1187 107 1222; x_wconf 88' lang='lat' dir='ltr'>bant</span> <span class='ocrx_word' id='word_1_200' title='bbox 115 1189 162 1232; x_wconf 90' lang='lat' dir='ltr'>quod</span> <span class='ocrx_word' id='word_1_201' title='bbox 170 1189 198 1223; x_wconf 91' lang='lat' dir='ltr'>ille</span> <span class='ocrx_word' id='word_1_202' title='bbox 205 1199 245 1224; x_wconf 89' lang='lat' dir='ltr'>uere</span> <span class='ocrx_word' id='word_1_203' title='bbox 253 1190 280 1223; x_wconf 88' lang='lat' dir='ltr'>dei</span> <span class='ocrx_word' id='word_1_204' title='bbox 288 1189 357 1230; x_wconf 87' lang='lat' dir='ltr'>amicus,</span> <span class='ocrx_word' id='word_1_205' title='bbox 365 1200 420 1232; x_wconf 91' lang='lat' dir='ltr'>uerus,</span> <span class='ocrx_word' id='word_1_206' title='bbox 428 1190 482 1223; x_wconf 87' lang='lat' dir='ltr'>iustus</span> <span class='ocrx_word' id='word_1_207' title='bbox 489 1195 507 1224; x_wconf 90' lang='lat' dir='ltr'>et</span> <span class='ocrx_word' id='word_1_208' title='bbox 517 1196 586 1223; x_wconf 87' lang='lat' dir='ltr'>sanctus</span> <span class='ocrx_word' id='word_1_209' title='bbox 594 1195 645 1231; x_wconf 86' lang='lat' dir='ltr'>esset,</span> <span class='ocrx_word' id='word_1_210' title='bbox 653 1188 675 1222; x_wconf 88' lang='lat' dir='ltr'>de</span> <span class='ocrx_word' id='word_1_211' title='bbox 682 1199 717 1232; x_wconf 92' lang='lat' dir='ltr'>quo</span> <span class='ocrx_word' id='word_1_212' title='bbox 723 1188 767 1222; x_wconf 91' lang='lat' dir='ltr'>tales</span> 
     </span>
    </p>

    <p class='ocr_par' dir='ltr' id='par_1_4' title="bbox 64 1239 795 2137">
     <span class='ocr_line' id='line_1_21' title="bbox 65 1239 795 1284; baseline 0.007 -14"><span class='ocrx_word' id='word_1_213' title='bbox 65 1243 82 1271; x_wconf 90' lang='lat' dir='ltr'>et</span> <span class='ocrx_word' id='word_1_214' title='bbox 95 1243 143 1272; x_wconf 86' lang='lat' dir='ltr'>tante</span> <span class='ocrx_word' id='word_1_215' title='bbox 155 1241 277 1281; x_wconf 87' lang='lat' dir='ltr'>precessissent</span> <span class='ocrx_word' id='word_1_216' title='bbox 289 1240 369 1281; x_wconf 89' lang='lat' dir='ltr'>uisiones,</span> <span class='ocrx_word' id='word_1_217' title='bbox 382 1246 399 1273; x_wconf 88' lang='lat' dir='ltr'>et</span> <span class='ocrx_word' id='word_1_218' title='bbox 414 1246 450 1274; x_wconf 88' lang='lat' dir='ltr'>tam</span> <span class='ocrx_word' id='word_1_219' title='bbox 464 1240 553 1284; x_wconf 87' lang='lat' dir='ltr'>perspicua</span> <span class='ocrx_word' id='word_1_220' title='bbox 566 1239 637 1273; x_wconf 84' lang='lat' dir='ltr'>ueritate</span> <span class='ocrx_word' id='word_1_221' title='bbox 652 1239 767 1282; x_wconf 87' lang='lat' dir='ltr'>subsequente</span> <span class='ocrx_word' id='word_1_222' title='bbox 776 1252 795 1276; x_wconf 82' lang='lat' dir='ltr'>ao</span> 
     </span>
     <span class='ocr_line' id='line_1_22' title="bbox 65 1288 767 1333; baseline 0.004 -13"><span class='ocrx_word' id='word_1_223' title='bbox 65 1288 170 1323; x_wconf 86' lang='lat' dir='ltr'>claruissent.</span> <span class='ocrx_word' id='word_1_224' title='bbox 194 1290 240 1332; x_wconf 79' lang='lat' dir='ltr'>Quid</span> <span class='ocrx_word' id='word_1_225' title='bbox 250 1291 317 1323; x_wconf 84' lang='lat' dir='ltr'>multa?</span> <span class='ocrx_word' id='word_1_226' title='bbox 330 1288 420 1324; x_wconf 86' lang='lat' dir='ltr'>Remansit</span> <span class='ocrx_word' id='word_1_227' title='bbox 431 1290 489 1333; x_wconf 87' lang='lat' dir='ltr'>itaque</span> <span class='ocrx_word' id='word_1_228' title='bbox 500 1290 609 1333; x_wconf 79' lang='lat' dir='ltr'>sepulchrum</span> <span class='ocrx_word' id='word_1_229' title='bbox 617 1300 648 1332; x_wconf 90' lang='lat' dir='ltr'>per</span> <span class='ocrx_word' id='word_1_230' title='bbox 654 1289 692 1323; x_wconf 87' lang='lat' dir='ltr'>dies</span> <span class='ocrx_word' id='word_1_231' title='bbox 701 1289 767 1333; x_wconf 80' lang='lat' dir='ltr'>aliquot</span> 
     </span>
     <span class='ocr_line' id='line_1_23' title="bbox 65 1337 767 1376; baseline 0.001 -5"><span class='ocrx_word' id='word_1_232' title='bbox 65 1337 147 1373; x_wconf 90' lang='lat' dir='ltr'>intectum</span> <span class='ocrx_word' id='word_1_233' title='bbox 157 1351 196 1374; x_wconf 93' lang='lat' dir='ltr'>cnm</span> <span class='ocrx_word' id='word_1_234' title='bbox 206 1339 326 1374; x_wconf 87' lang='lat' dir='ltr'>ammiratione</span> <span class='ocrx_word' id='word_1_235' title='bbox 335 1341 428 1375; x_wconf 87' lang='lat' dir='ltr'>multorum</span> <span class='ocrx_word' id='word_1_236' title='bbox 438 1341 461 1374; x_wconf 88' lang='lat' dir='ltr'>ad</span> <span class='ocrx_word' id='word_1_237' title='bbox 468 1340 562 1376; x_wconf 86' lang='lat' dir='ltr'>uidendum</span> <span class='ocrx_word' id='word_1_238' title='bbox 570 1339 630 1373; x_wconf 89' lang='lat' dir='ltr'>diatim</span> <span class='ocrx_word' id='word_1_239' title='bbox 638 1339 767 1373; x_wconf 85' lang='lat' dir='ltr'>confluencium.</span> 
     </span>
     <span class='ocr_line' id='line_1_24' title="bbox 65 1389 767 1433; baseline 0.004 -12"><span class='ocrx_word' id='word_1_240' title='bbox 65 1389 152 1423; x_wconf 89' lang='lat' dir='ltr'>Presbiter</span> <span class='ocrx_word' id='word_1_241' title='bbox 162 1390 269 1430; x_wconf 88' lang='lat' dir='ltr'>uenerabilis,</span> <span class='ocrx_word' id='word_1_242' title='bbox 279 1390 337 1424; x_wconf 89' lang='lat' dir='ltr'>animo</span> <span class='ocrx_word' id='word_1_243' title='bbox 347 1397 417 1425; x_wconf 88' lang='lat' dir='ltr'>estuans</span> <span class='ocrx_word' id='word_1_244' title='bbox 428 1391 470 1433; x_wconf 90' lang='lat' dir='ltr'>quid</span> <span class='ocrx_word' id='word_1_245' title='bbox 480 1397 521 1433; x_wconf 84' lang='lat' dir='ltr'>agat</span> <span class='ocrx_word' id='word_1_246' title='bbox 533 1401 567 1433; x_wconf 90' lang='lat' dir='ltr'>quo</span> <span class='ocrx_word' id='word_1_247' title='bbox 578 1391 634 1432; x_wconf 77' lang='lat' dir='ltr'>magis</span> <span class='ocrx_word' id='word_1_248' title='bbox 644 1390 699 1433; x_wconf 86' lang='lat' dir='ltr'>gloria</span> <span class='ocrx_word' id='word_1_249' title='bbox 710 1390 738 1425; x_wconf 93' lang='lat' dir='ltr'>dei</span> <span class='ocrx_word' id='word_1_250' title='bbox 750 1396 767 1424; x_wconf 87' lang='lat' dir='ltr'>et</span> 
     </span>
     <span class='ocr_line' id='line_1_25' title="bbox 65 1439 767 1485; baseline 0 -12"><span class='ocrx_word' id='word_1_251' title='bbox 65 1439 110 1474; x_wconf 91' lang='lat' dir='ltr'>illins</span> <span class='ocrx_word' id='word_1_252' title='bbox 124 1441 179 1475; x_wconf 90' lang='lat' dir='ltr'>sancti</span> <span class='ocrx_word' id='word_1_253' title='bbox 194 1441 248 1475; x_wconf 87' lang='lat' dir='ltr'>uirtus</span> <span class='ocrx_word' id='word_1_254' title='bbox 263 1441 369 1483; x_wconf 88' lang='lat' dir='ltr'>enitesceret,</span> <span class='ocrx_word' id='word_1_255' title='bbox 381 1443 415 1475; x_wconf 91' lang='lat' dir='ltr'>tale</span> <span class='ocrx_word' id='word_1_256' title='bbox 428 1442 511 1484; x_wconf 89' lang='lat' dir='ltr'>quiddam</span> <span class='ocrx_word' id='word_1_257' title='bbox 530 1440 589 1475; x_wconf 89' lang='lat' dir='ltr'>diuino</span> <span class='ocrx_word' id='word_1_258' title='bbox 602 1447 620 1474; x_wconf 92' lang='lat' dir='ltr'>ut</span> <span class='ocrx_word' id='word_1_259' title='bbox 633 1446 694 1485; x_wconf 87' lang='lat' dir='ltr'>postea</span> <span class='ocrx_word' id='word_1_260' title='bbox 706 1440 767 1475; x_wconf 83' lang='lat' dir='ltr'>claruit</span> 
     </span>
     <span class='ocr_line' id='line_1_26' title="bbox 65 1490 794 1536; baseline 0 -11"><span class='ocrx_word' id='word_1_261' title='bbox 65 1490 152 1531; x_wconf 88' lang='lat' dir='ltr'>instinctu,</span> <span class='ocrx_word' id='word_1_262' title='bbox 160 1492 233 1526; x_wconf 85' lang='lat' dir='ltr'>molitur.</span> <span class='ocrx_word' id='word_1_263' title='bbox 256 1493 299 1525; x_wconf 87' lang='lat' dir='ltr'>Erat</span> <span class='ocrx_word' id='word_1_264' title='bbox 310 1491 328 1524; x_wconf 86' lang='lat' dir='ltr'>in</span> <span class='ocrx_word' id='word_1_265' title='bbox 339 1492 401 1525; x_wconf 92' lang='lat' dir='ltr'>eadem</span> <span class='ocrx_word' id='word_1_266' title='bbox 411 1493 453 1526; x_wconf 92' lang='lat' dir='ltr'>urbe</span> <span class='ocrx_word' id='word_1_267' title='bbox 464 1492 521 1535; x_wconf 89' lang='lat' dir='ltr'>puella</span> <span class='ocrx_word' id='word_1_268' title='bbox 530 1492 605 1535; x_wconf 88' lang='lat' dir='ltr'>quedam</span> <span class='ocrx_word' id='word_1_269' title='bbox 612 1491 681 1534; x_wconf 80' lang='lat' dir='ltr'>Aligina</span> <span class='ocrx_word' id='word_1_270' title='bbox 691 1491 766 1532; x_wconf 85' lang='lat' dir='ltr'>nomine,</span> <span class='ocrx_word' id='word_1_271' title='bbox 775 1506 794 1536; x_wconf 81' lang='lat'>²5</span> 
     </span>
     <span class='ocr_line' id='line_1_27' title="bbox 64 1540 767 1585; baseline 0.001 -12"><span class='ocrx_word' id='word_1_272' title='bbox 64 1540 166 1575; x_wconf 85' lang='lat' dir='ltr'>Abendonie</span> <span class='ocrx_word' id='word_1_273' title='bbox 177 1547 224 1583; x_wconf 90' lang='lat' dir='ltr'>nata,</span> <span class='ocrx_word' id='word_1_274' title='bbox 236 1551 269 1584; x_wconf 91' lang='lat' dir='ltr'>qne</span> <span class='ocrx_word' id='word_1_275' title='bbox 280 1541 337 1575; x_wconf 88' lang='lat' dir='ltr'>neruis</span> <span class='ocrx_word' id='word_1_276' title='bbox 350 1542 368 1575; x_wconf 94' lang='lat' dir='ltr'>in</span> <span class='ocrx_word' id='word_1_277' title='bbox 380 1542 445 1585; x_wconf 89' lang='lat' dir='ltr'>poplite</span> <span class='ocrx_word' id='word_1_278' title='bbox 458 1542 550 1576; x_wconf 87' lang='lat' dir='ltr'>contractis</span> <span class='ocrx_word' id='word_1_279' title='bbox 563 1553 574 1575; x_wconf 92' lang='lat' dir='ltr'>a</span> <span class='ocrx_word' id='word_1_280' title='bbox 587 1541 682 1582; x_wconf 87' lang='lat' dir='ltr'>natiuitate,</span> <span class='ocrx_word' id='word_1_281' title='bbox 693 1547 767 1583; x_wconf 80' lang='lat' dir='ltr'>cogente</span> 
     </span>
     <span class='ocr_line' id='line_1_28' title="bbox 64 1590 767 1635; baseline 0.001 -11"><span class='ocrx_word' id='word_1_282' title='bbox 64 1591 136 1634; x_wconf 87' lang='lat' dir='ltr'>penuria</span> <span class='ocrx_word' id='word_1_283' title='bbox 147 1591 208 1626; x_wconf 89' lang='lat' dir='ltr'>cubitis</span> <span class='ocrx_word' id='word_1_284' title='bbox 220 1597 237 1626; x_wconf 89' lang='lat' dir='ltr'>et</span> <span class='ocrx_word' id='word_1_285' title='bbox 248 1591 321 1634; x_wconf 86' lang='lat' dir='ltr'>genibus</span> <span class='ocrx_word' id='word_1_286' title='bbox 330 1591 416 1635; x_wconf 89' lang='lat' dir='ltr'>reptando</span> <span class='ocrx_word' id='word_1_287' title='bbox 426 1592 481 1635; x_wconf 87' lang='lat' dir='ltr'>potius</span> <span class='ocrx_word' id='word_1_288' title='bbox 492 1602 545 1635; x_wconf 92' lang='lat' dir='ltr'>quam</span> <span class='ocrx_word' id='word_1_289' title='bbox 554 1591 650 1626; x_wconf 89' lang='lat' dir='ltr'>incedendo</span> <span class='ocrx_word' id='word_1_290' title='bbox 660 1590 724 1625; x_wconf 88' lang='lat' dir='ltr'>uictum</span> <span class='ocrx_word' id='word_1_291' title='bbox 734 1590 767 1625; x_wconf 89' lang='lat' dir='ltr'>sibi</span> 
     </span>
     <span class='ocr_line' id='line_1_29' title="bbox 65 1642 767 1687; baseline 0.003 -12"><span class='ocrx_word' id='word_1_292' title='bbox 65 1642 170 1676; x_wconf 87' lang='lat' dir='ltr'>cotidianum</span> <span class='ocrx_word' id='word_1_293' title='bbox 184 1643 272 1676; x_wconf 88' lang='lat' dir='ltr'>hostiatim</span> <span class='ocrx_word' id='word_1_294' title='bbox 286 1643 402 1678; x_wconf 84' lang='lat' dir='ltr'>mendicabat.</span> <span class='ocrx_word' id='word_1_295' title='bbox 424 1644 476 1678; x_wconf 85' lang='lat' dir='ltr'>Hanc</span> <span class='ocrx_word' id='word_1_296' title='bbox 490 1654 532 1686; x_wconf 87' lang='lat' dir='ltr'>ergo</span> <span class='ocrx_word' id='word_1_297' title='bbox 547 1642 678 1687; x_wconf 87' lang='lat' dir='ltr'>superueniente</span> <span class='ocrx_word' id='word_1_298' title='bbox 694 1642 767 1677; x_wconf 84' lang='lat' dir='ltr'>sabbato</span> 
     </span>
     <span class='ocr_line' id='line_1_30' title="bbox 64 1692 767 1738; baseline 0 -11"><span class='ocrx_word' id='word_1_299' title='bbox 64 1700 125 1728; x_wconf 85' lang='lat' dir='ltr'>saneto</span> <span class='ocrx_word' id='word_1_300' title='bbox 136 1694 201 1736; x_wconf 91' lang='lat' dir='ltr'>pasche</span> <span class='ocrx_word' id='word_1_301' title='bbox 211 1694 288 1736; x_wconf 84' lang='lat' dir='ltr'>prefatus</span> <span class='ocrx_word' id='word_1_302' title='bbox 299 1694 384 1736; x_wconf 83' lang='lat' dir='ltr'>sacerdos,</span> <span class='ocrx_word' id='word_1_303' title='bbox 396 1694 470 1738; x_wconf 80' lang='lat' dir='ltr'>peractis</span> <span class='ocrx_word' id='word_1_304' title='bbox 482 1693 501 1728; x_wconf 93' lang='lat' dir='ltr'>in</span> <span class='ocrx_word' id='word_1_305' title='bbox 514 1694 587 1729; x_wconf 87' lang='lat' dir='ltr'>ecclesia</span> <span class='ocrx_word' id='word_1_306' title='bbox 601 1692 665 1728; x_wconf 88' lang='lat' dir='ltr'>diuinis</span> <span class='ocrx_word' id='word_1_307' title='bbox 675 1693 767 1737; x_wconf 89' lang='lat' dir='ltr'>obsequiis,</span> 
     </span>
     <span class='ocr_line' id='line_1_31' title="bbox 65 1743 795 1787; baseline 0.001 -11"><span class='ocrx_word' id='word_1_308' title='bbox 65 1743 83 1776; x_wconf 87' lang='lat' dir='ltr'>in</span> <span class='ocrx_word' id='word_1_309' title='bbox 92 1744 129 1777; x_wconf 83' lang='lat' dir='ltr'>foro</span> <span class='ocrx_word' id='word_1_310' title='bbox 140 1749 236 1787; x_wconf 87' lang='lat' dir='ltr'>reptantem</span> <span class='ocrx_word' id='word_1_311' title='bbox 247 1744 324 1778; x_wconf 82' lang='lat' dir='ltr'>inuenit:</span> <span class='ocrx_word' id='word_1_312' title='bbox 339 1754 378 1777; x_wconf 87' lang='lat' dir='ltr'>eam</span> <span class='ocrx_word' id='word_1_313' title='bbox 389 1745 412 1778; x_wconf 90' lang='lat' dir='ltr'>ad</span> <span class='ocrx_word' id='word_1_314' title='bbox 425 1745 496 1777; x_wconf 90' lang='lat' dir='ltr'>domum</span> <span class='ocrx_word' id='word_1_315' title='bbox 507 1755 556 1778; x_wconf 90' lang='lat' dir='ltr'>suam</span> <span class='ocrx_word' id='word_1_316' title='bbox 566 1743 643 1784; x_wconf 82' lang='lat' dir='ltr'>adduxit,</span> <span class='ocrx_word' id='word_1_317' title='bbox 654 1749 672 1777; x_wconf 90' lang='lat' dir='ltr'>et</span> <span class='ocrx_word' id='word_1_318' title='bbox 683 1744 766 1786; x_wconf 89' lang='lat' dir='ltr'>appositis</span> <span class='ocrx_word' id='word_1_319' title='bbox 774 1756 795 1786; x_wconf 76' lang='lat'>30</span> 
     </span>
     <span class='ocr_line' id='line_1_32' title="bbox 64 1792 766 1834; baseline 0.001 -9"><span class='ocrx_word' id='word_1_320' title='bbox 64 1792 150 1826; x_wconf 87' lang='lat' dir='ltr'>alimentis</span> <span class='ocrx_word' id='word_1_321' title='bbox 164 1792 234 1834; x_wconf 82' lang='lat' dir='ltr'>resecit3</span> <span class='ocrx_word' id='word_1_322' title='bbox 251 1793 314 1826; x_wconf 90' lang='lat' dir='ltr'>deinde</span> <span class='ocrx_word' id='word_1_323' title='bbox 329 1792 376 1826; x_wconf 89' lang='lat' dir='ltr'>illam</span> <span class='ocrx_word' id='word_1_324' title='bbox 391 1804 468 1827; x_wconf 91' lang='lat' dir='ltr'>seorsum</span> <span class='ocrx_word' id='word_1_325' title='bbox 481 1793 561 1834; x_wconf 85' lang='lat' dir='ltr'>aduocat,</span> <span class='ocrx_word' id='word_1_326' title='bbox 574 1793 647 1832; x_wconf 83' lang='lat' dir='ltr'>instruit,</span> <span class='ocrx_word' id='word_1_327' title='bbox 658 1792 736 1826; x_wconf 87' lang='lat' dir='ltr'>hortatur</span> <span class='ocrx_word' id='word_1_328' title='bbox 748 1799 766 1827; x_wconf 90' lang='lat' dir='ltr'>et</span> 
     </span>
     <span class='ocr_line' id='line_1_33' title="bbox 64 1842 766 1885; baseline 0.001 -10"><span class='ocrx_word' id='word_1_329' title='bbox 64 1848 123 1876; x_wconf 90' lang='lat' dir='ltr'>monet</span> <span class='ocrx_word' id='word_1_330' title='bbox 131 1848 149 1875; x_wconf 86' lang='lat' dir='ltr'>ut</span> <span class='ocrx_word' id='word_1_331' title='bbox 159 1844 173 1876; x_wconf 93' lang='lat' dir='ltr'>si</span> <span class='ocrx_word' id='word_1_332' title='bbox 182 1842 223 1876; x_wconf 88' lang='lat' dir='ltr'>uelit</span> <span class='ocrx_word' id='word_1_333' title='bbox 233 1842 307 1876; x_wconf 89' lang='lat' dir='ltr'>sanitate</span> <span class='ocrx_word' id='word_1_334' title='bbox 313 1843 371 1884; x_wconf 90' lang='lat' dir='ltr'>potiri,</span> <span class='ocrx_word' id='word_1_335' title='bbox 378 1843 424 1876; x_wconf 83' lang='lat' dir='ltr'>sacta</span> <span class='ocrx_word' id='word_1_336' title='bbox 433 1842 480 1885; x_wconf 90' lang='lat' dir='ltr'>prius</span> <span class='ocrx_word' id='word_1_337' title='bbox 491 1852 549 1876; x_wconf 90' lang='lat' dir='ltr'>coram</span> <span class='ocrx_word' id='word_1_338' title='bbox 557 1843 590 1876; x_wconf 89' lang='lat' dir='ltr'>deo</span> <span class='ocrx_word' id='word_1_339' title='bbox 600 1848 617 1875; x_wconf 88' lang='lat' dir='ltr'>et</span> <span class='ocrx_word' id='word_1_340' title='bbox 627 1843 690 1876; x_wconf 88' lang='lat' dir='ltr'>sanctis</span> <span class='ocrx_word' id='word_1_341' title='bbox 700 1843 766 1876; x_wconf 90' lang='lat' dir='ltr'>eiusde</span> 
     </span>
     <span class='ocr_line' id='line_1_34' title="bbox 64 1891 766 1936; baseline 0.001 -10"><span class='ocrx_word' id='word_1_342' title='bbox 64 1893 145 1926; x_wconf 90' lang='lat' dir='ltr'>omnibus</span> <span class='ocrx_word' id='word_1_343' title='bbox 153 1891 228 1936; x_wconf 87' lang='lat' dir='ltr'>peccatis</span> <span class='ocrx_word' id='word_1_344' title='bbox 239 1892 274 1926; x_wconf 90' lang='lat' dir='ltr'>suis</span> <span class='ocrx_word' id='word_1_345' title='bbox 284 1892 397 1934; x_wconf 79' lang='lat' dir='ltr'>confessione,</span> <span class='ocrx_word' id='word_1_346' title='bbox 404 1898 472 1927; x_wconf 90' lang='lat' dir='ltr'>noctem</span> <span class='ocrx_word' id='word_1_347' title='bbox 482 1892 576 1927; x_wconf 84' lang='lat' dir='ltr'>instantem</span> <span class='ocrx_word' id='word_1_348' title='bbox 585 1892 671 1927; x_wconf 88' lang='lat' dir='ltr'>dominice</span> <span class='ocrx_word' id='word_1_349' title='bbox 681 1903 766 1927; x_wconf 89' lang='lat' dir='ltr'>resurrec-</span> 
     </span>
     <span class='ocr_line' id='line_1_35' title="bbox 65 1943 765 1986; baseline 0.001 -9"><span class='ocrx_word' id='word_1_350' title='bbox 65 1943 116 1977; x_wconf 92' lang='lat' dir='ltr'>tionis</span> <span class='ocrx_word' id='word_1_351' title='bbox 126 1943 144 1977; x_wconf 90' lang='lat' dir='ltr'>in</span> <span class='ocrx_word' id='word_1_352' title='bbox 151 1943 224 1977; x_wconf 89' lang='lat' dir='ltr'>ecclesia</span> <span class='ocrx_word' id='word_1_353' title='bbox 231 1953 290 1977; x_wconf 90' lang='lat' dir='ltr'>coram</span> <span class='ocrx_word' id='word_1_354' title='bbox 297 1944 388 1986; x_wconf 88' lang='lat' dir='ltr'>sepulchro</span> <span class='ocrx_word' id='word_1_355' title='bbox 395 1943 450 1977; x_wconf 89' lang='lat' dir='ltr'>sancti</span> <span class='ocrx_word' id='word_1_356' title='bbox 458 1943 546 1986; x_wconf 84' lang='lat' dir='ltr'>uigilando</span> <span class='ocrx_word' id='word_1_357' title='bbox 553 1949 571 1977; x_wconf 89' lang='lat' dir='ltr'>et</span> <span class='ocrx_word' id='word_1_358' title='bbox 581 1944 647 1977; x_wconf 91' lang='lat' dir='ltr'>orando</span> <span class='ocrx_word' id='word_1_359' title='bbox 653 1943 765 1986; x_wconf 59' lang='lat' dir='ltr'>transigerem</span> 
     </span>
     <span class='ocr_line' id='line_1_36' title="bbox 64 1992 793 2037; baseline 0.003 -11"><span class='ocrx_word' id='word_1_360' title='bbox 64 1999 129 2037; x_wconf 85' lang='lat' dir='ltr'>peteret</span> <span class='ocrx_word' id='word_1_361' title='bbox 141 2000 199 2027; x_wconf 93' lang='lat' dir='ltr'>antem</span> <span class='ocrx_word' id='word_1_362' title='bbox 210 2004 221 2027; x_wconf 94' lang='lat' dir='ltr'>a</span> <span class='ocrx_word' id='word_1_363' title='bbox 232 1994 265 2026; x_wconf 90' lang='lat' dir='ltr'>deo</span> <span class='ocrx_word' id='word_1_364' title='bbox 277 1999 294 2027; x_wconf 88' lang='lat' dir='ltr'>et</span> <span class='ocrx_word' id='word_1_365' title='bbox 305 1994 404 2036; x_wconf 85' lang='lat' dir='ltr'>postularet,</span> <span class='ocrx_word' id='word_1_366' title='bbox 415 1994 433 2026; x_wconf 90' lang='lat' dir='ltr'>in</span> <span class='ocrx_word' id='word_1_367' title='bbox 444 1993 478 2027; x_wconf 89' lang='lat' dir='ltr'>fide</span> <span class='ocrx_word' id='word_1_368' title='bbox 489 1992 542 2027; x_wconf 82' lang='lat' dir='ltr'>nichil</span> <span class='ocrx_word' id='word_1_369' title='bbox 554 1993 634 2035; x_wconf 86' lang='lat' dir='ltr'>hesitans,</span> <span class='ocrx_word' id='word_1_370' title='bbox 645 1999 664 2027; x_wconf 87' lang='lat' dir='ltr'>ut</span> <span class='ocrx_word' id='word_1_371' title='bbox 676 1994 712 2028; x_wconf 90' lang='lat' dir='ltr'>eius</span> <span class='ocrx_word' id='word_1_372' title='bbox 723 1994 766 2028; x_wconf 91' lang='lat' dir='ltr'>deus</span> <span class='ocrx_word' id='word_1_373' title='bbox 774 2005 793 2036; x_wconf 78' lang='lat'>35</span> 
     </span>
     <span class='ocr_line' id='line_1_37' title="bbox 64 2042 766 2088; baseline 0.001 -10"><span class='ocrx_word' id='word_1_374' title='bbox 64 2043 189 2087; x_wconf 68' lang='lat' dir='ltr'>misereirehur</span> <span class='ocrx_word' id='word_1_375' title='bbox 196 2049 213 2078; x_wconf 88' lang='lat' dir='ltr'>et</span> <span class='ocrx_word' id='word_1_376' title='bbox 221 2054 252 2088; x_wconf 92' lang='lat' dir='ltr'>pro</span> <span class='ocrx_word' id='word_1_377' title='bbox 260 2054 319 2078; x_wconf 88' lang='lat' dir='ltr'>amore</span> <span class='ocrx_word' id='word_1_378' title='bbox 326 2042 381 2078; x_wconf 88' lang='lat' dir='ltr'>saneti</span> <span class='ocrx_word' id='word_1_379' title='bbox 389 2043 433 2077; x_wconf 86' lang='lat' dir='ltr'>illius</span> <span class='ocrx_word' id='word_1_380' title='bbox 441 2044 469 2087; x_wconf 88' lang='lat' dir='ltr'>qui</span> <span class='ocrx_word' id='word_1_381' title='bbox 477 2043 495 2077; x_wconf 92' lang='lat' dir='ltr'>in</span> <span class='ocrx_word' id='word_1_382' title='bbox 500 2044 562 2078; x_wconf 90' lang='lat' dir='ltr'>eodem</span> <span class='ocrx_word' id='word_1_383' title='bbox 569 2044 635 2078; x_wconf 87' lang='lat' dir='ltr'>tumulo</span> <span class='ocrx_word' id='word_1_384' title='bbox 643 2044 722 2078; x_wconf 87' lang='lat' dir='ltr'>conditus</span> <span class='ocrx_word' id='word_1_385' title='bbox 729 2050 766 2079; x_wconf 89' lang='lat' dir='ltr'>erat</span> 
     </span>
     <span class='ocr_line' id='line_1_38' title="bbox 64 2093 766 2137; baseline 0.001 -9"><span class='ocrx_word' id='word_1_386' title='bbox 64 2094 137 2128; x_wconf 87' lang='lat' dir='ltr'>salutem</span> <span class='ocrx_word' id='word_1_387' title='bbox 147 2094 162 2127; x_wconf 92' lang='lat' dir='ltr'>ei</span> <span class='ocrx_word' id='word_1_388' title='bbox 170 2094 263 2136; x_wconf 87' lang='lat' dir='ltr'>largiretur,</span> <span class='ocrx_word' id='word_1_389' title='bbox 271 2100 290 2127; x_wconf 86' lang='lat' dir='ltr'>vt</span> <span class='ocrx_word' id='word_1_390' title='bbox 297 2093 314 2127; x_wconf 88' lang='lat' dir='ltr'>in</span> <span class='ocrx_word' id='word_1_391' title='bbox 322 2094 359 2127; x_wconf 88' lang='lat' dir='ltr'>eius</span> <span class='ocrx_word' id='word_1_392' title='bbox 366 2094 440 2127; x_wconf 89' lang='lat' dir='ltr'>sanitate</span> <span class='ocrx_word' id='word_1_393' title='bbox 447 2094 515 2128; x_wconf 86' lang='lat' dir='ltr'>cunctis</span> <span class='ocrx_word' id='word_1_394' title='bbox 525 2094 638 2129; x_wconf 83' lang='lat' dir='ltr'>innotesceret</span> <span class='ocrx_word' id='word_1_395' title='bbox 648 2104 700 2137; x_wconf 89' lang='lat' dir='ltr'>quam</span> <span class='ocrx_word' id='word_1_396' title='bbox 711 2095 766 2129; x_wconf 90' lang='lat' dir='ltr'>instns</span> 
     </span>
    </p>

    <p class='ocr_par' dir='ltr' id='par_1_5' title="bbox 61 2144 794 2643">
     <span class='ocr_line' id='line_1_39' title="bbox 64 2144 766 2188; baseline 0.001 -11"><span class='ocrx_word' id='word_1_397' title='bbox 64 2150 82 2178; x_wconf 91' lang='lat' dir='ltr'>et</span> <span class='ocrx_word' id='word_1_398' title='bbox 89 2155 142 2188; x_wconf 91' lang='lat' dir='ltr'>quam</span> <span class='ocrx_word' id='word_1_399' title='bbox 149 2150 219 2178; x_wconf 90' lang='lat' dir='ltr'>sanctus</span> <span class='ocrx_word' id='word_1_400' title='bbox 228 2150 245 2178; x_wconf 88' lang='lat' dir='ltr'>et</span> <span class='ocrx_word' id='word_1_401' title='bbox 252 2154 304 2186; x_wconf 89' lang='lat' dir='ltr'>quam</span> <span class='ocrx_word' id='word_1_402' title='bbox 311 2154 351 2177; x_wconf 91' lang='lat' dir='ltr'>uere</span> <span class='ocrx_word' id='word_1_403' title='bbox 360 2144 393 2177; x_wconf 90' lang='lat' dir='ltr'>deo</span> <span class='ocrx_word' id='word_1_404' title='bbox 401 2144 472 2178; x_wconf 88' lang='lat' dir='ltr'>dilectus</span> <span class='ocrx_word' id='word_1_405' title='bbox 482 2144 561 2178; x_wconf 82' lang='lat' dir='ltr'>existeret</span> <span class='ocrx_word' id='word_1_406' title='bbox 571 2144 619 2177; x_wconf 87' lang='lat' dir='ltr'>cuius</span> <span class='ocrx_word' id='word_1_407' title='bbox 629 2144 647 2177; x_wconf 93' lang='lat' dir='ltr'>in</span> <span class='ocrx_word' id='word_1_408' title='bbox 658 2145 719 2178; x_wconf 90' lang='lat' dir='ltr'>eodem</span> <span class='ocrx_word' id='word_1_409' title='bbox 728 2145 766 2178; x_wconf 87' lang='lat' dir='ltr'>loco</span> 
     </span>
     <span class='ocr_line' id='line_1_40' title="bbox 63 2193 766 2240; baseline 0 -11"><span class='ocrx_word' id='word_1_410' title='bbox 63 2195 172 2238; x_wconf 85' lang='lat' dir='ltr'>sepulchrum</span> <span class='ocrx_word' id='word_1_411' title='bbox 184 2195 317 2229; x_wconf 80' lang='lat' dir='ltr'>monstrabatur.</span> <span class='ocrx_word' id='word_1_412' title='bbox 339 2194 380 2228; x_wconf 81' lang='lat' dir='ltr'>Hiis</span> <span class='ocrx_word' id='word_1_413' title='bbox 391 2194 459 2237; x_wconf 90' lang='lat' dir='ltr'>auditis,</span> <span class='ocrx_word' id='word_1_414' title='bbox 467 2194 496 2228; x_wconf 89' lang='lat' dir='ltr'>illa</span> <span class='ocrx_word' id='word_1_415' title='bbox 506 2193 574 2238; x_wconf 85' lang='lat' dir='ltr'>gracias</span> <span class='ocrx_word' id='word_1_416' title='bbox 585 2193 626 2237; x_wconf 86' lang='lat' dir='ltr'>agit,</span> <span class='ocrx_word' id='word_1_417' title='bbox 633 2201 651 2229; x_wconf 83' lang='lat' dir='ltr'>et</span> <span class='ocrx_word' id='word_1_418' title='bbox 661 2201 723 2229; x_wconf 87' lang='lat' dir='ltr'>cuncta</span> <span class='ocrx_word' id='word_1_419' title='bbox 733 2206 766 2240; x_wconf 91' lang='lat' dir='ltr'>que</span> 
     </span>
     <span class='ocr_line' id='line_1_41' title="bbox 63 2245 794 2290; baseline 0 -11"><span class='ocrx_word' id='word_1_420' title='bbox 63 2245 111 2280; x_wconf 91' lang='lat' dir='ltr'>illam</span> <span class='ocrx_word' id='word_1_421' title='bbox 117 2246 196 2280; x_wconf 86' lang='lat' dir='ltr'>sacerdos</span> <span class='ocrx_word' id='word_1_422' title='bbox 204 2245 296 2289; x_wconf 90' lang='lat' dir='ltr'>[h]ortatus</span> <span class='ocrx_word' id='word_1_423' title='bbox 302 2252 338 2279; x_wconf 90' lang='lat' dir='ltr'>erat</span> <span class='ocrx_word' id='word_1_424' title='bbox 343 2245 405 2287; x_wconf 82' lang='lat' dir='ltr'>facere,</span> <span class='ocrx_word' id='word_1_425' title='bbox 411 2245 521 2279; x_wconf 86' lang='lat' dir='ltr'>deuotissime</span> <span class='ocrx_word' id='word_1_426' title='bbox 527 2245 591 2280; x_wconf 88' lang='lat' dir='ltr'>studuit</span> <span class='ocrx_word' id='word_1_427' title='bbox 597 2245 697 2290; x_wconf 83' lang='lat' dir='ltr'>adimplere.</span> <span class='ocrx_word' id='word_1_428' title='bbox 712 2246 794 2289; x_wconf 65' lang='lat' dir='ltr'>Igitnrao</span> 
     </span>
     <span class='ocr_line' id='line_1_42' title="bbox 64 2295 766 2339; baseline 0.001 -10"><span class='ocrx_word' id='word_1_429' title='bbox 64 2296 94 2329; x_wconf 92' lang='lat' dir='ltr'>ubi</span> <span class='ocrx_word' id='word_1_430' title='bbox 107 2298 210 2330; x_wconf 87' lang='lat' dir='ltr'>adueniente</span> <span class='ocrx_word' id='word_1_431' title='bbox 224 2306 297 2339; x_wconf 86' lang='lat' dir='ltr'>uespera</span> <span class='ocrx_word' id='word_1_432' title='bbox 311 2301 379 2338; x_wconf 86' lang='lat' dir='ltr'>tempus</span> <span class='ocrx_word' id='word_1_433' title='bbox 392 2295 454 2338; x_wconf 90' lang='lat' dir='ltr'>quietis</span> <span class='ocrx_word' id='word_1_434' title='bbox 467 2295 616 2339; x_wconf 88' lang='lat' dir='ltr'>appropinquanit‚</span> <span class='ocrx_word' id='word_1_435' title='bbox 632 2297 712 2330; x_wconf 90' lang='lat' dir='ltr'>sacerdos</span> <span class='ocrx_word' id='word_1_436' title='bbox 727 2308 766 2330; x_wconf 85' lang='lat' dir='ltr'>curn</span> 
     </span>
     <span class='ocr_line' id='line_1_43' title="bbox 64 2345 765 2389; baseline 0 -10"><span class='ocrx_word' id='word_1_437' title='bbox 64 2345 129 2379; x_wconf 90' lang='lat' dir='ltr'>clericis</span> <span class='ocrx_word' id='word_1_438' title='bbox 140 2347 180 2387; x_wconf 91' lang='lat' dir='ltr'>suis,</span> <span class='ocrx_word' id='word_1_439' title='bbox 188 2346 250 2380; x_wconf 86' lang='lat' dir='ltr'>clausis</span> <span class='ocrx_word' id='word_1_440' title='bbox 260 2345 310 2379; x_wconf 88' lang='lat' dir='ltr'>solito</span> <span class='ocrx_word' id='word_1_441' title='bbox 317 2355 365 2379; x_wconf 89' lang='lat' dir='ltr'>more</span> <span class='ocrx_word' id='word_1_442' title='bbox 372 2345 432 2379; x_wconf 90' lang='lat' dir='ltr'>hostiis</span> <span class='ocrx_word' id='word_1_443' title='bbox 442 2345 519 2388; x_wconf 89' lang='lat' dir='ltr'>ecclesie,</span> <span class='ocrx_word' id='word_1_444' title='bbox 527 2346 600 2389; x_wconf 87' lang='lat' dir='ltr'>propriis</span> <span class='ocrx_word' id='word_1_445' title='bbox 610 2347 703 2380; x_wconf 88' lang='lat' dir='ltr'>succedunt</span> <span class='ocrx_word' id='word_1_446' title='bbox 711 2346 765 2387; x_wconf 82' lang='lat' dir='ltr'>tectis,</span> 
     </span>
     <span class='ocr_line' id='line_1_44' title="bbox 64 2395 766 2439; baseline 0.001 -10"><span class='ocrx_word' id='word_1_447' title='bbox 64 2396 141 2439; x_wconf 91' lang='lat' dir='ltr'>predicta</span> <span class='ocrx_word' id='word_1_448' title='bbox 148 2397 206 2438; x_wconf 88' lang='lat' dir='ltr'>puella</span> <span class='ocrx_word' id='word_1_449' title='bbox 214 2396 284 2429; x_wconf 87' lang='lat' dir='ltr'>interius</span> <span class='ocrx_word' id='word_1_450' title='bbox 291 2396 337 2429; x_wconf 84' lang='lat' dir='ltr'>iuxta</span> <span class='ocrx_word' id='word_1_451' title='bbox 345 2395 400 2429; x_wconf 87' lang='lat' dir='ltr'>sancti</span> <span class='ocrx_word' id='word_1_452' title='bbox 408 2396 518 2438; x_wconf 88' lang='lat' dir='ltr'>sepulchrum</span> <span class='ocrx_word' id='word_1_453' title='bbox 525 2396 589 2430; x_wconf 85' lang='lat' dir='ltr'>relicta¹</span> <span class='ocrx_word' id='word_1_454' title='bbox 612 2397 650 2437; x_wconf 85' lang='lat' dir='ltr'>Que</span> <span class='ocrx_word' id='word_1_455' title='bbox 657 2406 696 2429; x_wconf 87' lang='lat' dir='ltr'>cnm</span> <span class='ocrx_word' id='word_1_456' title='bbox 703 2396 766 2430; x_wconf 89' lang='lat' dir='ltr'>deuote</span> 
     </span>
     <span class='ocr_line' id='line_1_45' title="bbox 63 2445 765 2490; baseline 0 -11"><span class='ocrx_word' id='word_1_457' title='bbox 63 2446 143 2490; x_wconf 90' lang='lat' dir='ltr'>precibus</span> <span class='ocrx_word' id='word_1_458' title='bbox 154 2446 228 2480; x_wconf 88' lang='lat' dir='ltr'>assiduis</span> <span class='ocrx_word' id='word_1_459' title='bbox 239 2446 325 2481; x_wconf 88' lang='lat' dir='ltr'>insisteret</span> <span class='ocrx_word' id='word_1_460' title='bbox 336 2451 353 2480; x_wconf 89' lang='lat' dir='ltr'>et</span> <span class='ocrx_word' id='word_1_461' title='bbox 364 2457 375 2479; x_wconf 91' lang='lat' dir='ltr'>a</span> <span class='ocrx_word' id='word_1_462' title='bbox 383 2446 416 2480; x_wconf 91' lang='lat' dir='ltr'>deo</span> <span class='ocrx_word' id='word_1_463' title='bbox 428 2445 506 2480; x_wconf 89' lang='lat' dir='ltr'>sanitatis</span> <span class='ocrx_word' id='word_1_464' title='bbox 517 2446 597 2489; x_wconf 87' lang='lat' dir='ltr'>graciam,</span> <span class='ocrx_word' id='word_1_465' title='bbox 605 2453 623 2480; x_wconf 89' lang='lat' dir='ltr'>ut</span> <span class='ocrx_word' id='word_1_466' title='bbox 632 2446 688 2480; x_wconf 85' lang='lat' dir='ltr'>suerat</span> <span class='ocrx_word' id='word_1_467' title='bbox 699 2446 765 2487; x_wconf 86' lang='lat' dir='ltr'>edocta,</span> 
     </span>
     <span class='ocr_line' id='line_1_46' title="bbox 64 2496 793 2541; baseline 0.003 -11"><span class='ocrx_word' id='word_1_468' title='bbox 64 2497 167 2540; x_wconf 81' lang='lat' dir='ltr'>postularet;</span> <span class='ocrx_word' id='word_1_469' title='bbox 180 2497 237 2531; x_wconf 92' lang='lat' dir='ltr'>subito</span> <span class='ocrx_word' id='word_1_470' title='bbox 247 2498 350 2541; x_wconf 89' lang='lat' dir='ltr'>intempeste</span> <span class='ocrx_word' id='word_1_471' title='bbox 361 2496 417 2531; x_wconf 87' lang='lat' dir='ltr'>noetis</span> <span class='ocrx_word' id='word_1_472' title='bbox 428 2496 505 2538; x_wconf 89' lang='lat' dir='ltr'>silencio,</span> <span class='ocrx_word' id='word_1_473' title='bbox 512 2498 545 2531; x_wconf 94' lang='lat' dir='ltr'>deo</span> <span class='ocrx_word' id='word_1_474' title='bbox 554 2496 647 2531; x_wconf 89' lang='lat' dir='ltr'>miserante</span> <span class='ocrx_word' id='word_1_475' title='bbox 656 2496 685 2540; x_wconf 90' lang='lat' dir='ltr'>qui</span> <span class='ocrx_word' id='word_1_476' title='bbox 696 2503 765 2532; x_wconf 89' lang='lat' dir='ltr'>sanctos</span> <span class='ocrx_word' id='word_1_477' title='bbox 773 2507 793 2540; x_wconf 82' lang='lat'>45</span> 
     </span>
     <span class='ocr_line' id='line_1_47' title="bbox 61 2546 765 2589; baseline 0.001 -10"><span class='ocrx_word' id='word_1_478' title='bbox 61 2557 104 2580; x_wconf 85' lang='lat' dir='ltr'>suos</span> <span class='ocrx_word' id='word_1_479' title='bbox 111 2546 196 2588; x_wconf 87' lang='lat' dir='ltr'>mirificat,</span> <span class='ocrx_word' id='word_1_480' title='bbox 202 2547 248 2580; x_wconf 86' lang='lat' dir='ltr'>uidet</span> <span class='ocrx_word' id='word_1_481' title='bbox 254 2547 285 2585; x_wconf 82' lang='lat' dir='ltr'>illa</span> <span class='ocrx_word' id='word_1_482' title='bbox 291 2553 345 2580; x_wconf 87' lang='lat' dir='ltr'>totam</span> <span class='ocrx_word' id='word_1_483' title='bbox 351 2547 503 2581; x_wconf 89' lang='lat' dir='ltr'>ecclesiamcelesti</span> <span class='ocrx_word' id='word_1_484' title='bbox 508 2548 574 2589; x_wconf 74' lang='lat' dir='ltr'>fulgore</span> <span class='ocrx_word' id='word_1_485' title='bbox 579 2547 662 2586; x_wconf 85' lang='lat' dir='ltr'>illustrari,</span> <span class='ocrx_word' id='word_1_486' title='bbox 668 2547 765 2581; x_wconf 85' lang='lat' dir='ltr'>columbam</span> 
     </span>
     <span class='ocr_line' id='line_1_48' title="bbox 65 2595 766 2643; baseline 0.001 -13"><span class='ocrx_word' id='word_1_487' title='bbox 65 2607 133 2643; x_wconf 89' lang='lat' dir='ltr'>quoque</span> <span class='ocrx_word' id='word_1_488' title='bbox 144 2596 190 2632; x_wconf 90' lang='lat' dir='ltr'>niuei</span> <span class='ocrx_word' id='word_1_489' title='bbox 202 2596 264 2632; x_wconf 90' lang='lat' dir='ltr'>coloris</span> <span class='ocrx_word' id='word_1_490' title='bbox 276 2608 307 2642; x_wconf 87' lang='lat' dir='ltr'>per</span> <span class='ocrx_word' id='word_1_491' title='bbox 318 2597 408 2633; x_wconf 86' lang='lat' dir='ltr'>eeclesiam</span> <span class='ocrx_word' id='word_1_492' title='bbox 420 2598 454 2632; x_wconf 91' lang='lat' dir='ltr'>huc</span> <span class='ocrx_word' id='word_1_493' title='bbox 466 2597 540 2641; x_wconf 84' lang='lat' dir='ltr'>illucque</span> <span class='ocrx_word' id='word_1_494' title='bbox 552 2595 624 2631; x_wconf 86' lang='lat' dir='ltr'>uolitare</span> <span class='ocrx_word' id='word_1_495' title='bbox 635 2602 653 2631; x_wconf 90' lang='lat' dir='ltr'>et</span> <span class='ocrx_word' id='word_1_496' title='bbox 665 2596 736 2632; x_wconf 88' lang='lat' dir='ltr'>tandem</span> <span class='ocrx_word' id='word_1_497' title='bbox 748 2596 766 2631; x_wconf 90' lang='lat' dir='ltr'>in</span> 
     </span>
    </p>
   </div>
   <div class='ocr_carea' id='block_1_3' title="bbox 0 0 886 2803">
    <p class='ocr_par' dir='ltr' id='par_1_6' title="bbox 0 0 886 2803">
     <span class='ocr_line' id='line_1_49' title="bbox 0 0 886 2803; baseline 0 0"><span class='ocrx_word' id='word_1_498' title='bbox 0 0 886 2803; x_wconf 95' lang='lat' dir='ltr'> </span> 
     </span>
    </p>
   </div>
  </div>
 </body>
</html>
