1762 2803
133 126 182 212 322'
280 211 281 214 ,
322 159 402 211 mnus
416 157 533 220 trumba
548 156 641 220 anuto.

133 281 235 325 rubrasque
247 290 288 313 cum
300 280 390 322 capitibus
401 278 458 313 albis!
481 279 563 322 Quesitis
570 291 615 315 vero
625 280 697 322 talibus,
705 290 739 315 nec
747 280 835 323 inuentis,

133 333 218 377 peruenit
229 333 303 368 tandem
318 333 341 366 ad
357 338 441 366 sanctum
457 332 548 373 Piranum,
563 339 581 367 et
592 334 639 366 duos
653 332 773 366 Brendanos¹
784 333 835 366 viros

133 392 208 421 sanctos
223 396 286 421 secum
301 385 377 419 inuenit.
400 385 423 419 Et
438 386 513 430 gauisus
526 397 560 430 pro
573 386 681 430 hospitibus,
696 385 774 420 Piranus
789 384 835 419 dixit

133 449 191 482 puero
202 451 246 474 suo:
261 439 318 481 ‘Quid
331 439 388 473 habes
400 439 435 473 sub
447 450 503 474 manu
514 445 545 474 tua
556 444 575 473 vt
587 439 655 473 nostris
666 438 770 483 hospitibus
781 440 836 473 detur

117 493 168 527 5hac
179 493 252 527 noctel’
275 492 331 535 ‘qu
339 491 403 537 inquit,
413 503 450 526 non
462 493 521 527 habeo
533 492 568 527 nisi
580 493 677 527 humerum
685 492 734 535 suis;
746 498 765 527 et
776 491 835 536 cogito

133 547 182 590 quod
195 546 235 580 dies
248 544 310 580 ieiunii
324 550 352 580 est
365 551 384 580 et
398 552 472 590 tempus
485 545 635 590 quadragesime.¹
658 545 692 580 Cui
707 545 784 580 Piranus
799 545 835 580 ait:

133 600 137 616 ⁴
144 599 193 633 Pone
202 599 254 633 illum
262 609 324 633 coram
332 599 436 643 hospitibus
444 600 512 633 nostris
518 599 524 618 ²
531 604 550 633 vt
562 599 664 640 comedant,
673 604 691 632 et
699 600 731 633 fiet
738 599 774 633 illis
782 598 836 643 panis

133 655 151 684 rt
165 651 210 693 olus,
223 651 280 696 piscis
292 656 309 685 et
322 651 365 694 mel,
378 651 422 695 [et]³
437 652 498 685 oleum
513 657 531 684 et
543 651 617 685 vinum!
654 652 698 684 Erat
712 657 773 685 autem
788 652 836 685 inter

134 703 216 748 hospites
229 704 304 749 quidam
319 704 381 748 laicus,
393 703 477 749 quicum
492 704 558 739 ceteris
570 705 667 739 comedere
682 714 717 749 per
730 703 836 749 superbiam

107 763 126 784 10
133 756 267 802 indignabatur.
290 758 324 792 Cui
334 759 399 792 beatus
408 758 485 792 Piranus
494 768 528 802 pro
539 758 625 802 superbia
635 757 675 792 eius
685 754 738 802 quasi
748 758 836 798 offensus,

134 809 153 844 in
164 811 230 855 spiritu
240 811 270 845 dei
282 811 342 845 futura
354 811 454 855 preuidens
466 812 501 845 ait:
514 810 546 844 ‘In
557 821 623 854 penam
635 809 690 845 huius
702 812 788 856 superbie
799 816 836 851 tue,

134 865 183 906 quod
192 875 233 898 cum
241 864 281 897 aliis
289 864 394 907 hospitibus
404 864 472 898 nostris
483 864 580 898 comedere
587 864 721 908 contempsisti,
729 874 804 898 carnem
812 865 836 899 de

134 916 186 950 asina
195 917 214 950 in
226 916 295 950 ieiunio
306 915 460 960 quadragesimali
470 920 512 950 ante
519 916 588 960 pascha
599 916 685 950 comedes
697 921 715 950 et
725 916 744 950 in
752 916 782 950 illa
790 917 836 951 hora

135 970 157 1003 ab
166 969 244 1004 inimicis
252 971 288 1002 tuis
297 969 388 1012 iugulatus
399 974 417 1003 et
425 969 529 1009 decollatus,
538 980 549 1002 a
556 979 613 1012 regno
621 969 651 1003 del
661 968 732 1004 alienus
743 969 790 1004 eris!
813 968 837 1004 Et

108 1027 126 1057 15
135 1022 202 1057 factum
211 1026 239 1057 est
247 1022 276 1057 ita.
299 1022 321 1056 ln
329 1022 408 1056 crastino
418 1028 478 1056 autem
487 1022 570 1057 Geranus
578 1033 619 1056 cum
627 1021 754 1057 benedictione
764 1022 798 1057 viri
806 1023 836 1057 dei

134 1087 215 1120 pergens
223 1074 275 1109 iuxta
282 1076 341 1119 ripam
349 1075 444 1109 cuiusdam
453 1075 539 1117 fluminis,
544 1081 616 1118 septem
623 1086 688 1111 vaccas
696 1075 736 1110 sine
744 1076 836 1119 cornibus,

135 1129 217 1173 hispidas
226 1134 243 1162 et
251 1129 317 1175 rubras
325 1139 367 1163 cum
373 1129 463 1172 capitibus
471 1127 516 1163 albis
524 1127 604 1163 inuenit:
617 1134 635 1164 et
643 1129 682 1174 regi
690 1139 724 1174 pro
730 1139 763 1164 sua
770 1129 837 1164 libera·

134 1182 183 1217 tione
191 1181 246 1217 dedit.
270 1182 328 1216 Nocte
336 1187 398 1216 autem
406 1181 491 1225 sequenti
499 1180 629 1225 disparuerunt
641 1187 659 1216 et
669 1193 761 1226 nusquam
771 1188 836 1226 postea

134 1234 154 1270 in
164 1240 213 1271 terra
223 1235 253 1269 illa
261 1235 301 1269 vise
309 1240 357 1270 sunt.
402 1227 454 1269 Puer
461 1234 535 1278 quidam
547 1245 612 1268 seruus
621 1235 694 1277 Geram,
703 1234 774 1269 diabolo
786 1235 836 1269 insti-

108 1295 127 1316 20
135 1294 189 1331 gante
196 1290 259 1331 ignem
267 1289 302 1321 sub
311 1288 383 1331 liquore
391 1288 459 1330 potus⁴
467 1289 597 1321 monachorum
607 1288 667 1322 Piranl
675 1288 758 1322 extinxit.
781 1289 804 1322 Et
812 1288 837 1322 ait

135 1340 221 1375 fratribus
230 1339 317 1375 Pisanus:
330 1339 390 1373 ‘Ecce
400 1339 448 1383 ignis
459 1344 522 1374 noster
532 1351 543 1373 a
555 1340 651 1373 maledicto
661 1351 719 1384 puero
728 1340 795 1374 Gerani
804 1352 837 1375 ex-

135 1394 202 1429 tinctus
215 1398 254 1430 est:
272 1393 291 1427 in
305 1393 340 1428 hoc
356 1393 395 1427 loco
410 1392 458 1438 ignis
473 1403 510 1426 non
525 1392 564 1434 erit,
577 1394 636 1427 donec
649 1405 661 1427 a
673 1393 708 1427 deo
722 1393 776 1427 nobis
789 1392 837 1437 ignis

135 1447 230 1482 adueniat!
252 1446 302 1481 Puer
316 1451 378 1480 autem
393 1445 424 1479 ille
440 1445 469 1480 die
484 1447 563 1480 crastina
574 1447 593 1480 in
609 1447 655 1481 silua
670 1458 681 1480 a
696 1447 744 1490 lupis
759 1446 837 1488 occisus,

136 1506 219 1535 mortuus
230 1499 305 1534 iacebat.
327 1500 445 1534 Adueniente
456 1505 518 1532 autem
530 1499 608 1541 Gerano,
619 1499 675 1533 exlult
687 1500 765 1534 Piranus
776 1500 837 1535 foras:

109 1559 126 1587 ²⁵
136 1558 154 1586 et
163 1554 204 1586 fusa
211 1554 234 1587 ad
242 1554 298 1586 deum
306 1563 367 1595 prece,
376 1552 424 1595 ignis
432 1552 455 1585 de
467 1551 506 1585 celo
517 1552 536 1585 in
548 1552 638 1595 gremium
645 1553 693 1587 illius
703 1553 773 1593 cecidit,
781 1564 837 1597 quem

136 1607 159 1639 ad
175 1605 274 1649 hospitium
285 1604 367 1639 vestibus
382 1604 439 1637 illesis
453 1603 522 1637 detulit
545 1605 636 1647 Apposita
651 1611 712 1639 autem
728 1615 779 1647 cena,
792 1605 838 1640 dixit

137 1658 221 1693 Geranus
229 1669 233 1692 ε
246 1657 278 1692 ‘ln
286 1657 326 1692 loco
334 1657 369 1691 isto
377 1667 414 1691 non
423 1658 524 1699 comedam,
532 1658 591 1691 donec
598 1668 646 1702 puer
653 1669 705 1692 meus
713 1658 766 1692 viuus
776 1659 798 1692 ad
807 1670 838 1692 me

135 1712 208 1746 veniat!
232 1711 255 1745 Et
266 1716 330 1744 orante
337 1711 409 1753 Pirano,
417 1721 464 1755 puer
475 1722 486 1744 a
496 1716 556 1744 morte
567 1722 672 1755 resurgens,
679 1711 729 1746 venit
741 1713 764 1745 ad
776 1723 808 1746 eos
819 1717 838 1747 et

136 1765 215 1799 comedit
225 1775 266 1797 curn
278 1764 318 1797 illis.
364 1756 435 1797 Iterum
444 1764 541 1806 aquodam
549 1764 605 1798 fratre
613 1764 694 1798 extincto
701 1765 749 1808 igne,
757 1764 837 1809 lapidem

109 1825 128 1854 30
136 1818 239 1852 benedixit:
252 1822 270 1850 et
278 1816 339 1850 statim
346 1816 425 1850 flammis
433 1817 499 1850 ardere
507 1816 565 1860 cepit:
578 1822 596 1851 et
604 1816 658 1852 nudis
666 1817 750 1852 manibus
758 1817 838 1862 lapidem

136 1880 239 1911 assumens,
249 1870 272 1903 ad
280 1873 363 1903 sanctum
372 1868 471 1903 Rodanum
478 1869 484 1889 ⁵
492 1869 530 1912 (qui
542 1870 565 1903 ad
577 1869 715 1903 califaciendum
727 1881 747 1903 se
755 1871 838 1912 venerat)

136 1924 177 1958 sine
191 1922 262 1957 lesione
277 1921 386 1966 deportauit.
430 1914 488 1956 “Alio
499 1926 582 1966 tempore
593 1927 656 1957 sancta
666 1922 766 1966 Wingella,
780 1928 839 1958 mater

136 1977 194 2011 sancti
210 1976 277 2019 Pirani,
292 1987 329 2010 non
345 1976 409 2020 procul
425 1987 466 2009 cum
485 1975 524 2009 suis
538 1975 640 2020 virginibus
656 1975 753 2019 habitabat,
768 1975 839 2011 habens

136 2030 241 2074 alumpnam
248 2029 302 2063 ualde
310 2029 405 2073 pulchram
410 2029 484 2063 nomine
490 2028 590 2063 Brunetam
595 2029 607 2072 ⁷,
613 2029 707 2063 cuiusdam
715 2028 764 2074 regis
772 2029 838 2064 filiam:

109 2092 127 2121 35
137 2083 188 2117 cuius
196 2081 331 2126 pulchritudine
339 2092 373 2115 rex
381 2081 467 2125 quidam⁸
475 2081 550 2124 illectus,
557 2092 598 2116 eam
606 2083 671 2127 rapuit,
679 2088 698 2117 et
705 2083 724 2116 in
732 2093 774 2116 arce
785 2082 840 2117 castri

137 2135 165 2168 sui
178 2134 240 2169 multis
252 2134 318 2167 dicbus
331 2133 424 2177 captiuam
437 2133 520 2168 detinuit.
544 2134 604 2176 Quam
619 2145 661 2168 cum
675 2134 755 2169 Piranus
769 2145 780 2169 a
795 2146 839 2178 rege

137 2193 213 2231 peteret,
229 2192 247 2220 et
262 2186 293 2219 ille
308 2197 345 2219 non
360 2187 491 2230 acquiesceret,
507 2186 543 2220 ait:
560 2186 618 2220 ‘Nolo
633 2187 680 2220 hanc
695 2187 792 2221 mulierem
807 2187 839 2221 tibi

138 2240 247 2284 relinquere,
259 2239 275 2273 si
290 2240 309 2273 in
324 2250 390 2273 aurora
405 2250 442 2273 vox
457 2238 527 2273 ciconie
542 2250 573 2273 me
588 2250 599 2273 a
613 2250 692 2283 sompno
707 2239 787 2274 excitare
802 2250 839 2275 non

137 2293 239 2337 contingat.¹
267 2292 311 2326 Erat
323 2292 373 2326 enirn
385 2291 451 2334 hiems,
463 2297 481 2326 et
492 2297 546 2325 nocte
559 2291 589 2325 illa
601 2292 633 2326 nix
645 2303 712 2336 magna
723 2294 840 2328 descendens

109 2357 130 2385 40
137 2351 217 2380 castrum
228 2349 246 2378 et
257 2349 313 2378 totam
324 2349 392 2378 terram
404 2344 481 2388 operuit,
493 2344 554 2379 locum
564 2345 595 2379 vbi
607 2344 684 2379 Piranus
696 2357 737 2379 cum
750 2346 789 2380 suis
800 2351 840 2380 erat

137 2410 174 2432 non
185 2396 249 2441 tetigit.
273 2396 294 2430 In
303 2407 345 2430 arce
353 2400 414 2430 autem
422 2396 471 2440 regis
480 2397 589 2431 inconsuete
597 2403 615 2431 et
623 2403 686 2432 contra
694 2405 779 2433 naturam
787 2409 840 2433 suam

137 2451 206 2487 ciconia
218 2451 303 2485 cantabat
314 2454 333 2483 et
346 2461 409 2493 regem
421 2461 432 2483 a
444 2461 522 2493 sompno
534 2449 630 2485 excitabat.
652 2451 704 2485 Tunc
716 2462 750 2486 rex
761 2462 841 2496 surgens

156 2535 161 2553 ¹
172 2544 194 2564 sc.
203 2534 277 2564 Breudan
285 2533 304 2562 oi
309 2532 396 2563 Cluainiert
404 2533 430 2572 (16
437 2532 483 2569 Mai),
490 2533 521 2563 and
528 2532 603 2563 Brendan
611 2533 629 2562 oi
634 2533 671 2564 Birr
679 2533 705 2575 (29
713 2534 766 2569 Noui.
804 2533 811 2550 ¹
821 2533 839 2564 E.

136 2576 199 2604 vestris.
244 2574 250 2591 ³
260 2583 278 2603 so
286 2572 303 2603 T.
309 2583 313 2608 ς
323 2582 354 2603 orn.
362 2572 377 2601 in
386 2573 404 2602 E.
445 2573 451 2590 ⁴
462 2573 506 2610 Colg.
515 2573 567 2610 ignem
574 2574 669 2611 paschalem.
713 2574 719 2591 ⁶
732 2574 817 2605 =Ruadan
824 2572 843 2602 os

137 2614 201 2643 Lothra‚
262 2613 268 2631 ⁵
278 2612 339 2649 Colgan
345 2621 379 2649 cap.
388 2621 412 2641 ro.
472 2611 478 2628 ⁷
490 2613 534 2649 Colg.
543 2613 637 2643 Bruinecha.
697 2613 703 2631 ¹
713 2623 735 2643 sc.
743 2614 815 2652 Dymma.
