1762 2803
229 104 276 160 or
291 103 390 157 sancto
406 103 564 156 tumtunm.
705 117 747 159 1³3

82 276 96 313 *J
109 269 143 310 Dr
154 276 235 311 sancro¹
250 270 371 311 Laurnnnco
383 286 531 311 naeniarrscoro
543 286 565 309 rr
577 273 710 309 conressonrl.

85 360 195 395 Amfrancus
210 361 322 395 venerabilis
337 361 469 395 cantuariensis
484 359 638 405 archiepiscopus,
652 370 676 394 en
691 359 747 393 nobili

107 413 175 448 ciuium
190 424 257 458 genere
273 414 329 459 Papie
344 415 438 455 oriundus,
453 419 471 448 et
488 414 507 447 in
526 413 610 458 primeua
629 417 677 447 etate
695 417 748 456 patre

44 466 124 509 orbatus,
137 478 179 502 curn
191 468 208 503 ei
219 468 319 502 succedere
331 468 413 510 deberet,
425 468 487 502 relicta
500 468 578 509 ciuitate,
590 476 653 500 amore
664 466 747 500 discendi

44 519 68 552 ad
81 519 141 554 studia
153 520 254 555 litterarum
269 520 351 563 perrexit
356 520 369 562 ³,
381 521 469 564 omnique
481 520 557 554 scientia
572 519 651 554 seculari
665 518 748 563 perfecte

44 571 124 605 imbutus
136 572 194 606 rediit.
218 573 290 606 Deinde
298 572 357 615 Alpes
364 572 456 606 transiens
464 578 482 606 et
493 572 512 605 in
522 571 654 606 Normanniam
664 570 765 614 veniens,5

44 628 63 657 et
70 624 191 659 considerans
202 625 251 669 quod
262 624 367 659 mortalium
378 630 452 669 captare
463 635 526 659 auram
535 624 606 658 vanitas
616 629 650 665 est,
658 623 720 659 statuit
727 630 747 659 vt

44 676 112 711 relictis
127 676 213 712 omnibus
226 677 320 712 Christum
333 683 446 722 sequeretur,
458 678 555 722 locumque
571 677 622 712 adire
638 676 747 721 disponebat

43 730 74 764 vbi
84 730 157 765 litterati
167 741 204 765 non
213 736 276 765 essent
285 732 316 774 qui
327 741 370 765 eum
381 730 446 765 honori
458 742 479 766 ac
491 730 594 766 reuerentia
606 730 700 765 haberent.
723 729 747 764 Et

43 784 135 818 transiens
149 795 184 828 per
196 784 261 819 siluam
266 784 278 826 ⁴,
290 784 353 818 incidit
368 785 387 818 in
399 784 485 825 latrones,
502 784 533 828 qui
544 788 609 818 cuncta
620 794 656 828 que
668 784 747 818 habebat

43 836 134 878 tollentes,
141 837 202 879 ligatis
210 847 221 870 a
228 842 280 881 tergo
289 836 379 878 manibus,
387 843 405 871 et
413 837 485 880 caputio
493 848 538 881 cape
546 843 588 871 ante
596 837 659 870 oculos
667 837 746 878 admoto,
755 845 775 866 ιο

43 888 168 923 abducentes¹⁵
176 899 218 923 eum
230 889 253 923 de
261 889 290 922 via
297 890 346 923 inter
353 890 445 923 condensa
456 889 533 923 frutecta
541 889 656 923 dimiserunt.
671 888 746 923 Talibus

43 940 131 984 angustiis
151 941 302 985 comprehensus,
317 943 391 976 nescius
409 942 453 986 quid
471 948 539 986 ageret,
554 953 608 976 suum
627 942 746 975 infortunium

43 994 181 1036 lamentabatur,
200 999 218 1029 et
233 995 251 1028 in
267 1004 287 1029 se
303 995 377 1029 tandem
396 1006 489 1037 reuersus,
501 988 560 1030 dixit:
586 993 675 1035 ‘Domine
694 994 746 1037 deus,

43 1052 113 1081 tantum
121 1052 194 1091 tempus
202 1048 221 1081 in
232 1047 319 1082 discendo
331 1048 412 1092 expendi
419 1053 438 1082 et
445 1059 513 1092 corpus
523 1048 640 1092 animumque
651 1047 670 1081 in
680 1047 746 1082 studiis

43 1099 144 1134 litterarum
155 1101 220 1140 attriui‚
232 1106 250 1134 et
260 1101 320 1134 adhuc
332 1102 424 1144 quomodo
436 1105 455 1134 te
467 1101 544 1134 debeam
556 1111 609 1135 orare
620 1106 674 1144 atque
686 1100 746 1135 laudis
755 1108 773 1138 15

43 1152 103 1187 officia
112 1152 158 1197 [tibi]
166 1153 273 1197 persoluere
281 1164 318 1188 non
326 1152 386 1189 didici.
409 1153 477 1188 Libera
484 1164 520 1195 me,
528 1153 609 1195 dominc,
616 1154 640 1188 de
648 1153 682 1188 hac
690 1152 745 1187 tribu·

43 1205 115 1246 latione,
124 1211 141 1238 et
149 1216 189 1249 ego,
197 1211 215 1239 te
225 1206 329 1247 auxiliante,
337 1206 363 1239 sic
370 1207 426 1240 vitam
435 1206 528 1250 corrigere
539 1211 557 1240 et
569 1205 665 1240 instituere
672 1206 746 1247 curabo,

42 1262 61 1291 vt
72 1258 104 1291 tibi
116 1258 187 1292 seruire
198 1258 269 1292 valeam
281 1263 299 1292 et
310 1259 377 1292 sciam!
400 1259 492 1302 Surgente
504 1268 575 1300 aurora,
586 1258 655 1292 audiuit
666 1259 745 1292 viatores

42 1310 78 1345 iter
93 1316 195 1354 carpentes,
212 1316 230 1345 ct
241 1310 289 1355 cepit
300 1310 430 1346 vociferando⁶
445 1312 468 1345 ab
480 1311 506 1345 eis
518 1312 606 1345 auxilium
617 1316 687 1357 petere.
709 1310 745 1353 Qui

42 1365 157 1407 accedentes,
165 1370 183 1398 et
191 1377 234 1399 eum
242 1364 341 1407 soluentes,
349 1365 462 1399 reduxerunt
472 1366 495 1399 ad
504 1366 558 1400 viam.
582 1366 605 1399 Et
615 1377 656 1400 cum
667 1364 745 1410 petisset
754 1373 774 1393 ²0

43 1417 65 1450 ab
77 1417 104 1451 eis
115 1423 134 1451 vt
146 1417 199 1452 vilius
212 1423 230 1451 et
242 1419 340 1462 pauperius
355 1419 403 1452 illius
415 1418 496 1461 regionis
508 1419 604 1453 cenobium
619 1418 653 1453 sibi
668 1419 745 1452 demon-

43 1474 128 1511 strarent,
143 1470 289 1514 responderunt:
309 1470 379 1504 ‘Vilius
394 1477 412 1504 et
427 1471 515 1505 abiectius
527 1471 659 1505 monasterium
674 1470 745 1504 nullum

43 1521 111 1555 scimus
123 1532 177 1566 quarn
192 1523 241 1555 istud
253 1524 302 1567 quod
315 1523 334 1556 in
346 1523 431 1566 proximo
440 1524 512 1557 edificat
522 1523 596 1567 quidam
608 1523 663 1557 homo
674 1521 715 1562 dei‚'
727 1527 745 1556 et

42 1574 160 1609 ostendentes
168 1575 185 1608 ei
192 1575 246 1616 viam,
254 1576 383 1609 discesserunt.
402 1575 449 1610 Cum
457 1579 518 1609 autem
526 1575 606 1610 Beccum
614 1574 690 1617 veniret,
698 1574 745 1608 forte

43 1632 85 1661 tunc
93 1626 149 1662 abbas
157 1627 258 1662 extruende
266 1626 335 1662 fornaci
344 1633 448 1673 occupatus
455 1627 535 1674 ipsemet
543 1628 653 1674 operabatur
660 1626 745 1663 manibus
754 1636 772 1668 ²⁵

42 1680 92 1715 suis:
105 1686 122 1714 et
130 1681 220 1715 accedens
228 1682 251 1714 ad
259 1691 302 1715 eum
310 1681 355 1715 dixit
363 1693 367 1716 :
380 1681 442 1716 ‘Deus
450 1687 468 1716 te
476 1682 546 1716 saluet!
570 1682 592 1716 Et
600 1683 657 1716 abbas
665 1693 669 1716 :
682 1683 686 1700 ¹
694 1681 745 1715 Deus

42 1730 177 1766 tebenedicat.'
205 1730 228 1766 Et
243 1731 322 1767 addidit:
339 1731 401 1768 ‘Esne
413 1731 550 1768 Lombardust’
579 1732 602 1768 Et
618 1732 659 1768 ille:
678 1732 745 1768 ‘Sum’

43 1783 66 1817 Et
78 1784 144 1818 iterum
156 1784 224 1818 abbas:
241 1785 302 1826 ‘Quid
313 1785 362 1819 visi¹
385 1785 515 1828 ‘Monachus⁷‚
527 1786 556 1828 ait,
568 1785 609 1820 fieri
620 1786 673 1820 volo?
691 1785 745 1819 Tunc

42 1837 99 1872 abbas
114 1836 194 1871 ostendit
209 1836 226 1871 ei
241 1838 330 1881 regulam.
360 1838 401 1882 Qua
416 1838 502 1883 perlecta,
517 1838 618 1883 respondit,
633 1838 695 1873 omnia
710 1839 745 1872 deo

42 1901 63 1925 se
70 1890 145 1925 iuuante
152 1889 230 1924 libenter
240 1891 331 1926 custodire
336 1891 347 1927 ⁸.
371 1891 411 1926 Hec
419 1892 496 1927 audiens
504 1893 561 1927 abbas
571 1892 662 1927 concessit
670 1892 687 1927 ei
695 1892 744 1935 quod
752 1901 773 1931 30

42 1944 121 1988 petebat.
143 1946 167 1977 At
174 1944 204 1977 ille
212 1944 311 1991 procidens
322 1944 340 1978 in
351 1944 416 1979 faciem
424 1945 539 1979 osculabatur
547 1946 605 1990 pedes
613 1946 658 1980 eius.
680 1944 744 1979 Abbas

42 1996 91 2030 enim
107 1996 225 2030 Herlwinus⁸
239 1998 305 2041 gaudio
320 1998 402 2042 repletus
417 2003 445 2033 est
460 2009 497 2032 non
512 1998 590 2041 modico,
602 1999 644 2043 quia
657 1997 744 2033 credebat

42 2060 107 2092 preces
118 2060 161 2083 suas
172 2060 182 2082 a
192 2050 227 2083 deo
239 2060 281 2083 esse
293 2051 399 2085 exauditas:
412 2051 460 2084 Nam
471 2052 513 2094 quia
524 2057 631 2094 sumptuum
642 2061 744 2093 congeren-

42 2101 107 2136 dorum
119 2100 219 2135 necessitas
230 2101 281 2134 illum
292 2107 344 2136 extra
356 2103 455 2137 claustrum
467 2102 558 2137 demorari
570 2104 651 2148 cogebat,
659 2113 693 2139 nec
705 2109 744 2138 erat

42 2155 73 2199 qui
81 2155 176 2200 presidere
183 2160 201 2189 et
209 2154 316 2199 religionem
324 2156 373 2192 intus
381 2166 456 2192 seruare
463 2162 533 2202 posset,
541 2158 596 2193 deum
605 2157 671 2203 iugiter
678 2167 743 2192 exora·
752 2166 772 2198 35

41 2214 93 2242 uerat
100 2213 120 2241 vt
127 2207 162 2242 sibi
169 2208 256 2242 auxilium
264 2208 357 2242 sufficiens
365 2210 388 2243 ad
396 2210 458 2243 omnia
463 2211 574 2254 queagenda
579 2211 638 2245 forent
643 2210 744 2245 concedere

42 2258 153 2302 dignaretur.
176 2258 244 2302 Sicque
251 2258 270 2292 in
282 2258 362 2293 maxima
373 2259 474 2295 humilitate
486 2266 504 2294 et
512 2260 615 2295 obedientia
624 2260 744 2295 Lamfrancus

41 2323 76 2355 per
86 2312 185 2345 triennium
196 2313 231 2345 deo
242 2311 323 2345 seruiuit.
346 2313 384 2346 Nec
396 2314 446 2346 enim
458 2314 556 2347 lectionem
567 2315 585 2347 in
597 2314 674 2349 ecclesia
682 2315 744 2357 legere

61 2384 67 2402 ¹
77 2384 95 2415 T.
103 2394 150 2414 seruo
157 2384 193 2421 dei;
203 2384 221 2414 E.
229 2388 288 2414 sancto.
354 2384 360 2402 ²
369 2385 450 2423 Abridged
458 2386 498 2416 from
505 2387 531 2417 the
537 2387 573 2416 Vita
580 2387 601 2424 by
609 2387 648 2416 Milo
655 2386 742 2425 Crispinus,

42 2425 66 2454 ed.
78 2425 151 2454 Mabillon
164 2424 179 2454 ii.
189 2426 223 2461 630,
236 2424 276 2453 Boll.
288 2424 326 2461 May
335 2423 362 2455 VI.
373 2434 388 2461 p.
398 2426 433 2462 823,
445 2426 485 2454 with
495 2427 576 2455 additions
589 2427 629 2455 from
642 2426 744 2463 Chronieles;

41 2475 51 2495 a
58 2464 136 2503 fragment
143 2463 161 2495 of
165 2464 193 2498 the
200 2474 243 2495 seme
249 2468 284 2495 text
291 2464 307 2494 in
315 2463 349 2494 tls.
357 2464 409 2496 Rawl.
416 2465 436 2495 Α.
444 2475 478 2504 294,
486 2465 496 2496 f.
504 2476 529 2503 94.
565 2466 571 2484 ³
582 2466 600 2497 E.
607 2466 674 2503 perexit.
711 2466 717 2484 ¹
724 2465 744 2497 E.

42 2505 103 2536 siluam.
164 2504 325 2535 ⁶E.T.adducentes.
392 2503 540 2537 ‘Evociferande
593 2504 743 2538 'Ellonautem

41 2544 47 2561 ¹¹
57 2544 88 2574 Vit.
96 2549 199 2575 servaturum.
240 2544 245 2561 '¹
256 2544 274 2574 E.
282 2544 374 2575 Henvnus,
