1762 2803
103 102 146 160 '20
306 115 386 166 roura
402 113 518 182 tramae
533 113 626 176 analio.

116 242 166 272 metu
174 235 273 271 Iudeorum
284 241 302 271 et
313 235 393 272 recessit.
416 235 456 277 Que
470 235 531 269 omnia
543 235 648 269 beatissima
657 234 730 269 Helena
742 234 819 268 deuotis·

117 290 164 325 sime
175 290 259 330 adorans,
269 295 339 332 cuncta,
348 294 425 333 excepto
437 288 528 332 presepio,
539 287 558 321 in
569 300 602 323 suo
614 299 688 322 recessu
702 298 765 322 secum
778 297 820 321 cum

116 343 186 388 ingenti
205 344 270 387 gaudio
286 341 462 385 Constantinopolim
476 340 573 383 transtulit,
587 347 605 376 et
623 341 691 375 ibidem
707 342 726 375 in
742 340 819 375 ecclesia

117 402 181 431 sancte
189 396 258 440 sophie
269 401 376 429 reuerenter
387 395 487 429 collocauiti
511 395 619 428 immediate
630 400 692 428 tamen
704 399 746 438 post
757 393 821 427 inuen-

100 461 108 489 5
117 451 186 484 tionem
194 449 269 483 istarum
278 448 400 492 reliquiarum,
409 458 465 491 super
475 448 555 482 eundem
564 448 623 481 locum
630 447 661 482 vbi
669 447 753 482 Christus
765 446 820 480 homo

118 508 171 536 natus
179 506 212 541 est,
220 502 239 534 in
247 512 283 544 quo
291 502 345 534 etiam
353 506 390 534 tres
399 501 462 542 Reges
474 510 550 533 munera
561 501 635 533 domino
646 501 754 541 obtulerunt,
763 499 794 542 qui
802 505 820 532 et

120 553 181 588 Iudeis
189 554 214 594 (vt
222 563 278 597 supra
286 552 353 587 dictum
362 553 397 595 est)
406 557 443 586 tam
451 552 483 586 fuit
491 552 571 593 odiosus,
580 552 620 596 ipsa
627 552 737 587 venerabilis
746 551 819 586 Helena

119 606 252 641 nobilissimam
263 611 281 639 et
292 605 435 649 pulcherrimam
444 605 524 640 extruxit
532 604 634 646 ecclesiam,
642 616 699 648 opere
707 603 794 646 musaico,
802 609 820 638 et

118 660 239 695 marmoribus
247 665 265 694 et
273 670 318 693 auro
326 660 450 694 diuersimode
458 659 548 693 ditissime
559 664 576 693 et
585 659 670 703 regaliter
678 664 766 699 ornatam,
775 657 819 691 etin

92 724 110 743 10
119 713 192 747 modum
200 712 255 746 castri
263 712 405 756 propugnaculis
413 712 489 754 factam3
501 713 564 755 inqua
575 711 629 745 etiam
640 711 719 745 ecclesia
730 710 820 755 arehiepi-
861 746 863 749 ,

119 777 195 810 scopum
207 771 225 800 et
236 765 338 808 canonicos,
352 765 465 810 presbiteros
480 776 501 799 ac
512 764 557 798 alios
569 764 599 799 dei
612 764 705 799 ministros
719 763 820 799 honorifice

118 818 207 857 instituit3
219 818 250 861 qui
261 824 279 851 et
291 829 314 850 ex
326 818 425 860 preuilegio
436 818 510 860 speciali
521 817 540 850 in
552 817 680 851 festiuitatibus
691 828 756 851 omnes
765 817 820 851 horas

118 870 215 905 canonicas
227 882 268 904 curn
278 869 346 914 ‘gloria
357 870 376 904 in
387 870 474 904 excelsls'
483 869 598 913 incipiebant,
610 869 753 913 quamplurimas
765 869 819 902 etiarn

118 924 291 967 aliasprerogatiuas
297 923 602 966 habebant,dequibuspersingula
608 924 735 966 longumesset
741 933 821 955 narrare.

92 985 109 1015 15
120 974 215 1020 impiisimi
228 975 302 1020 quidem
315 975 372 1018 Iudei,
385 985 427 1009 cum
441 979 491 1008 tanta
503 976 551 1008 bona
563 975 586 1008 ab
597 974 714 1019 imperatrice
725 974 744 1008 in
757 984 820 1008 eorum

119 1029 238 1074 opprobrium
246 1029 293 1063 facta
306 1034 409 1070 cernerent,
422 1028 482 1071 ipsam
489 1028 538 1061 inter
547 1038 568 1062 se
580 1039 603 1062 ex
613 1028 681 1062 inuidia
693 1027 821 1062 stabulariaml

118 1087 234 1124 vocauerunt,
248 1093 269 1116 eo
283 1082 331 1125 quod
344 1092 400 1125 supra
413 1082 504 1115 stabulum
520 1085 588 1114 ettam
600 1081 655 1115 vilem
669 1081 734 1122 locum,
747 1081 774 1114 eis
789 1082 821 1114 ad·

117 1135 192 1168 modum
212 1144 294 1176 exosum,
309 1139 347 1168 tam
366 1134 446 1168 nobilem
462 1133 558 1168 ecclesiam
577 1134 673 1167 edificauit.
695 1134 742 1168 Cum
759 1133 821 1177 itaque

117 1187 228 1222 venerabilis
237 1188 310 1220 Helena
321 1187 428 1231 imperatrix
436 1187 498 1220 diuino
508 1187 551 1230 igne
559 1197 648 1220 succensa
658 1192 708 1220 tanta
716 1188 739 1220 ad
747 1187 820 1220 laudem

91 1252 110 1271 zo
118 1240 148 1273 dei
156 1245 281 1282 perpetrasset
292 1245 310 1271 et
320 1239 340 1272 in
351 1239 397 1282 ipsis
408 1241 490 1282 partibus
501 1239 645 1272 innumerabiles
657 1240 696 1272 fere
704 1239 791 1272 ecclesias
802 1245 821 1273 et

119 1290 821 1334 monasteriaerexissetetineissedesepiscopalesdeuotissimeinstituisset,

119 1356 140 1379 ac
149 1343 211 1379 omnia
219 1344 259 1378 loca
266 1344 289 1378 ad
297 1342 327 1378 dei
335 1344 408 1378 laudem
416 1348 435 1378 et
444 1343 532 1378 honorem
543 1342 582 1385 rite,
590 1343 671 1387 perfecte
680 1349 698 1379 et
706 1342 821 1379 laudabiliter

119 1397 227 1442 perfecisset
234 1410 238 1441 ;
247 1398 322 1431 tandem
328 1396 402 1441 reliquit
407 1396 462 1430 etiam
468 1397 502 1430 hoc
510 1395 668 1431 indicium'2animi
673 1396 753 1441 religiosi
758 1396 822 1441 regina

119 1450 241 1485 venerabilis:
254 1461 296 1484 nam
308 1450 390 1494 virgines
402 1460 448 1493 quas
461 1449 592 1484 Hierosolimis
607 1450 675 1494 reperit
689 1452 723 1484 deo
735 1455 821 1492 sacratas,

92 1516 110 1544 ²5
120 1509 171 1538 tanta
186 1503 283 1537 deuotione
296 1514 371 1537 curasse
384 1502 455 1544 dicitur,
468 1509 487 1537 vt
499 1502 574 1545 dignum
586 1504 669 1537 crederet
684 1503 699 1538 si
712 1503 821 1538 famulorum

120 1561 202 1589 uteretur
207 1555 277 1588 officiis.
294 1555 377 1597 Namque
383 1555 424 1597 ipsa
431 1552 516 1588 manibus
521 1554 561 1588 suis
570 1555 639 1597 (habitu
646 1556 713 1590 famule
721 1556 820 1597 succincta)

121 1609 148 1643 eis
162 1608 223 1641 cibum
238 1607 328 1652 apposuit,
341 1608 428 1652 poculum
443 1607 529 1651 porrexit,
542 1618 608 1652 aquam
623 1608 714 1650 manibus,
728 1608 785 1641 immo
802 1614 820 1642 et

121 1660 200 1704 pedibus
208 1660 279 1701 infudit,
287 1665 306 1694 et
312 1661 362 1694 orbis
370 1660 438 1703 regina,
445 1666 504 1694 mater
511 1661 631 1703 imperatoris,
637 1661 745 1696 famularum
754 1662 821 1696 Christi

121 1725 142 1749 se
149 1712 236 1748 famulam
244 1712 343 1756 deputauit.
366 1712 439 1747 Interea
444 1712 492 1747 filius
501 1712 541 1747 eius
546 1712 677 1748 Constantinus
682 1714 750 1759 pietate
757 1714 821 1756 fretus,

92 1785 112 1812 30
121 1768 219 1808 Sarmatas,
228 1767 303 1807 Gothos,
311 1766 393 1810 aliasque
404 1767 491 1800 barbaras
503 1767 587 1802 nationes
598 1779 635 1801 non
647 1773 684 1802 tam
696 1768 758 1809 armis,
766 1779 822 1811 quam

120 1818 182 1853 diuina
191 1819 258 1852 virtute
272 1819 365 1853 edomuit:
381 1824 399 1852 et
411 1819 537 1863 quantomagis
551 1830 571 1853 se
585 1819 691 1863 religiosum
703 1826 721 1854 et
733 1819 821 1862 humilem

120 1873 155 1907 deo
163 1871 272 1914 reddiderat,
279 1876 329 1905 tanto
337 1871 416 1915 amplius
422 1871 439 1905 ei
444 1872 581 1906 deusvniuersa
586 1867 685 1915 subdebat3
694 1878 712 1907 et
717 1883 754 1906 non
762 1872 822 1907 solum

120 1924 189 1959 meritis
195 1935 215 1957 ac
223 1925 312 1968 religione
320 1935 353 1958 sue
360 1925 390 1968 ple
398 1924 461 1958 matris
468 1925 542 1959 Helene
548 1925 617 1969 regine,
623 1926 657 1958 sed
666 1931 684 1959 et
690 1926 822 1961 intercessione

120 1984 224 2012 sanctorum
236 1990 256 2012 se
264 1979 299 2012 deo
307 1978 347 2013 fieri
359 1978 524 2012 commendabilem
536 1978 630 2022 gestiebat.
653 1978 720 2012 Sancta
731 1978 786 2022 igitur
796 1980 822 2023 (vt

92 2045 110 2074 35
119 2030 206 2073 diximus)
215 2030 327 2075 imperatrix,
333 2042 375 2065 cum
383 2031 445 2065 omnia
452 2042 488 2075 que
497 2031 626 2065 Hierosolimis
637 2042 692 2075 agere
703 2031 822 2067 constituerat

119 2088 246 2118 consumasset
261 2084 284 2117 ad
300 2088 368 2125 votum,
383 2084 458 2117 tandem
471 2083 547 2117 infinitis
561 2089 579 2118 et
596 2083 751 2127 impreciabilibus
767 2084 822 2119 ditata

120 2135 238 2180 reliquiarum
248 2136 345 2180 thesauris,
353 2137 377 2170 ad
386 2136 443 2170 filiurn
454 2149 508 2171 suurn
520 2137 698 2181 Constantinopolim
710 2139 822 2182 properauit.

121 2190 204 2224 Proseeta
212 2194 273 2223 tamen
280 2195 378 2233 antequam
387 2190 564 2235 Constantinopolim
570 2196 652 2232 venerat,
658 2192 681 2225 ad
689 2198 748 2226 terras
753 2197 772 2226 et
779 2203 822 2235 pro-

120 2242 189 2276 uincias
195 2242 243 2276 circa
255 2242 327 2275 Indiam
335 2253 377 2276 cum
385 2243 465 2277 maximo
475 2255 495 2277 ac
503 2243 559 2277 nobili
568 2244 653 2277 comitatu
661 2254 681 2278 se
690 2245 791 2278 transtulit:
803 2246 822 2279 in

93 2307 112 2335 4⁰
121 2295 186 2338 quibus
201 2295 262 2328 omnia
278 2295 347 2338 templa
363 2300 381 2329 et
394 2306 435 2329 aras
448 2296 539 2330 idolorum
554 2301 609 2339 prout
624 2296 682 2340 potuit
698 2297 793 2339 destruxit,
804 2303 823 2332 et

121 2359 154 2390 pro
162 2347 191 2380 his
199 2346 218 2379 in
224 2348 297 2381 laudem
305 2352 323 2380 et
331 2347 420 2381 honorem
427 2349 456 2382 dei
464 2349 550 2383 ecclesias
557 2355 575 2382 et
581 2349 694 2383 monasteria
700 2350 823 2392 sumptuosis·

121 2400 167 2433 sime
175 2410 195 2432 ac
203 2399 322 2433 deuotissime
333 2400 421 2441 fundauit,
429 2405 447 2433 et
458 2401 527 2434 cultum
535 2401 618 2435 diuinum
629 2400 648 2434 in
660 2401 730 2434 eunctis
741 2401 823 2444 partibus

121 2452 156 2487 iltis
169 2463 203 2496 per
215 2453 276 2487 omnia
289 2453 380 2496 reparauit
392 2458 411 2488 et
422 2454 521 2498 ampliauit,
534 2454 626 2498 fidemque
644 2454 762 2489 christianam
774 2466 822 2499 pene

248 2562 253 2580 ¹
264 2563 281 2593 E.
291 2563 396 2594 stabularium.
580 2564 587 2583 ²
598 2565 616 2596 E.
624 2564 702 2596 iudicium.
