1762 2803
88 123 130 177 258
279 122 358 174 mono
374 119 492 182 bourona
507 118 600 181 anulio.

90 241 183 285 operibus,
199 239 295 275 ecclesiam
307 241 403 284 petebant3
417 247 435 275 et
449 241 494 275 visis
507 241 527 275 in
540 241 579 275 celo
593 240 656 282 stellis,
669 241 693 274 ad
708 248 792 273 mensam

90 294 221 328 conuenientes
237 293 281 327 citra
296 294 410 328 saturitatem
425 294 557 328 comedebant:
574 292 634 327 Nimia
647 292 697 326 enim
710 292 792 334 sacietas,

91 347 175 391 quamuis
191 346 247 381 solius
262 345 321 390 panis,
334 346 426 380 luxuriam
439 351 520 391 generat.
544 346 594 380 Pane
608 350 669 380 autem
682 350 700 380 et
713 344 793 379 oleribus

91 401 129 435 sale
143 400 221 435 conditis
234 399 286 443 pasti,
299 398 348 433 sitim
361 399 407 434 lacte
421 411 468 444 aqua
480 400 537 434 mixto
552 399 693 444 restringebant.
717 398 793 433 Peracta

74 464 141 496 5cena,
160 452 212 496 quasi
231 462 265 496 per
283 458 321 485 tres
336 453 391 486 horas
406 453 478 497 vigiliis,
494 452 611 494 orationibus,
628 451 793 497 genuflectionibus

91 505 204 540 insistebant.
227 505 319 548 Quamdiu
334 505 353 538 in
366 505 444 540 ecclesia
457 504 569 540 orationibus
582 505 677 548 vacabant,
690 504 750 539 nullus
763 514 793 538 os-

91 559 153 600 citare,
164 559 226 592 nullus
236 559 387 592 sternutationem
395 559 462 600 facere,
470 560 498 593 vel
509 559 585 593 saliuam
593 559 642 593 foras
649 558 710 592 iacere
718 558 794 592 licenter

91 612 175 646 audebat.
198 610 234 646 His
243 612 267 646 ita
274 611 337 656 gestis,
345 611 408 654 sopori
418 612 501 646 membra
509 613 587 655 dabant;
600 617 618 646 et
628 611 720 655 pullorum
729 610 794 645 cantul

92 663 220 707 expergefacti,
235 674 294 706 vsque
309 664 358 696 diem
377 664 489 697 orationibus
507 664 563 697 dediti
582 670 639 698 erant.
670 664 794 707 Cogitationes

65 724 83 746 10
91 716 139 759 patri
152 715 278 760 propalabant,
290 716 348 759 patris
363 715 455 750 licentiam
470 715 524 749 etiam
538 716 569 750 vel
584 716 606 750 ad
622 721 687 749 nature
707 714 794 759 requisita

92 770 184 813 petebant.
204 768 280 803 Pellinis
290 769 372 803 vestibus
382 768 510 804 induebantur.
533 768 569 811 Qui
578 768 627 803 enim
636 768 693 803 sancti
704 767 794 812 propositi

93 821 252 858 conuersationem
270 822 378 857 desiderans
397 821 473 856 fratrum
493 821 540 857 inire
557 820 669 856 consortium
688 820 794 866 postularet,

93 876 144 920 prius
153 877 217 910 decem
225 876 289 910 diebus
297 886 330 919 pre
339 875 408 910 foribus
418 875 530 918 monasterii,
539 876 591 919 quasi
599 877 712 919 reprobatus,
723 885 794 909 necnon

94 934 112 964 et
119 930 218 965 verborum
226 927 330 973 opprobriis
340 929 448 971 confutatus,
456 933 571 976 remaneret:
584 928 605 963 Si
612 933 673 962 autem
682 928 730 962 bene
741 932 795 962 vtens

67 996 84 1026 ¹5
93 981 188 1027 pacientia,
203 982 226 1015 ad
242 982 333 1016 decimum
347 987 439 1026 perstaret
454 982 508 1025 diem,
522 987 608 1026 acceptus
621 982 672 1026 prius
685 981 709 1016 al
721 980 795 1015 seniore

93 1036 124 1080 qui
142 1035 206 1080 porte³
224 1040 302 1079 preerat,
320 1035 447 1069 constructus*
464 1035 565 1078 seruiebat;
588 1035 649 1079 ibique
666 1046 700 1079 per
717 1034 794 1069 multum

92 1088 180 1133 temporis
192 1089 290 1129 desudans,
303 1088 407 1132 fractusque
418 1088 479 1122 multis
493 1088 549 1123 animi
559 1088 705 1129 aduersitatibus,
719 1088 794 1122 tandem

92 1143 169 1176 fratrum
188 1141 293 1175 merebatur
311 1140 358 1175 inire
381 1141 498 1176 consortium.
528 1141 546 1175 A
569 1140 727 1176 conuersationem
746 1139 796 1174 enim

93 1193 208 1238 cupientibus
224 1204 288 1228 eorum
303 1193 359 1227 nichil
374 1193 492 1238 recipiebant,
508 1195 541 1228 sed
553 1195 598 1228 nudi
610 1193 667 1228 veluti
679 1204 689 1228 e
702 1192 796 1236 naufragio

67 1259 86 1280 20
94 1248 194 1280 euadentes
206 1245 275 1289 recepti
286 1251 344 1287 erant,
353 1250 372 1278 vt
384 1246 500 1279 occasionem
512 1256 533 1279 se
544 1247 644 1280 extollendi
654 1256 691 1279 non
702 1246 797 1279 haberent.

95 1291 177 1333 Sanctus
196 1302 257 1331 autem
273 1297 333 1331 Dauid
350 1303 392 1340 post
409 1298 507 1332 matutinas
522 1298 606 1340 protinus
621 1297 707 1342 frigidam
723 1298 797 1341 petebat

94 1362 166 1395 aquam,
178 1351 197 1385 in
209 1362 245 1394 qua
257 1350 325 1385 diutius
338 1351 427 1385 morando
439 1350 500 1385 caruis
513 1351 598 1385 ardorem
611 1350 702 1385 domabat.
725 1349 796 1394 Orpha-

94 1416 165 1448 norum,
174 1404 290 1449 pupillorum,
299 1404 400 1447 viduarum,
408 1403 505 1448 egentium,
513 1404 653 1448 peregrinorum
661 1403 796 1438 multitudinem

94 1459 186 1502 pascebat.
209 1457 277 1493 Audita
290 1463 351 1491 autem
364 1456 404 1492 eius
418 1457 472 1499 fama,
485 1468 539 1501 reges
552 1462 570 1491 et
583 1457 681 1502 principes,
695 1468 729 1491 sua
740 1468 797 1500 regna

68 1524 86 1554 ²5
95 1512 207 1552 deserentes,
217 1511 256 1544 eius
268 1510 400 1545 monasterium
411 1512 503 1553 petebant.
527 1510 657 1544 Constantinus
669 1521 742 1553 quoque
752 1510 797 1544 Cor-

95 1564 212 1598 nubiensium
226 1574 265 1606 rex,
279 1563 342 1597 relicto
355 1573 412 1607 regno
427 1573 465 1604 suo,
481 1563 500 1596 in
515 1562 555 1597 eius
570 1562 680 1597 monasterio
695 1563 797 1598 monachus

96 1616 172 1651 effectus
180 1621 214 1658 est,
224 1616 286 1660 ibique
296 1616 327 1649 diu
340 1616 388 1649 felici
401 1621 519 1649 conuersatus
531 1615 611 1658 seruitio,
624 1617 698 1650 tandem
710 1616 729 1649 in
743 1616 796 1651 aliam

95 1670 212 1713 longinquam
221 1669 298 1711 patriam
307 1669 389 1712 migrans
396 1669 402 1687 ⁵
410 1669 541 1702 monasterium
549 1669 636 1704 fundauit.
677 1662 728 1704 Cum
737 1675 797 1704 autem

95 1722 114 1755 in
128 1726 185 1756 estate
197 1722 326 1755 abundantiam
336 1732 383 1766 aque
395 1732 432 1754 non
443 1722 532 1755 haberent
542 1726 561 1755 vt
570 1720 589 1755 in
603 1721 676 1765 hyeme,
688 1733 699 1755 a
711 1721 797 1756 fratribus

68 1790 88 1818 30
95 1782 169 1820 rogatus
181 1780 256 1809 sanctus
268 1774 327 1809 Dauid
340 1775 415 1809 eleuatis
427 1775 446 1808 in
459 1776 519 1809 celum
533 1774 590 1809 oculis
603 1775 726 1809 necessariam
740 1787 751 1809 a
763 1776 798 1809 deo

95 1840 161 1873 aquam
173 1827 248 1873 petiuit:
260 1832 329 1863 etcum
341 1839 387 1864 voce
397 1828 466 1863 orantis
478 1828 519 1863 fons
531 1827 644 1864 lucidissime
655 1838 701 1873 aque
712 1829 735 1863 de
748 1834 798 1864 terra

95 1883 175 1923 effluxit3
191 1887 209 1916 et
223 1882 265 1926 quia
278 1881 337 1916 vineis
351 1881 444 1916 fructifera
460 1893 498 1915 non
513 1887 552 1915 erat
569 1881 627 1925 patria
642 1883 664 1916 ad
680 1882 797 1916 efficiendum

95 1936 181 1969 dominici
190 1934 271 1979 corporis
282 1940 300 1969 et
310 1935 405 1979 sanguinis
415 1940 555 1976 sacramentum,
563 1934 583 1968 in
592 1934 656 1969 vinum
663 1946 753 1969 conuersa
763 1941 797 1978 est,

95 1988 120 2022 ita
135 1994 154 2023 vt
168 1987 187 2021 in
203 1993 286 2031 tempore
301 1998 335 2022 suo
351 1998 445 2031 nunquam
461 1988 571 2031 indigueritl
585 1999 643 2022 mero.
688 1981 759 2022 lterum
774 1990 798 2023 ad

68 2055 87 2086 35
96 2046 179 2084 rogatum
194 2039 288 2073 cuiusdam
303 2040 365 2073 rustici
377 2046 431 2084 pater
448 2045 527 2081 sanctus,
541 2040 667 2083 proximorum
683 2041 798 2083 compatiens

95 2092 205 2135 necessitati,
217 2093 271 2135 glebe
280 2092 397 2135 superficiem
408 2092 467 2127 baculi
477 2092 553 2136 cuspide
567 2092 650 2137 aperuit:
662 2097 681 2126 et
692 2093 733 2126 fons
744 2093 798 2128 viuus

96 2156 182 2179 emanare
201 2145 254 2188 cepit.
299 2137 381 2179 Sanctus
397 2145 486 2185 Aidanus,
502 2144 541 2179 eius
557 2144 662 2188 discipulus,
678 2156 689 2178 a
703 2145 797 2188 preposito

96 2197 202 2232 monasterii
210 2197 321 2241 imperatus⁷
326 2203 345 2232 vt
353 2198 376 2230 ad
384 2198 496 2240 deportanda
503 2198 526 2231 de
531 2197 578 2232 valle
584 2197 633 2241 ligna
640 2197 720 2241 acceptis
727 2197 798 2232 duobus

96 2252 156 2287 bobus
168 2250 237 2286 abiret:
255 2249 311 2285 Cuius
323 2250 371 2286 dicto
383 2250 477 2294 obediens,
489 2261 523 2286 nec
535 2250 636 2286 claudendo
648 2250 715 2285 librum
727 2260 798 2287 moram

68 2321 88 2350 4⁰
97 2305 194 2349 accipiens,
210 2303 276 2338 siluam
291 2303 342 2348 petit.
370 2304 440 2339 Paratis
455 2310 516 2338 autem
531 2303 585 2348 lignis
601 2314 643 2338 cum
658 2303 706 2338 viam
719 2309 798 2348 caperet,

97 2359 120 2391 de
135 2362 224 2401 prerupta
237 2362 255 2391 et
268 2357 304 2391 alta
317 2367 364 2401 rupe
377 2367 419 2392 cum
431 2356 514 2392 vehiculo
527 2357 584 2391 boues
597 2357 616 2390 in
630 2367 681 2389 mare
695 2356 798 2401 precipitati

97 2417 144 2445 sunt.
168 2409 271 2444 Ruentibus
287 2415 348 2444 autem
363 2409 437 2454 signum
452 2409 530 2454 imponit
544 2409 614 2443 crucis:
626 2414 681 2452 atque
694 2409 718 2442 ita
731 2409 797 2445 factum

98 2467 125 2496 cst
136 2468 155 2497 vt
166 2473 189 2496 ex
200 2462 254 2497 vndis
267 2473 323 2497 sanos
335 2467 353 2497 et
367 2462 468 2497 incolumes
482 2473 524 2496 cum
534 2461 619 2496 vehiculo
630 2460 723 2505 accipiens
735 2462 798 2506 boues,

117 2534 205 2566 ²E.eantl.
260 2535 337 2567 lalsub.
390 2536 600 2574 ³al.sorte,pr0tempore.
656 2533 692 2566 *al
700 2536 798 2568 constitutus.

97 2574 103 2592 ⁵
114 2584 144 2604 om.
151 2576 168 2604 in
173 2576 191 2604 T.
250 2575 256 2591 ⁰
266 2576 284 2605 T.
292 2576 309 2605 E.
317 2576 409 2611 indiguerat.
470 2575 476 2592 ⁷
487 2577 506 2604 al.
515 2576 605 2612 imperatur.
