1762 2803
257 103 303 158 De
318 100 418 154 &aucto
433 102 539 162 cauata.
706 58 747 158 its

48 236 91 260 num
98 223 165 258 virtute
174 224 244 259 moueri
252 228 321 269 posset.
344 223 427 268 Cumque
438 223 501 268 sepius
511 226 642 267 attemptantes
652 220 697 256 nihil
707 232 749 266 pro·

48 281 129 320 licerent,
139 278 207 322 gratias
218 283 295 322 agentes
305 278 340 312 deo
351 288 418 322 corpus
428 283 512 312 sanctum
522 287 563 311 cum
574 276 644 311 honore
654 275 673 309 in
684 276 749 309 eodem

47 334 87 367 loco
104 331 229 375 sepelierunt,
247 331 277 365 vbi
293 341 347 375 opem
363 330 402 365 eius
417 341 458 364 cum
474 330 511 364 fide
526 329 651 373 implorantes,
667 333 749 372 optatum

48 383 149 418 remedium
169 384 270 427 gaudentes
289 383 377 427 consequi
395 383 483 417 solebant.
536 375 605 418 Delato
622 381 641 416 in
657 380 750 425 presentia

49 435 133 470 Riuoldi¹
146 437 204 480 capite
216 436 301 477 martiris,
309 436 393 471 tirannus
404 442 459 480 caput
470 445 543 471 sacrum
554 434 618 478 tetigit,
626 440 644 468 et
656 434 709 468 tertia
720 433 768 475 die5

48 488 115 523 infelici
124 493 182 523 morte
190 489 280 523 occubuit.
302 489 379 534 Sepulto
386 488 448 533 itaque
455 488 478 522 ab
486 487 578 533 episcopis
586 492 604 521 et
612 486 684 521 clericis
691 486 751 530 capite

48 552 89 577 cum
98 552 150 576 sacro
159 553 247 586 corpore:
259 548 302 588 post
313 543 412 577 multorum
423 553 514 576 annorum
526 542 615 576 curricula
626 540 751 584 predicatores

49 594 151 638 alienigene
164 595 252 630 scrinium
265 607 306 630 cum
319 595 400 639 reliquiis
414 595 473 629 sancti
487 594 552 628 Melori
564 595 706 638 circumquaque
719 593 751 626 de-

48 648 133 688 serentes,
141 649 242 692 peragratis
253 654 343 683 terrarum
353 648 441 683 tractibus
451 648 551 682 iniunctum
562 647 597 681 sibi
608 646 688 681 officium
697 656 751 680 exer-

49 705 111 735 centes
122 700 269 736 Ambrisburiam
281 703 355 737 tandem
367 702 486 741 deuenerunt,
498 707 516 735 et
528 711 584 744 super
595 699 652 734 altare
663 699 751 743 reliquias
760 711 780 732 10

49 759 121 787 sanctas
128 760 235 797 posuerunt.
255 755 334 799 Expleto
340 753 470 799 predicationis
478 753 538 787 officio
544 764 585 787 cum
592 751 679 796 reliquias
687 762 751 786 secum

49 805 121 839 auferre
132 806 204 848 vellent,
216 813 234 841 et
246 809 268 841 ab
280 808 332 841 altari
343 807 393 841 nullo
407 806 481 851 ingenio
494 806 564 840 moueri
577 809 654 851 possent
668 815 688 839 ac
701 804 751 838 velut

49 859 123 893 adamas
131 858 182 893 altari
191 860 306 902 adhererent,
314 860 377 894 dolore
384 865 403 894 et
412 859 496 903 angustia
506 857 573 899 afflicti,
581 864 656 901 accepta
665 859 688 891 ab
696 858 752 890 abba-

49 910 93 944 tissa
108 911 165 944 multa
180 912 258 956 pecunia
272 918 394 948 recesserunt.
439 905 522 957 Quidam
537 910 638 955 iniquitatis
653 910 685 945 filii
698 915 752 944 nocte

50 963 145 997 ecclesiam
159 964 182 999 de
194 965 320 1011 Ambrisbury
331 965 421 1000 intrantes
433 964 520 999 scrinium
537 963 595 999 sancti
609 963 674 998 Melori
688 974 778 1005 secum15

49 1015 138 1057 auserunt,
147 1023 164 1050 et
175 1018 247 1051 laminis
258 1018 297 1051 auri
308 1023 326 1051 et
335 1018 406 1061 argenti
415 1017 492 1058 abrasis,
500 1027 575 1060 capsam
585 1027 627 1050 cum
638 1016 720 1060 reliquiis
732 1015 751 1049 in

49 1067 140 1110 quodam²
147 1079 203 1112 specu
209 1069 312 1113 proliciunt.
335 1071 426 1104 Sacerdos
434 1075 494 1104 autem
503 1069 577 1115 quidam
586 1068 665 1103 diluculo
673 1078 752 1113 surgens

49 1119 92 1154 vidit
100 1120 192 1155 radiosum
200 1122 246 1157 lucis
254 1124 370 1168 columpnam
377 1124 400 1158 de
406 1123 445 1158 celo
453 1133 510 1167 super
517 1132 593 1167 specum
602 1122 751 1161 descendentem,

50 1178 67 1207 et
82 1175 172 1209 accedens
187 1176 209 1209 ad
225 1176 290 1219 locum,
306 1177 394 1212 scrinium
408 1176 483 1218 inuenit,
499 1181 517 1210 et
532 1177 555 1210 ad
570 1175 666 1210 ecclesiam
682 1174 751 1221 detulit.

50 1219 133 1262 Sanctus
141 1228 222 1263 Melorus
230 1229 378 1264 sacriste³n0cte
386 1231 465 1275 quadam
473 1228 563 1274 apparuit,
571 1227 645 1264 dicens:
657 1227 751 1271 ‘Godrice‚
761 1241 780 1263 zo

49 1291 104 1324 surge
112 1281 208 1324 velociter3
221 1293 264 1316 ecce
271 1284 343 1317 testudo
351 1284 429 1317 ecclesie
436 1283 540 1316 hiantibus⁴
548 1287 669 1324 conquassata
679 1281 752 1324 parulis,

49 1332 127 1367 vicinam
135 1339 188 1377 parat
196 1339 289 1369 maturare
297 1335 380 1369 ruinam?
404 1334 487 1377 Cumque
497 1333 564 1368 iterum
574 1334 631 1367 altera
641 1338 694 1366 nocte
702 1333 752 1366 idem

50 1386 153 1429 repetisset,
162 1386 215 1420 tertia
222 1392 276 1421 nocte
284 1399 376 1432 apparens
384 1387 439 1421 dixit:
453 1387 545 1426 ‘Godrice
552 1387 587 1421 cito
594 1396 655 1430 surge,
663 1386 753 1430 imagines

50 1443 68 1471 et
79 1438 141 1472 altaris
153 1446 260 1474 ornamenta
271 1445 332 1475 tecum
343 1451 441 1476 assumens
453 1440 562 1484 quamcitius
573 1449 640 1481 exeas3
652 1440 695 1483 quia
704 1439 754 1483 peri·

50 1491 110 1525 culum
121 1492 185 1527 mortis
195 1493 231 1527 tuis
241 1493 361 1538 proculdubio
368 1493 387 1528 in
396 1492 455 1528 ianuis
466 1492 539 1537 nauigat
544 1492 561 1527 ³!
584 1491 607 1526 Et
616 1502 657 1526 cum
666 1502 753 1536 egressus
762 1506 780 1535 ²5

50 1543 119 1587 luisset,
130 1550 167 1579 tota
178 1551 220 1589 post
232 1557 275 1580 eum
286 1547 359 1581 testudo
371 1546 454 1587 concidit,
466 1557 509 1580 aree
520 1545 617 1589 planiciem
629 1544 711 1579 subiecte
722 1545 753 1578 ob

50 1598 132 1631 uoluens
173 1591 258 1633 Terras⁰
265 1603 326 1633 autem
338 1599 450 1643 relinquens,
458 1598 534 1633 celestia
545 1608 587 1632 cum
598 1607 666 1631 corona
677 1597 753 1631 martirii

50 1649 152 1693 penetrauit
160 1650 194 1686 kal.
203 1651 287 1686 octobris.

337 1767 353 1804 ‘J
363 1766 465 1800 Narratiot.

73 1828 130 1870 Circa
149 1847 217 1872 annum
233 1837 302 1872 domini
318 1838 489 1882 octingentesimum
505 1839 647 1883 octuagesimum
663 1845 753 1879 octauum,

51 1887 126 1924 visionis
135 1889 193 1924 Caroli
202 1892 270 1924 cesaris
278 1891 318 1924 talis
326 1897 379 1925 tenor
386 1897 431 1933 erat,
439 1893 540 1926 secundum
545 1891 670 1926 Vincentium.
688 1891 704 1909 ‘¹‘
711 1884 753 1934 Ego
762 1901 781 1931 30

52 1939 126 1977 Carolus
132 1943 237 1988 imperator,
243 1943 326 1979 deidono
332 1944 504 1979 rexGermanorum
510 1950 528 1979 et
534 1944 753 1990 patriciusRomanorum

51 2000 105 2039 atque
120 1996 220 2040 imperator
233 1997 350 2039 Francorum,
363 2008 415 2031 sacra
429 2003 483 2032 nocte
496 1997 531 2032 diei
543 1997 634 2032 dominice
649 2002 691 2042 post
706 1998 754 2031 cele-

51 2047 122 2084 bratum
129 2055 259 2085 nocturnarum
265 2050 351 2085 horarum
358 2050 440 2085 diuinum
446 2050 526 2085 officium
534 2051 578 2085 dum
586 2051 609 2085 ad
617 2051 753 2095 repausandum

51 2110 132 2145 pergens
140 2113 239 2147 sompnum
245 2103 312 2137 vellem
320 2113 392 2147 capere,
397 2102 447 2137 venit
452 2113 488 2137 vox
496 2104 519 2137 ad
527 2113 558 2138 me
566 2102 672 2138 terribiliter
678 2102 754 2137 dicens:

52 2154 61 2171 ‘¹
67 2154 136 2198 Carole,
145 2155 193 2191 exiet
204 2166 215 2190 a
223 2161 241 2191 te
249 2157 303 2191 modo
311 2156 386 2200 spiritus
394 2160 436 2190 tuus
444 2155 463 2189 in
471 2155 516 2189 hora
524 2167 561 2190 non
569 2156 656 2191 modica.¹'
680 2156 754 2190 Statim·
762 2166 781 2196 35

52 2215 87 2249 que
102 2214 165 2253 raptus
181 2207 217 2243 sui⁰
229 2208 248 2244 in
262 2209 337 2254 spiritu:
353 2208 414 2254 etqui
426 2219 456 2243 me
468 2209 545 2251 sustulit,
557 2215 596 2244 erat
607 2208 755 2251 candidissimus,

52 2263 117 2296 tenens
125 2261 144 2296 in
152 2273 209 2297 manu
218 2274 251 2297 sua
259 2262 381 2308 glomicellum
389 2262 463 2303 lineum,
472 2263 594 2298 clarissimum
599 2264 612 2283 ¹⁰
619 2264 672 2297 iubar
680 2263 755 2297 luminis

53 2313 177 2350 emittentem:
194 2315 331 2361 dissoluitque¹¹
346 2316 397 2350 illum
413 2321 431 2349 et
445 2315 491 2350 dixit
506 2317 528 2350 ad
544 2327 586 2350 me:
602 2316 687 2360 “Accipe
702 2316 755 2350 filum

52 2365 149 2407 glomicelli
164 2368 254 2410 micantis,
266 2375 284 2402 et
299 2370 335 2413 liga
350 2374 368 2402 et
383 2369 432 2402 noda
446 2368 524 2402 firmiter
537 2369 556 2403 in
568 2368 634 2413 pollice
646 2378 712 2403 manus
723 2373 755 2403 tue

71 2473 187 2505 ¹E.Rinolde.
222 2475 359 2514 'Boliquadam
396 2474 506 2506 ³E.iacristc.
544 2476 578 2507 *Β
587 2476 658 2507 hiatibus.
696 2475 755 2507 ⁵Bott

52 2513 101 2544 adest.
133 2515 368 2553 ⁶E.Terreas‚Boll.Terrea.
398 2514 643 2555 'etvinc.taetl.xxtv.49.
673 2516 754 2548 ⁸E.Nar·

53 2554 280 2595 rati0,repeated;om.inT.
310 2556 402 2588 'omini
433 2557 583 2588 cucurtatum.
614 2556 625 2577 ¹¹
635 2566 703 2596 queam.
712 2556 753 2588 ur.
