1762 2803
135 192 181 234 410
225 221 226 226 η
327 179 407 232 ἰᾶῦῦῆ
423 176 538 240 leontos
554 176 646 239 nuntie.

136 300 172 343 bat,
180 299 226 334 sicut
236 298 298 333 diuino
308 299 417 332 documento
426 299 519 342 didicerat,
527 299 644 342 voluntarios,
652 308 690 332 non
699 297 791 332 coactitios
802 298 837 334 deo

137 354 236 396 acquirere.
259 352 321 396 Reges
331 362 404 396 quoque
414 353 506 387 subiectos
513 352 542 386 vel
551 357 645 386 consortes
656 352 678 385 ad
691 352 759 385 cultum
770 351 837 387 Christi

136 411 174 439 tota
182 406 293 449 benignitate
301 406 402 448 excitabat,
415 407 517 448 credentes,
525 411 544 439 vt
552 406 623 447 fratres,
631 410 718 449 cognatos
726 411 744 440 et
752 405 838 441 conciues

136 459 188 502 regni
203 459 261 491 eterni
280 458 326 491 mire
342 458 503 501 amplectebatur1.
523 458 595 502 Vbique
607 458 691 490 Christus
706 459 804 499 colebatur,
820 464 838 491 et

119 510 218 554 5ecclesiis
230 511 300 554 passim
312 510 426 552 constructis,
439 511 500 553 phana
512 516 530 544 et
545 511 621 545 delubra
633 515 663 544 aut
676 511 795 544 destruuntur
808 516 838 545 aut

136 563 155 596 in
166 563 252 597 ecclesias
263 568 399 596 consecrantur.
422 562 495 603 Quanto
506 563 554 596 hunc
565 562 724 605 congratulationis
732 562 797 596 affectu
804 572 838 604 pro

137 621 223 660 suscepta
234 615 270 650 fide
284 620 359 650 sanctus
373 615 472 659 Gregorius
484 615 534 659 fouit,
546 626 601 660 quam
615 615 707 650 mellifluis
720 615 838 660 epistolarum

136 670 268 710 instrumentis,
281 680 302 702 ac
315 669 332 702 si
344 669 443 703 celestibus
455 668 528 711 osculis,
540 670 563 703 ad
575 679 650 702 omnem
663 669 750 712 pietatem
761 668 839 710 attraxit,

136 722 160 755 ad
172 731 245 756 omnem
259 722 346 754 virtutem
362 721 450 761 accendit,
461 722 484 754 ad
497 721 589 755 ineffabile
604 720 691 754 dilatandi
704 720 772 754 Christi
787 720 838 763 regni

111 791 129 814 10
137 774 233 819 premium,
245 774 339 818 proposito
355 774 470 808 Constantini
485 774 565 818 Augusti
577 774 663 818 exemplo
677 772 768 807 incitauitt
792 772 839 806 Con-

137 828 202 862 struxit
211 838 246 871 per
256 827 381 871 Augustinum
392 827 461 861 domini
471 827 572 861 Saluatoris
583 827 685 868 ecclesiam,
694 837 715 861 ac
724 827 779 861 etiam
787 830 839 861 extra

136 880 187 914 vrbis
195 889 258 913 muros
266 880 285 913 in
294 880 364 913 honore
371 879 496 923 apostolorum
505 879 554 912 Petri
562 884 580 913 et
589 879 640 912 Pauli
650 879 723 922 insigne
731 878 839 911 monasteri-

137 942 174 973 um,
192 933 223 966 vbi
242 933 272 966 et²
290 943 324 967 rex
343 937 361 966 et
378 931 460 975 pontifex
479 942 521 966 cum
540 931 625 966 omnibus
644 930 782 966 successoribus
801 930 839 965 suis

137 984 268 1030 perpetualiter
283 984 426 1028 requiescerent⁴
456 984 477 1017 ln
493 984 588 1018 Londonia
602 984 621 1017 in
637 984 706 1017 honore
721 984 770 1017 beati
789 983 839 1016 Pauli

111 1056 129 1086 15
140 1038 216 1083 apostoli
230 1038 326 1072 ecclesiam
338 1043 452 1080 construens,
464 1037 489 1071 illi
502 1037 621 1082 episcopumt
632 1037 722 1082 prouexit.
745 1035 839 1080 Roffensis

139 1092 222 1125 similiter
237 1092 341 1134 presulatus
356 1102 398 1125 cum
413 1090 490 1125 ecclesia
505 1091 562 1124 sancti
577 1090 652 1125 Andree
670 1091 747 1133 apostoli
762 1090 784 1123 ab
799 1090 839 1132 ipso

139 1144 231 1185 fundatus,
240 1143 353 1176 sufficienter
361 1144 428 1176 ditatur
433 1143 444 1176 ⁴.
468 1143 547 1176 Eliensis
555 1153 628 1186 quoque
636 1142 741 1176 monasterii
751 1143 791 1186 ipse
800 1141 840 1175 iun·

139 1197 191 1231 dator
203 1197 222 1230 in
234 1196 312 1241 antiquis
324 1196 379 1230 cartis
390 1195 461 1240 legitur,
474 1206 584 1240 quamquam
597 1196 650 1230 beata
663 1197 714 1240 virgo
729 1196 840 1230 Etheldreda

139 1255 181 1294 post
196 1250 269 1293 longam
282 1248 414 1282 desolationem
427 1259 481 1282 suum
494 1249 519 1282 ibi
532 1250 631 1292 primatum
645 1254 742 1283 mereatur.
766 1249 807 1282 Hec
822 1254 840 1282 et

112 1316 131 1338 20
139 1302 173 1335 alia
185 1301 246 1336 inclita
257 1302 287 1334 vel
301 1301 394 1344 pontificia
409 1301 439 1334 vel
452 1303 564 1335 monasteria
571 1301 582 1342 ⁵,
597 1307 684 1344 quantum
700 1301 840 1335 liberalissimus

139 1366 172 1388 rex
185 1359 204 1387 et
219 1354 294 1397 superni
309 1352 361 1397 regni
377 1353 435 1387 cultor
448 1353 589 1396 amantissimus,
603 1364 645 1387 cum
659 1353 724 1387 ceteris
740 1353 841 1387 minoribus

139 1406 227 1448 oratoriis,
234 1406 364 1449 sublimauerit,
373 1417 393 1440 re
401 1407 441 1450 ipsa
449 1406 503 1439 hodie
512 1407 604 1440 elucescit.
628 1406 760 1440 Monasterium
768 1411 841 1450 aposto-

139 1460 199 1494 lorum
211 1458 266 1502 regiis
277 1458 425 1503 possessionibus
437 1459 536 1503 ampliauit,
546 1465 612 1493 ornatu
623 1460 673 1494 vario
685 1460 783 1501 decorauit,
791 1460 841 1503 regia

139 1512 842 1557 liberalitateetapostolicaauctoritatepriuilegiismultiplicibushonorando.

113 1566 169 1605 25Ad
185 1566 219 1599 hoc
232 1565 282 1599 enim
301 1565 432 1598 monasterium
451 1570 525 1599 sanctus
542 1565 649 1599 Dunstanus
668 1565 739 1599 crebris
758 1564 841 1598 noctibus

140 1617 203 1650 orandi
211 1617 268 1660 gratia
278 1616 362 1658 veniens,
369 1617 460 1650 visionem
470 1628 593 1660 supernorum
605 1616 671 1651 ciuium
680 1617 725 1651 vidit
737 1623 755 1651 et
767 1618 842 1660 hymnis

140 1669 238 1705 celestibus
249 1669 341 1703 interesse
352 1669 424 1703 meruit.
446 1669 482 1711 Qui
494 1668 556 1712 sepius
565 1669 634 1703 dixisse
642 1669 699 1704 fertur
710 1670 759 1713 quod
766 1670 842 1703 vbieun-

140 1733 176 1765 que
191 1723 210 1755 in
224 1721 301 1755 ecclesia
313 1721 342 1755 vel
355 1721 442 1755 cimiterIo
458 1722 525 1765 pedem
539 1721 581 1765 quis
593 1726 678 1762 verteret,
692 1732 748 1764 super
762 1721 842 1765 aliquem

140 1780 246 1810 sanctorum
262 1775 349 1808 calcaret:
369 1775 415 1808 adeo
430 1774 470 1807 loca
485 1774 593 1817 corporibus
608 1779 712 1808 sanctorum
727 1774 782 1818 plena
800 1784 842 1808 esse

113 1844 133 1873 30
140 1827 223 1863 asseruit.
269 1820 390 1861 Ethelbertus
399 1826 449 1861 enim
457 1838 495 1869 rex,
504 1837 546 1861 cum
553 1838 612 1871 vsque
623 1828 646 1861 ad
655 1827 758 1862 Humbriel
766 1826 842 1861 fluuium

140 1882 174 1914 sub
185 1880 269 1914 dicione⁷
281 1891 314 1914 sua
324 1881 432 1923 possideret,
444 1880 470 1914 sic
481 1891 502 1914 se
512 1890 613 1924 pauperem
626 1880 693 1914 Christi
705 1881 793 1919 exhibuit.
803 1885 843 1914 tan·

140 1944 195 1977 quam
203 1932 248 1966 nihil
258 1932 339 1967 haberet.
362 1933 466 1967 Gloriosum
478 1938 516 1966 erat
526 1934 589 1967 videre
599 1933 634 1967 late
645 1933 767 1978 imperantem
779 1934 843 1977 egenis

140 1986 221 2028 seruire;
234 1996 288 2028 reges
295 1990 401 2026 terrentem,
409 1987 514 2019 sacerdotes
523 1986 552 2019 dei
561 1991 653 2029 metuere3
666 1986 740 2030 populis
748 1986 842 2030 presiden-

140 2045 183 2082 tem,
201 2038 272 2073 clericis
291 2038 372 2080 0bedire,
386 2038 463 2082 pusillos
483 2043 501 2073 et
519 2038 593 2072 infimos
610 2039 687 2073 ecclesie
702 2039 793 2074 venerari.
822 2039 843 2073 In

113 2105 132 2135 35
141 2091 283 2136 compescendis
295 2090 349 2132 vitiis,
360 2091 457 2125 virtutibus
469 2091 586 2133 extollendis,
598 2093 689 2125 mandatis
701 2091 731 2125 dei
747 2092 844 2136 explendis

141 2144 249 2186 cunctisque
260 2144 333 2185 pietatis
345 2144 432 2186 operibus
444 2149 533 2186 quantum
548 2144 638 2185 enituerit,
650 2145 680 2177 ille
696 2145 782 2178 ethereus
798 2144 844 2178 liber

141 2202 191 2231 tanto
205 2195 272 2230 clarius
286 2196 383 2240 expressit,
397 2201 465 2240 quanto
478 2196 497 2230 in
511 2195 546 2229 hiis
560 2196 648 2240 segnius⁸
659 2197 738 2231 mundus
750 2196 844 2231 obmutuit.

142 2250 227 2294 Migrauit
237 2254 298 2283 autem
310 2250 333 2283 ad
344 2250 439 2283 dominum
451 2255 504 2283 sexto
516 2250 551 2283 lral
560 2251 628 2290 Marcii,
637 2261 685 2284 anno
695 2252 748 2293 regni
756 2252 784 2284 sui
793 2252 845 2294 quin-

141 2301 307 2347 quagesimosexto,
316 2302 406 2335 aduentus
415 2302 462 2335 beati
470 2301 568 2345 Augustini
579 2303 602 2336 ad
613 2312 634 2335 se
644 2313 665 2336 ac
677 2308 763 2347 suscepte
773 2302 844 2337 christi·

114 2371 134 2402 40
142 2356 215 2390 enitatis
228 2354 383 2398 vicesimoprimo,
397 2360 415 2389 et
428 2366 476 2389 anno
488 2356 556 2389 domini
568 2356 703 2390 sexcentesimo
715 2357 844 2390 sextodecimo.

142 2409 178 2451 Qui
194 2410 220 2452 (vt
238 2408 288 2441 Bede
303 2409 360 2442 verba
375 2409 473 2452 ponamus)
489 2408 537 2442 inter
552 2415 613 2443 cetera
628 2409 676 2443 hona
691 2420 727 2452 que
742 2409 793 2454 genti
812 2420 845 2443 sue

142 2462 254 2496 consulendo
266 2460 376 2503 conferebat,
387 2461 443 2495 etiam
455 2462 529 2496 decreta
540 2461 565 2495 illi
576 2461 689 2503 iudiciorum,
697 2463 748 2496 iuxta
759 2463 845 2506 exempla

143 2516 276 2556 Romanorum,
292 2525 334 2548 cum
353 2515 429 2548 consilio
448 2515 558 2558 sapientium
577 2515 674 2557 constituit,
688 2526 724 2559 que
743 2515 845 2559 conscripta

163 2593 196 2623 1ΙΞ.
205 2594 330 2631 amplectabatur.
359 2595 454 2626 ²0m,inT.
485 2594 623 2635 ³r.episcopium.
650 2595 756 2626 ⁴E.dicatur.
784 2595 818 2626 ⁵T.
827 2596 844 2626 E.

143 2634 389 2670 pontificalia..monasterialia¹
430 2635 552 2668 ⁵al.Humbre,
593 2636 712 2666 ⁷E.discione.
747 2637 845 2674 tatseguis.
