1762 2803
262 85 308 142 vc
323 83 423 139 &aaut
439 85 567 140 tuitftiao.
720 102 766 148 437

65 206 120 245 nimio
133 205 180 242 lastu
193 210 266 240 tumens
281 205 339 251 raptis
352 206 429 241 abutens
444 206 530 251 reliquiis,
542 206 569 242 ira
581 206 610 243 dei
623 213 707 252 correpta
721 218 765 244 mox

64 261 149 298 demonio
163 265 245 294 vexatur.
275 258 328 302 Quod
344 269 385 294 cum
401 270 434 294 rex
449 270 460 294 a
475 260 588 304 sapientibus
603 265 680 305 propter
697 261 765 297 illatam

64 315 150 351 Wilfrido
164 312 249 347 iniun'am
261 312 328 347 sactum
340 318 464 357 cognosceret,
476 319 559 348 sanctum
570 324 581 348 a
592 313 671 348 nexibus
682 314 767 357 solutum,

64 375 131 404 terram
143 376 195 400 suam
209 364 260 399 exire
271 364 359 410 precepit.
381 364 450 401 Volens
461 371 522 401 autem
534 378 600 401 seruus
613 366 642 401 dei
653 367 722 402 bonum
733 379 767 412 pro

65 421 112 455 malo
119 420 203 459 reddere,
211 418 269 451 orauit
277 418 300 451 ad
308 417 408 459 dominum,
414 423 432 452 et
440 420 528 462 reginam,
533 420 612 452 demone
620 418 686 463 fugato,
694 419 767 453 sanitati
775 426 785 457 5

64 471 148 509 restituit.
204 462 290 515 Pergens
307 470 368 515 itaque
386 482 452 506 versus
468 477 531 517 partes
545 473 640 515 australes,
657 484 668 507 a
687 473 767 517 quodam

65 525 181 567 Brithwaldo,
189 523 244 558 fratre
255 523 304 568 regis
316 523 427 558 Merciorum
438 524 537 567 Ethelredi,
545 525 646 559 honorifice
657 526 766 570 suscipitur:

64 585 83 614 et
95 589 131 622 que
144 577 249 611 necessaria
263 575 289 610 illi
302 582 360 620 erant,
374 577 454 623 benigne
469 577 591 623 impendebat.
619 577 691 613 Inuidia
704 584 766 614 tamen

65 632 130 667 diaboli
138 630 165 664 sic
172 630 224 664 illum
232 631 307 665 tandem
314 630 381 673 infecit,
386 636 406 665 vt
413 630 490 666 militem
495 631 568 673 Christi,
574 631 634 676 [sua]¹
642 632 767 667 munificentia

65 689 145 725 exutum,
157 694 168 717 a
179 693 199 717 se
209 682 284 727 suisque
295 683 381 717 omnibus
393 682 483 718 eliminari
495 683 547 727 lecit,
561 684 636 719 timebat
647 684 695 719 enim
706 684 767 720 fratris
777 691 796 714 10

65 738 159 778 offensam,
167 735 199 779 qui
210 746 293 770 sororem
304 735 354 780 regis
366 736 436 780 ngndi
447 736 526 770 habebat
537 747 619 771 uxorem.
642 738 710 781 Sicque
720 738 767 771 mul-

65 789 149 835 tipliciter
160 787 237 822 afflictus
250 793 269 822 et
281 787 382 831 iniuriatus,
394 800 430 832 quo
441 788 500 833 magis
511 789 651 824 aduersitatibus
663 790 767 832 feriebatur,

65 855 87 879 eo
99 841 178 888 amplius
192 842 214 875 ad
228 852 285 886 opera
298 843 327 876 dei
339 847 357 876 et
370 842 476 888 patientiam
489 853 510 877 se
523 844 603 888 parabat.
626 842 681 878 Venit
692 843 766 879 tandem

65 898 87 932 ad
97 896 165 931 curiam
174 894 235 939 regist
243 894 341 937 Kentwini,
350 900 368 930 et
379 895 423 930 satis
435 895 514 930 humane
526 895 628 940 suscipitur.
651 896 695 939 Sed,
703 907 768 942 quem-

65 949 162 984 admodum
178 947 228 989 alias,
240 947 267 981 sic
282 953 299 981 et
311 947 336 981 ibi
351 948 435 982 demonis
450 949 537 983 instinctu
552 949 642 982 femineas
657 959 725 993 passus
739 956 768 983 est
777 958 795 987 15

65 1002 112 1036 iras:
128 999 219 1044 siquidem
231 999 281 1043 regis
293 1009 340 1034 vxor
354 1004 393 1034 erat
408 1010 460 1034 soror
476 1000 614 1044 Ermenburgis,
627 1001 717 1035 malorum
729 1000 768 1036 sere

66 1053 147 1088 omnium
162 1063 198 1096 que
210 1052 250 1086 viro
263 1051 292 1086 del
307 1051 410 1086 acciderant
421 1052 510 1087 auctricis.
537 1053 578 1087 Hec
590 1054 644 1097 igitur
655 1053 768 1096 Willridum,

65 1106 127 1141 murus
140 1104 211 1139 iniuriis
226 1105 318 1146 anicium,
332 1116 343 1139 a
357 1104 396 1139 suis
411 1104 479 1140 finibus
493 1105 561 1151 expelii
576 1105 622 1140 seen.
681 1098 768 1142 Perrexit

66 1171 108 1204 ergo
123 1160 147 1194 ad
161 1158 275 1203 prouinciam
292 1158 407 1193 Australium
426 1158 527 1202 Saxonum,
542 1170 579 1203 que
597 1159 691 1204 paganicis
708 1159 767 1195 adhuc

66 1212 157 1248 erroribus
169 1212 272 1246 seruiebat:
284 1216 302 1245 et
311 1212 387 1246 verbum
399 1212 442 1245 fidei
453 1212 571 1246 ministrabat.
593 1212 649 1246 lErat
661 1218 722 1246 autem
734 1223 767 1247 rex
777 1222 796 1243 πο

65 1264 124 1308 gentis
135 1264 189 1306 illius,
198 1263 327 1305 Ethelwalcus,
339 1268 450 1307 suggerente
461 1275 506 1307 rege
518 1263 629 1297 Merciorum
640 1264 712 1297 Wllero
723 1264 768 1309 bap·

66 1318 130 1352 tizatus
145 1329 182 1352 non
198 1317 254 1351 multo
270 1321 312 1351 ante
327 1316 345 1351 in
361 1316 454 1362 prouincia
470 1316 587 1360 Merciorum,
604 1327 665 1362 aquo
680 1318 704 1352 de
719 1317 769 1353 sonte

66 1382 152 1416 egressus
164 1372 204 1405 loco
217 1370 249 1404 filii
262 1375 359 1415 susceptus
371 1375 399 1405 est
406 1383 411 1411 ;
424 1372 443 1404 in
457 1370 508 1405 cuius
522 1370 596 1415 signum
609 1370 712 1415 adoptionis
723 1372 770 1406 duas

66 1424 91 1459 illi
99 1424 209 1468 prouincias,
216 1424 292 1457 Vectam
301 1423 339 1457 scil.
344 1422 423 1457 insulam
431 1428 449 1457 et
457 1423 560 1468 quandam⁴
569 1423 681 1468 prouinciam
687 1423 705 1458 in
713 1430 769 1469 gente

66 1477 210 1512 Occidentalium
223 1477 324 1517 Saxonum,
337 1476 416 1510 donauit.
444 1476 513 1519 ltaque,
527 1476 604 1510 multum
616 1477 708 1520 gaudente
720 1487 769 1520 rege,
779 1485 797 1515 ²5

66 1530 136 1573 primos
143 1529 237 1573 prouincle
244 1529 300 1562 duces
308 1540 329 1562 ac
337 1528 403 1562 milites
411 1527 515 1571 baptizauit,
523 1534 541 1561 et
548 1527 645 1572 presbiteri
652 1527 681 1563 sui
688 1534 769 1563 ceteram

66 1582 139 1626 plebem
151 1592 204 1616 sacro
219 1581 269 1615 fonte
285 1580 388 1615 abluebant.
415 1581 459 1615 Erat
474 1580 524 1615 eninr
539 1580 564 1615 ibi
579 1581 680 1616 monachus
695 1581 769 1626 quidam

66 1636 89 1670 de
104 1635 177 1670 natione
192 1634 295 1677 Scotorum,
309 1633 384 1669 nomine
399 1634 482 1676 Diculus,
495 1634 566 1669 habens
581 1633 713 1669 monasterium
728 1646 770 1679 per-

66 1688 157 1723 modicum
164 1688 183 1722 in
190 1688 230 1722 loco
236 1687 267 1731 qui
273 1693 347 1722 vocatur
355 1687 461 1721 Bosenham
466 1688 478 1730 ⁶,
486 1687 538 1721 siluis
544 1687 627 1731 marique
633 1688 770 1729 circumdatum,

66 1746 84 1775 et
94 1742 113 1774 in
124 1751 147 1775 eo
158 1741 224 1775 iratres
235 1740 316 1784 quinque
327 1739 357 1774 vel
369 1749 403 1774 sex
414 1739 433 1773 in
445 1739 508 1773 humili
522 1743 541 1773 et
554 1749 635 1784 paupere
646 1739 683 1773 uita
695 1739 770 1774 domino
779 1748 799 1778 30

66 1793 186 1828 famulantes:
202 1792 263 1827 nullus
277 1798 338 1827 tamen
350 1792 489 1836 prouincialium
500 1797 543 1827 ante
556 1792 590 1827 viri
604 1792 633 1827 dei
645 1792 726 1826 Willridi
737 1793 770 1827 ad-

66 1850 142 1881 uentum
152 1857 216 1881 eorum
226 1845 256 1881 vel
267 1845 323 1881 vitam
335 1845 411 1879 emulari
420 1844 450 1880 vel
461 1844 604 1889 predicationem
616 1846 691 1880 curabat
701 1846 770 1881 audire.

67 1890 138 1935 Tribus
153 1900 203 1935 enirn
218 1904 260 1934 ante
275 1900 374 1934 aduentum
387 1899 427 1934 eius
441 1898 495 1933 annis
510 1898 572 1943 pluuia
586 1898 623 1933 illis
637 1899 656 1933 in
671 1898 716 1934 locis
731 1910 769 1934 non

67 1953 193 1995 descenderat,
205 1954 324 1997 quamobrem
337 1952 396 1986 sames
411 1952 485 1996 plebem
504 1951 602 1994 inuaserat,
617 1962 638 1986 ac
653 1952 710 1996 impia
724 1963 770 1988 nece

66 2011 195 2048 prostrauerat.
219 2007 269 2050 Sepe
284 2005 334 2039 enim
349 2004 469 2049 quadraginta
481 2009 511 2038 aut
526 2004 589 2047 plures
604 2004 665 2038 inedia
683 2005 770 2039 macerati
778 2010 798 2041 35

67 2059 89 2092 ad
103 2069 154 2094 mare
169 2059 294 2103 procedebant
309 2063 327 2092 et
342 2057 408 2092 iunctis
423 2057 508 2091 manibus
523 2056 634 2091 absorbendi
649 2057 734 2091 fluctibus
749 2068 770 2093 se

67 2110 201 2156 demergebant
223 2112 293 2146 Verum
302 2111 362 2155 primo
370 2110 399 2145 die
407 2121 443 2155 quo
454 2110 511 2144 fidem
518 2121 564 2155 gens
572 2109 603 2143 illa
614 2110 700 2155 suscepit,
708 2110 771 2156 pluuia

68 2165 140 2208 copiosa
152 2165 251 2208 descendit,
265 2171 283 2200 et
297 2171 346 2200 terra
358 2163 444 2199 refloruit.
473 2162 537 2198 Docuit
552 2168 614 2199 autem
629 2174 667 2207 eos,
682 2164 771 2208 piscando

67 2216 134 2252 victum
145 2230 233 2261 querere3
249 2229 292 2252 nam
303 2216 387 2261 piscandi
397 2216 463 2260 peritia
474 2216 525 2259 genti
536 2216 592 2258 nulla,
600 2215 635 2250 nisi
646 2217 670 2249 ad
681 2217 771 2261 anguillas

68 2272 143 2311 tantum,
156 2271 220 2305 inerat.
250 2269 328 2304 Retibus
341 2269 395 2313 igitur
411 2267 541 2312 anguillaribus
554 2269 675 2313 undecunque
690 2268 771 2304 collectis
778 2279 799 2309 4ο

68 2321 213 2359 abthominibus
221 2323 306 2359 antistitis
312 2323 332 2358 in
340 2334 391 2358 mare
399 2321 604 2364 mersis⁷,diuers0rum
611 2333 701 2368 generum
709 2322 770 2368 pisces

88 2462 93 2481 ¹
103 2473 133 2495 om.
174 2464 180 2483 ²
190 2474 211 2495 sc.
219 2465 347 2495 Westsaxonum
388 2463 394 2481 ¹
405 2464 427 2495 Cl'.
436 2464 481 2493 Beda
489 2464 515 2494 lV.
525 2472 549 2500 ¹3·
586 2462 592 2480 ⁴
602 2463 642 2493 Bed.
650 2463 769 2492 ldeanvarorum

68 2509 91 2537 pr.
103 2504 148 2539 (now
158 2503 219 2542 Meon).
264 2504 270 2521 ⁶
280 2503 326 2534 From
337 2503 369 2534 this
379 2506 471 2540 monastery
480 2503 512 2533 and
524 2502 583 2540 Selsey
592 2511 639 2532 arose
650 2502 678 2531 the
689 2501 769 2541 episcopal

68 2542 188 2574 establishment
195 2544 213 2574 ol
218 2543 317 2576 chichester.
357 2542 363 2561 ¹
374 2542 428 2575 Eadm.
438 2546 454 2573 et
461 2543 486 2574 ab.
526 2541 532 2559 ⁷
543 2542 598 2573 Eadm.
605 2541 662 2573 missis.
