1762 2803
112 126 158 178 460
197 195 199 197 q
303 122 383 175 mutto
398 119 515 182 flegma
531 120 622 183 anglie.

115 241 153 276 Nec
168 242 217 275 enim
233 251 307 275 manum
323 242 385 276 laxare
401 241 462 284 valuit,
475 252 509 276 nec
526 241 592 286 digitos
606 251 617 276 a
630 240 726 275 manubrio
738 240 816 275 soluere.

115 295 130 329 F
131 294 228 329 ridesvvide
239 295 314 329 taudem
326 295 426 337 adducitur,
437 300 455 328 et
466 295 505 329 eius
516 295 601 338 precibus
612 294 704 329 liberatur.
749 287 817 341 Quen-

115 349 157 381 dam
170 347 279 389 piscatorem
292 358 303 380 a
313 348 391 380 demone
405 353 505 392 arreptum,
518 348 559 381 fusa
571 348 594 381 ad
608 349 663 381 deum
676 358 732 392 prece
744 346 817 382 sanitati

115 399 192 444 pristine
206 399 257 443 virgo
274 400 309 434 deo
325 400 391 434 deuota
404 401 488 435 restituit.
533 393 585 435 Cum
596 401 675 444 quadam
688 400 739 434 vice¹
752 401 817 435 vrbem

98 453 187 494 50xonie
202 452 282 495 intraret,
298 458 336 486 tota
351 453 399 486 illico
414 453 434 486 in
449 453 522 487 obuiam
538 453 575 487 ruit
590 453 660 495 ciuitas,
676 458 694 486 et
711 463 754 486 ecce
769 453 818 485 inter

115 505 208 547 vtriusque
217 514 273 539 sexus
284 505 356 538 turbam
366 505 419 539 adest
429 505 501 539 iuuenis
512 505 563 550 lepra
573 504 706 539 immanissima
714 509 731 538 et
739 504 818 548 pustulis

115 563 152 592 toto
168 558 291 591 deformatus²
306 569 388 602 corpore,
400 564 420 593 vt
434 559 458 593 de
473 558 532 593 forma
547 558 627 593 hominis
642 558 688 593 nihil
702 558 740 593 sere
755 559 818 593 inesse

116 613 209 645 videretur
216 618 278 655 preter
285 612 377 645 exteriora
389 612 500 646 liniamenta.
523 612 554 645 Sic
565 612 614 645 enim
622 611 688 654 vicera,
697 612 723 645 sic
731 616 818 652 tumores,

116 663 142 698 sic
153 663 227 706 iniquus
235 664 285 697 color
296 670 362 697 cuncta
371 665 486 698 obduxerant
491 664 503 706 ³,
511 670 531 697 vt
540 670 644 697 monstrum
654 664 714 708 potius
725 669 819 708 putaretur

90 729 108 750 ιο
116 727 172 761 quam
180 715 239 750 homo.
263 716 310 750 Cum
321 722 382 751 autern
391 717 427 752 iste
435 719 458 751 ad
466 722 548 751 sanctam
557 718 647 761 virginem
658 719 819 762 appropinquaret,

116 775 184 814 quanta
196 771 254 813 potuit
264 781 310 803 voce
321 770 433 804 horribiliter
444 781 499 803 rauca
511 770 572 804 emisit
583 780 650 804 sonum
662 770 706 804 satis
717 770 819 811 contusum,

116 824 173 857 verba
180 828 242 856 tamen
250 824 390 866 exprimentem,
397 822 423 856 sic
430 823 494 856 dicens
501 835 504 857 :
514 823 594 856 ‘Adiuro
601 827 624 865 te,
631 822 682 865 virgo
690 821 803 855 Frideswida
808 821 819 863 ⁴,

117 886 150 918 per
164 875 219 908 deum
234 874 385 917 omnipotentem,
398 881 418 910 vt
433 876 466 909 des
482 875 526 908 mihi
541 875 624 908 osculum
639 876 658 908 in
673 875 748 908 nomine
764 874 819 908 lhesu

118 926 185 962 Christi
200 927 232 961 filii
247 928 287 960 eius
302 927 400 971 vnigeniti.¹
423 927 449 961 At
464 928 495 960 illa
511 927 604 961 charitatis
620 927 663 971 igne
679 937 757 960 accensa
772 925 820 960 illico

92 993 110 1023 15
119 980 201 1022 accessit,
209 985 227 1014 et
235 980 287 1023 signo
297 981 356 1014 crucis
367 982 418 1024 prius
426 982 523 1025 impresso,
532 981 615 1014 osculum
623 981 696 1024 leproso
705 980 760 1015 dedit,
783 980 820 1014 Ore

119 1034 169 1068 enim
174 1033 251 1077 virginis
259 1044 280 1068 os
288 1034 357 1076 leprosi
368 1034 452 1077 tangitur,
461 1039 479 1067 et
488 1033 574 1067 continuo
585 1039 623 1067 toto
633 1044 710 1076 corpore
718 1033 821 1066 mundatur.

119 1086 171 1121 Cutis
178 1095 243 1129 aspera
248 1086 271 1120 ad
278 1096 396 1130 squamarum
402 1086 477 1120 modum
485 1085 568 1129 soluitur,
573 1091 591 1120 et
597 1086 647 1120 velut
655 1087 721 1120 exuuie
728 1086 821 1120 colubrine

119 1140 241 1184 deponuntur,
254 1145 272 1173 et
283 1141 345 1174 statim
357 1151 399 1174 caro
413 1140 453 1174 eius
469 1140 515 1174 sicut
530 1150 572 1174 caro
587 1140 640 1184 pueri
652 1140 722 1184 paruuli
738 1139 821 1174 efficitur.

121 1186 205 1227 Instante
220 1194 295 1226 tandem
311 1198 394 1236 tempore
411 1193 536 1227 dissolutionis
552 1203 591 1235 sue,
604 1203 648 1227 ecce
661 1193 738 1236 angelus
752 1193 821 1227 domini

92 1260 112 1281 κο
120 1247 180 1280 eidem
193 1247 251 1279 oranti
264 1246 319 1280 astitit
333 1247 408 1281 dicens:
426 1246 506 1288 ‘Quarto
522 1246 594 1280 decimo
609 1246 698 1280 kalendas
715 1246 821 1280 nouembris

120 1300 162 1334 finis
170 1299 208 1341 tibi,
217 1299 335 1340 Frideswida,
343 1300 407 1342 agonis
416 1310 427 1332 a
435 1300 470 1332 deo
481 1300 590 1340 decernitur,
600 1304 618 1332 et
629 1309 700 1332 merces
709 1299 822 1341 sempiterna

120 1352 237 1396 preparatur!
261 1351 284 1384 Et
293 1351 327 1384 hec
338 1352 401 1384 dicens
413 1350 502 1392 discessit,
514 1356 531 1385 et
542 1350 557 1384 F
557 1350 674 1385 ridesvvidam
686 1350 742 1384 febris
754 1350 822 1395 grauis·

121 1406 167 1439 sima
175 1404 267 1447 corripuit,
275 1404 324 1437 vnde
332 1408 350 1437 et
358 1404 427 1438 viribus
435 1403 517 1447 corporis
525 1404 573 1447 cepit
581 1404 659 1438 destitui.
683 1404 706 1437 Et
714 1403 790 1437 intentis
799 1404 822 1437 ad

121 1468 202 1501 superna
215 1455 314 1490 luminibus
327 1457 399 1501 aspexit
414 1457 457 1491 inde
470 1457 566 1491 venientes
580 1458 603 1491 ad
620 1467 641 1491 se
652 1457 733 1501 virgines
746 1466 793 1501 quas
804 1457 823 1490 in

94 1525 112 1555 25
121 1511 238 1546 veneratione
254 1511 334 1544 maxima
351 1521 426 1554 semper
440 1511 529 1546 habebat:
548 1510 669 1545 Katherinam
685 1510 754 1545 scilicet
769 1516 823 1554 atque

122 1564 214 1604 Ceciliam,
223 1563 289 1605 quibus
297 1568 315 1596 et
323 1564 357 1597 ait:
370 1563 435 1597 ‘Modo
443 1564 522 1605 veniam,
530 1574 571 1597 mee
579 1564 659 1605 domine,
667 1564 722 1597 modo
729 1563 824 1604 veniarn’3

122 1622 140 1650 et
152 1616 257 1650 valedicens
269 1616 376 1657 astantibus,
386 1616 471 1660 migrauit
483 1617 506 1649 ad
518 1617 619 1649 dominum.
643 1616 684 1650 Lux
696 1617 745 1649 enim
759 1616 824 1649 celitus

122 1669 191 1703 emissa
206 1669 280 1701 domum
299 1669 358 1702 subito
374 1669 468 1701 illustrans
483 1668 508 1701 ita
522 1673 579 1701 totam
594 1668 673 1712 repleuit
688 1669 753 1702 vrbem
768 1669 824 1702 odore

123 1719 269 1754 inestimabiliter
287 1720 403 1763 suauissimo,
420 1722 507 1764 quatinus
526 1731 563 1754 non
580 1721 693 1754 dubitaretur
711 1721 824 1763 vnigenitum

95 1787 115 1817 3⁰
123 1774 197 1807 affuisse
205 1772 261 1815 patris
270 1772 365 1813 luminum,
373 1773 425 1806 cuius
433 1783 502 1806 nomen
508 1777 622 1816 unguentum
630 1773 709 1806 effusum
716 1772 824 1806 vniuersum

123 1825 206 1870 impleuit
218 1825 337 1859 orbem—⁵
345 1818 453 1870 Antequam
469 1826 503 1860 iuri
516 1826 665 1860 Normannorum
681 1826 727 1860 deus
738 1825 825 1870 Angliam

123 1878 241 1920 subdidisset,
256 1879 389 1913 abendoniensi
406 1880 465 1913 abbati
482 1880 560 1913 ecclesia
575 1884 639 1914 sancte
655 1878 768 1914 Frideswide
784 1890 825 1913 cum

123 1931 273 1977 possessionibus
281 1932 319 1966 suis
327 1942 338 1966 a
345 1943 389 1976 rege
397 1934 477 1977 quodam
485 1934 552 1967 donata
559 1932 597 1975 suit,
603 1938 621 1967 et
629 1934 712 1977 expulsis
723 1932 826 1967 canonicis³

124 1996 158 2031 per
172 1996 231 2020 annos
243 1985 312 2029 aliquot
324 1986 457 2021 monachorum
469 1985 585 2030 dispositioni
597 1997 628 2020 res
644 1986 715 2020 addicta
732 1986 826 2028 subiacuit,

97 2053 115 2083 35
124 2041 182 2073 donec
198 2043 267 2072 mutata
281 2039 356 2073 tandem
370 2040 463 2074 voluntate
480 2040 528 2083 regis
544 2040 638 2073 cuiusdam
654 2039 747 2073 canonicis
762 2044 827 2074 cuncta

125 2093 208 2127 restituta
216 2097 264 2126 sunt.
287 2093 361 2126 Auxilio
368 2104 413 2126 vero
421 2097 439 2126 et
446 2103 525 2126 assensu
532 2092 621 2126 Willelmi
629 2092 746 2134 vicecomitis,
754 2092 826 2136 patroni

124 2146 202 2180 ecclesie
219 2149 282 2178 sancte
295 2145 376 2188 virginis,
389 2146 460 2179 eleuata
472 2150 514 2179 sunt
528 2146 551 2179 de
563 2150 612 2179 terra
624 2146 739 2179 sanctissime
750 2144 827 2189 virginis

125 2208 173 2240 ossa,
185 2198 234 2231 etin
249 2198 317 2231 scrinio
329 2197 430 2231 honorifice
442 2197 534 2231 collocata.
579 2190 660 2241 Propter
667 2203 741 2241 peccata
750 2197 827 2241 [enim]⁷

125 2249 265 2285 inhabitantium
280 2249 340 2293 primo
355 2261 389 2294 per
405 2250 473 2292 Danos,
486 2257 550 2293 postea
563 2251 623 2286 voraci
637 2252 715 2293 flamma,
731 2252 827 2284 cenobium

97 2319 118 2348 40
126 2310 188 2338 sancte
196 2303 272 2347 virginis
281 2303 296 2335 F
296 2304 394 2337 rideswide
402 2304 461 2336 extitit
469 2309 598 2348 consumptum
603 2305 614 2338 ⁸.
649 2297 735 2339 Clericus
743 2302 829 2348 quidam⁹

126 2362 233 2391 ornamenta
241 2357 319 2390 ecclesie
328 2356 396 2390 Sancte
402 2356 515 2391 Frideswide
522 2357 613 2398 auferens,
619 2367 681 2390 coram
689 2356 748 2390 iudice
756 2366 828 2390 accusa-

126 2416 168 2446 tur:
183 2414 201 2443 et
212 2420 253 2443 cum
264 2420 285 2443 se
297 2419 376 2454 purgare
389 2409 512 2444 innocentiam
525 2421 577 2445 suam
591 2410 670 2452 offerret,
678 2409 746 2455 placuit
758 2409 828 2444 cunctis

146 2505 208 2535 1ΙηΝ.
218 2505 235 2535 L.
243 2504 272 2535 she
280 2505 513 2535 nowreturnslromsolitude.
564 2504 714 2536 ²Boll.desoratus.
772 2503 829 2533 3ΒοΙῙ.

127 2547 219 2576 obduxerat.
259 2544 265 2562 4
276 2545 294 2575 E.
300 2545 397 2575 sridesvvido.
441 2545 448 2562 ³
457 2545 492 2575 The
499 2546 581 2583 following
586 2546 600 2575 is
607 2545 646 2575 from
653 2555 673 2575 an
681 2545 761 2574 unknown
768 2553 829 2574 source.

127 2586 155 2617 ⁶r.
164 2585 236 2616 clericis?
266 2584 416 2622 7εοΤ.;Ε,νετο.
447 2585 538 2616 tctWill.
547 2586 599 2617 Malm.
608 2585 645 2616 Gr.
653 2585 673 2615 iv.
704 2584 814 2622 ”Equidem
