<?xml version="1.0" encoding="UTF-8"?>
<!DOCTYPE html PUBLIC "-//W3C//DTD XHTML 1.0 Transitional//EN"
    "http://www.w3.org/TR/xhtml1/DTD/xhtml1-transitional.dtd">
<html xmlns="http://www.w3.org/1999/xhtml" xml:lang="en" lang="en">
 <head>
  <title>
</title>
<meta http-equiv="Content-Type" content="text/html;charset=utf-8" />
  <meta name='ocr-system' content='tesseract 3.04.00' />
  <meta name='ocr-capabilities' content='ocr_page ocr_carea ocr_par ocr_line ocrx_word'/>
</head>
<body>
  <div class='ocr_page' id='page_1' title='image "./MN5111ucmf_0/MN5111ucmf_0_1011.png"; bbox 0 0 1762 2803; ppageno 0'>
   <div class='ocr_carea' id='block_1_1' title="bbox 167 106 761 169">
    <p class='ocr_par' dir='ltr' id='par_1_1' title="bbox 167 106 761 169">
     <span class='ocr_line' id='line_1_1' title="bbox 167 106 761 169; baseline 0.007 -7"><span class='ocrx_word' id='word_1_1' title='bbox 167 108 213 166; x_wconf 60' lang='lat' dir='ltr'><strong>lvo</strong></span> <span class='ocrx_word' id='word_1_2' title='bbox 229 107 329 162; x_wconf 59' lang='lat' dir='ltr'><strong>sanctu</strong></span> <span class='ocrx_word' id='word_1_3' title='bbox 345 106 446 166; x_wconf 77' lang='lat' dir='ltr'><strong>olona</strong></span> <span class='ocrx_word' id='word_1_4' title='bbox 462 106 644 169; x_wconf 73' lang='lat' dir='ltr'><strong>atdiuttuou.</strong></span> <span class='ocrx_word' id='word_1_5' title='bbox 718 121 761 166; x_wconf 85' lang='lat'><strong>395</strong></span> 
     </span>
    </p>
   </div>
   <div class='ocr_carea' id='block_1_2' title="bbox 61 227 796 2500">
    <p class='ocr_par' dir='ltr' id='par_1_2' title="bbox 61 227 796 2500">
     <span class='ocr_line' id='line_1_2' title="bbox 62 227 762 273; baseline -0.004 -9"><span class='ocrx_word' id='word_1_6' title='bbox 62 229 146 264; x_wconf 85' lang='lat' dir='ltr'><strong>manibus</strong></span> <span class='ocrx_word' id='word_1_7' title='bbox 152 228 223 264; x_wconf 88' lang='lat' dir='ltr'><strong>vibrant</strong></span> <span class='ocrx_word' id='word_1_8' title='bbox 230 241 235 269; x_wconf 68' lang='grc' dir='ltr'><strong><em>ς</em></strong></span> <span class='ocrx_word' id='word_1_9' title='bbox 242 228 272 263; x_wconf 86' lang='lat' dir='ltr'><strong>alii</strong></span> <span class='ocrx_word' id='word_1_10' title='bbox 278 231 282 247; x_wconf 84' lang='lat'>¹</span> <span class='ocrx_word' id='word_1_11' title='bbox 287 228 322 263; x_wconf 92' lang='lat' dir='ltr'><strong>Vbi</strong></span> <span class='ocrx_word' id='word_1_12' title='bbox 328 233 357 263; x_wconf 92' lang='lat' dir='ltr'><strong>est</strong></span> <span class='ocrx_word' id='word_1_13' title='bbox 362 228 444 273; x_wconf 79' lang='lat' dir='ltr'><strong>proditor</strong></span> <span class='ocrx_word' id='word_1_14' title='bbox 449 229 469 271; x_wconf 62' lang='grc' dir='ltr'><strong>Γ,</strong></span> <span class='ocrx_word' id='word_1_15' title='bbox 475 228 505 261; x_wconf 94' lang='lat' dir='ltr'><strong>alii</strong></span> <span class='ocrx_word' id='word_1_16' title='bbox 511 230 515 248; x_wconf 84' lang='lat'>‘</span> <span class='ocrx_word' id='word_1_17' title='bbox 520 227 555 261; x_wconf 93' lang='lat' dir='ltr'><strong>Vbi</strong></span> <span class='ocrx_word' id='word_1_18' title='bbox 561 233 589 262; x_wconf 88' lang='lat' dir='ltr'><strong>est</strong></span> <span class='ocrx_word' id='word_1_19' title='bbox 595 227 744 272; x_wconf 78' lang='lat' dir='ltr'><strong>archiepiscopus</strong></span> <span class='ocrx_word' id='word_1_20' title='bbox 749 229 762 262; x_wconf 72' lang='grc' dir='ltr'><strong>ἓ·</strong></span> 
     </span>
     <span class='ocr_line' id='line_1_3' title="bbox 62 281 763 325; baseline -0.003 -9"><span class='ocrx_word' id='word_1_21' title='bbox 62 281 191 317; x_wconf 80' lang='lat' dir='ltr'><strong>acclamabant.</strong></span> <span class='ocrx_word' id='word_1_22' title='bbox 214 281 237 316; x_wconf 87' lang='lat' dir='ltr'><strong>Et</strong></span> <span class='ocrx_word' id='word_1_23' title='bbox 249 282 327 316; x_wconf 88' lang='lat' dir='ltr'><strong>occurrit</strong></span> <span class='ocrx_word' id='word_1_24' title='bbox 338 281 374 315; x_wconf 92' lang='lat' dir='ltr'><strong>illis</strong></span> <span class='ocrx_word' id='word_1_25' title='bbox 385 281 414 315; x_wconf 91' lang='lat' dir='ltr'><strong>vir</strong></span> <span class='ocrx_word' id='word_1_26' title='bbox 425 286 505 322; x_wconf 84' lang='lat' dir='ltr'><strong>sanctus,</strong></span> <span class='ocrx_word' id='word_1_27' title='bbox 517 281 591 316; x_wconf 89' lang='lat' dir='ltr'><strong>dicens:</strong></span> <span class='ocrx_word' id='word_1_28' title='bbox 604 281 662 315; x_wconf 82' lang='lat' dir='ltr'><strong>‘Ecce</strong></span> <span class='ocrx_word' id='word_1_29' title='bbox 674 292 715 325; x_wconf 84' lang='lat' dir='ltr'><strong>ego,</strong></span> <span class='ocrx_word' id='word_1_30' title='bbox 726 291 763 314; x_wconf 92' lang='lat' dir='ltr'><strong>non</strong></span> 
     </span>
     <span class='ocr_line' id='line_1_4' title="bbox 61 333 764 380; baseline -0.001 -11"><span class='ocrx_word' id='word_1_31' title='bbox 61 335 149 380; x_wconf 82' lang='lat' dir='ltr'><strong>proditor,</strong></span> <span class='ocrx_word' id='word_1_32' title='bbox 164 335 197 369; x_wconf 86' lang='lat' dir='ltr'><strong>sed</strong></span> <span class='ocrx_word' id='word_1_33' title='bbox 213 334 372 379; x_wconf 83' lang='lat' dir='ltr'><strong>archiepiscopus.¹</strong></span> <span class='ocrx_word' id='word_1_34' title='bbox 395 334 418 369; x_wconf 89' lang='lat' dir='ltr'><strong>Et</strong></span> <span class='ocrx_word' id='word_1_35' title='bbox 433 335 524 368; x_wconf 84' lang='lat' dir='ltr'>accedens</span> <span class='ocrx_word' id='word_1_36' title='bbox 539 334 610 379; x_wconf 88' lang='lat' dir='ltr'><strong>primus</strong></span> <span class='ocrx_word' id='word_1_37' title='bbox 625 333 703 376; x_wconf 89' lang='lat' dir='ltr'><strong>illorum,</strong></span> <span class='ocrx_word' id='word_1_38' title='bbox 718 334 764 368; x_wconf 89' lang='lat' dir='ltr'><strong>dixit</strong></span> 
     </span>
     <span class='ocr_line' id='line_1_5' title="bbox 62 386 764 432; baseline -0.003 -9"><span class='ocrx_word' id='word_1_39' title='bbox 62 394 137 423; x_wconf 89' lang='lat' dir='ltr'><strong>sancto:</strong></span> <span class='ocrx_word' id='word_1_40' title='bbox 156 388 324 432; x_wconf 74' lang='lat' dir='ltr'><strong>‘Fugermortuus</strong></span> <span class='ocrx_word' id='word_1_41' title='bbox 337 390 369 423; x_wconf 83' lang='lat' dir='ltr'><strong>es&#39;</strong></span> <span class='ocrx_word' id='word_1_42' title='bbox 392 388 416 422; x_wconf 91' lang='lat' dir='ltr'><strong>Et</strong></span> <span class='ocrx_word' id='word_1_43' title='bbox 428 387 469 423; x_wconf 89' lang='lat' dir='ltr'><strong>ille:</strong></span> <span class='ocrx_word' id='word_1_44' title='bbox 486 387 616 432; x_wconf 82' lang='lat' dir='ltr'><strong>‘Nequaquam</strong></span> <span class='ocrx_word' id='word_1_45' title='bbox 628 386 717 432; x_wconf 62' lang='lat' dir='ltr'><strong>tugiam:</strong></span> <span class='ocrx_word' id='word_1_46' title='bbox 741 386 764 421; x_wconf 82' lang='lat' dir='ltr'><strong>Et</strong></span> 
     </span>
     <span class='ocr_line' id='line_1_6' title="bbox 62 440 782 483; baseline -0.003 -9"><span class='ocrx_word' id='word_1_47' title='bbox 62 441 128 475; x_wconf 87' lang='lat' dir='ltr'><strong>iniecta</strong></span> <span class='ocrx_word' id='word_1_48' title='bbox 142 440 161 475; x_wconf 91' lang='lat' dir='ltr'><strong>in</strong></span> <span class='ocrx_word' id='word_1_49' title='bbox 173 441 233 474; x_wconf 91' lang='lat' dir='ltr'><strong>virum</strong></span> <span class='ocrx_word' id='word_1_50' title='bbox 248 442 278 475; x_wconf 88' lang='lat' dir='ltr'><strong>dei</strong></span> <span class='ocrx_word' id='word_1_51' title='bbox 293 452 355 482; x_wconf 90' lang='lat' dir='ltr'><strong>manu,</strong></span> <span class='ocrx_word' id='word_1_52' title='bbox 370 441 482 483; x_wconf 87' lang='lat' dir='ltr'><strong>pilleumque</strong></span> <span class='ocrx_word' id='word_1_53' title='bbox 497 450 585 474; x_wconf 89' lang='lat' dir='ltr'><strong>mucrone</strong></span> <span class='ocrx_word' id='word_1_54' title='bbox 600 440 694 481; x_wconf 87' lang='lat' dir='ltr'><strong>deiiciens,</strong></span> <span class='ocrx_word' id='word_1_55' title='bbox 708 440 782 480; x_wconf 85' lang='lat' dir='ltr'><strong>dixit:5</strong></span> 
     </span>
     <span class='ocr_line' id='line_1_7' title="bbox 63 491 765 537; baseline 0.001 -11"><span class='ocrx_word' id='word_1_56' title='bbox 63 493 119 526; x_wconf 83' lang='lat' dir='ltr'><strong>‘Veni</strong></span> <span class='ocrx_word' id='word_1_57' title='bbox 127 492 173 526; x_wconf 88' lang='lat' dir='ltr'><strong>huc:</strong></span> <span class='ocrx_word' id='word_1_58' title='bbox 185 498 250 537; x_wconf 85' lang='lat' dir='ltr'><strong>captus</strong></span> <span class='ocrx_word' id='word_1_59' title='bbox 258 496 288 527; x_wconf 77' lang='lat' dir='ltr'><strong>es.¹</strong></span> <span class='ocrx_word' id='word_1_60' title='bbox 311 493 390 528; x_wconf 88' lang='lat' dir='ltr'><strong>Sanctus</strong></span> <span class='ocrx_word' id='word_1_61' title='bbox 400 493 436 527; x_wconf 87' lang='lat' dir='ltr'><strong>ait:</strong></span> <span class='ocrx_word' id='word_1_62' title='bbox 448 492 500 527; x_wconf 89' lang='lat' dir='ltr'><strong>‘Non</strong></span> <span class='ocrx_word' id='word_1_63' title='bbox 508 491 592 529; x_wconf 87' lang='lat' dir='ltr'><strong>veniam:</strong></span> <span class='ocrx_word' id='word_1_64' title='bbox 605 491 634 528; x_wconf 89' lang='lat' dir='ltr'><strong>hic</strong></span> <span class='ocrx_word' id='word_1_65' title='bbox 642 492 687 528; x_wconf 89' lang='lat' dir='ltr'><strong>mihi</strong></span> <span class='ocrx_word' id='word_1_66' title='bbox 695 491 765 528; x_wconf 83' lang='lat' dir='ltr'><strong>iacietis</strong></span> 
     </span>
     <span class='ocr_line' id='line_1_8' title="bbox 62 545 765 592; baseline 0 -13"><span class='ocrx_word' id='word_1_67' title='bbox 62 547 147 590; x_wconf 89' lang='lat' dir='ltr'><strong>quicquid</strong></span> <span class='ocrx_word' id='word_1_68' title='bbox 159 546 220 581; x_wconf 81' lang='lat' dir='ltr'><strong>lacere</strong></span> <span class='ocrx_word' id='word_1_69' title='bbox 231 547 297 590; x_wconf 82' lang='lat' dir='ltr'><strong>vultis,&#39;</strong></span> <span class='ocrx_word' id='word_1_70' title='bbox 307 547 421 592; x_wconf 82' lang='lat' dir='ltr'><strong>palliumque</strong></span> <span class='ocrx_word' id='word_1_71' title='bbox 432 547 455 580; x_wconf 92' lang='lat' dir='ltr'><strong>de</strong></span> <span class='ocrx_word' id='word_1_72' title='bbox 467 556 523 581; x_wconf 89' lang='lat' dir='ltr'><strong>manu</strong></span> <span class='ocrx_word' id='word_1_73' title='bbox 535 546 575 581; x_wconf 88' lang='lat' dir='ltr'><strong>eius</strong></span> <span class='ocrx_word' id='word_1_74' title='bbox 586 547 672 581; x_wconf 84' lang='lat' dir='ltr'><strong>excussit.</strong></span> <span class='ocrx_word' id='word_1_75' title='bbox 695 545 765 588; x_wconf 85' lang='lat' dir='ltr'><strong>Quibus</strong></span> 
     </span>
     <span class='ocr_line' id='line_1_9' title="bbox 63 598 765 644; baseline 0.001 -12"><span class='ocrx_word' id='word_1_76' title='bbox 63 600 123 633; x_wconf 83' lang='lat' dir='ltr'><strong>verbis</strong></span> <span class='ocrx_word' id='word_1_77' title='bbox 135 600 188 633; x_wconf 90' lang='lat' dir='ltr'><strong>miles</strong></span> <span class='ocrx_word' id='word_1_78' title='bbox 200 610 326 644; x_wconf 86' lang='lat' dir='ltr'><strong>repercussus,</strong></span> <span class='ocrx_word' id='word_1_79' title='bbox 333 601 380 634; x_wconf 87' lang='lat' dir='ltr'><strong>duos</strong></span> <span class='ocrx_word' id='word_1_80' title='bbox 387 600 417 634; x_wconf 88' lang='lat' dir='ltr'><strong>vel</strong></span> <span class='ocrx_word' id='word_1_81' title='bbox 428 605 466 634; x_wconf 91' lang='lat' dir='ltr'><strong>tres</strong></span> <span class='ocrx_word' id='word_1_82' title='bbox 477 609 544 643; x_wconf 83' lang='lat' dir='ltr'><strong>passus</strong></span> <span class='ocrx_word' id='word_1_83' title='bbox 556 598 624 633; x_wconf 89' lang='lat' dir='ltr'><strong>resiliit.</strong></span> <span class='ocrx_word' id='word_1_84' title='bbox 647 598 670 634; x_wconf 83' lang='lat' dir='ltr'><strong>Et</strong></span> <span class='ocrx_word' id='word_1_85' title='bbox 679 599 702 633; x_wconf 94' lang='lat' dir='ltr'><strong>ad</strong></span> <span class='ocrx_word' id='word_1_86' title='bbox 710 598 765 633; x_wconf 88' lang='lat' dir='ltr'><strong>alium</strong></span> 
     </span>
     <span class='ocr_line' id='line_1_10' title="bbox 64 651 765 696; baseline 0 -10"><span class='ocrx_word' id='word_1_87' title='bbox 64 652 140 687; x_wconf 85' lang='lat' dir='ltr'><strong>militem</strong></span> <span class='ocrx_word' id='word_1_88' title='bbox 148 663 255 696; x_wconf 88' lang='lat' dir='ltr'><strong>conuersus,</strong></span> <span class='ocrx_word' id='word_1_89' title='bbox 263 653 320 689; x_wconf 79' lang='lat' dir='ltr'><strong>dixit:</strong></span> <span class='ocrx_word' id='word_1_90' title='bbox 332 653 391 696; x_wconf 88' lang='lat' dir='ltr'><strong>‘Quid</strong></span> <span class='ocrx_word' id='word_1_91' title='bbox 402 657 430 687; x_wconf 84' lang='lat' dir='ltr'><strong>est</strong></span> <span class='ocrx_word' id='word_1_92' title='bbox 441 652 481 695; x_wconf 93' lang='lat' dir='ltr'><strong>hoc,</strong></span> <span class='ocrx_word' id='word_1_93' title='bbox 490 651 604 695; x_wconf 79' lang='lat' dir='ltr'><strong>Reginalde?</strong></span> <span class='ocrx_word' id='word_1_94' title='bbox 617 652 674 687; x_wconf 86' lang='lat' dir='ltr'><strong>Multa</strong></span> <span class='ocrx_word' id='word_1_95' title='bbox 682 652 713 686; x_wconf 90' lang='lat' dir='ltr'><strong>tibi</strong></span> <span class='ocrx_word' id='word_1_96' title='bbox 722 662 765 686; x_wconf 90' lang='lat' dir='ltr'><strong>con·</strong></span> 
     </span>
     <span class='ocr_line' id='line_1_11' title="bbox 62 705 794 740; baseline -0.004 -2"><span class='ocrx_word' id='word_1_97' title='bbox 62 706 95 739; x_wconf 87' lang='lat' dir='ltr'><strong>tuli</strong></span> <span class='ocrx_word' id='word_1_98' title='bbox 108 707 208 740; x_wconf 86' lang='lat' dir='ltr'><strong>beneficia:</strong></span> <span class='ocrx_word' id='word_1_99' title='bbox 224 712 242 740; x_wconf 88' lang='lat' dir='ltr'><strong>et</strong></span> <span class='ocrx_word' id='word_1_100' title='bbox 254 707 277 740; x_wconf 87' lang='lat' dir='ltr'><strong>ad</strong></span> <span class='ocrx_word' id='word_1_101' title='bbox 289 717 319 740; x_wconf 90' lang='lat' dir='ltr'><strong>me</strong></span> <span class='ocrx_word' id='word_1_102' title='bbox 332 712 413 740; x_wconf 86' lang='lat' dir='ltr'><strong>armatus</strong></span> <span class='ocrx_word' id='word_1_103' title='bbox 426 706 445 739; x_wconf 92' lang='lat' dir='ltr'><strong>in</strong></span> <span class='ocrx_word' id='word_1_104' title='bbox 457 705 553 739; x_wconf 85' lang='lat' dir='ltr'><strong>ecclesiam</strong></span> <span class='ocrx_word' id='word_1_105' title='bbox 565 705 657 739; x_wconf 80' lang='lat' dir='ltr'><strong>accedisl¹</strong></span> <span class='ocrx_word' id='word_1_106' title='bbox 679 705 713 739; x_wconf 90' lang='lat' dir='ltr'><strong>Cui</strong></span> <span class='ocrx_word' id='word_1_107' title='bbox 724 705 765 738; x_wconf 82' lang='lat' dir='ltr'><strong>ille:</strong></span> <span class='ocrx_word' id='word_1_108' title='bbox 775 715 794 735; x_wconf 84' lang='lat' dir='ltr'><strong>ro</strong></span> 
     </span>
     <span class='ocr_line' id='line_1_12' title="bbox 63 757 766 802; baseline -0.001 -11"><span class='ocrx_word' id='word_1_109' title='bbox 63 757 112 792; x_wconf 81' lang='lat' dir='ltr'><strong>‘lam</strong></span> <span class='ocrx_word' id='word_1_110' title='bbox 126 757 184 793; x_wconf 81' lang='lat' dir='ltr'><strong>scies:</strong></span> <span class='ocrx_word' id='word_1_111' title='bbox 201 764 285 792; x_wconf 90' lang='lat' dir='ltr'><strong>mortuus</strong></span> <span class='ocrx_word' id='word_1_112' title='bbox 298 770 324 793; x_wconf 92' lang='lat' dir='ltr'><strong>es.</strong></span> <span class='ocrx_word' id='word_1_113' title='bbox 347 758 464 802; x_wconf 90' lang='lat' dir='ltr'><strong>Impossibile</strong></span> <span class='ocrx_word' id='word_1_114' title='bbox 477 763 505 791; x_wconf 84' lang='lat' dir='ltr'><strong>est</strong></span> <span class='ocrx_word' id='word_1_115' title='bbox 518 757 567 791; x_wconf 91' lang='lat' dir='ltr'><strong>enim</strong></span> <span class='ocrx_word' id='word_1_116' title='bbox 579 763 598 792; x_wconf 88' lang='lat' dir='ltr'><strong>vt</strong></span> <span class='ocrx_word' id='word_1_117' title='bbox 611 758 690 802; x_wconf 89' lang='lat' dir='ltr'><strong>amplius</strong></span> <span class='ocrx_word' id='word_1_118' title='bbox 703 757 766 791; x_wconf 71' lang='lat' dir='ltr'><strong>viuas!</strong></span> 
     </span>
     <span class='ocr_line' id='line_1_13' title="bbox 63 809 766 856; baseline 0.001 -13"><span class='ocrx_word' id='word_1_119' title='bbox 63 809 97 844; x_wconf 87' lang='lat' dir='ltr'><strong>Cui</strong></span> <span class='ocrx_word' id='word_1_120' title='bbox 109 816 183 845; x_wconf 91' lang='lat' dir='ltr'><strong>sanctus</strong></span> <span class='ocrx_word' id='word_1_121' title='bbox 196 811 231 846; x_wconf 84' lang='lat' dir='ltr'><strong>ait:</strong></span> <span class='ocrx_word' id='word_1_122' title='bbox 248 811 282 845; x_wconf 86' lang='lat' dir='ltr'><strong>‘Et</strong></span> <span class='ocrx_word' id='word_1_123' title='bbox 296 822 330 856; x_wconf 89' lang='lat' dir='ltr'><strong>ego</strong></span> <span class='ocrx_word' id='word_1_124' title='bbox 343 822 377 854; x_wconf 88' lang='lat' dir='ltr'><strong>pro</strong></span> <span class='ocrx_word' id='word_1_125' title='bbox 391 811 426 845; x_wconf 90' lang='lat' dir='ltr'><strong>deo</strong></span> <span class='ocrx_word' id='word_1_126' title='bbox 438 822 480 845; x_wconf 93' lang='lat' dir='ltr'><strong>meo</strong></span> <span class='ocrx_word' id='word_1_127' title='bbox 493 812 539 846; x_wconf 89' lang='lat' dir='ltr'><strong>mori</strong></span> <span class='ocrx_word' id='word_1_128' title='bbox 553 818 627 855; x_wconf 90' lang='lat' dir='ltr'><strong>paratus</strong></span> <span class='ocrx_word' id='word_1_129' title='bbox 640 821 688 853; x_wconf 90' lang='lat' dir='ltr'><strong>sum,</strong></span> <span class='ocrx_word' id='word_1_130' title='bbox 700 816 718 845; x_wconf 91' lang='lat' dir='ltr'><strong>et</strong></span> <span class='ocrx_word' id='word_1_131' title='bbox 731 820 766 855; x_wconf 89' lang='lat' dir='ltr'><strong>pro</strong></span> 
     </span>
     <span class='ocr_line' id='line_1_14' title="bbox 63 863 766 909; baseline 0 -12"><span class='ocrx_word' id='word_1_132' title='bbox 63 863 165 899; x_wconf 80' lang='lat' dir='ltr'><strong>assertione</strong></span> <span class='ocrx_word' id='word_1_133' title='bbox 173 865 244 899; x_wconf 84' lang='lat' dir='ltr'><strong>iusticie</strong></span> <span class='ocrx_word' id='word_1_134' title='bbox 252 871 270 899; x_wconf 89' lang='lat' dir='ltr'><strong>et</strong></span> <span class='ocrx_word' id='word_1_135' title='bbox 278 865 356 899; x_wconf 84' lang='lat' dir='ltr'><strong>ecclesie</strong></span> <span class='ocrx_word' id='word_1_136' title='bbox 363 864 451 898; x_wconf 87' lang='lat' dir='ltr'><strong>libertate.</strong></span> <span class='ocrx_word' id='word_1_137' title='bbox 475 864 513 898; x_wconf 89' lang='lat' dir='ltr'><strong>Sed</strong></span> <span class='ocrx_word' id='word_1_138' title='bbox 524 864 539 898; x_wconf 94' lang='lat' dir='ltr'><strong>si</strong></span> <span class='ocrx_word' id='word_1_139' title='bbox 550 870 603 908; x_wconf 89' lang='lat' dir='ltr'><strong>eaput</strong></span> <span class='ocrx_word' id='word_1_140' title='bbox 614 874 675 899; x_wconf 93' lang='lat' dir='ltr'><strong>meum</strong></span> <span class='ocrx_word' id='word_1_141' title='bbox 683 863 766 909; x_wconf 89' lang='lat' dir='ltr'><strong>queritis,</strong></span> 
     </span>
     <span class='ocr_line' id='line_1_15' title="bbox 63 916 766 962; baseline 0 -11"><span class='ocrx_word' id='word_1_142' title='bbox 63 916 152 960; x_wconf 88' lang='lat' dir='ltr'><strong>prohibeo</strong></span> <span class='ocrx_word' id='word_1_143' title='bbox 165 929 189 952; x_wconf 86' lang='lat' dir='ltr'><strong>ex</strong></span> <span class='ocrx_word' id='word_1_144' title='bbox 202 924 254 962; x_wconf 87' lang='lat' dir='ltr'><strong>parte</strong></span> <span class='ocrx_word' id='word_1_145' title='bbox 267 918 297 952; x_wconf 91' lang='lat' dir='ltr'><strong>dei</strong></span> <span class='ocrx_word' id='word_1_146' title='bbox 310 917 448 962; x_wconf 87' lang='lat' dir='ltr'><strong>omnipotentis,</strong></span> <span class='ocrx_word' id='word_1_147' title='bbox 460 922 477 952; x_wconf 88' lang='lat' dir='ltr'><strong>et</strong></span> <span class='ocrx_word' id='word_1_148' title='bbox 491 918 526 951; x_wconf 92' lang='lat' dir='ltr'><strong>sub</strong></span> <span class='ocrx_word' id='word_1_149' title='bbox 538 917 659 960; x_wconf 86' lang='lat' dir='ltr'><strong>anathemate,</strong></span> <span class='ocrx_word' id='word_1_150' title='bbox 671 928 695 952; x_wconf 91' lang='lat' dir='ltr'><strong>ne</strong></span> <span class='ocrx_word' id='word_1_151' title='bbox 706 916 766 959; x_wconf 87' lang='lat' dir='ltr'><strong>alicui,</strong></span> 
     </span>
     <span class='ocr_line' id='line_1_16' title="bbox 63 970 794 1016; baseline 0.001 -13"><span class='ocrx_word' id='word_1_152' title='bbox 63 970 130 1004; x_wconf 88' lang='lat' dir='ltr'><strong>minori</strong></span> <span class='ocrx_word' id='word_1_153' title='bbox 137 971 166 1005; x_wconf 94' lang='lat' dir='ltr'><strong>vel</strong></span> <span class='ocrx_word' id='word_1_154' title='bbox 176 971 246 1011; x_wconf 90' lang='lat' dir='ltr'><strong>maiori,</strong></span> <span class='ocrx_word' id='word_1_155' title='bbox 257 972 275 1006; x_wconf 91' lang='lat' dir='ltr'><strong>in</strong></span> <span class='ocrx_word' id='word_1_156' title='bbox 285 972 346 1016; x_wconf 87' lang='lat' dir='ltr'><strong>aliquo</strong></span> <span class='ocrx_word' id='word_1_157' title='bbox 353 970 440 1013; x_wconf 87' lang='lat' dir='ltr'><strong>noceatis,</strong></span> <span class='ocrx_word' id='word_1_158' title='bbox 448 971 481 1005; x_wconf 88' lang='lat' dir='ltr'><strong>sed</strong></span> <span class='ocrx_word' id='word_1_159' title='bbox 492 971 530 1005; x_wconf 87' lang='lat' dir='ltr'><strong>sint</strong></span> <span class='ocrx_word' id='word_1_160' title='bbox 540 970 633 1005; x_wconf 89' lang='lat' dir='ltr'><strong>immunes</strong></span> <span class='ocrx_word' id='word_1_161' title='bbox 643 981 654 1004; x_wconf 85' lang='lat' dir='ltr'><strong>a</strong></span> <span class='ocrx_word' id='word_1_162' title='bbox 664 981 712 1014; x_wconf 89' lang='lat' dir='ltr'><strong>pena</strong></span> <span class='ocrx_word' id='word_1_163' title='bbox 720 970 766 1004; x_wconf 85' lang='lat' dir='ltr'><strong>sicut</strong></span> <span class='ocrx_word' id='word_1_164' title='bbox 777 983 794 1013; x_wconf 79' lang='lat'><strong>¹5</strong></span> 
     </span>
     <span class='ocr_line' id='line_1_17' title="bbox 63 1023 766 1068; baseline 0.003 -13"><span class='ocrx_word' id='word_1_165' title='bbox 63 1023 163 1058; x_wconf 87' lang='lat' dir='ltr'><strong>extiterunt</strong></span> <span class='ocrx_word' id='word_1_166' title='bbox 180 1035 190 1058; x_wconf 90' lang='lat' dir='ltr'><strong>a</strong></span> <span class='ocrx_word' id='word_1_167' title='bbox 205 1034 265 1058; x_wconf 81' lang='lat' dir='ltr'><strong>causa.</strong></span> <span class='ocrx_word' id='word_1_168' title='bbox 293 1024 372 1058; x_wconf 87' lang='lat' dir='ltr'><strong>Mortem</strong></span> <span class='ocrx_word' id='word_1_169' title='bbox 387 1024 436 1059; x_wconf 91' lang='lat' dir='ltr'><strong>enim</strong></span> <span class='ocrx_word' id='word_1_170' title='bbox 452 1024 530 1058; x_wconf 86' lang='lat' dir='ltr'><strong>libenter</strong></span> <span class='ocrx_word' id='word_1_171' title='bbox 545 1024 651 1068; x_wconf 88' lang='lat' dir='ltr'><strong>amplector,</strong></span> <span class='ocrx_word' id='word_1_172' title='bbox 666 1023 766 1057; x_wconf 88' lang='lat' dir='ltr'><strong>dummodo</strong></span> 
     </span>
     <span class='ocr_line' id='line_1_18' title="bbox 64 1075 767 1121; baseline 0.003 -14"><span class='ocrx_word' id='word_1_173' title='bbox 64 1076 142 1110; x_wconf 89' lang='lat' dir='ltr'><strong>ecclesia</strong></span> <span class='ocrx_word' id='word_1_174' title='bbox 149 1076 168 1110; x_wconf 94' lang='lat' dir='ltr'><strong>in</strong></span> <span class='ocrx_word' id='word_1_175' title='bbox 176 1076 266 1111; x_wconf 84' lang='lat' dir='ltr'><strong>effusione</strong></span> <span class='ocrx_word' id='word_1_176' title='bbox 274 1077 368 1121; x_wconf 83' lang='lat' dir='ltr'><strong>sanguinis</strong></span> <span class='ocrx_word' id='word_1_177' title='bbox 378 1077 414 1111; x_wconf 89' lang='lat' dir='ltr'><strong>mei</strong></span> <span class='ocrx_word' id='word_1_178' title='bbox 422 1086 486 1120; x_wconf 85' lang='lat' dir='ltr'><strong>pacem</strong></span> <span class='ocrx_word' id='word_1_179' title='bbox 495 1081 618 1120; x_wconf 85' lang='lat' dir='ltr'><strong>consequatur</strong></span> <span class='ocrx_word' id='word_1_180' title='bbox 625 1081 643 1110; x_wconf 90' lang='lat' dir='ltr'><strong>et</strong></span> <span class='ocrx_word' id='word_1_181' title='bbox 653 1075 767 1110; x_wconf 64' lang='lat' dir='ltr'><strong>libertatem!</strong></span> 
     </span>
     <span class='ocr_line' id='line_1_19' title="bbox 64 1128 765 1172; baseline -0.003 -10"><span class='ocrx_word' id='word_1_182' title='bbox 64 1128 149 1162; x_wconf 81' lang='lat' dir='ltr'><strong>Alterum</strong></span> <span class='ocrx_word' id='word_1_183' title='bbox 161 1129 215 1163; x_wconf 91' lang='lat' dir='ltr'><strong>etiam</strong></span> <span class='ocrx_word' id='word_1_184' title='bbox 227 1129 303 1163; x_wconf 89' lang='lat' dir='ltr'><strong>militem</strong></span> <span class='ocrx_word' id='word_1_185' title='bbox 315 1141 359 1163; x_wconf 89' lang='lat' dir='ltr'><strong>mox</strong></span> <span class='ocrx_word' id='word_1_186' title='bbox 370 1140 425 1163; x_wconf 91' lang='lat' dir='ltr'><strong>manu</strong></span> <span class='ocrx_word' id='word_1_187' title='bbox 437 1128 585 1172; x_wconf 87' lang='lat' dir='ltr'><strong>apprehendens,</strong></span> <span class='ocrx_word' id='word_1_188' title='bbox 595 1140 629 1172; x_wconf 86' lang='lat' dir='ltr'><strong>per</strong></span> <span class='ocrx_word' id='word_1_189' title='bbox 641 1128 716 1162; x_wconf 89' lang='lat' dir='ltr'><strong>loricam</strong></span> <span class='ocrx_word' id='word_1_190' title='bbox 727 1133 765 1161; x_wconf 89' lang='lat' dir='ltr'><strong>tarn</strong></span> 
     </span>
     <span class='ocr_line' id='line_1_20' title="bbox 64 1180 766 1226; baseline 0 -12"><span class='ocrx_word' id='word_1_191' title='bbox 64 1180 123 1215; x_wconf 81' lang='lat' dir='ltr'><strong>valide</strong></span> <span class='ocrx_word' id='word_1_192' title='bbox 136 1181 217 1216; x_wconf 84' lang='lat' dir='ltr'><strong>excussit</strong></span> <span class='ocrx_word' id='word_1_193' title='bbox 230 1182 278 1226; x_wconf 91' lang='lat' dir='ltr'><strong>quod</strong></span> <span class='ocrx_word' id='word_1_194' title='bbox 292 1181 353 1226; x_wconf 89' lang='lat' dir='ltr'><strong>ipsum</strong></span> <span class='ocrx_word' id='word_1_195' title='bbox 367 1182 406 1216; x_wconf 87' lang='lat' dir='ltr'><strong>sere</strong></span> <span class='ocrx_word' id='word_1_196' title='bbox 417 1192 475 1226; x_wconf 88' lang='lat' dir='ltr'><strong>vsque</strong></span> <span class='ocrx_word' id='word_1_197' title='bbox 488 1182 511 1215; x_wconf 87' lang='lat' dir='ltr'><strong>ad</strong></span> <span class='ocrx_word' id='word_1_198' title='bbox 523 1181 649 1225; x_wconf 87' lang='lat' dir='ltr'><strong>pauimentum</strong></span> <span class='ocrx_word' id='word_1_199' title='bbox 662 1180 766 1225; x_wconf 84' lang='lat' dir='ltr'><strong>prostrauit.</strong></span> 
     </span>
     <span class='ocr_line' id='line_1_21' title="bbox 64 1233 795 1279; baseline 0.001 -12"><span class='ocrx_word' id='word_1_200' title='bbox 64 1233 170 1269; x_wconf 91' lang='lat' dir='ltr'><strong>Willelrnus</strong></span> <span class='ocrx_word' id='word_1_201' title='bbox 178 1235 201 1269; x_wconf 95' lang='lat' dir='ltr'><strong>de</strong></span> <span class='ocrx_word' id='word_1_202' title='bbox 207 1235 260 1269; x_wconf 89' lang='lat' dir='ltr'><strong>Traci</strong></span> <span class='ocrx_word' id='word_1_203' title='bbox 268 1239 306 1270; x_wconf 88' lang='lat' dir='ltr'><strong>erat</strong></span> <span class='ocrx_word' id='word_1_204' title='bbox 314 1235 349 1277; x_wconf 85' lang='lat' dir='ltr'><strong>hic,</strong></span> <span class='ocrx_word' id='word_1_205' title='bbox 355 1235 401 1270; x_wconf 88' lang='lat' dir='ltr'><strong>sicut</strong></span> <span class='ocrx_word' id='word_1_206' title='bbox 409 1240 473 1279; x_wconf 86' lang='lat' dir='ltr'><strong>postea</strong></span> <span class='ocrx_word' id='word_1_207' title='bbox 481 1234 577 1269; x_wconf 83' lang='lat' dir='ltr'><strong>consessus</strong></span> <span class='ocrx_word' id='word_1_208' title='bbox 585 1239 618 1269; x_wconf 88' lang='lat' dir='ltr'><strong>est.</strong></span> <span class='ocrx_word' id='word_1_209' title='bbox 641 1234 665 1268; x_wconf 86' lang='lat' dir='ltr'><strong>Et</strong></span> <span class='ocrx_word' id='word_1_210' title='bbox 672 1233 766 1268; x_wconf 86' lang='lat' dir='ltr'><strong>inclinauit</strong></span> <span class='ocrx_word' id='word_1_211' title='bbox 775 1248 795 1269; x_wconf 77' lang='grc' dir='ltr'><strong>ιο</strong></span> 
     </span>
     <span class='ocr_line' id='line_1_22' title="bbox 65 1286 766 1331; baseline 0 -11"><span class='ocrx_word' id='word_1_212' title='bbox 65 1287 92 1320; x_wconf 87' lang='lat' dir='ltr'><strong>vir</strong></span> <span class='ocrx_word' id='word_1_213' title='bbox 98 1287 127 1321; x_wconf 89' lang='lat' dir='ltr'><strong>dei</strong></span> <span class='ocrx_word' id='word_1_214' title='bbox 133 1293 187 1331; x_wconf 91' lang='lat' dir='ltr'><strong>caput</strong></span> <span class='ocrx_word' id='word_1_215' title='bbox 195 1287 213 1321; x_wconf 94' lang='lat' dir='ltr'><strong>in</strong></span> <span class='ocrx_word' id='word_1_216' title='bbox 221 1289 295 1322; x_wconf 90' lang='lat' dir='ltr'><strong>modum</strong></span> <span class='ocrx_word' id='word_1_217' title='bbox 302 1288 375 1330; x_wconf 87' lang='lat' dir='ltr'><strong>orantis,</strong></span> <span class='ocrx_word' id='word_1_218' title='bbox 382 1289 415 1323; x_wconf 91' lang='lat' dir='ltr'><strong>hec</strong></span> <span class='ocrx_word' id='word_1_219' title='bbox 422 1288 522 1322; x_wconf 87' lang='lat' dir='ltr'><strong>nouissima</strong></span> <span class='ocrx_word' id='word_1_220' title='bbox 528 1286 624 1331; x_wconf 79' lang='lat' dir='ltr'><strong>proferens</strong></span> <span class='ocrx_word' id='word_1_221' title='bbox 630 1288 697 1322; x_wconf 80' lang='lat' dir='ltr'><strong>verba:</strong></span> <span class='ocrx_word' id='word_1_222' title='bbox 710 1286 766 1328; x_wconf 83' lang='lat' dir='ltr'><strong>‘Deo,</strong></span> 
     </span>
     <span class='ocr_line' id='line_1_23' title="bbox 64 1339 767 1384; baseline 0 -11"><span class='ocrx_word' id='word_1_223' title='bbox 64 1345 82 1373; x_wconf 91' lang='lat' dir='ltr'><strong>et</strong></span> <span class='ocrx_word' id='word_1_224' title='bbox 94 1340 147 1374; x_wconf 88' lang='lat' dir='ltr'><strong>beate</strong></span> <span class='ocrx_word' id='word_1_225' title='bbox 159 1341 221 1382; x_wconf 88' lang='lat' dir='ltr'><strong>Marie,</strong></span> <span class='ocrx_word' id='word_1_226' title='bbox 230 1346 248 1375; x_wconf 89' lang='lat' dir='ltr'><strong>et</strong></span> <span class='ocrx_word' id='word_1_227' title='bbox 259 1341 328 1375; x_wconf 90' lang='lat' dir='ltr'><strong>sanctis</strong></span> <span class='ocrx_word' id='word_1_228' title='bbox 340 1341 394 1375; x_wconf 93' lang='lat' dir='ltr'><strong>huius</strong></span> <span class='ocrx_word' id='word_1_229' title='bbox 406 1340 483 1375; x_wconf 87' lang='lat' dir='ltr'><strong>ecclesie</strong></span> <span class='ocrx_word' id='word_1_230' title='bbox 495 1341 582 1384; x_wconf 88' lang='lat' dir='ltr'><strong>patronis,</strong></span> <span class='ocrx_word' id='word_1_231' title='bbox 590 1346 609 1373; x_wconf 93' lang='lat' dir='ltr'><strong>et</strong></span> <span class='ocrx_word' id='word_1_232' title='bbox 619 1340 673 1374; x_wconf 90' lang='lat' dir='ltr'><strong>beato</strong></span> <span class='ocrx_word' id='word_1_233' title='bbox 683 1339 767 1374; x_wconf 88' lang='lat' dir='ltr'><strong>Dionisio</strong></span> 
     </span>
     <span class='ocr_line' id='line_1_24' title="bbox 65 1392 768 1438; baseline 0 -12"><span class='ocrx_word' id='word_1_234' title='bbox 65 1393 467 1437; x_wconf 67' lang='lat' dir='ltr'><strong>commendomeipsumetecclesiecausam!</strong></span> <span class='ocrx_word' id='word_1_235' title='bbox 484 1393 597 1427; x_wconf 85' lang='lat' dir='ltr'><strong>Accelerans</strong></span> <span class='ocrx_word' id='word_1_236' title='bbox 603 1403 648 1437; x_wconf 87' lang='lat' dir='ltr'><strong>ergo</strong></span> <span class='ocrx_word' id='word_1_237' title='bbox 654 1392 768 1438; x_wconf 86' lang='lat' dir='ltr'><strong>Reginaldus</strong></span> 
     </span>
     <span class='ocr_line' id='line_1_25' title="bbox 64 1445 767 1491; baseline 0.004 -14"><span class='ocrx_word' id='word_1_238' title='bbox 64 1450 83 1478; x_wconf 91' lang='lat' dir='ltr'><strong>et</strong></span> <span class='ocrx_word' id='word_1_239' title='bbox 91 1449 128 1479; x_wconf 88' lang='lat' dir='ltr'><strong>toto</strong></span> <span class='ocrx_word' id='word_1_240' title='bbox 137 1445 233 1481; x_wconf 88' lang='lat' dir='ltr'><strong>conamine</strong></span> <span class='ocrx_word' id='word_1_241' title='bbox 239 1446 294 1491; x_wconf 87' lang='lat' dir='ltr'><strong>capiti</strong></span> <span class='ocrx_word' id='word_1_242' title='bbox 301 1453 390 1491; x_wconf 87' lang='lat' dir='ltr'><strong>protenso</strong></span> <span class='ocrx_word' id='word_1_243' title='bbox 395 1447 463 1481; x_wconf 86' lang='lat' dir='ltr'><strong>vulnus</strong></span> <span class='ocrx_word' id='word_1_244' title='bbox 471 1446 539 1480; x_wconf 76' lang='lat' dir='ltr'><strong>inferre</strong></span> <span class='ocrx_word' id='word_1_245' title='bbox 545 1446 611 1487; x_wconf 86' lang='lat' dir='ltr'><strong>nitens,</strong></span> <span class='ocrx_word' id='word_1_246' title='bbox 617 1446 683 1480; x_wconf 85' lang='lat' dir='ltr'><strong>elerico</strong></span> <span class='ocrx_word' id='word_1_247' title='bbox 690 1445 767 1488; x_wconf 85' lang='lat' dir='ltr'><strong>cuidam,</strong></span> 
     </span>
     <span class='ocr_line' id='line_1_26' title="bbox 66 1497 794 1546; baseline 0.005 -15"><span class='ocrx_word' id='word_1_248' title='bbox 66 1497 157 1533; x_wconf 89' lang='lat' dir='ltr'><strong>Edwardo</strong></span> <span class='ocrx_word' id='word_1_249' title='bbox 169 1500 192 1533; x_wconf 91' lang='lat' dir='ltr'><strong>de</strong></span> <span class='ocrx_word' id='word_1_250' title='bbox 204 1500 332 1544; x_wconf 71' lang='lat' dir='ltr'><strong>Cantebirgia²</strong></span> <span class='ocrx_word' id='word_1_251' title='bbox 343 1500 396 1543; x_wconf 86' lang='lat' dir='ltr'><strong>dicto,</strong></span> <span class='ocrx_word' id='word_1_252' title='bbox 408 1500 503 1535; x_wconf 87' lang='lat' dir='ltr'><strong>brachium</strong></span> <span class='ocrx_word' id='word_1_253' title='bbox 518 1499 579 1544; x_wconf 83' lang='lat' dir='ltr'><strong>gladio</strong></span> <span class='ocrx_word' id='word_1_254' title='bbox 594 1499 700 1544; x_wconf 86' lang='lat' dir='ltr'><strong>opponenti,</strong></span> <span class='ocrx_word' id='word_1_255' title='bbox 711 1509 767 1544; x_wconf 86' lang='lat' dir='ltr'><strong>graue</strong></span> <span class='ocrx_word' id='word_1_256' title='bbox 777 1514 794 1546; x_wconf 80' lang='lat'><strong>¹5</strong></span> 
     </span>
     <span class='ocr_line' id='line_1_27' title="bbox 65 1551 767 1598; baseline 0.001 -13"><span class='ocrx_word' id='word_1_257' title='bbox 65 1551 131 1586; x_wconf 89' lang='lat' dir='ltr'><strong>vulnus</strong></span> <span class='ocrx_word' id='word_1_258' title='bbox 150 1552 223 1587; x_wconf 85' lang='lat' dir='ltr'><strong>inllixit.</strong></span> <span class='ocrx_word' id='word_1_259' title='bbox 245 1553 390 1598; x_wconf 87' lang='lat' dir='ltr'><strong>Verumptamen</strong></span> <span class='ocrx_word' id='word_1_260' title='bbox 407 1564 448 1588; x_wconf 85' lang='lat' dir='ltr'><strong>curn</strong></span> <span class='ocrx_word' id='word_1_261' title='bbox 463 1554 536 1598; x_wconf 90' lang='lat' dir='ltr'><strong>pondus</strong></span> <span class='ocrx_word' id='word_1_262' title='bbox 554 1554 601 1587; x_wconf 90' lang='lat' dir='ltr'><strong>ictus</strong></span> <span class='ocrx_word' id='word_1_263' title='bbox 619 1553 711 1587; x_wconf 90' lang='lat' dir='ltr'><strong>sustinere</strong></span> <span class='ocrx_word' id='word_1_264' title='bbox 730 1563 767 1586; x_wconf 89' lang='lat' dir='ltr'><strong>non</strong></span> 
     </span>
     <span class='ocr_line' id='line_1_28' title="bbox 65 1605 767 1650; baseline 0 -12"><span class='ocrx_word' id='word_1_265' title='bbox 65 1610 133 1647; x_wconf 86' lang='lat' dir='ltr'><strong>posset,</strong></span> <span class='ocrx_word' id='word_1_266' title='bbox 145 1606 240 1639; x_wconf 88' lang='lat' dir='ltr'><strong>brachium</strong></span> <span class='ocrx_word' id='word_1_267' title='bbox 251 1607 333 1648; x_wconf 85' lang='lat' dir='ltr'><strong>retraxit,</strong></span> <span class='ocrx_word' id='word_1_268' title='bbox 344 1612 363 1640; x_wconf 93' lang='lat' dir='ltr'><strong>et</strong></span> <span class='ocrx_word' id='word_1_269' title='bbox 376 1606 467 1650; x_wconf 89' lang='lat' dir='ltr'><strong>reliquum</strong></span> <span class='ocrx_word' id='word_1_270' title='bbox 477 1606 525 1640; x_wconf 87' lang='lat' dir='ltr'><strong>ictus</strong></span> <span class='ocrx_word' id='word_1_271' title='bbox 536 1612 590 1649; x_wconf 86' lang='lat' dir='ltr'><strong>caput</strong></span> <span class='ocrx_word' id='word_1_272' title='bbox 601 1606 669 1649; x_wconf 86' lang='lat' dir='ltr'><strong>recepit</strong></span> <span class='ocrx_word' id='word_1_273' title='bbox 680 1605 715 1639; x_wconf 93' lang='lat' dir='ltr'><strong>viri</strong></span> <span class='ocrx_word' id='word_1_274' title='bbox 726 1605 767 1639; x_wconf 90' lang='lat' dir='ltr'><strong>dei:</strong></span> 
     </span>
     <span class='ocr_line' id='line_1_29' title="bbox 65 1657 767 1703; baseline 0.003 -13"><span class='ocrx_word' id='word_1_275' title='bbox 65 1663 83 1690; x_wconf 89' lang='lat' dir='ltr'><strong>et</strong></span> <span class='ocrx_word' id='word_1_276' title='bbox 94 1658 170 1701; x_wconf 84' lang='lat' dir='ltr'><strong>sanguis</strong></span> <span class='ocrx_word' id='word_1_277' title='bbox 181 1658 229 1702; x_wconf 90' lang='lat' dir='ltr'><strong>cepit</strong></span> <span class='ocrx_word' id='word_1_278' title='bbox 240 1668 316 1693; x_wconf 86' lang='lat' dir='ltr'><strong>manare</strong></span> <span class='ocrx_word' id='word_1_279' title='bbox 326 1670 360 1703; x_wconf 91' lang='lat' dir='ltr'><strong>per</strong></span> <span class='ocrx_word' id='word_1_280' title='bbox 371 1659 441 1693; x_wconf 80' lang='lat' dir='ltr'><strong>faciem.</strong></span> <span class='ocrx_word' id='word_1_281' title='bbox 464 1658 488 1693; x_wconf 85' lang='lat' dir='ltr'><strong>Et</strong></span> <span class='ocrx_word' id='word_1_282' title='bbox 499 1657 607 1693; x_wconf 88' lang='lat' dir='ltr'><strong>exclamauit</strong></span> <span class='ocrx_word' id='word_1_283' title='bbox 617 1668 716 1703; x_wconf 87' lang='lat' dir='ltr'><strong>percussor</strong></span> <span class='ocrx_word' id='word_1_284' title='bbox 726 1657 767 1693; x_wconf 87' lang='lat' dir='ltr'><strong>ille:</strong></span> 
     </span>
     <span class='ocr_line' id='line_1_30' title="bbox 65 1710 767 1756; baseline 0.001 -12"><span class='ocrx_word' id='word_1_285' title='bbox 65 1710 172 1752; x_wconf 63' lang='lat' dir='ltr'><strong>‘Percutita</strong></span> <span class='ocrx_word' id='word_1_286' title='bbox 183 1712 294 1756; x_wconf 85' lang='lat' dir='ltr'><strong>percutitet¹</strong></span> <span class='ocrx_word' id='word_1_287' title='bbox 317 1713 341 1746; x_wconf 89' lang='lat' dir='ltr'><strong>Et</strong></span> <span class='ocrx_word' id='word_1_288' title='bbox 352 1712 436 1747; x_wconf 89' lang='lat' dir='ltr'><strong>attollens</strong></span> <span class='ocrx_word' id='word_1_289' title='bbox 449 1717 523 1747; x_wconf 85' lang='lat' dir='ltr'><strong>sanctus</strong></span> <span class='ocrx_word' id='word_1_290' title='bbox 537 1712 556 1746; x_wconf 92' lang='lat' dir='ltr'><strong>in</strong></span> <span class='ocrx_word' id='word_1_291' title='bbox 568 1712 627 1746; x_wconf 90' lang='lat' dir='ltr'><strong>celum</strong></span> <span class='ocrx_word' id='word_1_292' title='bbox 639 1710 707 1754; x_wconf 89' lang='lat' dir='ltr'><strong>oculos,</strong></span> <span class='ocrx_word' id='word_1_293' title='bbox 718 1721 767 1755; x_wconf 89' lang='lat' dir='ltr'><strong>genu</strong></span> 
     </span>
     <span class='ocr_line' id='line_1_31' title="bbox 65 1763 796 1810; baseline 0.003 -13"><span class='ocrx_word' id='word_1_294' title='bbox 65 1763 114 1799; x_wconf 84' lang='lat' dir='ltr'><strong>llcxo</strong></span> <span class='ocrx_word' id='word_1_295' title='bbox 122 1763 224 1809; x_wconf 90' lang='lat' dir='ltr'><strong>iunctisque</strong></span> <span class='ocrx_word' id='word_1_296' title='bbox 232 1766 316 1800; x_wconf 89' lang='lat' dir='ltr'><strong>manibus</strong></span> <span class='ocrx_word' id='word_1_297' title='bbox 320 1765 332 1807; x_wconf 79' lang='lat'><strong>³,</strong></span> <span class='ocrx_word' id='word_1_298' title='bbox 340 1772 382 1801; x_wconf 86' lang='lat' dir='ltr'><strong>ante</strong></span> <span class='ocrx_word' id='word_1_299' title='bbox 392 1767 449 1801; x_wconf 89' lang='lat' dir='ltr'><strong>altare</strong></span> <span class='ocrx_word' id='word_1_300' title='bbox 457 1765 521 1800; x_wconf 92' lang='lat' dir='ltr'><strong>obtulit</strong></span> <span class='ocrx_word' id='word_1_301' title='bbox 531 1765 612 1810; x_wconf 88' lang='lat' dir='ltr'><strong>seipsum</strong></span> <span class='ocrx_word' id='word_1_302' title='bbox 621 1765 699 1800; x_wconf 89' lang='lat' dir='ltr'><strong>hostiam</strong></span> <span class='ocrx_word' id='word_1_303' title='bbox 706 1765 767 1800; x_wconf 87' lang='lat' dir='ltr'><strong>viuarn</strong></span> <span class='ocrx_word' id='word_1_304' title='bbox 776 1775 796 1805; x_wconf 76' lang='lat'><strong>30</strong></span> 
     </span>
     <span class='ocr_line' id='line_1_32' title="bbox 65 1818 767 1864; baseline 0 -12"><span class='ocrx_word' id='word_1_305' title='bbox 65 1818 105 1852; x_wconf 90' lang='lat' dir='ltr'><strong>deo.</strong></span> <span class='ocrx_word' id='word_1_306' title='bbox 128 1818 214 1853; x_wconf 89' lang='lat' dir='ltr'><strong>Secundo</strong></span> <span class='ocrx_word' id='word_1_307' title='bbox 225 1830 269 1853; x_wconf 90' lang='lat' dir='ltr'><strong>vero</strong></span> <span class='ocrx_word' id='word_1_308' title='bbox 279 1820 356 1854; x_wconf 88' lang='lat' dir='ltr'><strong>vulnere</strong></span> <span class='ocrx_word' id='word_1_309' title='bbox 367 1819 421 1864; x_wconf 89' lang='lat' dir='ltr'><strong>capiti</strong></span> <span class='ocrx_word' id='word_1_310' title='bbox 433 1819 473 1853; x_wconf 89' lang='lat' dir='ltr'><strong>eius</strong></span> <span class='ocrx_word' id='word_1_311' title='bbox 484 1819 558 1860; x_wconf 88' lang='lat' dir='ltr'><strong>inilicto,</strong></span> <span class='ocrx_word' id='word_1_312' title='bbox 566 1824 616 1853; x_wconf 88' lang='lat' dir='ltr'><strong>recto</strong></span> <span class='ocrx_word' id='word_1_313' title='bbox 628 1829 704 1863; x_wconf 83' lang='lat' dir='ltr'><strong>corpore</strong></span> <span class='ocrx_word' id='word_1_314' title='bbox 715 1818 767 1862; x_wconf 91' lang='lat' dir='ltr'><strong>quasi</strong></span> 
     </span>
     <span class='ocr_line' id='line_1_33' title="bbox 65 1870 767 1914; baseline 0 -11"><span class='ocrx_word' id='word_1_315' title='bbox 65 1871 88 1904; x_wconf 89' lang='lat' dir='ltr'><strong>ad</strong></span> <span class='ocrx_word' id='word_1_316' title='bbox 100 1870 201 1905; x_wconf 87' lang='lat' dir='ltr'><strong>orationem</strong></span> <span class='ocrx_word' id='word_1_317' title='bbox 212 1877 314 1914; x_wconf 87' lang='lat' dir='ltr'><strong>prostratus</strong></span> <span class='ocrx_word' id='word_1_318' title='bbox 325 1872 344 1905; x_wconf 91' lang='lat' dir='ltr'><strong>in</strong></span> <span class='ocrx_word' id='word_1_319' title='bbox 356 1878 423 1905; x_wconf 87' lang='lat' dir='ltr'><strong>terram</strong></span> <span class='ocrx_word' id='word_1_320' title='bbox 436 1872 507 1905; x_wconf 86' lang='lat' dir='ltr'><strong>corruit.</strong></span> <span class='ocrx_word' id='word_1_321' title='bbox 530 1871 602 1904; x_wconf 89' lang='lat' dir='ltr'><strong>Tertius</strong></span> <span class='ocrx_word' id='word_1_322' title='bbox 611 1881 655 1904; x_wconf 89' lang='lat' dir='ltr'><strong>vero</strong></span> <span class='ocrx_word' id='word_1_323' title='bbox 667 1875 713 1904; x_wconf 90' lang='lat' dir='ltr'><strong>teste</strong></span> <span class='ocrx_word' id='word_1_324' title='bbox 725 1881 767 1914; x_wconf 88' lang='lat' dir='ltr'><strong>por-</strong></span> 
     </span>
     <span class='ocr_line' id='line_1_34' title="bbox 65 1922 766 1969; baseline 0.003 -13"><span class='ocrx_word' id='word_1_325' title='bbox 65 1922 134 1957; x_wconf 88' lang='lat' dir='ltr'><strong>tionem</strong></span> <span class='ocrx_word' id='word_1_326' title='bbox 142 1924 258 1967; x_wconf 87' lang='lat' dir='ltr'><strong>amputando,</strong></span> <span class='ocrx_word' id='word_1_327' title='bbox 263 1924 329 1957; x_wconf 92' lang='lat' dir='ltr'><strong>vulnus</strong></span> <span class='ocrx_word' id='word_1_328' title='bbox 336 1924 439 1969; x_wconf 89' lang='lat' dir='ltr'><strong>precedens</strong></span> <span class='ocrx_word' id='word_1_329' title='bbox 447 1923 557 1958; x_wconf 88' lang='lat' dir='ltr'><strong>horribiliter</strong></span> <span class='ocrx_word' id='word_1_330' title='bbox 564 1923 662 1968; x_wconf 82' lang='lat' dir='ltr'><strong>ampliauit.</strong></span> <span class='ocrx_word' id='word_1_331' title='bbox 681 1923 766 1966; x_wconf 79' lang='lat' dir='ltr'><strong>Quartus,</strong></span> 
     </span>
     <span class='ocr_line' id='line_1_35' title="bbox 65 1975 766 2021; baseline 0.001 -12"><span class='ocrx_word' id='word_1_332' title='bbox 65 1987 107 2009; x_wconf 90' lang='lat' dir='ltr'><strong>curn</strong></span> <span class='ocrx_word' id='word_1_333' title='bbox 122 1976 176 2010; x_wconf 79' lang='lat' dir='ltr'><strong>ferire</strong></span> <span class='ocrx_word' id='word_1_334' title='bbox 193 1978 278 2018; x_wconf 86' lang='lat' dir='ltr'><strong>tardaret,</strong></span> <span class='ocrx_word' id='word_1_335' title='bbox 293 1983 393 2020; x_wconf 89' lang='lat' dir='ltr'><strong>correptus,</strong></span> <span class='ocrx_word' id='word_1_336' title='bbox 408 1977 427 2011; x_wconf 92' lang='lat' dir='ltr'><strong>in</strong></span> <span class='ocrx_word' id='word_1_337' title='bbox 442 1976 490 2011; x_wconf 86' lang='lat' dir='ltr'><strong>idem</strong></span> <span class='ocrx_word' id='word_1_338' title='bbox 506 1977 571 2011; x_wconf 89' lang='lat' dir='ltr'><strong>vulnus</strong></span> <span class='ocrx_word' id='word_1_339' title='bbox 588 1976 667 2021; x_wconf 84' lang='lat' dir='ltr'><strong>gladium</strong></span> <span class='ocrx_word' id='word_1_340' title='bbox 683 1975 766 2018; x_wconf 79' lang='lat' dir='ltr'><strong>uibrauit,</strong></span> 
     </span>
     <span class='ocr_line' id='line_1_36' title="bbox 65 2028 795 2074; baseline 0.001 -12"><span class='ocrx_word' id='word_1_341' title='bbox 65 2028 162 2073; x_wconf 87' lang='lat' dir='ltr'><strong>gladioque</strong></span> <span class='ocrx_word' id='word_1_342' title='bbox 177 2030 195 2063; x_wconf 92' lang='lat' dir='ltr'><strong>in</strong></span> <span class='ocrx_word' id='word_1_343' title='bbox 210 2029 315 2073; x_wconf 85' lang='lat' dir='ltr'><strong>pauimento</strong></span> <span class='ocrx_word' id='word_1_344' title='bbox 328 2040 431 2064; x_wconf 89' lang='lat' dir='ltr'><strong>marmoreo</strong></span> <span class='ocrx_word' id='word_1_345' title='bbox 444 2030 540 2071; x_wconf 85' lang='lat' dir='ltr'><strong>confracto,</strong></span> <span class='ocrx_word' id='word_1_346' title='bbox 553 2035 590 2064; x_wconf 88' lang='lat' dir='ltr'><strong>tam</strong></span> <span class='ocrx_word' id='word_1_347' title='bbox 604 2029 698 2074; x_wconf 88' lang='lat' dir='ltr'><strong>cuspidem</strong></span> <span class='ocrx_word' id='word_1_348' title='bbox 712 2040 767 2073; x_wconf 89' lang='lat' dir='ltr'><strong>quarn</strong></span> <span class='ocrx_word' id='word_1_349' title='bbox 776 2043 795 2072; x_wconf 79' lang='lat'><strong>³5</strong></span> 
     </span>
     <span class='ocr_line' id='line_1_37' title="bbox 65 2081 767 2127; baseline 0.003 -11"><span class='ocrx_word' id='word_1_350' title='bbox 65 2081 120 2125; x_wconf 85' lang='lat' dir='ltr'><strong>gladii</strong></span> <span class='ocrx_word' id='word_1_351' title='bbox 133 2083 217 2126; x_wconf 84' lang='lat' dir='ltr'><strong>capulum</strong></span> <span class='ocrx_word' id='word_1_352' title='bbox 229 2083 300 2127; x_wconf 92' lang='lat' dir='ltr'><strong>reliquit</strong></span> <span class='ocrx_word' id='word_1_353' title='bbox 313 2083 396 2118; x_wconf 84' lang='lat' dir='ltr'><strong>ecclesie.</strong></span> <span class='ocrx_word' id='word_1_354' title='bbox 419 2083 458 2117; x_wconf 91' lang='lat' dir='ltr'><strong>Nec</strong></span> <span class='ocrx_word' id='word_1_355' title='bbox 471 2083 548 2118; x_wconf 86' lang='lat' dir='ltr'><strong>sathane</strong></span> <span class='ocrx_word' id='word_1_356' title='bbox 560 2082 598 2117; x_wconf 88' lang='lat' dir='ltr'><strong>lilio</strong></span> <span class='ocrx_word' id='word_1_357' title='bbox 610 2088 682 2117; x_wconf 89' lang='lat' dir='ltr'><strong>tantum</strong></span> <span class='ocrx_word' id='word_1_358' title='bbox 695 2082 767 2118; x_wconf 82' lang='lat' dir='ltr'><strong>suffecit</strong></span> 
     </span>
     <span class='ocr_line' id='line_1_38' title="bbox 66 2135 768 2181; baseline 0.001 -12"><span class='ocrx_word' id='word_1_359' title='bbox 66 2141 182 2179; x_wconf 87' lang='lat' dir='ltr'><strong>perpetrasse</strong></span> <span class='ocrx_word' id='word_1_360' title='bbox 194 2136 288 2179; x_wconf 86' lang='lat' dir='ltr'><strong>flagitium,</strong></span> <span class='ocrx_word' id='word_1_361' title='bbox 296 2136 336 2179; x_wconf 88' lang='lat' dir='ltr'><strong>nisi,</strong></span> <span class='ocrx_word' id='word_1_362' title='bbox 344 2137 393 2180; x_wconf 91' lang='lat' dir='ltr'><strong>quod</strong></span> <span class='ocrx_word' id='word_1_363' title='bbox 405 2136 453 2170; x_wconf 90' lang='lat' dir='ltr'><strong>dictu</strong></span> <span class='ocrx_word' id='word_1_364' title='bbox 465 2136 551 2170; x_wconf 85' lang='lat' dir='ltr'><strong>horribile</strong></span> <span class='ocrx_word' id='word_1_365' title='bbox 563 2141 597 2178; x_wconf 88' lang='lat' dir='ltr'><strong>est,</strong></span> <span class='ocrx_word' id='word_1_366' title='bbox 604 2136 671 2170; x_wconf 90' lang='lat' dir='ltr'><strong>iniecto</strong></span> <span class='ocrx_word' id='word_1_367' title='bbox 683 2135 702 2170; x_wconf 90' lang='lat' dir='ltr'><strong>in</strong></span> <span class='ocrx_word' id='word_1_368' title='bbox 713 2141 768 2181; x_wconf 89' lang='lat' dir='ltr'><strong>caput</strong></span> 
     </span>
     <span class='ocr_line' id='line_1_39' title="bbox 65 2188 767 2233; baseline 0.003 -12"><span class='ocrx_word' id='word_1_369' title='bbox 65 2188 131 2230; x_wconf 81' lang='lat' dir='ltr'><strong>gladio,</strong></span> <span class='ocrx_word' id='word_1_370' title='bbox 139 2189 235 2222; x_wconf 88' lang='lat' dir='ltr'><strong>cerebrum</strong></span> <span class='ocrx_word' id='word_1_371' title='bbox 247 2189 320 2223; x_wconf 87' lang='lat' dir='ltr'><strong>eiiceret</strong></span> <span class='ocrx_word' id='word_1_372' title='bbox 331 2194 350 2222; x_wconf 91' lang='lat' dir='ltr'><strong>et</strong></span> <span class='ocrx_word' id='word_1_373' title='bbox 361 2199 395 2233; x_wconf 89' lang='lat' dir='ltr'><strong>per</strong></span> <span class='ocrx_word' id='word_1_374' title='bbox 405 2189 531 2232; x_wconf 91' lang='lat' dir='ltr'><strong>pauimentum</strong></span> <span class='ocrx_word' id='word_1_375' title='bbox 544 2199 634 2233; x_wconf 87' lang='lat' dir='ltr'><strong>spargens</strong></span> <span class='ocrx_word' id='word_1_376' title='bbox 645 2189 767 2223; x_wconf 82' lang='lat' dir='ltr'><strong>exclamaret:</strong></span> 
     </span>
     <span class='ocr_line' id='line_1_40' title="bbox 66 2239 768 2285; baseline 0.003 -11"><span class='ocrx_word' id='word_1_377' title='bbox 66 2239 160 2274; x_wconf 88' lang='lat' dir='ltr'><strong>‘Mortuus</strong></span> <span class='ocrx_word' id='word_1_378' title='bbox 175 2242 212 2275; x_wconf 76' lang='lat' dir='ltr'><strong>est.¹</strong></span> <span class='ocrx_word' id='word_1_379' title='bbox 241 2240 264 2275; x_wconf 88' lang='lat' dir='ltr'><strong>Et</strong></span> <span class='ocrx_word' id='word_1_380' title='bbox 280 2246 369 2277; x_wconf 86' lang='lat' dir='ltr'><strong>exeuntes</strong></span> <span class='ocrx_word' id='word_1_381' title='bbox 384 2242 480 2277; x_wconf 87' lang='lat' dir='ltr'><strong>dixerunt:</strong></span> <span class='ocrx_word' id='word_1_382' title='bbox 500 2242 590 2285; x_wconf 84' lang='lat' dir='ltr'><strong>‘Regales</strong></span> <span class='ocrx_word' id='word_1_383' title='bbox 609 2241 681 2283; x_wconf 67' lang='lat' dir='ltr'><strong>milites</strong></span> <span class='ocrx_word' id='word_1_384' title='bbox 696 2241 768 2284; x_wconf 80' lang='lat' dir='ltr'><strong>regales</strong></span> 
     </span>
     <span class='ocr_line' id='line_1_41' title="bbox 66 2294 796 2337; baseline 0.001 -10"><span class='ocrx_word' id='word_1_385' title='bbox 66 2294 133 2328; x_wconf 88' lang='lat' dir='ltr'><strong>milites</strong></span> <span class='ocrx_word' id='word_1_386' title='bbox 141 2296 155 2327; x_wconf 84' lang='lat' dir='ltr'><strong>t’</strong></span> <span class='ocrx_word' id='word_1_387' title='bbox 179 2294 216 2328; x_wconf 88' lang='lat' dir='ltr'><strong>Alii</strong></span> <span class='ocrx_word' id='word_1_388' title='bbox 230 2304 274 2329; x_wconf 90' lang='lat' dir='ltr'><strong>vero</strong></span> <span class='ocrx_word' id='word_1_389' title='bbox 286 2295 398 2330; x_wconf 88' lang='lat' dir='ltr'><strong>insultabant</strong></span> <span class='ocrx_word' id='word_1_390' title='bbox 410 2294 503 2330; x_wconf 86' lang='lat' dir='ltr'><strong>dicentes:</strong></span> <span class='ocrx_word' id='word_1_391' title='bbox 520 2294 591 2329; x_wconf 86' lang='lat' dir='ltr'><strong>‘Voluit</strong></span> <span class='ocrx_word' id='word_1_392' title='bbox 605 2305 647 2330; x_wconf 88' lang='lat' dir='ltr'><strong>esse</strong></span> <span class='ocrx_word' id='word_1_393' title='bbox 660 2305 699 2337; x_wconf 88' lang='lat' dir='ltr'><strong>rex,</strong></span> <span class='ocrx_word' id='word_1_394' title='bbox 710 2294 767 2330; x_wconf 84' lang='lat' dir='ltr'><strong>voluit</strong></span> <span class='ocrx_word' id='word_1_395' title='bbox 776 2307 796 2336; x_wconf 81' lang='lat'><strong>40</strong></span> 
     </span>
     <span class='ocr_line' id='line_1_42' title="bbox 66 2347 768 2392; baseline 0.004 -12"><span class='ocrx_word' id='word_1_396' title='bbox 66 2356 107 2381; x_wconf 84' lang='lat' dir='ltr'><strong>esse</strong></span> <span class='ocrx_word' id='word_1_397' title='bbox 121 2348 162 2392; x_wconf 89' lang='lat' dir='ltr'><strong>plus</strong></span> <span class='ocrx_word' id='word_1_398' title='bbox 174 2357 230 2392; x_wconf 88' lang='lat' dir='ltr'><strong>quam</strong></span> <span class='ocrx_word' id='word_1_399' title='bbox 243 2358 287 2383; x_wconf 90' lang='lat' dir='ltr'><strong>rex:</strong></span> <span class='ocrx_word' id='word_1_400' title='bbox 304 2349 358 2383; x_wconf 91' lang='lat' dir='ltr'><strong>modo</strong></span> <span class='ocrx_word' id='word_1_401' title='bbox 370 2350 393 2384; x_wconf 91' lang='lat' dir='ltr'><strong>sit</strong></span> <span class='ocrx_word' id='word_1_402' title='bbox 408 2360 448 2392; x_wconf 88' lang='lat' dir='ltr'><strong>rex,</strong></span> <span class='ocrx_word' id='word_1_403' title='bbox 459 2349 514 2384; x_wconf 92' lang='lat' dir='ltr'><strong>modo</strong></span> <span class='ocrx_word' id='word_1_404' title='bbox 525 2348 548 2384; x_wconf 89' lang='lat' dir='ltr'><strong>sit</strong></span> <span class='ocrx_word' id='word_1_405' title='bbox 559 2349 603 2384; x_wconf 74' lang='lat' dir='ltr'><strong>rex.¹</strong></span> <span class='ocrx_word' id='word_1_406' title='bbox 626 2348 656 2384; x_wconf 88' lang='lat' dir='ltr'><strong>Ab</strong></span> <span class='ocrx_word' id='word_1_407' title='bbox 667 2347 713 2383; x_wconf 90' lang='lat' dir='ltr'><strong>hora</strong></span> <span class='ocrx_word' id='word_1_408' title='bbox 723 2359 768 2384; x_wconf 88' lang='lat' dir='ltr'><strong>vero</strong></span> 
     </span>
     <span class='ocr_line' id='line_1_43' title="bbox 66 2401 767 2448; baseline 0.003 -13"><span class='ocrx_word' id='word_1_409' title='bbox 66 2411 102 2443; x_wconf 87' lang='lat' dir='ltr'><strong>qua</strong></span> <span class='ocrx_word' id='word_1_410' title='bbox 106 2403 135 2436; x_wconf 92' lang='lat' dir='ltr'><strong>vir</strong></span> <span class='ocrx_word' id='word_1_411' title='bbox 140 2402 170 2435; x_wconf 90' lang='lat' dir='ltr'><strong>dei</strong></span> <span class='ocrx_word' id='word_1_412' title='bbox 176 2401 256 2445; x_wconf 90' lang='lat' dir='ltr'><strong>primum</strong></span> <span class='ocrx_word' id='word_1_413' title='bbox 262 2403 329 2436; x_wconf 89' lang='lat' dir='ltr'><strong>vulnus</strong></span> <span class='ocrx_word' id='word_1_414' title='bbox 334 2403 412 2448; x_wconf 88' lang='lat' dir='ltr'><strong>excepit,</strong></span> <span class='ocrx_word' id='word_1_415' title='bbox 418 2413 453 2437; x_wconf 90' lang='lat' dir='ltr'><strong>nec</strong></span> <span class='ocrx_word' id='word_1_416' title='bbox 458 2403 536 2437; x_wconf 87' lang='lat' dir='ltr'><strong>verbum</strong></span> <span class='ocrx_word' id='word_1_417' title='bbox 542 2402 622 2447; x_wconf 89' lang='lat' dir='ltr'><strong>protulit,</strong></span> <span class='ocrx_word' id='word_1_418' title='bbox 629 2413 663 2437; x_wconf 88' lang='lat' dir='ltr'><strong>nec</strong></span> <span class='ocrx_word' id='word_1_419' title='bbox 669 2402 767 2437; x_wconf 87' lang='lat' dir='ltr'><strong>clamorem</strong></span> 
     </span>
     <span class='ocr_line' id='line_1_44' title="bbox 66 2454 767 2500; baseline 0.003 -13"><span class='ocrx_word' id='word_1_420' title='bbox 66 2454 132 2495; x_wconf 88' lang='lat' dir='ltr'><strong>emisit,</strong></span> <span class='ocrx_word' id='word_1_421' title='bbox 140 2466 174 2489; x_wconf 92' lang='lat' dir='ltr'><strong>nec</strong></span> <span class='ocrx_word' id='word_1_422' title='bbox 184 2455 272 2497; x_wconf 85' lang='lat' dir='ltr'><strong>gemitum</strong></span> <span class='ocrx_word' id='word_1_423' title='bbox 281 2456 342 2498; x_wconf 90' lang='lat' dir='ltr'><strong>edidit,</strong></span> <span class='ocrx_word' id='word_1_424' title='bbox 350 2467 385 2489; x_wconf 91' lang='lat' dir='ltr'><strong>nec</strong></span> <span class='ocrx_word' id='word_1_425' title='bbox 395 2467 470 2489; x_wconf 89' lang='lat' dir='ltr'><strong>manum</strong></span> <span class='ocrx_word' id='word_1_426' title='bbox 481 2456 553 2490; x_wconf 78' lang='lat' dir='ltr'><strong>ferienti</strong></span> <span class='ocrx_word' id='word_1_427' title='bbox 563 2456 661 2500; x_wconf 84' lang='lat' dir='ltr'><strong>opposuit:</strong></span> <span class='ocrx_word' id='word_1_428' title='bbox 673 2456 706 2489; x_wconf 86' lang='lat' dir='ltr'><strong>sed</strong></span> <span class='ocrx_word' id='word_1_429' title='bbox 713 2461 767 2499; x_wconf 87' lang='lat' dir='ltr'><strong>caput</strong></span> 
     </span>
    </p>
   </div>
   <div class='ocr_carea' id='block_1_3' title="bbox 87 2558 752 2600">
    <p class='ocr_par' dir='ltr' id='par_1_3' title="bbox 87 2558 752 2600">
     <span class='ocr_line' id='line_1_45' title="bbox 87 2558 752 2600; baseline 0 -11"><span class='ocrx_word' id='word_1_430' title='bbox 87 2558 92 2577; x_wconf 82' lang='lat'><strong>¹</strong></span> <span class='ocrx_word' id='word_1_431' title='bbox 103 2559 121 2589; x_wconf 90' lang='lat' dir='ltr'><strong>E.</strong></span> <span class='ocrx_word' id='word_1_432' title='bbox 129 2560 197 2597; x_wconf 80' lang='lat' dir='ltr'><strong>lugeam.</strong></span> <span class='ocrx_word' id='word_1_433' title='bbox 227 2558 233 2576; x_wconf 74' lang='lat'>²</span> <span class='ocrx_word' id='word_1_434' title='bbox 243 2560 262 2591; x_wconf 76' lang='lat' dir='ltr'><strong>F..</strong></span> <span class='ocrx_word' id='word_1_435' title='bbox 269 2561 371 2599; x_wconf 80' lang='lat' dir='ltr'><strong>cantibirgia;</strong></span> <span class='ocrx_word' id='word_1_436' title='bbox 381 2561 401 2593; x_wconf 82' lang='lat' dir='ltr'><strong>ol.</strong></span> <span class='ocrx_word' id='word_1_437' title='bbox 408 2561 508 2600; x_wconf 83' lang='lat' dir='ltr'><strong>Cantebrige.</strong></span> <span class='ocrx_word' id='word_1_438' title='bbox 539 2561 546 2580; x_wconf 72' lang='lat'>³</span> <span class='ocrx_word' id='word_1_439' title='bbox 556 2561 574 2591; x_wconf 87' lang='lat' dir='ltr'><strong>E.</strong></span> <span class='ocrx_word' id='word_1_440' title='bbox 581 2560 683 2598; x_wconf 85' lang='lat' dir='ltr'><strong>manibusque</strong></span> <span class='ocrx_word' id='word_1_441' title='bbox 691 2560 752 2590; x_wconf 83' lang='lat' dir='ltr'><strong>iunctis.</strong></span> 
     </span>
    </p>
   </div>
   <div class='ocr_carea' id='block_1_4' title="bbox 0 0 891 2803">
    <p class='ocr_par' dir='ltr' id='par_1_4' title="bbox 0 0 891 2803">
     <span class='ocr_line' id='line_1_46' title="bbox 0 0 891 2803; baseline 0 0"><span class='ocrx_word' id='word_1_442' title='bbox 0 0 891 2803; x_wconf 95' lang='lat' dir='ltr'><strong> </strong></span> 
     </span>
    </p>
   </div>
  </div>
 </body>
</html>
