1762 2803
231 121 277 178 bt
292 119 391 174 &aaut
407 120 551 184 uuuuattno.
715 124 743 179 35

40 240 192 286 coinquinationis
208 242 322 277 annuncians
337 242 440 286 subiungit:
458 242 589 287 “coinquinata
604 247 647 277 sunt
663 242 744 277 enimet

40 304 93 329 mens
104 306 167 329 eorum
179 301 197 330 et
207 295 335 331 conscientia.”
358 295 378 329 Si
390 307 435 339 ergo
445 295 496 330 cibus
508 296 614 330 immundus
626 306 662 330 non
673 300 707 337 est,
715 295 743 330 cui

40 357 93 381 mens
102 347 197 383 immunda
205 360 243 383 non
250 349 315 390 fuerit;
327 359 360 382 cur
367 349 416 392 quod
425 349 493 382 munda
501 354 564 382 mente
572 348 638 382 mulier
646 359 669 382 ex
679 353 744 381 natura

39 400 112 443 patitur,
121 401 137 434 ei
147 401 166 435 in
176 401 312 436 immundiciam
321 402 430 446 deputatur?
452 401 485 435 Vir
493 406 554 435 autem
565 412 606 435 cum
617 400 692 445 propria
700 411 743 435 con-

39 453 81 495 iuge
96 453 196 495 dormiens,
208 454 243 488 nisi
258 455 307 488 lotus
322 465 374 498 aqua,
387 454 456 488 intrare
468 454 565 488 ecclesiam
576 465 613 488 non
628 454 693 494 debct;
710 454 761 494 sed5

39 515 100 548 neque
107 506 156 540 lotus
166 507 235 541 intrare
245 507 307 541 statim
315 507 375 541 debet.
398 506 438 541 Lex
448 511 510 541 autem
518 505 575 541 veteri
586 506 655 551 populo
666 505 744 551 precipit

39 562 59 592 vt
70 558 139 593 mixtus
149 558 178 593 vir
190 559 266 601 mulieri,
278 566 296 594 et
307 559 364 593 lauari
376 570 423 604 aqua
434 561 506 602 debeat,
519 565 536 593 et
548 565 591 594 ante
602 559 647 594 solis
659 569 744 593 occasum

40 610 136 645 ecclesiam
144 622 180 645 non
188 612 262 647 intrare.
282 612 335 655 Quod
343 618 405 647 tamen
413 612 531 657 spiritualiter
536 612 612 657 intelligi
619 617 691 657 potest:
701 611 743 657 quia

40 663 112 698 mulieri
120 664 148 699 vir
158 665 246 700 miscetur
253 666 326 709 quando
335 666 396 700 illicite
405 665 553 709 concupiscentie
563 666 636 700 animus
646 666 665 699 in
676 665 744 710 cogita-

40 715 89 751 tione
102 728 136 762 per
150 718 289 754 delectationem
303 718 424 762 coniungitur,
440 718 483 763 quia
498 718 533 753 nisi
549 719 600 763 prius
615 718 664 763 ignis
677 729 743 753 concu-
753 731 772 753 ιο

40 769 129 813 piscentie
134 783 145 805 a
150 777 212 806 mente
219 772 318 812 defcrueat,
323 772 399 816 dignum
406 782 426 806 se
433 771 568 816 congregationi
575 771 651 805 fratrum
657 771 743 805 estimare

40 833 76 856 non
92 824 152 867 debet,
167 825 198 868 qui
214 835 235 858 se
252 824 324 868 grauari
339 834 374 869 per
388 824 488 868 nequitiam
503 834 560 869 praue
576 824 674 858 voluntatis
688 823 743 858 videt.

41 875 129 916 Quamuis
135 879 159 911 de
166 878 200 911 hac
208 888 229 911 re
237 878 311 911 diuerse
318 876 413 911 hominum
421 877 506 911 nationes
513 876 587 917 diuersa
595 876 681 918 sentiant,
689 882 744 920 atque

40 928 74 962 alia
81 930 173 963 custodire
180 930 282 972 videantur,
291 930 418 963 Romanorum
426 934 489 963 tamen
497 939 572 973 semper
580 929 604 962 ab
611 928 744 973 antiquioribus

39 991 84 1014 vsus
96 981 134 1023 fuit,
146 988 188 1025 post
199 982 338 1015 ammixtionem
350 982 425 1025 proprie
437 982 525 1025 coniugis,
536 986 554 1014 et
566 981 647 1015 lauachri
659 981 773 1026 purifica-15

40 1032 108 1068 tionem
115 1045 193 1078 querere
199 1039 217 1068 et
226 1035 248 1068 ab
255 1034 340 1078 ingressu
347 1033 425 1068 ecclesie
431 1034 526 1078 paululum
532 1040 640 1068 reuerenter
646 1034 744 1068 abstinere.

40 1086 79 1120 Nec
88 1087 123 1120 hec
133 1087 221 1128 dieentes,
230 1086 302 1129 culpam
311 1087 421 1130 deputamus
432 1097 474 1120 esse
485 1086 601 1130 coniugium;
613 1087 645 1120 sed
654 1086 696 1131 quia
704 1087 744 1131 ipsa

40 1137 88 1173 licita
98 1139 186 1173 admixtio
195 1139 278 1183 coniugis
288 1139 328 1173 sine
336 1139 429 1183 voluptate
437 1139 497 1173 carnis
508 1139 548 1173 fieri
559 1150 596 1173 non
604 1144 671 1184 potest,
678 1150 689 1173 a
697 1139 744 1174 sacri

40 1191 74 1225 loci
87 1192 173 1236 ingressu
188 1192 318 1227 abstinendum
332 1198 366 1233 est,
378 1193 420 1236 quia
432 1193 517 1236 voluptas
530 1193 571 1236 ipsa
583 1203 626 1227 esse
638 1193 679 1227 sine
691 1194 744 1236 culpa

40 1244 145 1280 nullatenus
157 1250 223 1289 potest.
246 1245 287 1279 Non
301 1244 350 1280 enim
362 1245 385 1279 de
397 1244 486 1279 adulterio
497 1245 526 1280 vel
539 1244 663 1288 fornicatione,
675 1246 708 1280 sed
720 1246 744 1280 de
753 1260 772 1280 zo

40 1297 120 1341 legitimo
131 1298 216 1342 coniugio
225 1303 279 1333 natus
289 1299 348 1333 fuerat
357 1298 388 1341 qui
399 1297 480 1333 dicebat:
494 1298 504 1316 “
511 1297 558 1333 Ecce
569 1298 618 1333 enim
629 1297 648 1332 in
659 1298 743 1342 iniquita-

40 1350 88 1384 tibus
96 1355 195 1393 conceptus
203 1361 250 1393 sum,
256 1355 274 1384 et
282 1350 300 1384 in
309 1350 380 1384 delictis
388 1350 460 1394 peperit
468 1360 498 1384 me
505 1355 565 1384 mater
573 1351 630 1384 mea.'¹
650 1350 685 1393 Qui
693 1351 742 1384 enim

40 1402 58 1435 in
69 1402 195 1446 iniquitatibus
206 1414 227 1436 se
238 1408 346 1447 conceptum
357 1408 439 1445 nouerat,
447 1413 458 1436 a
466 1402 531 1437 delicto
542 1413 563 1437 se
574 1408 637 1437 natum
647 1404 743 1447 gemebat:

40 1455 83 1499 quia
90 1461 151 1500 portat
158 1455 177 1490 in
183 1467 235 1490 ramo
242 1457 339 1490 humorem
347 1455 394 1496 vicii,
401 1467 456 1501 quem
464 1456 519 1490 traxit
527 1467 550 1490 ex
558 1456 624 1491 radice.
648 1456 669 1491 lu
678 1456 744 1501 quibus

41 1516 102 1543 tamen
111 1510 174 1544 verbis
185 1520 222 1544 non
234 1509 366 1544 admixtionem
379 1509 476 1553 coniugum
489 1509 603 1553 iniquitatem
615 1510 703 1552 nominat,
711 1511 744 1545 sed
754 1525 772 1555 25

40 1563 100 1605 ipsam
114 1563 200 1597 videlicet
214 1564 328 1606 voluptatem
342 1562 465 1596 admixtionis.
488 1562 536 1596 Sunt
551 1562 620 1597 etenim
635 1562 693 1597 multa
708 1573 744 1608 que

41 1615 89 1650 licita
100 1627 120 1650 ac
131 1615 212 1660 legitima
222 1621 270 1657 sunt,
279 1622 296 1650 et
307 1621 368 1651 tamen
379 1616 398 1650 in
406 1626 470 1650 eorum
478 1621 519 1650 actu
527 1616 642 1660 aliquatenus
650 1616 744 1652 fedamur:

41 1668 92 1701 Sicut
104 1679 149 1711 sepe
160 1669 257 1703 irascendo
268 1669 331 1712 culpas
342 1668 462 1712 insequimur,
470 1673 488 1701 et
499 1668 649 1713 tranquillitatem
660 1669 679 1702 in
691 1669 744 1703 nobis

42 1721 98 1755 animi
110 1722 250 1765 perturbamus;
263 1727 281 1755 et
293 1733 334 1756 curn
346 1728 417 1755 rectum
429 1721 452 1755 sit
462 1722 511 1765 quod
522 1722 586 1765 agitur,
598 1732 634 1756 non
645 1728 744 1757 esttamen

41 1775 159 1817 approbabile
172 1775 221 1817 quod
236 1774 255 1808 in
270 1785 292 1809 eo
307 1775 380 1808 animus
395 1775 517 1818 perturbatur.
540 1774 608 1807 Contra
619 1773 663 1808 vitia
676 1774 744 1818 quippe
753 1790 773 1819 30

41 1826 186 1871 delinquentium
194 1826 251 1862 iratus
261 1826 320 1862 fuerat
328 1827 358 1872 qui
367 1827 439 1862 dicebat
447 1839 451 1861 :
464 1827 562 1861 “turbatus
569 1832 597 1862 est
605 1838 639 1872 pre
646 1826 673 1863 ira
681 1828 744 1863 oculus

41 1882 110 1915 meus.”
133 1880 180 1923 Quia
188 1880 237 1915 enim
245 1881 337 1916 nonvalet
347 1881 382 1915 nisi
390 1881 487 1924 tranquilla
495 1891 549 1915 mens
556 1881 575 1915 in
584 1881 744 1925 contemplationis

41 1944 62 1967 se
75 1934 135 1967 lucem
150 1934 270 1977 suspendere,
284 1934 303 1968 in
316 1933 343 1968 ira
355 1944 410 1968 suum
422 1934 495 1967 oculum
508 1933 600 1968 turbatum
616 1933 689 1967 dolebat
702 1935 744 1978 quia

42 1986 85 2020 dum
96 1987 145 2021 male
155 1992 215 2020 actum
223 1988 309 2021 deorsum
320 1987 427 2031 insequitur,
436 1986 523 2021 confundi
534 1991 588 2031 atque
596 1986 665 2021 turbari
674 1997 685 2020 a
693 1997 743 2021 sum-

42 2050 113 2073 morum
122 2040 275 2083 contemplatione
283 2041 387 2083 cogebatur.
411 2040 434 2073 Et
444 2039 541 2073 laudabilis
552 2050 596 2083 ergo
606 2044 634 2073 est
644 2039 671 2073 ira
681 2046 743 2074 contra
753 2055 771 2085 35

41 2092 110 2134 vitium,
117 2098 135 2127 et
143 2098 204 2127 tamen
213 2093 294 2133 molesta,
300 2092 342 2136 quia
348 2093 441 2127 turbatum
449 2102 470 2127 se
478 2092 558 2136 aliquem
566 2097 636 2126 reatum
644 2092 743 2126 incurrisse

42 2145 143 2180 estimabat.
166 2145 243 2190 Oportet
250 2145 312 2189 itaque
321 2145 402 2189 legitima
412 2146 473 2179 carnis
481 2146 546 2189 copula
553 2150 572 2180 vt
583 2155 638 2179 causa
647 2145 704 2189 prolis
714 2145 744 2186 sit,

42 2210 79 2232 non
85 2198 193 2242 voluptatis;
205 2203 224 2231 et
232 2197 292 2232 carnis
300 2197 411 2240 commixtio,
417 2199 539 2232 creandorum
545 2199 643 2232 liberorum
649 2198 673 2232 sit
680 2198 744 2242 gratia,

42 2262 79 2286 non
94 2252 193 2286 satisfactio
204 2251 294 2285 vitiorum.
318 2250 338 2284 Si
353 2251 395 2295 quis
407 2262 452 2285 vero
466 2262 500 2285 sua
514 2251 596 2295 coniuge,
608 2262 645 2285 non
659 2251 744 2295 cupidine

41 2305 140 2349 voluptatis
148 2311 217 2349 raptus,
222 2306 255 2339 sed
261 2304 376 2339 solummodo
383 2305 505 2338 creandorum
512 2304 612 2338 liberorum
620 2304 678 2347 gratia
683 2305 745 2346 vtitur,
753 2321 774 2350 40

42 2358 77 2391 iste
90 2358 173 2402 profecto
188 2359 228 2392 siue
244 2359 267 2391 de
281 2357 366 2401 ingressu
379 2356 461 2399 ecclesie,
474 2367 507 2390 seu
520 2357 543 2390 de
556 2357 646 2391 sumendo
658 2358 745 2393 dominici

42 2411 124 2455 corporis
133 2410 265 2456 sanguinisque
272 2410 359 2453 misterio,
367 2420 401 2444 suo
411 2415 440 2443 est
450 2408 516 2444 iudicio
523 2409 667 2455 relinquendus:
679 2411 727 2455 Quia
735 2423 745 2446 a

42 2466 95 2499 nobis
104 2465 197 2508 prohiberi
207 2476 243 2499 non
252 2466 306 2499 debet
316 2464 404 2508 accipere,
413 2463 443 2507 qui
451 2463 470 2497 in
478 2463 520 2507 igne
528 2464 599 2508 positus
607 2465 666 2500 nescit
674 2467 745 2500 ardere.

43 2518 90 2552 Cum
95 2529 139 2552 vero
147 2529 185 2552 non
192 2528 244 2552 amor
251 2518 331 2561 optande
339 2516 412 2557 sobolis,
418 2517 451 2550 sed
456 2516 541 2560 voluptas
548 2518 654 2553 dominatur
661 2519 680 2553 in
688 2530 746 2563 opere

43 2570 189 2606 commixtionis:
206 2571 275 2605 habent
290 2570 376 2614 coniuges
393 2569 448 2603 etiam
463 2569 487 2603 de
502 2580 535 2604 sua
550 2571 680 2606 commixtione
696 2573 773 2616 quod45
