1762 2803
179 110 225 165 ba
240 107 340 161 sanctu
357 103 623 165 canonicatuum.
710 120 753 161 323

52 233 142 268 accedens
150 230 246 275 temptauit
252 229 341 264 annulum
347 230 370 263 de
376 238 432 262 manu
438 226 520 273 episcopi
528 227 613 270 euellere,
619 231 637 261 et
643 226 698 261 alium
704 225 755 261 loco¹

52 286 111 331 ipsius
118 285 174 329 digito
182 285 288 327 subrogare.
310 282 393 325 Cumque
403 281 468 316 leuiter
476 280 606 314 contrectando
616 279 643 313 nil
652 279 755 323 proliceret,

53 338 102 373 omni
110 348 146 382 quo
154 337 212 382 potuit
220 340 286 369 conatu
297 335 361 369 institit
369 339 388 368 vt
398 334 485 367 annulum
496 338 596 376 amoueret,
604 333 637 367 sed
648 332 667 366 in
678 341 756 367 cassum.

53 390 173 425 Abscedens²
181 389 264 433 stupidus
272 393 291 422 et
298 388 391 428 confusus,
401 387 542 432 deliberansque
552 386 596 431 quid
604 386 696 430 agendum
704 385 757 426 soret,

53 454 117 477 rursus
129 442 198 477 accedit
210 452 231 476 ac
242 442 308 475 deuote
320 438 422 474 inclinans³
433 439 507 475 auribus
521 439 607 484 episcopi,
619 438 701 473 demissa
711 448 774 479 voces

54 495 105 541 quasi
112 495 205 530 uiuentem
215 493 264 538 cepit
271 492 339 538 alloqui
349 493 375 528 sic
386 492 460 529 dicens:
473 492 539 527 ‘Pater
546 498 614 533 sancte,
622 490 697 537 peccaui
707 491 757 535 quod

53 560 64 583 a
72 553 90 582 te
98 548 189 583 licentiam
198 558 235 581 non
243 546 287 590 petii
294 552 313 580 et
321 547 369 590 quod
375 551 427 580 tuum
435 551 463 580 est
471 546 516 580 mihi
524 551 593 580 temere
601 544 702 580 vendicaui.
718 543 756 578 Sed

54 601 96 646 quia
110 602 129 635 id
144 602 167 635 ad
182 600 272 634 honorem
287 604 339 633 tuum
355 600 416 633 lacere
431 599 519 643 disposui,
534 598 609 643 ignosce
624 596 724 638 confitenti,
739 604 757 631 et

54 653 129 700 petenti,
141 653 157 688 si
169 653 234 698 placet,
248 652 360 697 postulatum
373 652 465 687 concede?
488 651 511 687 Et
525 663 566 687 cum
579 662 654 687 manum
667 656 757 696 tangeret,

54 707 115 742 statim
123 718 165 741 cum
173 716 245 740 summa
254 706 339 739 facilitate
346 705 440 745 annulum,
448 716 485 738 non
493 710 601 746 extractum,
608 705 642 738 sed
650 704 757 748 prolapsum
766 716 786 737 ro

54 759 120 804 potius,
128 770 170 793 cum
178 757 248 803 ingenti
256 757 316 792 leticia
326 757 371 800 tulit,
380 762 398 791 et
406 757 454 791 inter
461 767 514 791 saera
521 757 612 801 reposuit;
622 768 646 791 ex
654 756 706 791 cuius
714 767 757 790 con·

54 817 102 847 tactu
114 812 170 845 multa
182 811 261 845 infirmis
272 810 362 844 beneficia
372 820 430 853 vsque
442 808 497 843 hodie
507 809 596 852 largiente
607 809 682 842 domino
694 819 758 842 conce·

54 865 127 898 duntur.
172 856 212 897 Die
219 873 264 897 vero
271 873 307 906 quo
315 862 400 907 sepultus
408 861 441 896 suit
449 867 523 896 sanctus
531 861 567 904 dei,
575 861 610 895 tria
618 866 688 896 tantum
699 861 758 896 sacta⁴

55 917 107 952 suere
118 916 211 960 miracula,
221 916 263 961 quia
275 916 353 951 fortasse
365 915 384 950 in
395 914 461 960 quibus
472 916 526 959 plura
535 915 601 949 fierent
613 925 650 949 non
662 914 758 949 affuerunt.

55 970 99 1005 Post
112 971 146 1004 hec
159 981 193 1014 per
204 975 244 1004 octo
256 970 296 1004 dics
306 969 421 1004 cessantibus
434 969 533 1010 miraculis,
546 968 646 1012 plurimum
658 968 759 1003 contristati
769 980 786 1010 ¹5

55 1023 145 1064 monachi,
160 1034 184 1058 ex
200 1033 236 1067 qua
250 1033 305 1057 causa
319 1022 337 1056 id
353 1028 416 1067 posset
431 1021 515 1057 accidere
531 1021 655 1056 conserebant.
678 1021 701 1055 Et
716 1032 759 1055 ecce

56 1076 111 1110 frater
118 1075 191 1120 quidam
199 1076 307 1118 adueniens,
312 1075 380 1110 claram
388 1086 409 1110 se
417 1075 486 1110 vidisse
493 1074 584 1109 visionem
592 1075 676 1115 asseruit,
684 1074 758 1109 dicens:

56 1128 106 1161 ‘Vidi
115 1133 133 1162 et
141 1140 183 1163 ecce
191 1133 266 1162 sanctus
274 1128 383 1162 Edmundus
391 1127 436 1161 mihi
442 1127 532 1172 apparuit,
536 1128 607 1162 vultum
613 1133 674 1162 tamen
682 1127 759 1162 hilarem

55 1191 92 1214 non
104 1181 188 1215 ostendit.
211 1181 271 1223 Quem
283 1192 324 1215 eum
337 1181 469 1225 interrogarem
482 1191 515 1215 cur
527 1191 574 1225 opus
586 1181 655 1215 bonurn
667 1191 704 1215 non
716 1191 759 1225 per·

56 1233 124 1275 ficeret,
138 1233 184 1277 ipse,
198 1233 291 1268 defossum
307 1244 327 1267 se
343 1239 453 1274 monstrans,
466 1234 515 1276 quod
529 1234 629 1277 depressas
642 1243 708 1267 manus
721 1243 758 1267 non
768 1245 788 1266 ιο

55 1285 125 1320 valeret
137 1286 160 1320 ad
172 1285 232 1320 celum
243 1285 321 1330 dirigere
331 1286 460 1330 respondebat.
483 1285 507 1320 Et
517 1284 593 1320 adiecit:
607 1285 671 1328 “Quid
682 1295 758 1330 possum

56 1338 116 1373 iacere
129 1338 155 1372 sic
169 1342 267 1382 grauatus?
290 1338 338 1373 Ecce
350 1349 432 1383 surgere,
446 1349 489 1373 ecce
501 1349 568 1373 manus
580 1339 603 1373 ad
617 1339 671 1373 deum
685 1349 759 1382 nequeo

56 1391 138 1425 attollere
146 1402 180 1425 nec
188 1402 222 1435 pro
229 1390 297 1435 egrotis
306 1393 408 1426 exorare.'¹¹
431 1391 499 1435 Sicque
509 1396 628 1426 remouerunt
636 1396 693 1426 totam
703 1401 759 1436 quam

57 1454 163 1487 supereum
171 1444 288 1479 coniecerant
296 1449 370 1478 terram.
393 1444 434 1487 Quo
441 1444 494 1486 iacto,
499 1444 577 1479 virtutes
585 1443 645 1479 subito
653 1444 758 1480 redierunt:

57 1503 75 1531 et
83 1498 137 1530 deum
145 1497 164 1531 in
173 1502 236 1531 sancto
245 1508 279 1531 suo
290 1508 355 1531 omnes
364 1497 519 1540 glorificauerunt.
562 1490 596 1531 Ad
606 1497 695 1531 maiorem
705 1497 760 1540 igitur
769 1511 788 1541 25

57 1549 86 1583 sui
97 1548 157 1582 meriti
166 1549 308 1583 declarationem
320 1551 358 1583 ceci
369 1549 438 1590 vident,
449 1549 508 1584 claudi
521 1550 620 1591 ambulant,
633 1551 716 1593 ydropici
729 1551 761 1584 de-

58 1606 168 1643 tumescunt,
181 1601 232 1636 surdi
247 1601 327 1642 audiunt,
340 1601 386 1635 muti
401 1601 506 1645 loquuntur,
522 1601 610 1646 paralitici
626 1602 762 1644 conualescunt,

58 1653 129 1689 obsessi
137 1665 147 1688 a
159 1654 268 1688 demonibus
278 1654 384 1696 liberantur,
392 1653 499 1689 incarcerati
507 1665 518 1689 a
525 1654 604 1690 vinculis
612 1655 715 1698 soluuntur‚
723 1654 762 1699 epi-

58 1706 120 1741 lentici
132 1712 223 1750 curantur,
233 1707 359 1741 membrorum
369 1706 430 1741 officio
440 1706 507 1751 priuati
520 1707 560 1741 sani
573 1706 682 1750 efficiuntur,
696 1708 762 1742 mortui

58 1759 201 1802 resuscitantur;
209 1764 228 1795 et
232 1760 285 1794 bruta
290 1760 375 1794 animalia
381 1759 439 1804 ipsius
445 1759 535 1794 beneficia
541 1761 668 1804 experiuntur.
689 1752 762 1796 tltliles
771 1772 791 1802 so

59 1811 133 1854 quidam
141 1812 193 1846 diues
201 1822 259 1856 prope
268 1812 395 1846 Pontiniacum
402 1817 447 1854 erat,
455 1813 488 1845 sed
497 1812 587 1856 leprosus.
610 1812 645 1854 Qui
654 1824 695 1847 cum
704 1813 761 1848 multa

59 1864 180 1908 expendisset
192 1865 211 1899 in
224 1864 301 1900 medicis
313 1869 332 1900 et
344 1864 379 1899 sibi
394 1864 440 1899 nihil
452 1865 543 1910 proficere
555 1864 632 1908 videret,
644 1864 712 1901 relictis
725 1865 762 1902 illis

59 1917 166 1952 hortabatur
183 1929 226 1953 eum
240 1929 288 1953 vxor
306 1928 339 1953 sua
353 1923 373 1954 vt
391 1917 473 1952 diuinum
491 1917 579 1952 auxilium
594 1923 671 1962 peteret,
686 1930 710 1954 ex
725 1930 762 1963 quo

59 1970 160 2005 humanum
165 1971 262 2006 consilium
267 1971 304 2005 iam
312 1970 343 2006 diu
349 1972 446 2016 probatum
454 1970 480 2005 nil
488 1970 522 2005 sibi
528 1980 583 2015 posse
588 1971 649 2005 valere
658 1971 763 2016 conspexit:

60 2024 183 2068 monebatque
198 2035 241 2059 eum
255 2030 275 2059 vt
287 2034 307 2059 se
322 2024 375 2059 beato
388 2023 486 2058 Edmundo
498 2028 575 2059 voueret
590 2023 660 2058 eteius
675 2024 762 2068 reliquias
770 2036 790 2067 35

59 2074 147 2109 visitaret.
170 2076 206 2118 Qui
217 2078 280 2111 viroris
293 2076 413 2120 acquiescens
428 2076 515 2118 consiliis,
530 2076 572 2111 fecit
585 2075 620 2110 sibi
635 2077 696 2120 parari
711 2077 763 2111 vehi-

61 2126 127 2168 culum,
140 2127 159 2164 in
171 2139 207 2172 quo
219 2128 249 2163 die
261 2129 341 2163 crastina
352 2139 411 2172 vsque
424 2128 551 2163 Pontiniacum
562 2129 665 2163 veheretur.
688 2128 710 2163 In
722 2128 763 2173 ipsa

61 2183 122 2214 autem
132 2185 185 2215 nocte
197 2181 245 2225 cepit
256 2181 306 2216 idem
317 2181 371 2216 miles
378 2181 453 2225 vlulare,
461 2180 546 2223 fremere,
555 2186 574 2216 et
585 2181 671 2225 clamare,
678 2187 697 2216 et
707 2192 764 2217 nemo

61 2242 104 2266 eum
115 2243 126 2267 a
137 2244 216 2277 sompno
223 2245 282 2279 vsque
293 2236 316 2269 ad
327 2235 444 2278 gallicantum
455 2239 527 2279 poterat
538 2234 624 2269 excitare.
647 2235 670 2268 Et
678 2235 763 2279 querenti

61 2285 114 2318 vxori
122 2285 165 2329 quid
173 2286 207 2320 sibi
215 2287 320 2331 contigerat,
329 2287 435 2332 respondit:
448 2286 559 2321 ‘Videbatur
566 2286 611 2321 mihi
619 2297 661 2321 esse
671 2286 690 2321 in
698 2287 764 2324 itinere
772 2300 793 2330 40

61 2347 127 2372 versus
135 2344 219 2373 sanctum
227 2339 351 2382 Edmundum,
362 2345 380 2374 et
392 2339 464 2374 obuiam
472 2339 544 2374 cuidam
552 2339 650 2374 reuerendi
655 2340 717 2375 vultus
725 2340 764 2385 epi·

62 2398 124 2432 scopo,
133 2401 189 2434 quem
196 2402 244 2426 vnus
252 2392 329 2426 clericus
337 2391 454 2436 sequebatur.
476 2391 500 2425 Et
507 2391 607 2435 inquirenti
616 2402 627 2426 a
638 2402 668 2428 me
676 2393 765 2438 episeopo

62 2451 98 2484 quo
107 2452 211 2487 pergerem,
222 2444 321 2489 respondi:
334 2444 401 2478 “Vado
412 2444 436 2478 ad
446 2450 530 2479 sanctum
541 2443 667 2488 Edmundum,
675 2451 695 2481 vt
707 2446 731 2481 ab
743 2458 766 2482 eo

63 2495 150 2539 consequi
157 2506 230 2532 merear
237 2497 350 2532 sanitatem.”
365 2496 389 2532 Et
397 2497 438 2531 ille:
451 2496 515 2539 “Quid
522 2497 552 2532 vel
560 2503 649 2541 quantum
656 2499 715 2535 velles
722 2500 767 2545 pati,

63 2556 109 2587 ¹om.
117 2560 172 2590 invit.
203 2560 251 2591 ²Vit.
259 2560 341 2591 abscessit.
373 2559 520 2592 ’Vitiucliuatus
550 2561 664 2596 ‘ominliit
694 2563 767 2594 ⁵added.

400 2618 432 2643 Ya
