1762 2803
96 157 141 200 ²04
286 144 366 197 aaut&
382 141 497 205 termut
513 140 605 204 fingite.

96 265 203 300 submersis.
223 266 270 299 Ecce
279 265 328 299 enim
336 265 370 299 hoc
378 270 471 300 momento
478 266 496 299 in
504 275 546 299 aere
555 270 617 299 contra
625 263 715 309 malignos
723 264 798 309 spiritus

96 320 144 353 bella
155 323 236 361 mouent,
246 318 326 352 animam
338 318 432 352 cuiusdam
445 318 534 353 hominis¹
546 329 588 353 cum
600 317 627 352 eis
638 317 714 351 dimersi
725 318 798 362 eripere

97 372 193 417 sataguntss
206 371 256 405 omni
270 372 322 405 nisu!
357 371 401 405 Post
417 372 546 406 lachrimosam
559 377 578 406 et
592 371 682 415 prolixam
696 371 798 405 orationem

98 431 173 460 sanctus
188 435 280 468 exurgens
295 423 348 458 hilari
362 425 423 460 vultu:
444 425 533 468 ‘Christo,
547 425 577 468 ait,
592 425 659 469 gratias
674 424 733 469 agite:
750 435 799 459 nunc

81 489 89 518 5
99 478 148 512 enim
160 477 218 512 sancti
230 477 289 520 angeli
300 478 368 511 sanctis
380 478 476 511 obuiantes
487 479 589 520 animabus,
601 483 619 512 et
630 478 691 522 ipsum
704 477 799 511 hominem

98 536 182 575 ereptum
194 531 216 563 ab
229 530 345 564 infestatione
357 531 457 564 demonum
473 531 525 575 quasi
537 533 615 566 victores
630 532 730 566 liberarunt
743 531 799 565 bella·

98 586 158 619 tores!
199 576 245 618 Alio
258 588 341 628 tempore
354 584 383 619 vir
396 590 471 619 sanctus
486 584 531 618 dixit
546 584 642 620 fratribus:
659 585 800 628 ‘Properemus,

98 638 162 681 inquit,
171 637 239 671 sanctis
246 637 319 670 obuiam
328 636 403 681 angelis,
412 637 442 681 qui
455 637 477 673 ad
485 637 615 681 perferendam
623 637 718 671 cuiusdam
726 637 800 681 gentilis

99 688 178 722 animam
190 697 224 721 nos
236 687 278 721 illuc
289 698 347 730 usque
358 687 488 731 peruenientes
502 692 604 731 expectant,
614 693 633 722 vt
642 687 709 731 ipsum,
719 687 800 722 naturale

72 753 91 773 10
99 741 167 775 bonum
183 750 217 784 per
230 745 286 773 totam
299 739 355 774 vitam
369 750 427 783 vsque
440 740 463 774 ad
479 745 581 774 extremam
598 745 711 774 senectutem
726 750 801 774 conser-

99 799 179 837 uantem,
194 792 301 837 priusquam
316 793 404 827 moriatur
419 792 543 838 baptizemus.¹
567 793 591 827 Et
605 793 624 827 in
640 799 728 837 quantum
743 792 801 838 potuit

99 847 194 888 festinans,
202 846 253 880 venit
263 847 286 880 ad
295 847 367 889 locum,
378 846 409 881 vbi
421 857 485 889 senex,
494 847 568 881 nomine
576 847 682 889 Emchatus,
691 846 767 881 audiens
779 847 801 881 ab

100 900 130 934 illo
141 899 218 935 verbum
230 899 260 933 dei
272 904 290 933 et
301 900 385 941 credens,
394 899 501 943 baptizatur,
510 904 528 933 et
538 899 624 933 continuo
636 900 683 933 letus
695 904 713 932 et
725 909 801 933 securus

101 964 143 988 cum
155 952 224 996 angelis
236 952 351 987 obuiantibus
364 953 387 987 ad
399 952 493 986 dominum
506 951 596 997 migrauit.
619 952 656 987 Sed
670 957 688 987 et
700 951 748 987 filius
761 951 801 988 eius

74 1018 92 1047 15
102 1017 143 1040 cum
151 1011 189 1040 tota
196 1006 264 1039 familia
272 1006 372 1050 baptizatus
381 1006 436 1040 fidem
445 1006 513 1040 Christi
522 1005 607 1050 suscepit.
648 998 685 1039 Vir
697 1011 771 1040 sanctus
783 1006 801 1040 in

101 1060 174 1103 tugurio
185 1069 218 1092 suo
230 1060 274 1092 dum
285 1058 368 1093 scribens
380 1059 463 1099 sederet3
476 1058 535 1092 subito
547 1058 587 1093 eius
597 1058 703 1092 immutatur
714 1058 776 1101 facies,
784 1065 802 1093 et

86 1140 88 1143 ,
102 1113 149 1146 hanc
160 1122 207 1157 puro
219 1112 242 1145 de
254 1117 328 1155 pectore
339 1111 407 1155 promit
418 1122 488 1154 vocem,
500 1110 575 1146 dicens:
588 1111 697 1154 ‘Auxiliare‚
706 1111 803 1147 auxiliare!

102 1165 126 1198 Et
140 1164 209 1198 vocatis
225 1164 311 1198 fratribus
326 1164 384 1198 dixit:
403 1165 496 1207 ‘Angelus
512 1164 581 1197 domini
597 1165 628 1208 qui
643 1175 692 1198 nunc
706 1164 754 1198 inter
769 1175 803 1198 nos

102 1218 166 1262 stabat,
175 1217 236 1253 iussus
248 1222 277 1252 est
288 1229 299 1252 a
310 1216 396 1251 domino³
403 1222 422 1251 vt
429 1217 461 1252 vni
473 1228 496 1252 ex
508 1217 593 1251 fratribus
605 1218 629 1251 de
640 1227 713 1251 summo
725 1216 803 1252 culmine

75 1282 93 1303 κο
103 1273 168 1306 domus
176 1271 228 1315 lapso
238 1270 272 1305 cito
283 1270 394 1313 subueniret,
403 1280 439 1314 que
448 1270 466 1304 in
476 1271 564 1305 Roboreti
574 1271 685 1305 monasterio
695 1271 803 1306 fabricatur!

103 1326 126 1359 Et
138 1324 208 1359 subdit:
221 1324 289 1358 ‘Valde
301 1323 412 1357 admirabilis
423 1330 441 1358 et
450 1335 498 1367 pene
509 1323 606 1358 indicibilis
615 1329 642 1358 est
650 1323 726 1368 angelici
733 1324 804 1358 volatus

102 1378 206 1424 pernicitas,
219 1377 301 1422 fulguris,
313 1382 333 1411 vt
347 1377 419 1421 estimo,
433 1377 520 1411 celeritati
535 1376 603 1422 parilis.
626 1377 674 1410 Nam
687 1377 718 1411 ille
730 1376 804 1411 celicola

103 1432 134 1475 qui
142 1433 184 1465 hinc
196 1441 207 1463 a
214 1431 267 1464 nobis
279 1441 333 1471 nunc,
342 1430 373 1463 illo
380 1429 420 1464 viro
428 1430 463 1463 labi
475 1430 579 1473 incipiente,
588 1430 672 1472 auolauit‚
680 1430 732 1473 quasi
740 1431 759 1463 in
767 1431 804 1464 ictu

104 1484 156 1528 oculi,
168 1483 275 1529 priusquam
288 1488 356 1517 terram
369 1488 453 1527 tangeret
467 1483 584 1526 subueniens,
596 1493 639 1517 eum
651 1482 758 1526 subleuauit,
770 1493 805 1518 nec

77 1548 95 1577 ²5
104 1539 159 1573 ullam
171 1538 269 1571 fracturam
281 1542 311 1570 aut
323 1537 403 1570 lesuram
416 1537 446 1571 ille
459 1538 489 1579 qui
501 1536 565 1571 cecidit
577 1537 646 1571 sentire
659 1538 722 1579 potuit.
745 1537 805 1579 Quam

105 1590 196 1632 stupenda
208 1588 255 1622 hec⁴
265 1588 381 1622 velocissima
393 1593 411 1622 et
422 1593 512 1631 oportuna
524 1589 626 1630 subuentio,
638 1600 674 1631 que
687 1589 735 1622 dicto
748 1589 805 1631 citius,

104 1642 160 1676 tantis
173 1640 229 1676 maris
243 1646 261 1674 et
273 1646 322 1674 terre
336 1639 484 1675 interiacentibus
500 1640 572 1684 spaciis,
588 1645 625 1674 tam
640 1639 736 1675 celerrime
751 1640 806 1675 valuit

106 1694 251 1730 consummarit’
274 1693 375 1728 ⁶Roboreti
386 1699 447 1727 autem
460 1694 592 1728 monasterium
607 1694 655 1737 quod
669 1695 730 1737 lingua
744 1694 807 1728 Scoto-

106 1758 148 1781 rum
163 1746 262 1788 Armant,
279 1746 314 1780 hoc
330 1752 358 1780 est
377 1746 468 1789 ‘Campus
489 1747 585 1788 roborum,'
604 1746 623 1779 id
640 1751 668 1779 est
685 1747 806 1789 ‘quercuum,'

79 1810 98 1840 50
106 1801 125 1835 in
138 1799 228 1835 Hibernia
241 1804 279 1843 est,
296 1800 384 1834 Columba
395 1810 440 1834 vero
452 1801 470 1833 in
483 1799 577 1833 Britannia
588 1804 631 1833 tunc
645 1799 709 1833 extitit.
754 1791 807 1845 Quo-

106 1855 148 1888 dam
160 1853 189 1887 die
200 1852 228 1887 vir
239 1858 313 1887 sanctus
325 1852 344 1886 in
356 1852 424 1887 montis
435 1852 512 1896 fastigio,
523 1852 607 1886 manibus
615 1852 709 1896 oculisque
718 1852 737 1886 in
747 1853 807 1887 celum

106 1907 172 1943 erectis
180 1916 233 1942 orare
241 1905 300 1951 cepit:
309 1911 327 1941 et
335 1916 377 1941 ecce
385 1906 445 1940 subito
452 1916 482 1940 res
488 1905 571 1939 miranda
577 1904 666 1951 apparuit,
672 1915 726 1950 quam
732 1905 806 1950 quidam

107 1961 196 1996 secretius
215 1960 319 2004 explorans,
334 1970 372 1994 non
391 1959 431 1993 sine
449 1958 541 2003 permissu
557 1957 592 2001 dei,
608 1958 664 1993 oculis
683 1959 808 2002 corporalibus

68 2027 70 2030 ¹
107 2014 170 2048 videre
186 2012 292 2056 promeruit.
315 2012 441 2048 Sanctienim
455 2012 515 2056 angeli
531 2011 604 2045 celestis
619 2011 677 2055 patrie
693 2012 748 2054 ciues,
762 2013 809 2046 mira

81 2076 98 2104 35
107 2067 224 2110 peruolantes
235 2065 347 2108 pernicitate,
356 2070 440 2098 sanctum
448 2064 508 2098 virum
516 2070 599 2097 orantem
611 2064 675 2098 albatis
686 2065 770 2098 vestibus
781 2065 807 2098 in-

108 2118 146 2153 duti
158 2119 327 2159 circumsteterunt3
343 2123 361 2152 et
374 2122 417 2161 post
429 2117 508 2160 aliquam
520 2128 562 2151 cum
573 2117 627 2151 beato
639 2116 678 2151 viro
693 2128 763 2151 moram
779 2117 809 2152 illa

108 2171 181 2206 celestis
195 2175 273 2212 caterua,
284 2169 336 2214 quasi
349 2181 369 2204 se
383 2170 497 2214 exploratam
509 2169 597 2211 sentiens,
609 2170 632 2203 ad
644 2180 716 2203 summa
728 2170 809 2204 celorum

108 2223 224 2270 quantotius⁷
235 2222 313 2258 reditum
326 2223 427 2258 maturauit.
451 2223 539 2258 Columba
552 2224 574 2257 ad
588 2222 720 2257 monasterium
730 2222 810 2268 rediens,

109 2290 132 2313 ne
146 2277 230 2321 cuiquam
243 2279 291 2320 quod
304 2277 375 2312 viderat
387 2278 476 2312 reuelaret
488 2277 529 2321 ipso
542 2277 621 2319 viuente,
631 2287 672 2311 cum
684 2277 749 2319 grandi
762 2288 809 2312 com·

82 2348 101 2378 4⁰
109 2332 209 2366 minatione
220 2330 270 2364 fratri
282 2329 307 2364 iili
319 2330 416 2366 interdixit.
461 2322 532 2365 Sancto
548 2329 637 2364 Columba
651 2328 708 2363 sacris
723 2329 810 2366 misteriis

110 2385 211 2427 insistente,
223 2385 315 2428 quendam
325 2384 399 2428 igneum
408 2385 483 2429 globum
494 2389 512 2418 et
522 2384 575 2418 valde
586 2382 698 2417 luminosum
710 2383 733 2417 de
742 2384 811 2420 vertice

111 2440 168 2473 sancti
184 2443 226 2472 ante
241 2438 297 2472 altare
312 2438 377 2471 stantis
392 2443 410 2471 et
424 2448 495 2472 sacram
508 2436 618 2471 oblationem
632 2437 761 2480 consecrantis,
772 2443 810 2471 tam

132 2526 137 2543 ¹
147 2525 176 2556 Ad.
184 2526 255 2562 hospitis.
314 2524 320 2542 ²
329 2525 360 2556 Ad.
368 2530 448 2556 conantes.
506 2525 512 2542 ³
522 2524 553 2554 Ad.
559 2523 623 2561 Angelo
631 2524 645 2553 d.
652 2523 678 2560 qui
686 2534 727 2553 nunc
734 2525 776 2554 inter
783 2535 812 2555 vos

112 2566 168 2601 stabat,
176 2565 217 2594 iussi.
258 2564 264 2582 4
274 2565 292 2596 E.
300 2576 327 2600 ac;
337 2566 355 2596 T.
363 2567 397 2595 hec.
442 2566 447 2583 ⁵
458 2565 514 2595 added.
556 2563 562 2581 ⁰
572 2574 584 2593 r.
592 2564 674 2603 Darmach,
683 2564 701 2594 ci.
709 2564 753 2594 Beda
761 2565 789 2594 Ill.
798 2576 811 2602 4.

112 2605 118 2623 ⁷
129 2606 147 2636 E.
154 2614 200 2643 quam
207 2605 260 2635 totius.
