1762 2803
52 139 137 181 irs-rm
189 131 235 187 Ut
249 128 405 192 {butruntio
420 128 515 184 &torti
530 128 645 191 patriti.
709 142 753 188 297

52 252 123 282 debatur.
151 252 260 290 Dixeruntque
274 252 360 283 demones:
378 253 457 292 ‘Oportet
472 256 488 282 te
502 261 544 282 nunc
558 252 637 283 ambulare
650 261 700 289 super
712 252 755 281 hunc

52 304 122 336 pontem,
131 305 148 328 et
159 310 189 338 per
198 309 229 329 nos
238 305 295 330 uentus
306 301 333 330 ille
343 300 369 339 qui
380 306 396 331 tc
407 300 465 331 deiecit
473 300 489 330 in
499 300 562 330 flumine
573 299 609 336 alio,
620 298 678 330 deiciet
688 298 705 329 iu
715 298 755 331 islo:

52 350 69 376 et
75 347 128 377 statim
135 358 145 377 a
151 348 210 378 nostris
220 349 267 378 sociis
277 349 343 386 capieris
351 349 378 387 qui
388 354 426 379 sunt
436 349 452 378 in
463 349 532 385 tlumine,
540 352 557 379 et
565 349 582 379 in
592 348 687 386 profundum
697 346 755 377 inserui

52 395 154 431 demergeris.
180 396 226 425 Prius
235 400 288 426 tamen
297 396 346 426 habes
356 396 424 435 probare
434 396 480 435 quale
489 404 538 435 super
546 399 611 435 pontem
621 394 668 425 istum
675 394 696 426 sit
703 395 755 425 deam·

52 441 126 473 bulare¹.'
147 442 167 473 Et
177 448 252 473 tenentes
262 454 325 473 manum
335 444 480 474 eiustraduaerunt
487 454 537 481 super
546 447 611 480 pontem
620 443 667 472 illum.
688 443 773 475 Etecces

52 489 68 517 in
79 494 129 526 ponte
139 490 167 519 illo
178 490 207 519 tria
217 494 262 520 erant
273 490 406 529 [t'ormirlunda]²·¹
420 491 493 528 primum,
504 490 546 527 quod
556 489 578 519 ita
589 489 657 518 lubricus
668 494 702 518 erat
714 489 756 526 quod

53 536 106 567 nullus
117 536 173 574 pedem
183 537 233 575 figere
241 541 301 575 posset.
320 537 375 574 Aliud,
385 538 428 575 quod
438 538 459 568 ita
468 536 532 567 strictus
542 536 571 566 iuit
581 536 624 575 quod
633 537 700 575 pedibus
709 537 725 565 in
736 545 756 565 eo

53 588 95 614 stare
102 584 128 614 uel
135 584 214 616 ambulare
221 594 269 616 nemo
278 590 345 625 poterat.
365 585 443 620 ‘lercium¹
451 587 494 624 quod
501 586 536 625 [ita]
543 586 584 615 altus
591 590 624 615 erat
631 589 649 615 ut
655 595 698 624 pene
705 584 756 615 celum

53 636 119 670 tangere
129 633 215 663 uideretur.
240 634 265 664 ‘Si
275 634 342 670 tamen¹,
351 635 429 672 inquiunt,
440 634 486 663 nobis
496 633 590 669 assenseris,
600 633 655 663 illesus
665 633 685 663 ad
695 637 756 671 portam

53 679 144 710 reducens!
164 680 240 718 Cogitaus
250 686 302 711 autem
313 682 340 711 ille
351 683 371 711 de
381 681 443 719 quantis
450 681 493 718 prius
501 681 557 710 lhesus
564 690 600 710 eum
611 680 706 710 liberauerat
716 681 756 717 peri·
766 687 785 710 ro

54 727 93 755 culis
103 727 177 756 inuocato
188 728 222 756 eius
232 728 332 758 sanctissimo
341 729 411 761 nomine,
422 728 522 758 confidenter
532 726 604 764 accessit,
614 730 631 756 et
640 735 689 756 unum
699 726 757 764 pedem

53 783 101 810 super
106 778 171 811 pontem
176 784 243 812 ponens,
248 779 252 792 ‘
258 775 305 806 lbesu
311 776 373 806 Christe
380 775 402 806 fili
408 775 434 805 dci
440 775 473 805 uiui
478 773 482 785 ’
488 779 504 804 et
511 778 564 804 cetera
571 774 624 804 dicere
630 773 677 812 cepit
694 773 757 803 Deinde

54 821 100 851 alium
108 822 165 859 pedem
172 822 225 859 posuit
231 826 247 853 et
255 823 311 853 cadem
317 822 365 853 uerba
372 823 440 853 iterauit.
456 822 481 852 Ad
485 822 571 860 quemlibet
578 822 626 852 eciam
632 831 696 860 passum
702 821 757 852 eadem

54 870 102 899 uerba
109 869 179 907 protulit.
200 870 236 907 Quo
243 880 282 900 uero
289 880 338 909 super
343 875 408 908 pontem
415 870 483 909 amplius
489 870 579 906 ambulauit,
585 879 605 900 eo
612 870 692 905 securius;
703 874 719 899 et
726 878 757 907 quo

54 917 103 954 magis
110 917 192 954 processit,
198 927 218 947 eo
223 917 265 947 uiam
270 918 353 956 largiorem
361 919 427 949 inuenit.
448 918 516 955 Semper
522 917 564 947 enim
572 922 589 946 ut
596 916 686 953 ambulauit,
691 916 757 946 latitudo
767 926 771 946 r
775 925 784 954 5

54 963 80 992 uie
92 973 113 992 ex
123 968 189 1001 utraque
199 969 244 1002 parte
255 965 309 995 creuit.
330 965 351 995 Et
361 974 399 995 ecce
409 969 446 1002 post
456 964 536 1002 paululum
546 963 612 994 latitudo
623 963 677 1001 pontis
687 962 757 993 continet

54 1020 115 1040 carrum
123 1015 206 1047 onustum,
217 1016 233 1041 et
240 1016 277 1049 post
284 1012 362 1043 modicum
370 1013 395 1043 uia
402 1013 424 1043 ita
431 1016 465 1042 erat
472 1011 520 1049 larga,
527 1015 544 1041 ut
550 1011 580 1042 sibi
587 1011 603 1041 in
611 1020 630 1041 ca
637 1010 719 1041 obuiarent
726 1011 758 1040 duo

54 1058 119 1096 carr(a).
141 1059 191 1087 Porro
199 1060 275 1088 demones
281 1059 307 1096 qui
315 1068 350 1089 eum
357 1060 457 1089 adduxerunt
464 1059 480 1088 in
487 1059 521 1097 ripe
528 1058 596 1088 fluminis
603 1058 704 1094 restiterunt3
711 1062 727 1088 et
734 1058 757 1087 ui·
779 1051 782 1055 ¹

55 1106 112 1135 dentes
118 1105 184 1135 militem
191 1105 234 1136 abire
241 1106 294 1141 libere.
302 1107 367 1137 uocibus
376 1107 409 1137 suis
418 1106 439 1137 ita
447 1107 513 1144 (aer)em
522 1110 636 1136 concusserunt
643 1106 733 1141 horrendis,
740 1110 757 1135 ut

55 1152 104 1190 magis
117 1154 186 1192 terro(re
196 1153 269 1183 clamoris
280 1155 372 1191 conc)ussus
384 1159 427 1184 esset
437 1163 482 1191 quam
493 1157 607 1183 tormentorum
617 1153 690 1183 illaciune
700 1153 757 1190 quibus
765 1162 785 1184 ao

54 1200 100 1239 an(te
109 1200 167 1237 tulerat
177 1201 279 1231 excruciatus.
300 1201 332 1231 Alii
342 1202 419 1232 demones
429 1201 455 1239 qui
467 1200 546 1239 (inferius)
554 1200 571 1230 iu
578 1200 642 1230 flumine
649 1204 700 1236 erant,
707 1209 757 1230 uncos

55 1257 93 1277 suos
98 1249 118 1277 ad
126 1249 168 1277 illum
176 1248 246 1278 iecerunt
254 1260 258 1279 ι
267 1253 292 1278 set
299 1253 365 1286 tangere
372 1258 405 1279 non
412 1251 502 1286 potuerunt.
520 1248 595 1287 (Securle
602 1248 666 1278 tandem
673 1248 756 1285 processit,

55 1296 92 1332 quia
102 1295 132 1324 sibi
142 1295 190 1325 nichil
201 1296 279 1325 obsistere
286 1296 357 1331 inuenit;
367 1296 420 1332 sicque
430 1295 512 1324 latitudine
520 1295 574 1332 pontis
584 1299 691 1330 excrescente,
699 1295 757 1323 flumen

55 1342 126 1379 respexit
134 1351 154 1370 ex
161 1345 226 1379 utraque
234 1347 278 1379 parte
285 1352 295 1371 a
302 1342 355 1380 longe.
397 1334 491 1372 Procedens
501 1341 549 1380 igitur
555 1341 595 1371 liber
602 1350 611 1370 a
618 1341 702 1371 demonum
710 1350 758 1371 uexa-

55 1389 108 1426 cione,
115 1390 154 1418 uidit
161 1394 198 1419 ante
208 1399 226 1420 se
236 1399 296 1420 murum
308 1389 395 1429 (magnum)
403 1390 423 1420 de
433 1393 475 1420 terra
485 1389 516 1420 alte
527 1392 596 1419 erectum
605 1388 620 1419 in
632 1398 675 1425 aere,
682 1388 758 1419 mirabilis
767 1400 785 1430 ²5

55 1442 72 1467 et
79 1437 204 1475 incomparabilis
215 1441 297 1469 structure.
319 1438 337 1468 ln
348 1447 379 1476 quo
390 1446 435 1468 muro
443 1441 504 1476 portam
514 1437 582 1468 clausam
593 1446 639 1467 unam
650 1436 718 1476 uidebat,
727 1447 758 1476 que

56 1485 123 1515 metallis
137 1485 246 1523 lapidibusque
258 1485 334 1522 preciosis
345 1490 405 1522 ornata,
418 1485 484 1515 mirabili
498 1485 619 1514 choruscatione
633 1484 708 1514 radiabat.
732 1485 758 1514 Ad

56 1541 102 1569 quam
117 1541 151 1561 cum
165 1532 313 1569 appropinquasset,
325 1537 341 1562 et
354 1533 406 1561 adhuc
419 1533 463 1569 quasi
474 1532 528 1569 spacio
542 1531 601 1560 dimidii
614 1531 678 1560 miliaris
690 1532 758 1568 abesset,

56 1582 102 1615 porta
113 1578 139 1607 illa
150 1582 205 1607 contra
216 1588 251 1607 eum
263 1578 324 1616 patuit:
339 1583 355 1608 ct
366 1583 410 1609 tante
422 1578 504 1608 suauitatis
515 1579 555 1608 odor
564 1578 578 1607 ei
589 1586 674 1607 occurrens
684 1586 758 1616 peream

56 1625 100 1661 exiit,
108 1629 125 1654 ut
131 1625 145 1654 si
152 1629 194 1654 totus
200 1626 268 1654 mundus
275 1631 395 1655 conuerteretur
401 1627 417 1654 in
425 1630 501 1662 aromata,
506 1635 538 1655 non
545 1625 627 1655 uincerent
634 1625 758 1662 magnitudinem
767 1637 787 1669 30

56 1673 138 1702 suauitatis
150 1672 194 1707 eius;
206 1673 293 1713 ‘tantasque
305 1674 347 1703 uires
360 1673 431 1712 percepit
442 1682 463 1703 ex
474 1672 500 1703 illa
514 1672 597 1706 suauitate.
607 1676 624 1702 ut
638 1677 758 1710 tormentaque

56 1725 94 1751 ante
104 1719 173 1758 pertulit,
186 1724 202 1750 ut
214 1720 243 1750 sibi
254 1721 342 1757 uidebatur,
354 1721 384 1751 iam
395 1722 431 1751 sine
443 1721 515 1758 angustia
525 1725 581 1758 posset
591 1720 676 1750 sustinere.
701 1720 759 1758 Respi-

56 1768 131 1805 ciensque
139 1768 179 1797 infra
187 1772 255 1806 portam,
266 1768 306 1797 uidit
315 1769 381 1806 patriam
393 1769 463 1798 claritate
475 1768 515 1798 solis
525 1767 654 1805 splendidiorem,
665 1771 681 1797 et
693 1768 759 1798 introire

56 1815 150 1853 concupiuit
172 1815 193 1844 Et
203 1825 240 1845 ccee
250 1824 314 1853 egressa
325 1820 349 1846 est
360 1821 415 1846 contra
425 1825 461 1846 eum
472 1825 507 1846 cum
517 1815 594 1851 crucibus,
604 1815 667 1845 uexillis
677 1815 758 1852 cereisque

56 1866 72 1892 et
85 1863 129 1900 quasi
143 1862 229 1900 palmarum
243 1872 324 1893 aurearum
338 1863 386 1893 ramis
399 1863 481 1900 processio
495 1862 531 1892 talis
545 1866 561 1892 et
572 1866 620 1899 tanta,
632 1867 690 1899 quanta
700 1863 717 1892 in
728 1863 759 1892 lmc
767 1866 786 1896 ³⁵

56 1910 121 1944 mundo,
132 1913 179 1945 prout
192 1909 293 1941 existimauit,
305 1918 384 1944 nunquam
397 1914 422 1938 est
433 1910 471 1937 uisa.
496 1908 539 1937 Vidit
551 1909 595 1945 quasi
609 1908 690 1937 bominum
701 1907 759 1938 formas

57 1955 77 1984 de
85 1954 157 1985 omnibus
165 1954 251 1989 ordinibus
259 1955 354 1991 diuerseque
362 1956 408 1984 etatis
419 1959 435 1984 et
445 1955 527 1993 utriusque
537 1963 590 1985 sexus.
610 1954 654 1985 Vidit
664 1954 704 1985 alios
714 1955 759 1993 quasi

56 2002 190 2040 archiepiscopos,
198 2002 245 2042 [alios
255 2007 272 2032 ut
283 2002 372 2041 episcopos]
378 2002 388 2041 ²,
395 2002 464 2039 abbatos,
473 2003 563 2040 monachos,
572 2001 673 2041 presbiteros,
680 2005 697 2032 et
705 2002 759 2040 singu-

56 2051 107 2079 lomm
119 2050 195 2087 graduum
202 2050 270 2080 ecclesie
279 2050 365 2086 ministros,
375 2049 424 2079 sacris
435 2049 505 2079 uestibus
515 2049 584 2079 indutos.
611 2049 672 2079 Omnes
682 2059 722 2079 uero
732 2049 759 2080 tali

57 2097 125 2127 uestium
133 2097 183 2127 forma
189 2097 239 2127 induti
247 2101 297 2132 erant,
304 2096 345 2134 quali
352 2097 368 2126 in
375 2097 404 2127 hac
411 2097 444 2127 uita
451 2096 482 2127 deo
489 2096 584 2127 semierunt.
604 2095 671 2126 Militem
678 2106 718 2126 uero
724 2106 759 2127 cum
767 2104 788 2133 4ο

57 2153 113 2181 magna
119 2144 224 2173 ueneratione
230 2148 246 2173 et
250 2144 432 2178 leticiaintroduxerunt,
437 2148 453 2173 et
459 2145 490 2172 duo
496 2144 611 2182 archiepiscopi
616 2153 651 2173 eum
656 2145 672 2173 in
677 2153 707 2173 suo
712 2144 760 2174 corni·

57 2195 90 2220 tatu
101 2195 209 2228 susceperunt,
217 2190 243 2228 qui
251 2191 297 2219 deum
305 2190 420 2220 benedixerunt
429 2190 455 2227 qui
465 2193 509 2219 tanta
519 2191 611 2220 constancia
620 2195 675 2220 contra
682 2195 760 2221 tormenta

58 2247 88 2275 que
96 2237 160 2275 pertulit
171 2238 205 2268 eius
216 2237 285 2268 animum
295 2237 398 2267 confirmauit.
424 2236 469 2267 Sicut
479 2238 521 2267 enim
531 2238 585 2268 lumen
594 2238 659 2268 lucerne
669 2238 708 2269 solis
715 2239 760 2277 quasi

58 2285 147 2317 obfuscatur
151 2284 242 2324 splendore,
247 2285 270 2317 sic
275 2286 299 2316 sol
306 2285 430 2322 meridianus,ut
436 2285 477 2324 [sibi]
483 2286 570 2322 uidebatur,
575 2287 626 2325 patrie
632 2286 673 2316 illius
678 2297 707 2325 pre
712 2288 760 2317 nimia

57 2333 127 2364 claritate
132 2333 267 2364 obtenebraretur.
282 2333 325 2364 Finis
331 2342 369 2364 uero
375 2332 431 2371 patrie,
437 2333 468 2363 nisi
473 2343 494 2364 ex
499 2339 544 2371 parte
550 2338 596 2372 porte
600 2343 631 2372 que
635 2335 703 2369 intrauit,
709 2334 760 2364 uideri
768 2343 787 2372 45

58 2390 90 2410 uon
101 2381 156 2419 potuit.
178 2381 216 2410 Erat
223 2385 275 2410 autem
282 2381 333 2418 patria
344 2385 377 2411 tota
384 2381 428 2417 quasi
438 2390 495 2410 amena
501 2386 546 2418 prata
553 2385 601 2418 atque
611 2381 686 2416 uirencia,
694 2381 760 2411 diuersis

57 2428 121 2457 floribus
133 2428 240 2464 fructibusque
252 2431 268 2457 et
280 2428 361 2458 arboribus
374 2428 452 2456 decorata
477 2427 515 2456 Nox
528 2427 571 2456 illam
585 2436 617 2456 non
631 2427 708 2463 obscurat,
723 2428 761 2464 quia

57 2483 121 2511 semper
128 2474 204 2510 splendor
210 2473 245 2511 puri
252 2473 282 2503 celi
289 2474 358 2510 desuper
368 2473 385 2502 in
394 2482 413 2502 ea
421 2473 496 2502 indicibili
506 2473 576 2504 claritate
585 2474 642 2504 rutilat
662 2473 760 2511 Tantumque

57 2520 78 2548 ibi
90 2520 130 2549 uidit
141 2521 222 2557 utriusque
233 2529 282 2550 sexus
293 2521 374 2549 hominum
386 2519 508 2558 multitudinem,
518 2524 593 2559 quantam
604 2520 620 2550 in
630 2520 659 2550 bac
670 2520 703 2551 uita
713 2520 760 2562 [nun-

117 2586 492 2626 ¹nuquamtutantibisitperttluntranstre
533 2585 580 2619 ¹om,
621 2586 700 2618 ’MS-tu.
