1762 2803
79 129 81 135 ,
116 87 161 139 624
384 77 508 139 euomuit
525 79 558 124 Π.

118 205 165 238 Hinc
179 204 250 237 laudem
264 203 350 244 adaugent
365 201 439 236 martiris
455 200 548 242 Edmundi,
561 201 643 235 virtutem
655 201 734 235 videntes
745 202 773 235 dei
785 215 822 238 om.

117 253 225 298 nipotentis¹.

157 364 174 396 p.
183 353 220 393 648,
242 353 256 389 ll
268 355 300 386 Da
310 358 457 385 anxnsuxcrorur
469 358 536 384 snucrr
548 352 645 384 Emruum
656 358 682 384 ua
694 358 784 385 accrasm

166 410 237 435 varum
249 410 271 435 ru
282 409 352 435 wouxn
364 408 465 433 axsrrrcxur
476 408 488 432 a
499 402 617 433 Baunawnro
629 408 775 435 consumemur.

436 472 517 515 Egnante
532 483 571 514 rege
586 471 673 505 Willelmo
691 471 768 505 secundo
783 485 821 509 cum

457 523 511 556 abbas
529 522 638 557 Baldewinus
654 532 717 556 nouam
733 523 821 559 basilicam

101 584 109 616 5
118 573 164 617 apud
172 572 343 614 Beodricesuuorthe,
351 573 407 615 priore
416 573 488 608 basilica
495 579 572 615 tempore
581 572 644 607 Canuti
655 572 700 615 regis
708 572 773 607 ibidem
781 586 821 609 con·

119 629 183 658 structa
198 623 305 666 pulcriorem‚
317 623 468 667 artifici[osl]orem
482 630 499 657 et
513 624 650 663 eminenciorem,
662 624 685 656 ad
700 624 754 656 instar
764 627 821 667 templi

119 673 215 708 Salomonis
224 673 355 707 construxisset:
367 685 425 716 regem
432 674 474 708 adiit
481 679 571 716 rogaturus
578 679 596 707 vt
604 673 640 706 eius
649 673 710 713 edicto,
718 673 822 716 principum-

119 734 153 768 que
161 724 226 765 fauore,
232 723 263 766 [et]
269 723 340 757 basilica
348 724 460 766 dedicaretur,
469 729 486 757 et
494 729 564 756 sanctus
579 723 682 757 Edmundus
690 723 708 756 in
716 723 763 756 illam
771 724 822 766 digno

120 785 160 808 cum
171 775 235 807 honore
246 774 369 806 transferretur.
393 774 445 808 Cuius
452 774 533 817 peticioni
544 785 574 807 rex
583 773 638 817 primo
650 774 721 807 faciliter
733 785 821 808 assensum

93 839 112 861 10
120 824 192 868 prebuit.
212 825 241 858 Set
248 824 315 857 interim
321 824 364 867 cepit
372 824 416 858 inter
424 825 495 858 curiales
504 825 525 858 de
533 835 603 867 corpore
610 824 686 859 eiusdem
694 824 748 858 sancti
755 826 821 868 questio

120 874 202 915 ventilari,
214 879 275 915 vtrum,
288 879 307 907 ut
321 875 424 916 perhibetur,
438 875 554 917 incorruptum
567 875 671 917 perduraret,
685 886 707 908 an
718 886 766 908 more
778 887 822 909 mor-

119 931 187 958 tuorum
194 923 299 966 corrupcioni
308 924 408 958 subiaceret.
422 926 498 967 Quorum
506 935 546 966 pars
554 925 609 957 maior
616 929 633 957 et
641 924 704 964 sanior,
713 924 798 966 integrum
805 932 822 959 et

120 975 242 1016 incorruptum,
250 973 296 1016 quod
307 975 365 1016 sepius
376 975 502 1017 exploratorum
513 975 608 1017 probauere
620 985 688 1014 manus,
696 974 714 1007 in
725 985 756 1007 suo
768 975 822 1009 iacere

120 1025 207 1058 mauseolo
218 1029 296 1057 sanctum
310 1033 371 1067 corpus
382 1025 606 1067 munerabat-Tempore
618 1034 692 1067 namque
704 1024 822 1060 translacionis

94 1089 111 1119 15
120 1075 174 1117 ipsius
182 1075 203 1107 de
211 1076 249 1107 loco
256 1074 328 1107 martirii
339 1075 365 1107 sui
373 1076 420 1117 apud
430 1076 497 1114 Hoxne,
505 1075 534 1107 vbi
546 1085 577 1116 per
587 1074 656 1116 triginta
667 1086 695 1107 sex
704 1086 760 1108 annos
771 1076 822 1110 iacuit

121 1125 137 1158 in
149 1130 194 1158 terra
205 1125 287 1165 sepultus,
298 1124 321 1157 ad
333 1125 502 1165 Beodricesuuorthey
513 1135 547 1167 que
558 1135 603 1158 nunc
615 1124 656 1158 villa
669 1126 724 1158 sancti
735 1126 822 1159 Edmundi

120 1181 234 1216 nuncupatur,
243 1185 305 1216 corpus
313 1175 358 1207 illius
370 1175 395 1207 ita
405 1176 490 1216 integrum
501 1181 518 1207 et
529 1176 646 1216 incorruptum
657 1181 682 1207 est
692 1181 779 1216 repertum
788 1176 822 1208 acsi

120 1224 182 1257 eodem
197 1224 225 1256 (lie
240 1223 299 1257 suisset
314 1225 406 1265 sepultum,
432 1225 486 1257 Cuius
500 1224 634 1266 incorrupcionis
649 1230 710 1267 postea
724 1224 773 1257 testis
788 1231 823 1257 erat

121 1275 195 1318 quedam
208 1276 272 1308 deuota
284 1274 344 1309 mulier
356 1275 418 1309 Oswen
431 1274 506 1316 nomine,
517 1286 551 1318 que
563 1275 649 1318 patefacto
662 1276 739 1317 sepulcro
752 1274 824 1317 singulis

95 1340 114 1360 ao
121 1324 170 1359 anuis
179 1325 268 1358 consueuit
276 1325 293 1358 in
301 1335 344 1358 cena
354 1325 419 1358 domini
428 1325 499 1368 capillos
510 1332 527 1359 et
535 1336 599 1367 vngues
610 1324 646 1359 eius
655 1325 770 1368 prescindere,
777 1331 794 1359 et
805 1324 822 1357 in

121 1377 196 1419 capsella
211 1376 273 1409 deuote
290 1377 388 1409 recondere.
411 1377 504 1417 Progressu
518 1386 559 1409 vero
578 1376 660 1416 temporis
675 1376 745 1416 quidam
762 1375 824 1409 nobilis

122 1425 224 1459 Leofstanus
232 1425 300 1458 nornine
308 1430 408 1467 arroganter
414 1425 462 1459 iussit
469 1425 550 1459 locellum
557 1423 624 1468 aperiri,
632 1436 666 1468 quo
674 1431 738 1467 aperto,
745 1431 822 1459 sanctum

121 1486 183 1517 corpus
193 1475 235 1508 vidit
245 1481 262 1508 et
271 1475 346 1516 repperit
354 1475 476 1517 incorruptum,
484 1481 501 1508 et
509 1475 567 1508 statim
575 1481 653 1516 arreptus
661 1485 672 1507 a
679 1475 764 1516 demonio,
772 1475 823 1507 mise·

122 1524 198 1560 rabiliter
208 1524 296 1566 expirauit.
318 1525 387 1559 Deinde
398 1532 468 1559 sanctus
476 1526 590 1558 Theodredus
598 1525 720 1567 Estanglorum
727 1525 823 1568 episcopus,

95 1589 114 1620 ²5
123 1576 169 1609 circa
179 1586 243 1608 annum
253 1576 275 1608 ab
284 1574 361 1608 eiusdem
370 1575 424 1608 sancti
436 1575 510 1608 martiris
519 1574 614 1618 [passione]
622 1576 751 1617 octogesimum,
759 1582 822 1609 tractus

123 1625 217 1658 deuocione
224 1626 303 1658 locellum
312 1625 379 1666 aperuit
389 1632 405 1658 et
417 1635 480 1666 corpus
491 1625 575 1666 integrum
585 1626 659 1665 repperit
671 1630 687 1657 et
698 1626 823 1666 incorruptum

123 1673 183 1715 tetigit⁷
191 1673 238 1714 lauit,
246 1679 263 1707 et
274 1684 341 1707 rursum
350 1673 400 1707 nouis
410 1673 486 1707 vestibus
498 1673 593 1707 inuolutum
605 1673 665 1707 locello
675 1673 755 1716 reposuit.
778 1673 823 1707 Aiel-

122 1724 176 1758 winus
191 1724 246 1757 eciam
260 1724 356 1757 monachus
372 1723 395 1757 ad
412 1723 507 1757 custodiam
524 1724 579 1757 sancti
598 1724 687 1757 Edmundi
704 1726 727 1758 ab
744 1725 824 1767 episcopo

122 1774 215 1807 diocesano
222 1774 314 1816 deputatus
322 1784 352 1816 per
360 1785 414 1807 annos
422 1774 491 1816 triginta
497 1780 537 1807 ante
545 1774 690 1807 introduccionem
696 1776 823 1814 monachorum,

95 1837 114 1867 3⁰
122 1826 151 1867 pia
158 1829 244 1866 permotus
252 1824 325 1857 audacia
332 1824 451 1857 intemeratum
458 1834 520 1867 corpus
528 1824 565 1857 eius
573 1824 623 1857 certis
631 1824 697 1857 vicibus
707 1835 751 1868 aqua
759 1825 824 1858 solebat

123 1877 192 1914 diluere,
207 1875 275 1916 pectine
289 1876 371 1908 cesariem
386 1884 494 1916 componere,
508 1881 525 1907 et
539 1875 634 1907 defluentes
649 1875 720 1915 capillos
736 1875 753 1906 in
769 1874 824 1916 pixide

123 1924 220 1958 recondere.
243 1924 342 1956 Leofstanus
355 1923 424 1965 insuper
437 1924 497 1963 abbas,
510 1923 591 1956 dubitans
605 1923 626 1955 de
640 1924 677 1956 eius
690 1923 824 1966 incorruptione,

123 1973 202 2008 locellum
217 1973 284 2016 aperuit
298 1979 315 2007 et
329 1973 365 2007 eius
378 1973 470 2016 gloriosum
484 1985 544 2017 corpus
558 1973 595 2006 sine
608 1973 742 2017 incorrupcionis
757 1973 824 2007 macula

123 2025 202 2069 repperit,
214 2025 318 2067 cupiensque
330 2024 418 2059 cerciorari
430 2025 444 2057 si
457 2025 513 2066 capud
525 2025 596 2058 firmiter
606 2025 673 2058 hereret
686 2024 758 2067 corpori,
769 2023 824 2066 capud

96 2087 115 2118 35
124 2075 178 2116 traxit,
192 2081 209 2108 et
220 2075 264 2108 alius
277 2075 340 2117 pedes;
358 2075 403 2117 quod
416 2074 486 2117 quidem
501 2075 557 2116 capud
572 2075 596 2108 ita
611 2074 681 2107 firmiter
696 2074 784 2107 inuentum
799 2079 824 2105 est

123 2127 190 2158 vnitum
203 2125 268 2165 corpori
281 2125 317 2156 acsi
329 2126 376 2157 nullo
388 2126 432 2157 terro
445 2125 581 2166 percuciencium
593 2130 658 2156 tactum
672 2131 722 2164 esset,
734 2124 767 2156 nisi
778 2122 825 2166 quod

124 2173 198 2218 quedam
206 2174 275 2206 cicatrix
285 2174 333 2216 quasi
342 2175 360 2207 in
368 2175 438 2207 modum
450 2174 472 2207 lili
483 2174 558 2207 coccinei
570 2174 615 2207 circa
625 2175 688 2207 collum
698 2175 761 2207 rubens
772 2183 825 2216 appa·

123 2225 167 2265 ruit;
186 2224 232 2256 vnde
246 2225 356 2258 vehementer
375 2224 480 2267 stupetactus
499 2230 530 2266 est,
546 2229 563 2257 et
580 2224 598 2257 in
617 2223 702 2257 ulcionem
720 2229 768 2257 tante
786 2231 824 2265 pre·

126 500 241 534 Hermarrmrs
247 503 265 532 et
272 498 373 541 Sampson
377 497 388 532 ².

144 2323 150 2341 ¹
161 2321 204 2352 Alter
210 2321 241 2352 this
246 2322 299 2351 follow
305 2322 321 2352 irr
329 2322 373 2352 Bodl.
381 2326 413 2353 two
420 2322 489 2361 chapters
496 2322 546 2353 which
553 2323 574 2352 do
581 2326 608 2353 not
615 2323 672 2361 belong
677 2326 693 2352 to
701 2323 727 2353 the
734 2322 760 2351 lise
766 2332 791 2353 :-

145 2369 171 2399 C¹1¹
179 2377 202 2406 39.
223 2368 320 2397 Incidencia:
331 2369 418 2397 Amalarius
424 2369 443 2397 de
450 2369 528 2407 obsequiis
534 2373 633 2405 mortuorum
640 2379 656 2408 p.
664 2368 699 2407 647.

225 2407 265 2437 item
273 2407 297 2437 W.
305 2407 385 2437 Durandus
391 2418 409 2438 ex
416 2408 489 2437 rationali
496 2418 528 2438 suoi
681 2410 682 2413 ’

145 2448 171 2480 cm
178 2456 202 2486 40.
223 2447 305 2477 Reuelacio
313 2456 359 2486 quam
372 2447 437 2478 ostendit
447 2448 517 2478 dominus
528 2447 575 2478 Esdre
586 2448 661 2487 prophete
670 2451 687 2478 vt
696 2447 781 2479 ostenderet
791 2443 825 2475 filiis

185 2487 273 2526 qualitatem
281 2487 316 2517 anni
325 2496 352 2526 per
359 2487 437 2518 introitum
445 2487 549 2518 Kalendarum
556 2488 629 2524 Ianuarii,
637 2498 653 2527 p.
659 2486 694 2527 648.

145 2527 153 2547 ²
164 2526 187 2557 Cf.
194 2528 224 2557 Tit
233 2527 242 2557 f.
251 2535 284 2565 111,
292 2527 327 2557 Tib.
336 2527 346 2557 fr
355 2527 379 2567 78.
