1762 2803
32 106 281 149 usauramauuvest
313 93 361 148 &a
376 94 488 155 Statorio.
692 109 736 152 543

33 228 76 261 inter
86 220 180 256 uendentes
191 223 208 251 et
219 221 297 250 ementes
307 227 338 259 pro
347 215 463 250 mercimoniis
474 215 533 250 usibus
545 213 625 249 humanis
635 213 737 248 necessariis

34 279 74 311 dure
88 280 105 307 et
120 269 203 311 accipere.
226 268 277 301 Datis
293 267 344 309 igitur
359 274 376 301 et
390 268 466 310 acceptis
480 266 558 310 pecuniis
573 275 621 300 more
636 266 738 306 institorum,

33 323 165 361 monachicum
180 318 255 362 reliquiis
269 318 313 352 sacri
329 319 405 362 corporis
423 318 478 352 sancti
493 317 565 352 Iurmini
580 318 653 351 redeunt
668 322 740 350 ouanter

34 379 56 412 ad
64 371 185 410 monasterium
194 369 252 403 Sancti
261 369 356 403 Edmundi.
379 369 446 412 Quibus
457 369 533 413 reliquiis
546 374 637 402 noctanter
648 367 666 400 in
678 377 740 400 secura

35 424 112 461 custodia
119 421 180 464 positis
187 426 205 452 et
215 430 254 452 cunr
265 419 312 452 omni
323 419 422 453 reuerencia
434 426 451 453 et
462 420 557 453 deuotione
568 418 671 453 custoditis:
683 417 756 459 prima5

35 479 71 510 luce
82 470 169 514 sequentis
183 469 217 502 diei
230 469 284 501 nichil
296 469 319 501 de
333 469 410 512 reliquiis
423 469 476 502 saeris
489 469 513 502 ibi
526 474 613 512 repertum
625 474 656 501 est.
678 466 740 500 Admi-

35 533 91 560 rantes
99 522 150 565 igitur
159 519 241 554 Mouachi
252 520 276 553 ad
286 520 409 554 monasterium
420 521 443 554 de
453 521 538 554 Bliborue
547 520 625 560 redeunt,
633 520 655 553 de
664 516 740 561 reliquiis

37 574 93 610 Sancti
99 571 170 607 Iurmini
175 570 282 612 questionem
290 570 359 603 faciunt.
383 570 449 612 Quibus
457 570 479 603 ab
487 569 631 603 inhabitatoribus
638 579 739 612 responsum

37 632 66 667 est,
78 623 101 657 ibi
114 627 193 656 sanctum
206 618 301 653 Iurminum
314 630 388 663 pausare
400 631 434 663 quo
446 620 528 661 decreuit,
540 620 582 653 dum
594 619 665 660 vixerat,
677 619 740 662 imper-

36 683 105 718 petuum
115 671 200 705 collocari.
223 670 275 703 Datis
283 670 335 711 igitur
346 677 364 703 et
374 671 491 713 multiplicatis
501 671 601 703 muneribus
614 680 676 712 corpus
685 669 740 701 saneti
749 673 768 695 10

38 722 107 758 lurmini
120 720 197 754 secunda
209 718 248 752 vice
263 720 286 753 ad
301 720 425 753 monasterium
442 721 500 753 Sancti
515 720 605 753 Edmundi
620 729 660 751 cum
675 720 741 751 honore

38 774 110 808 defertur
119 777 136 804 et
147 769 165 803 in
176 769 249 803 ecclesia
261 770 361 804 monasterii
373 770 446 814 predicti
460 769 546 806 solicitius
558 768 658 805 custoditur.
681 768 740 803 Multi·

38 823 130 869 plicatione
137 830 228 855 munerum
235 827 253 854 et
261 820 371 863 diligentibus
379 821 442 863 vigiliis
450 822 574 856 monachorum
584 832 619 854 non
627 820 741 861 obstantibus,

38 876 59 908 ad
71 872 160 916 pristinum
172 872 230 904 locum
241 872 263 904 de
275 871 360 905 Bliborue
371 871 432 905 iterato
443 872 494 906 rediit
508 877 578 905 sanctus
594 871 680 905 lurminus
696 871 741 904 clam

38 922 125 958 monachis
136 920 257 955 nescientibus.
279 920 341 955 Tereia
351 921 389 955 vice
400 921 433 956 iter
443 922 527 965 arripiunt
539 921 619 955 monachi
632 931 692 956 versus
705 921 768 958 Eli-15

38 976 98 1014 borwe,
105 971 209 1005 admirantes
217 972 239 1005 de
247 971 316 1004 insolito
323 972 369 1005 iacto
378 972 428 1014 qualo
438 982 527 1015 nunquam
538 977 579 1005 ante
589 971 622 1005 hec
632 977 710 1013 tempora
719 971 741 1004 ab

39 1023 120 1066 aliquibus
127 1021 229 1055 mortalibus
236 1022 292 1055 iuerat
299 1021 355 1055 visum
362 1022 390 1055 vel
398 1021 482 1056 auditum.
504 1021 539 1056 Vbi
546 1027 651 1056 conuentum
660 1027 686 1055 est
697 1021 741 1055 inter

39 1073 131 1107 monachos
139 1072 226 1106 burienses
234 1078 251 1105 et
259 1071 331 1106 ecclesie
338 1073 361 1106 de
369 1073 453 1106 Bliborwe
462 1073 549 1117 presidem
557 1083 578 1106 ac
586 1073 692 1106 consiliarios
700 1083 741 1106 suos

40 1124 133 1164 secretales,
147 1122 194 1165 quod
207 1133 269 1165 corpus
284 1123 339 1156 sancti
353 1123 423 1157 Iurmini
437 1130 529 1167 poneretur
539 1123 556 1157 in
570 1123 619 1157 lance
630 1122 710 1163 bilanxis,
722 1129 740 1156 et

40 1175 91 1209 altera
98 1175 137 1208 lanx
145 1173 244 1216 impleretur
251 1173 328 1215 pecuniis
335 1183 424 1217 quousque
431 1184 493 1217 eorpus
501 1174 556 1207 sancti
565 1173 636 1207 Iurmiui
644 1181 661 1207 et
669 1172 741 1217 pecunie
750 1182 770 1205 ro

40 1223 140 1266 coequaliter
154 1223 275 1265 ponderarent.
301 1225 332 1257 Set
349 1223 366 1257 in
382 1230 445 1267 quanto
460 1223 541 1258 monachi
556 1224 644 1258 burienses
658 1223 741 1266 pecunias

40 1273 139 1316 ponderales
146 1273 307 1316 multiplicauerunt,
316 1274 333 1307 in
341 1279 389 1307 tanto
397 1285 460 1316 corpus
467 1274 513 1307 beati
522 1274 593 1308 lurrnini
601 1274 656 1307 maius
662 1273 668 1291 ¹
675 1274 741 1318 ponde-

40 1335 95 1358 rosum
106 1335 125 1357 se
132 1323 226 1358 reddebat:
237 1324 289 1365 vnde,
296 1325 374 1358 mirabile
384 1325 444 1359 auditu
455 1331 472 1359 et
483 1324 577 1359 mirabilius
588 1324 656 1364 intuitu,
665 1324 741 1358 unanimi

41 1384 111 1408 assensu
122 1375 246 1409 monachorum
256 1374 362 1409 burieucium
372 1382 389 1409 et
399 1374 499 1410 clericorum
510 1375 649 1409 bliborweneium
661 1381 743 1418 ceperunt

43 1425 111 1456 modum
119 1425 137 1457 in
147 1425 193 1457 sacto
203 1435 235 1457 suo
245 1426 369 1466 retrogradum,
380 1424 495 1458 diminuentes
507 1425 589 1467 paulatim
599 1425 681 1467 pecunias
688 1435 743 1466 usque
751 1435 770 1466 ²⁵

42 1473 64 1506 ad
74 1474 134 1516 equale
143 1473 211 1516 pondus
221 1474 266 1507 oboli
274 1480 292 1508 et
299 1473 410 1517 quadrantis²
418 1474 508 1517 anglicane
515 1481 594 1509 monete:
606 1480 623 1507 et
631 1475 656 1508 ita
663 1485 684 1508 ex
691 1480 743 1517 pacto

42 1523 119 1564 primarie
129 1523 236 1557 condicionis
247 1525 331 1558 remansit
342 1536 405 1568 corpus
417 1536 457 1559 curn
467 1526 557 1559 monachis
569 1526 587 1559 in
599 1526 673 1559 ecclesia
684 1525 743 1559 Sancti

43 1573 132 1631 Edntundi,
140 1580 158 1609 et
169 1574 192 1609 ibi
200 1583 226 1610 est
234 1576 335 1610 translatum
342 1576 366 1610 ad
377 1575 404 1611 dei
413 1577 496 1610 honorem
505 1582 523 1610 et
533 1576 588 1611 sancti
599 1575 670 1610 Iurrnini
679 1575 743 1619 glorifi-

42 1633 133 1658 cacronem.

43 1708 58 1739 p.
66 1698 109 1741 808.]
152 1700 168 1733 8.
183 1700 214 1733 Da
226 1707 299 1734 saucia
311 1702 416 1734 Dama-nrm
427 1708 509 1734 vinorua
520 1708 545 1734 ar
556 1708 662 1734 uouacnn:
678 1707 699 1733 ru

266 1757 393 1784 snucrrcooro
405 1748 519 1784 louauu1s³.

69 1813 120 1841 ancta
127 1808 176 1852 uirgo
182 1810 271 1851 Derithea,
277 1821 310 1854 que
317 1810 352 1844 alio
357 1809 427 1845 nomine
434 1809 479 1845 ltta⁴
484 1817 560 1852 vocatur,
566 1821 606 1845 cum
612 1811 680 1845 cuidam
685 1810 743 1853 gentili
752 1816 772 1846 30

81 1860 169 1902 copulari⁵
181 1860 252 1895 deberet
265 1862 363 1895 consentire
375 1862 435 1902 noluit,
448 1868 464 1895 et
477 1861 505 1895 vix
518 1861 609 1904 impetrata
621 1870 632 1893 a
644 1861 744 1903 parentibus

43 1905 118 1950 licencia,
133 1911 224 1945 cenobium
240 1911 340 1945 monialium
357 1911 432 1953 intrauit,
447 1917 464 1944 et
479 1911 536 1945 triduo
551 1922 572 1944 ex
588 1910 711 1945 consuetudine
726 1910 744 1944 in

44 1966 63 1988 eo
77 1957 163 1993 ieiunauit.
185 1961 217 1994 Cui
231 1962 295 1994 demon
310 1971 395 2004 apparens
410 1960 463 1994 dixit:
479 1961 535 1994 ‘Rem
550 1961 613 1994 malam
629 1960 712 2003 disponis,
727 1967 744 1996 et

44 2005 58 2037 si
72 2006 104 2041 hoc
119 2011 226 2052 propositum
239 2011 262 2045 ad
278 2011 357 2045 effectum
372 2011 446 2050 duxeris,
458 2010 564 2044 aduersabor
576 2010 606 2044 tibi
621 2010 639 2043 in
653 2010 744 2044 omnibus.¹

44 2055 67 2088 Et
78 2056 116 2092 illa:
134 2060 230 2094 ‘Dominus
245 2060 297 2094 michi
312 2060 380 2095 adiutor
392 2066 418 2095 est
431 2067 448 2095 et
461 2059 541 2096 dominus
554 2059 658 2096 illuminacio
672 2072 712 2095 mea
728 2066 745 2097 et
753 2066 772 2099 35

45 2108 89 2140 salus
101 2120 150 2144 mea:
168 2122 219 2154 quem
232 2113 318 2146 timebol'
345 2114 409 2145 lterum
424 2112 503 2154 apparuit
518 2112 534 2145 ei
550 2111 634 2153 diabolus,
648 2112 746 2146 minabatur

45 2157 100 2192 oculos
110 2159 147 2194 eius
157 2173 249 2197 excecare:
261 2169 287 2197 set
294 2162 324 2196 illa
332 2163 419 2196 confidens
430 2162 448 2195 in
458 2162 529 2196 domino
540 2163 597 2197 hostis
606 2163 694 2196 maliciam
705 2174 745 2197 con-

45 2209 117 2249 tempsit.
139 2212 217 2255 Cumque
224 2213 272 2254 uirgo
279 2220 347 2246 vestem
355 2218 433 2245 sanctam
440 2213 540 2255 susciperet,
548 2214 612 2246 demon
619 2213 691 2256 lapides,
699 2214 746 2256 ligna

45 2261 62 2288 et
70 2258 123 2292 lutum
131 2259 148 2293 in
159 2272 197 2294 eam
208 2261 285 2304 proiecit
307 2262 414 2296 Mortaiitate
424 2263 495 2295 tandem
507 2261 610 2295 Hiberniam
617 2268 696 2296 vastante
707 2273 746 2296 cum

46 2306 91 2339 multi
98 2319 151 2351 agros
160 2317 178 2345 et
185 2311 303 2354 possessiones
311 2312 344 2347 sihi
352 2312 438 2354 offerrent,
445 2313 498 2346 nichil
505 2319 562 2357 preter
571 2312 606 2357 [lv]
614 2313 673 2356 iugera
682 2314 746 2348 habere
753 2321 774 2352 40

46 2356 101 2392 voluit.
124 2362 233 2397 Paraliticum
245 2363 316 2406 curauit,
326 2369 343 2397 et
353 2370 401 2398 muto
413 2364 498 2407 loquelam
510 2363 589 2398 reddidit.
611 2364 675 2398 Omnia
685 2364 745 2398 mundi

46 2404 94 2440 huius
101 2410 148 2444 lucra
155 2413 205 2456 quasi
212 2414 303 2448 morticina
310 2414 402 2449 abhorruit.
415 2417 422 2455 ΙΙ
435 2415 515 2457 Quodam
523 2414 552 2448 die
561 2415 645 2448 mundum
652 2415 746 2456 sanguineo

65 2473 70 2491 ¹
80 2485 91 2504 ¹·
97 2479 150 2515 1⁰³3ss-
218 2481 224 2498 ²
234 2490 261 2518 =3
268 2482 359 2521 quadrantes
366 2481 383 2520 (³
390 2481 477 2521 sarthiugs).
544 2482 550 2499 ³
560 2482 598 2512 Abr.
607 2481 645 2512 from
652 2491 662 2511 a
669 2481 695 2511 tite
701 2481 746 2511 other

45 2510 145 2594 ghssisihcatipzll
146 2518 210 2587 ἔξω
217 2520 230 2551 1.
237 2520 262 2557 66,
270 2521 310 2551 Boll.
319 2522 359 2562 ¹⁵=J
379 2542 383 2551 .
452 2520 745 2559 ¹MSicta3itacrossedoutbeiore.
