1762 2803
139 116 183 160 500
332 101 412 153 lidum
427 98 543 160 llsssstilssll
558 98 651 161 anglie·

139 223 218 264 Fincale‚
233 226 253 257 vt
267 221 392 265 indigentibus
407 225 425 254 et
439 220 518 255 infirmis
533 220 621 254 auxilium
639 220 766 254 conferamus)
797 220 841 255 Post

139 277 173 311 hec
181 276 235 318 dicta,
243 275 337 319 disparuit,
346 279 364 308 et
372 274 460 318 magister
469 273 499 308 ille
510 273 605 317 discipulis
615 273 654 308 suis
663 274 752 309 visionem
763 275 782 308 in
793 285 840 309 cras·

139 330 177 364 tino
185 327 292 374 propalauit.

312 469 327 506 tl
337 461 370 503 Dr
378 479 448 503 saucro
456 460 574 504 Gmusnrno
582 479 655 503 essars
661 468 671 503 ¹.

174 563 255 596 Anctum
264 562 391 595 Grimbaldum
399 562 515 602 monachum,
523 561 623 594 litteratura
635 566 653 594 et
662 567 715 595 cantu
726 560 811 604 peritum,
820 561 843 594 de

123 627 132 657 5
196 613 277 658 partibus
293 613 351 647 Gallie
367 613 431 647 accinit
445 625 479 648 rex
494 613 582 648 Alfredus
595 612 751 649 Westsaxonum:
768 618 786 648 et
800 623 843 648 con-

141 673 210 702 structo
222 668 270 711 apud
278 665 393 701 Wintoniam
405 667 459 701 Nouo
470 667 587 707 monasterio,
595 678 638 701 eum
650 668 733 701 abbatem
745 666 843 701 constituit.

142 721 178 762 Qui
185 726 296 764 congregata
304 720 435 753 monachorum
445 724 524 761 caterua,
531 720 589 753 abbas
599 725 617 753 et
625 720 688 754 doctor
695 730 759 754 eorum
767 730 845 754 venera-

141 774 183 809 bilis
197 773 278 813 effectus,
293 772 358 807 litteris
374 776 392 807 et
406 772 489 807 moribus
504 772 603 817 discipulos
618 773 710 807 instruxit.
733 772 844 807 Elemosinis

142 827 220 868 deditus,
236 826 348 860 orationibus
364 827 447 867 deuotus,
462 826 529 869 vigiliis
547 826 637 867 assiduus,
653 831 671 859 et
690 827 775 859 omnibus
792 825 845 858 bonis

116 891 135 911 10
143 879 234 922 exemplis
245 879 318 921 plenus,
330 879 349 911 in
361 883 455 912 senectute
465 879 513 912 bona
524 883 588 911 octauo
597 878 639 911 idus
648 877 686 911 iulii
697 883 755 912 terras
767 876 845 921 reliquit,

143 938 161 965 et
169 942 203 976 pro
211 931 298 974 operibus
306 931 341 964 deo
349 931 420 974 placitis
427 930 499 973 premia
506 929 525 963 in
534 930 572 963 celo
580 930 654 974 recepit.
670 928 726 974 Apud
731 930 845 964 Wintoniam

143 985 163 1018 in
171 984 282 1018 monasterio
290 984 313 1017 ab
321 987 389 1017 euentu
396 984 400 1001 ‘
407 982 464 1016 Hida'
470 988 540 1024 vocato,
546 993 612 1026 corpus
621 982 660 1017 eius
668 982 687 1016 in
695 993 762 1026 magna
769 992 846 1017 venera·

144 1037 194 1071 tione
202 1036 284 1071 habetur.
308 1036 377 1070 Floruit
387 1040 448 1070 autem
460 1035 507 1070 circa
518 1046 587 1069 annum
597 1035 666 1070 domini
674 1035 846 1079 octingentesimum

145 1088 289 1133 octuagesimum
297 1094 387 1123 octauum.

166 1162 214 1205 [MS.
222 1161 243 1195 T.
251 1162 308 1196 adds:
447 1162 547 1196 Narrant.

118 1245 136 1275 15
167 1228 261 1269 Arsenius
270 1235 301 1277 (ex
311 1239 396 1269 senatore
406 1235 514 1277 monachus)
523 1235 604 1277 effectus,
613 1243 646 1279 per
654 1234 785 1279 quinquaginta
795 1235 848 1278 quin-

146 1299 182 1332 que
190 1298 249 1321 auncs
257 1288 275 1321 in
287 1287 363 1321 heremo
373 1287 423 1322 uixit.
447 1287 481 1321 Cui
490 1298 527 1320 uox
535 1287 581 1320 facta
589 1294 618 1321 est
626 1287 700 1322 dicens:
713 1287 796 1328 ‘Arseni,
805 1287 847 1329 luge

146 1341 237 1382 homines,
250 1344 268 1373 et
280 1339 391 1374 saluaberis.⁵
415 1340 484 1374 lterum
497 1340 520 1375 de
535 1340 574 1375 celo
586 1351 651 1375 uocem
663 1339 743 1374 audiuit:
763 1339 848 1380 ‘Arseni,

146 1393 194 1437 fuge,
207 1399 253 1434 tace,
266 1394 358 1436 quiesce:
373 1394 407 1427 hec
421 1393 478 1432 enirn)
491 1398 534 1426 sunt
549 1393 620 1427 radices
635 1403 673 1427 non
688 1392 787 1437 peccandi?
814 1392 849 1426 Die

147 1446 273 1488 slabbatorum
283 1446 370 1489 ues)pere
382 1446 440 1480 solem
451 1446 563 1480 relucentem
575 1456 609 1490 per
618 1447 693 1480 dorsum
704 1455 757 1479 suum
767 1444 848 1489 (dimisit)

120 1509 139 1531 ao
147 1509 181 1533 nec
193 1508 246 1532 orare
258 1498 312 1531 desiit
325 1498 360 1533 nisi
374 1500 458 1543 sequenti
472 1499 502 1533 die
515 1499 549 1541 (sol
560 1499 633 1542 iterum)
646 1499 708 1533 oculos
720 1498 759 1532 eius
771 1509 850 1541 surgens

147 1551 248 1594 implesset.
280 1551 326 1584 Cum
342 1552 410 1592 (autem
426 1553 500 1594 parum)
516 1562 549 1594 pro
565 1556 629 1584 nature
644 1551 739 1593 fragilitate
755 1550 850 1592 quiescere

148 1604 216 1645 (uellet,
229 1602 309 1644 dice]bat
322 1612 397 1637 somno:
414 1603 477 1643 ‘Veni,
491 1613 545 1636 serue
559 1602 618 1643 male,'
631 1607 649 1636 et
661 1602 773 1646 subripiebat
786 1612 851 1645 parum

148 1655 209 1689 somni
217 1655 300 1688 sedendo
307 1666 310 1696 ;
320 1660 338 1688 et
346 1654 407 1688 statim
415 1666 493 1698 surgens
503 1655 558 1689 dixit:
571 1655 653 1689 ‘Sufficit
661 1655 750 1689 monacho
758 1654 775 1689 si
783 1653 850 1688 dormi-

149 1708 184 1742 erit
196 1717 233 1741 una
246 1706 295 1749 hora,
308 1707 324 1741 si
337 1713 365 1742 est
379 1713 440 1743 tamen
452 1710 553 1752 pugnator!
597 1701 660 1743 ³Cum
672 1714 734 1742 autem
746 1714 799 1752 pater
812 1708 851 1742 eius

122 1774 141 1804 25
149 1767 223 1796 senator
237 1760 303 1793 nobilis
318 1760 399 1794 moriens
415 1761 535 1796 hereditatem
550 1761 631 1795 Arsenio
646 1771 731 1805 magnam
746 1761 851 1802 dimisisset,

149 1819 279 1849 testamentum
287 1813 322 1846 sibi
330 1814 404 1847 allatum
412 1813 508 1857 recipiens7
516 1814 573 1847 uoluit
580 1814 624 1847 illud
633 1813 727 1848 scindere:
738 1819 766 1846 set
774 1813 852 1847 nuncius

150 1866 189 1900 eius
204 1865 283 1909 pedibus
298 1866 405 1909 prouolutus
420 1866 490 1909 rogauit
505 1877 529 1899 ne
547 1866 581 1900 hoc
596 1867 669 1905 faceret,
685 1866 727 1908 quia
743 1871 797 1908 caput
812 1865 852 1898 eius

149 1918 291 1962 presclderetur.
314 1918 348 1952 Cui
359 1918 461 1952 Arsenius:
474 1917 538 1952 ‘Prius
550 1922 633 1951 mortuus
643 1929 684 1952 sum
695 1929 750 1962 quam
759 1919 800 1953 ille:
812 1918 853 1962 ipse

149 1971 204 2015 igitur
219 1978 260 2006 cum
275 1970 330 2004 modo
345 1975 427 2004 mortuus
443 1970 471 2013 sit,
487 1972 578 2014 quomodo
594 1972 636 2004 fecit
652 1981 682 2005 me
697 1971 806 2005 heredemi’
830 1971 854 2004 Et

123 2034 142 2063 „ao
150 2024 220 2058 remisit
227 2027 362 2065 testamentum,
371 2023 427 2057 nichil
435 2023 518 2068 accipere
526 2024 596 2059 uolens.
630 2024 637 2042 ¹
644 2017 702 2059 Facta
711 2030 739 2059 est
746 2030 808 2059 autem
816 2036 853 2058 uox

150 2078 174 2111 ad
182 2088 225 2110 eum
231 2076 307 2110 dicens:
320 2076 377 2110 ‘Veni
386 2081 403 2110 et
412 2077 507 2110 ostendam
516 2076 548 2110 tibi
556 2087 612 2120 opera
620 2076 724 2111 hominum.¹
744 2077 767 2112 Et
775 2077 854 2112 ostendit

151 2129 176 2163 illi
184 2129 277 2173 ethiopem
286 2129 399 2163 incidentem
406 2129 456 2173 ligna
466 2136 485 2163 et
495 2130 592 2164 facientem
600 2130 691 2163 sarcinam
700 2140 791 2173 magnam,
799 2141 854 2174 quam

152 2187 225 2226 portare
235 2192 272 2215 non
283 2186 364 2226 poterat:
377 2182 469 2217 etiterum
478 2181 526 2226 ligna
537 2181 628 2217 incidebat
639 2188 657 2218 et
667 2184 690 2218 ad
699 2183 789 2217 sarcinam
800 2184 854 2217 adde-

152 2236 193 2278 bat;
206 2241 224 2269 et
235 2235 269 2268 hoc
282 2236 345 2278 sepius
356 2235 437 2269 faciebat.
461 2235 583 2279 Ostenditque
596 2235 627 2279 [ei]
637 2236 730 2269 hominem
739 2236 854 2270 haurientem

125 2303 143 2332 35
152 2299 218 2332 aquam
226 2289 249 2321 de
258 2288 298 2321 lacu
306 2293 324 2321 et
332 2287 456 2321 effundentem
464 2298 530 2331 aquam
538 2288 558 2321 in
565 2288 669 2330 cisternam,
678 2293 695 2322 et
707 2288 766 2332 ipsam
777 2288 855 2332 implere

153 2340 210 2375 uoluit
218 2345 236 2374 et
244 2350 281 2373 non
289 2339 352 2383 potuit.
376 2339 399 2373 Et
407 2340 486 2374 ostendit
494 2340 520 2373 illi
528 2341 617 2384 templum
625 2347 643 2375 et
651 2342 697 2374 duos
707 2341 757 2374 uiros
767 2341 786 2375 in
796 2342 855 2385 equis,

153 2397 249 2436 portantes
257 2392 327 2435 lignum
335 2397 462 2426 transuersum
470 2404 475 2426 z
487 2399 505 2427 et
513 2394 596 2426 uolentes
604 2393 679 2427 introire
687 2393 706 2426 in
714 2394 809 2437 templum,
817 2404 854 2428 non

172 2466 178 2484 ¹
189 2466 218 2496 Ed.
225 2466 241 2496 in
249 2465 283 2495 Act.
292 2465 322 2495 SS.
330 2465 370 2495 Boll.
383 2466 418 2503 luly
425 2466 445 2495 ll.
456 2475 470 2503 pr
478 2467 512 2502 651.
533 2466 549 2495 A
560 2466 594 2495 Life
604 2466 618 2495 is
628 2467 687 2503 quoted
698 2467 719 2503 by
727 2466 786 2497 Leland
797 2466 854 2505 Script,

153 2505 191 2535 Brit.
200 2505 253 2543 l.156‚
262 2505 300 2534 Coll.
309 2504 318 2535 i.
328 2506 351 2534 18.
373 2505 396 2535 Cf.
406 2505 480 2535 Liberde
488 2505 536 2541 Hyda
544 2506 568 2536 ed.
577 2506 654 2535 Edwards
662 2506 770 2545 (RollsSer.>.
814 2507 854 2537 ²Cf.

152 2544 198 2574 Vinc.
206 2544 245 2574 Bell.
254 2544 305 2574 XVII.
313 2547 337 2582 63.
384 2545 390 2562 ³
400 2545 423 2574 Cl.
431 2544 462 2575 Vit.
470 2544 511 2575 Patr·
518 2545 553 2575 888.
601 2544 607 2563 ⁴
618 2545 642 2576 Cf.
649 2545 680 2575 Vit,
689 2545 730 2575 Patr.
739 2547 774 2584 976,
782 2547 816 2584 763.
