1762 2803
99 109 127 150 42
291 96 371 148 rauna
386 93 502 156 termut
513 93 609 155 antlia.

100 215 181 259 probata,
196 215 242 251 torte
255 216 385 261 aliquantulum
400 217 470 261 profeci
485 218 534 262 apud
549 217 614 251 deum.¹
659 208 744 250 Veniens
760 220 802 260 post

101 270 135 303 hec
151 270 173 303 ad
189 270 319 304 monasterium
334 270 455 314 ryeuallense,
467 276 485 304 et
500 270 582 304 habitum
597 269 728 304 monachorum
744 268 801 303 susei-

100 323 160 367 piens‚
169 329 187 357 et
195 322 212 356 in
220 323 256 357 vite
265 323 404 358 conuersatione
412 324 520 367 proficiens3
533 335 574 358 cum
586 334 630 357 cura
641 323 755 357 nouiciorum
767 321 802 356 sibi

101 376 182 410 iniuncta
195 376 264 417 suisset,
277 377 351 420 quidam
367 377 444 411 clericus
459 377 543 411 ordinem
559 377 629 411 intrans
644 376 697 410 valde
712 375 802 410 instabilis

85 440 93 469 5
101 429 182 470 effectus,
188 430 237 462 velut
245 431 315 462 arundo
323 429 415 463 mutabilis
424 431 520 464 serebatur.
534 431 596 474 Super
604 441 639 474 quo
648 435 708 463 motus
717 429 802 470 Alredus,

102 481 147 516 dixit
155 483 189 516 deo
197 481 216 515 in
225 483 279 517 corde
288 493 330 517 suo:
344 483 383 517 ‘Da
393 484 448 517 michi
458 483 537 518 animam
545 483 604 524 huius,
610 488 628 517 et
636 483 685 526 quod
693 482 734 526 ipse
742 482 803 516 minus

103 535 157 569 habet
169 535 237 578 salutis,
250 535 292 568 licet
304 535 379 579 indigno
394 536 452 579 gratia
465 541 496 570 tua
510 536 612 570 concedere
628 535 714 580 digneris,
729 534 803 569 domine

103 590 148 621 deus
156 591 219 622 meus!
234 589 275 622 Non
284 589 341 622 multo
349 594 391 632 post
400 590 456 623 irater
461 590 492 623 ille
500 590 522 623 ad
531 590 613 624 seculum
621 589 682 623 redire
690 588 804 627 desiderans,

103 650 142 674 rem
154 640 242 683 magistro
254 640 321 675 indicat
330 646 348 675 et
356 641 466 676 desiderium
477 652 535 686 praue
545 641 612 675 mentis
622 652 655 676 sue
666 640 747 685 exponit⁴
771 640 803 674 Cui

76 704 94 724 10
102 694 183 726 Alredus
195 693 229 728 ait:
242 694 299 735 ‘Noli,
310 694 372 736 frater,
383 695 454 737 perire',
471 705 514 728 nam
527 705 564 727 non
576 695 651 737 poteris,
665 703 775 737 quamquam
786 698 804 727 et

103 744 154 780 velis.
177 745 200 779 Et
208 745 335 781 stultissimum
344 752 372 782 est
379 747 413 782 hoc
421 747 482 792 ipsum
490 747 542 788 velle,
551 746 602 782 cuius
610 746 721 782 contrarium
729 746 804 791 cupiunt

103 809 168 833 omnes
184 800 252 835 sancti:
269 800 340 834 Omnes
354 800 404 834 enim
416 801 484 834 saluari
497 801 612 835 desiderant!
641 801 679 834 Sed
691 800 722 833 ille
735 799 804 833 monita

104 852 168 886 salutis
179 863 216 885 non
228 852 310 895 audiens,
322 864 333 886 a
346 855 457 888 monasterio
469 854 550 896 recessit,
562 859 580 888 et
590 865 624 897 per
634 853 687 887 deuia
699 853 756 887 saltus
768 858 805 886 tota

104 905 134 938 die
145 905 263 948 vagabundus
275 907 357 949 oberrat;
370 912 388 941 et
399 917 464 950 parum
476 912 517 941 ante
529 907 573 941 solis
585 917 669 941 occasum
681 907 704 940 ad
716 906 764 940 viam
776 916 805 939 re-

78 968 96 999 15
105 958 163 998 diens,
182 958 242 992 subito
265 958 313 993 inira
331 970 404 993 murum
426 959 533 994 monasterii
551 959 683 1002 transpositum
702 970 723 993 se
741 957 805 992 sensit.

105 1010 186 1044 Alredus
198 1010 270 1044 obuiam
281 1011 306 1044 illi
318 1022 424 1053 occurrens,
433 1012 549 1055 amplectitur
560 1012 626 1046 collum
638 1011 683 1052 eius,
692 1011 806 1045 deosculatur

105 1062 170 1097 faciem
178 1062 223 1106 eius,
231 1069 250 1098 et
258 1064 301 1098 dicit
309 1077 312 1099 :
326 1066 330 1082 ‘
337 1065 352 1098 F
353 1065 377 1108 ili,
385 1065 429 1108 quid
441 1065 499 1099 fecisti
511 1065 566 1099 michi
578 1064 616 1099 sic?
640 1064 687 1098 Ecce
695 1064 738 1098 sseui
746 1074 779 1107 pro
787 1067 806 1097 te

106 1116 160 1149 hodie
172 1116 234 1149 multis
245 1117 351 1160 lachrymis,
359 1123 377 1150 et
387 1119 441 1150 credo
452 1117 470 1150 in
482 1119 537 1151 deum
545 1118 594 1161 quod
602 1117 649 1151 sicut
657 1117 701 1160 petii
708 1128 719 1150 a
727 1116 806 1156 domino,

105 1174 123 1203 et
138 1167 170 1202 tibi
185 1168 266 1212 promisi,
282 1179 319 1203 non
334 1169 413 1213 peribis.¹
437 1169 487 1204 Fecit
502 1169 551 1204 enim
566 1169 584 1204 in
599 1169 704 1212 probatorio
720 1168 807 1203 cacellam

79 1233 97 1254 ao
105 1225 183 1255 testeam
198 1222 221 1254 ad
237 1222 312 1255 modum
328 1222 405 1265 paruule
420 1222 500 1256 cisterno
515 1223 549 1256 sub
564 1227 619 1264 terra,
634 1221 663 1256 cui
677 1232 711 1266 per
727 1220 807 1255 occultos

107 1274 175 1307 rtuutos
187 1283 234 1317 aqua
245 1274 337 1308 influebat.
361 1275 389 1309 Ne
400 1280 461 1308 autem
475 1275 650 1319 deprehenderetur,
660 1286 680 1308 os
693 1273 732 1308 eius
746 1273 807 1319 lapide

105 1326 195 1361 latissimo
203 1328 302 1361 claudebat.
322 1328 343 1361 ln
351 1329 401 1362 illam
409 1328 479 1362 intrans
487 1339 537 1373 sepe,
546 1339 593 1372 aqua
601 1328 719 1372 frigidissima
727 1328 806 1361 calorem

106 1381 125 1414 in
144 1390 165 1413 se
184 1380 266 1414 omnium
282 1381 360 1414 extinxit
374 1381 465 1416 vitiorum.
511 1375 565 1415 ldem
583 1381 644 1423 frater,
660 1381 711 1414 cuius
728 1381 807 1414 animam

106 1434 161 1466 deum
177 1433 247 1475 rogauit
259 1437 278 1466 vt
294 1432 329 1468 sibi
344 1434 422 1475 daretur,
435 1433 512 1477 pristine
527 1433 650 1467 mutabilitatis
665 1432 749 1466 incendio
765 1443 807 1466 cou-

80 1498 98 1528 ²5
107 1485 200 1528 flagratus,
211 1496 222 1518 a
234 1485 344 1519 monasterio
357 1487 445 1520 recedere
456 1487 540 1520 volebat:
555 1486 579 1520 Et
589 1486 667 1520 veniens
676 1487 699 1520 ad
713 1485 808 1526 Alredum,

107 1544 150 1572 tunc
169 1539 253 1571 abbatem
273 1539 296 1571 de
316 1538 404 1581 Reuesby
419 1539 492 1579 factum,
507 1538 563 1573 dixit:
586 1540 591 1557 ‘
597 1538 681 1580 Domine,
700 1538 808 1581 grauitatem

108 1590 177 1624 ordinis
189 1590 253 1623 leuitas
265 1600 306 1624 mea
318 1600 354 1623 non
366 1590 449 1625 sustinet.
473 1591 511 1625 Res
521 1600 586 1625 omnes
595 1590 685 1625 contrarie
693 1595 736 1625 sunt
744 1595 808 1624 nature

108 1654 155 1682 mee,
163 1643 258 1676 diuturnos
270 1643 342 1676 labores
354 1654 391 1676 non
402 1643 447 1677 lero.
469 1644 534 1687 Angor
547 1649 565 1677 et
577 1644 647 1676 crucior
660 1643 679 1676 in
691 1654 743 1677 mora
755 1644 809 1687 longa

108 1695 217 1740 vigiliarum,
233 1695 325 1729 laboribus
341 1696 448 1740 frequenter
462 1697 561 1731 succumbo
578 1707 671 1738 manuum,
684 1696 764 1731 vestium
780 1706 809 1729 as-

82 1765 100 1793 50
108 1749 178 1793 peritas
190 1759 264 1782 carnem
277 1753 372 1792 penetrat,
387 1749 472 1782 voluntas
486 1760 527 1783 mea
540 1748 612 1782 delitias
627 1749 696 1793 appetit
711 1749 810 1789 seculares,

109 1808 127 1836 et
142 1812 214 1835 amores
229 1802 293 1835 mundi
308 1807 326 1835 et
341 1803 443 1845 voluptates
458 1803 547 1845 suspirat)
571 1801 605 1835 ‘Et
620 1812 659 1845 ego,
675 1801 733 1845 inquit
748 1802 809 1843 abbas,

109 1854 195 1890 lautiores
207 1854 257 1889 cibos
269 1859 287 1888 et
298 1855 393 1888 blandiora
403 1854 514 1889 vestimenta
525 1854 557 1887 tibi
569 1865 654 1898 preparo,
668 1859 687 1887 et
702 1853 810 1896 omniaque

109 1908 198 1942 monacho
214 1909 308 1949 debentur,
322 1907 439 1951 portabiliora
454 1907 550 1951 indulgeo!
574 1907 636 1950 ‘Nolo,
648 1906 706 1951 inquit
721 1906 756 1949 ille,
769 1906 811 1941 lieet

109 1960 164 1995 michi
176 1960 249 1994 dederis
263 1970 327 1994 omnes
340 1960 412 1994 diuitias
426 1961 491 1994 domus
505 1959 570 1994 huius)
593 1960 616 1994 Et
629 1960 695 1994 abbas:
713 1960 762 1994 ‘Nec
777 1970 811 2002 ego

81 2029 99 2058 35
109 2018 162 2058 gusto
181 2012 247 2054 cibum,
263 2014 321 2047 donec
340 2012 418 2047 inuitum
436 2017 466 2047 aut
481 2014 573 2047 volentem
588 2018 606 2046 te
625 2013 700 2047 reducat
715 2013 811 2046 dominus?

110 2066 170 2101 Currit
178 2065 224 2099 alter
231 2066 254 2099 ad
263 2070 340 2108 portam,
348 2071 367 2099 vt
375 2067 459 2100 recedat:
472 2067 517 2099 alter
525 2066 544 2098 in
554 2065 657 2099 cubiculum
668 2066 728 2107 intrat,
737 2071 755 2098 et
767 2070 811 2099 orat,

109 2120 229 2153 Lamentatur
240 2118 281 2162 pius
293 2118 349 2152 abbas
361 2117 424 2161 lilium,
434 2124 452 2153 et
464 2118 549 2163 suspiriis
560 2117 629 2152 intimis
641 2118 701 2151 cordis
713 2129 812 2152 erroneum

109 2172 184 2217 plangit,
197 2177 215 2204 et
226 2172 370 2205 consolationem
382 2172 499 2215 contempnit.
523 2171 617 2215 Fugitiuus
630 2176 690 2204 autem
704 2171 726 2204 ad
740 2176 812 2215 portam

109 2225 191 2265 veniens,
199 2224 258 2258 ianuis
267 2225 335 2269 apertis
343 2225 395 2268 quasi
405 2237 478 2258 murum
489 2225 569 2259 ferreum
577 2224 647 2264 sensit,
659 2229 677 2257 et
688 2223 750 2267 sepius
761 2224 812 2258 exire

82 2295 102 2323 40
110 2284 208 2321 temptans,
222 2288 264 2312 cum
276 2277 391 2321 propositum
404 2288 458 2311 suum
470 2279 519 2311 nullo
535 2281 600 2311 conatu
615 2276 692 2319 implere
707 2282 775 2319 posset,
789 2277 812 2310 ad

111 2330 195 2365 abbatem
214 2335 335 2373 compunctus
354 2329 412 2371 rediit,
428 2336 446 2364 et
460 2330 533 2364 veniam
548 2334 620 2373 petens,
635 2328 752 2363 stabilitatem
770 2339 812 2372 pro-

111 2383 170 2417 mittit.
193 2383 227 2416 Cui
238 2383 294 2417 abbas
306 2382 363 2417 dixit:
374 2382 437 2426 ‘Euge
449 2382 475 2415 fili
487 2382 517 2423 mi,
525 2383 573 2415 bene
582 2381 659 2422 venisti3
671 2392 715 2415 vere
726 2382 813 2416 misertus

81 2460 83 2463 ψ
112 2440 140 2470 est
148 2435 184 2468 mei
192 2436 237 2469 deus
245 2446 304 2478 meus,
313 2435 369 2478 quite
377 2446 442 2470 sanum
450 2434 533 2469 reduxit!
556 2434 595 2468 Nec
603 2434 659 2468 multo
668 2439 710 2478 post
718 2434 812 2468 brachium

113 2487 207 2522 cuiusdam
219 2488 280 2522 fratris
291 2493 362 2523 tumore
374 2488 463 2530 inflatum,
473 2488 525 2532 signo
538 2486 596 2521 crucis
609 2491 699 2521 tumorem
712 2486 785 2531 fugauit,
795 2493 813 2522 et

84 2550 103 2581 45
112 2540 185 2576 sanitati
197 2540 280 2575 reddidit.
325 2535 395 2575 Faetus
406 2547 448 2585 post
459 2541 494 2574 hee
505 2540 562 2575 abbas
574 2539 668 2584 Rieuallis,
679 2540 704 2574 ita
715 2551 782 2584 parcus
794 2540 813 2573 in
