1762 2803
76 123 78 126 ’
119 126 148 179 84
309 126 389 179 unua
404 123 520 188 termut
535 124 628 188 anglic.

120 250 174 289 atque
182 245 205 279 ab
214 256 235 280 ea
243 245 303 281 statim
311 258 345 281 sna
352 246 449 282 infirmitas
457 247 538 282 recessit.
562 247 582 281 Si
590 257 634 291 ergo
642 245 661 280 in
667 246 718 281 fluxu
726 247 821 290 sanguinis

120 299 180 342 posita
189 299 304 333 laudabiliter
311 299 369 343 potuit
380 299 449 334 domini
457 300 587 335 vestimentum
595 304 677 343 tangere,
685 310 761 343 curque
769 311 821 335 men-

121 357 192 386 struum
208 352 302 395 sanguinis
317 352 389 396 patitur,
402 352 419 386 ei
433 364 470 387 non
482 353 535 386 liceat
548 352 617 386 domini
630 352 726 386 ecclesiam
740 352 821 387 intrare?

121 404 159 439 Sed
171 404 232 439 dices:
244 404 293 438 illam
304 404 403 438 infirmitas
414 404 507 449 compulit,
517 406 551 439 has
562 416 605 439 vero
618 405 641 438 de
652 404 719 448 quibus
730 404 822 448 loquimur

103 458 234 497 5consuetudo
250 456 363 500 constringit.
387 458 484 501 Perpende
499 463 565 498 autem,
579 457 686 492 charissime
702 457 763 499 frater,
779 458 821 502 quia

121 520 176 544 omne
186 510 233 551 quod
245 509 263 542 in
275 509 309 543 hac
321 510 393 543 mortali
405 520 460 544 carne
472 511 551 553 patimur
562 521 585 544 ex
597 509 702 543 infirmitate
714 516 778 543 nature
788 517 821 551 est,

121 561 175 605 digno
186 560 216 595 dei
229 560 293 595 iudicio
307 567 349 606 post
363 562 436 606 culpam
447 562 555 598 ordinatum.
580 562 656 597 Esurire
668 573 753 607 namque,
765 561 821 605 sitire,

122 619 199 655 estuare,
206 614 273 659 algere,
281 614 377 656 lacessere,
383 626 407 648 ex
414 615 520 650 infirmitate
528 620 593 649 nature
601 619 640 649 est:
652 616 676 649 Et
682 614 726 659 quid
732 621 760 649 est
768 615 822 657 aliud,

121 674 183 703 contra
190 667 257 702 famem
263 667 355 710 alimenta,
362 673 426 702 contra
432 668 480 702 sitim
485 674 554 712 potum,
561 674 624 702 contra
630 674 689 702 estum
696 679 755 710 auras,
760 674 823 702 contra

94 733 112 754 10
121 720 179 765 frigus
190 725 267 763 vestem,
280 726 343 755 contra
358 721 485 755 lassitudinem
500 720 583 766 requiem
596 731 680 766 querere,
693 721 728 756 nisi
743 721 822 756 medica-

121 780 204 808 mentum
216 774 291 818 quidem
304 779 367 808 contra
380 775 493 818 egritudines
508 775 617 818 explorare?
641 774 717 808 Femine
730 775 792 818 itaque
805 782 823 809 et

121 833 227 862 menstruus
242 827 271 861 sui
284 826 379 870 sanguinis
392 827 453 861 fluxus
467 826 550 870 egritudo
563 833 596 862 est.
619 826 639 861 Si
654 827 709 871 igitur
722 828 769 861 bene
782 839 822 872 pre-

122 880 200 925 sumpsit
211 891 248 923 que
255 881 385 914 vestimentum
396 880 465 914 domini
476 879 506 914 in¹
517 881 605 924 languore
615 880 762 924 posita²tetigit;
774 882 823 925 quod

122 933 154 967 vni
162 943 241 978 persone
250 933 349 966 infirmanti
359 933 470 974 conceditur,
479 944 511 967 cur
518 944 555 967 non
564 934 674 967 concedatur
682 933 752 966 cunctis
759 934 824 968 mulie·

95 997 113 1026 15
123 986 178 1028 ribus,
187 997 222 1028 que
230 991 295 1019 nature
303 998 336 1020 sue
342 985 386 1019 vitio
394 986 521 1020 infirmantur?
544 986 611 1020 Sancte
621 991 682 1020 autem
690 985 823 1020 communionis

123 1037 226 1075 misterium
242 1038 261 1073 in
277 1036 348 1072 eisdem
363 1038 427 1072 diebus
445 1037 541 1082 percipere
556 1049 593 1071 non
609 1037 664 1072 debet
681 1037 780 1082 prohiberi.
803 1038 823 1072 Si

123 1096 184 1125 autem
197 1102 221 1124 ex
232 1091 350 1125 veneratione
363 1101 429 1133 magna
441 1091 538 1134 percipere
552 1101 588 1124 non
602 1090 721 1134 presumpsit,
733 1092 824 1125 laudanda

123 1149 160 1187 est;
175 1143 208 1177 sed
220 1143 235 1177 si
248 1142 357 1187 perceperit,
370 1154 407 1177 non
420 1142 521 1178 iudicanda.
545 1143 638 1177 Bonarum
652 1142 721 1187 quippe
733 1143 823 1178 mentium

123 1201 156 1236 est,
164 1201 182 1231 et
190 1195 215 1230 ibi
223 1195 333 1239 aliquando³
341 1196 405 1240 culpas
414 1207 457 1230 suas
467 1207 568 1239 agnoscere
578 1195 609 1231 vbi
619 1196 673 1240 culpa
684 1207 721 1230 non
732 1202 770 1239 est3
782 1196 824 1241 quia

95 1262 114 1283 20
123 1260 168 1293 sepe
176 1248 216 1283 sine
224 1249 277 1293 culpa
287 1249 347 1293 agitur
354 1250 403 1292 quod
411 1249 461 1283 venit
472 1259 496 1283 ex
507 1249 565 1293 culpa.
588 1249 642 1283 Vnde
650 1248 705 1283 etiam
716 1260 757 1283 cum
766 1249 824 1284 esuri-

123 1313 170 1345 mus,
176 1301 216 1336 sine
223 1302 275 1346 culpa
282 1301 400 1344 comedimus,
406 1301 472 1345 quibus
480 1312 503 1335 ex
511 1302 564 1345 culpa
572 1301 626 1346 primi
634 1301 714 1335 hominis
722 1302 788 1336 sactum
797 1308 825 1336 est

123 1360 143 1388 vt
156 1354 263 1399 esuriamus.
287 1354 395 1387 Menstrua4
407 1354 456 1387 enim
468 1355 581 1387 consuetudo
593 1354 700 1387 mulieribus
715 1365 751 1387 non
765 1355 825 1398 aliqua

123 1407 177 1452 culpa
187 1411 220 1447 est,
227 1406 313 1441 videlicet
324 1417 360 1449 que
371 1407 477 1439 naturaliter
487 1406 557 1440 accidit.
581 1407 618 1440 Sed
629 1411 691 1440 tamen
702 1408 750 1449 quod
761 1413 825 1441 natura

124 1460 165 1505 ipsa
180 1459 205 1494 ita
217 1459 283 1494 viciata
298 1464 331 1501 est,
344 1464 364 1493 vt
379 1459 435 1493 etiam
450 1459 490 1494 sine
503 1459 600 1494 voluntatis
615 1460 675 1494 studio
688 1459 772 1494 videatur
784 1471 826 1495 esse

96 1526 114 1556 25
125 1515 197 1557 polluta,
210 1524 233 1546 ex
246 1513 299 1556 culpa
311 1512 364 1546 venitv
373 1512 441 1554 vitium,
453 1512 472 1545 in
486 1524 522 1555 quo
535 1524 556 1546 se
568 1512 609 1556 ipsa
622 1513 681 1556 qualis
693 1524 727 1556 per
739 1512 825 1547 iudicium

124 1567 171 1600 facta
186 1565 215 1606 sit,
230 1566 310 1598 humana
325 1570 390 1598 natura
405 1570 508 1608 cognoscat,
522 1571 540 1598 et
555 1565 610 1598 homo
625 1566 656 1608 qui
672 1566 744 1608 culpam
759 1571 826 1609 sponte

104 1651 105 1655 ,
125 1617 243 1665 perpetrauit,
256 1622 327 1652 reatum
341 1618 395 1662 culpe
407 1622 467 1662 portet
480 1617 554 1652 inuitus.
577 1618 638 1662 Atque
650 1618 692 1653 ideo
704 1617 772 1653 lemine
784 1629 826 1654 cunr

125 1671 230 1718 semetipsis
238 1670 359 1710 considerent,
367 1677 385 1703 et
393 1671 409 1703 si
417 1676 511 1704 menstrua
519 1671 651 1704 consuetudine
658 1672 681 1704 ad
689 1678 825 1705 sacramentum

125 1723 211 1758 dominici
219 1721 301 1767 corporis
311 1728 329 1756 et
339 1722 434 1766 sanguinis
442 1723 529 1757 accedere
537 1734 574 1756 non
582 1728 695 1767 presumant,
704 1724 727 1758 de
735 1735 768 1758 sua
777 1730 826 1759 recta

97 1791 117 1820 30
126 1777 271 1812 consideratione
283 1776 373 1809 laudande
386 1781 440 1809 sunts
456 1776 505 1809 Dum
516 1787 561 1810 vero
573 1775 692 1820 percipiendo
704 1788 727 1810 ex
741 1777 827 1821 religiose

124 1830 161 1866 vite
175 1827 312 1872 consuetudine,
326 1828 409 1862 eiusdem
423 1828 500 1862 misterii
514 1839 576 1862 amore
589 1828 690 1873 rapiuntur,
702 1829 826 1874 reprimende,

125 1885 171 1918 sicut
182 1883 301 1928 prediximus,
311 1893 348 1916 non
360 1888 407 1917 sunt.
430 1882 482 1917 Sicut
494 1882 573 1916 enimin
585 1888 695 1917 testamento
705 1883 763 1918 veteri
775 1890 826 1918 exte-

124 1938 172 1971 riora
187 1947 243 1980 opera
258 1937 384 1975 obscurantur,
400 1935 425 1968 ita
442 1936 461 1968 in
477 1940 588 1969 testamento
603 1946 656 1978 nouo,
672 1947 710 1969 non
726 1942 762 1970 tam
778 1938 826 1981 quod

125 1989 206 2024 exterius
218 1989 281 2034 agitur,
289 1999 344 2033 quam
356 1987 374 2022 id
385 1988 434 2032 quod
446 1987 522 2022 interius
534 1987 628 2031 cogitatur,
637 1988 713 2022 sollicita
725 1989 825 2023 intentione

97 2057 116 2086 35
125 2043 229 2082 attenditur,
237 2048 257 2076 vt
268 2041 330 2075 subtili
342 2041 433 2075 sententia
444 2041 535 2085 puniatur.
558 2042 606 2076 Nam
617 2052 658 2076 cum
669 2042 726 2076 multa
737 2043 768 2076 lex
777 2044 826 2077 velut

125 2095 219 2130 immunda
231 2095 342 2129 manducare
353 2093 454 2137 prohibeat,
464 2093 482 2127 in
494 2093 589 2138 euangelio
601 2099 663 2128 tamen
674 2095 760 2128 dominus
772 2095 826 2130 dicit:

125 2149 135 2170 “
141 2160 179 2183 non
191 2149 239 2192 quod
253 2147 308 2181 intrat
320 2146 338 2179 in
352 2157 378 2188 os,
391 2147 495 2190 coinquinat
507 2147 610 2189 hominem3
627 2149 660 2181 sed
673 2158 709 2191 que
724 2154 792 2182 exeunt
804 2150 827 2182 de

125 2213 161 2244 ore,
172 2201 203 2234 illa
214 2205 257 2234 sunt
268 2210 303 2243 que
315 2199 432 2243 coinquinant
444 2199 537 2234 hominem
542 2201 562 2242 '’;
576 2205 630 2243 atque
642 2201 739 2244 paulopost
751 2201 827 2235 subiecit

125 2265 232 2299 exponens:
249 2254 288 2286 “ex
296 2253 351 2287 corde
363 2257 430 2286 exeunt
442 2252 561 2297 cogitationes
575 2252 639 2286 male.'’
662 2252 698 2286 Vbi
709 2254 787 2288 vbertim
799 2254 827 2288 in-

97 2323 117 2351 40
125 2309 205 2342 dicatum
216 2312 244 2341 est
257 2306 299 2350 quia
311 2305 355 2339 illud
367 2306 389 2339 ab
401 2306 528 2349 omnipotente
539 2306 574 2340 deo
586 2305 675 2349 pollutum
687 2317 729 2341 esse
741 2306 759 2340 in
771 2318 827 2352 opere

125 2359 227 2395 ostenditur
242 2359 290 2403 quod
306 2370 330 2392 ex
345 2359 414 2401 pollute
429 2358 542 2402 cogitationis
561 2359 623 2392 radice
641 2364 745 2402 generatur.
773 2360 827 2394 Vnde

127 2413 194 2447 Paulus
201 2422 274 2456 quoque
282 2411 376 2456 apostolus
385 2411 427 2445 dicit
436 2424 439 2447 :
452 2411 536 2445 “Omnia
544 2411 612 2444 munda
620 2411 699 2453 mundis,
707 2412 827 2457 coinquinatis

126 2471 188 2500 autern
200 2470 218 2499 et
228 2465 333 2499 infidelibus
343 2464 400 2499 nichil
410 2465 525 2507 mundum¹';
541 2470 595 2507 atque
606 2475 650 2499 mox
660 2465 743 2500 eiusdem
754 2477 827 2502 causam

146 2572 241 2605 ²E.inilla.
291 2573 418 2612 ²T.E.postea.
465 2573 502 2604 ³al.
510 2574 620 2612 aliquomodo.
670 2574 704 2605 ⁴15.
712 2575 808 2606 lllensterna.
