1762 2803
229 99 274 155 Bt
289 97 389 151 ῧᾶηίῒῦ
404 97 591 156 issflttbsslssmssfl.
718 112 760 154 103

59 229 136 260 murem,
143 220 197 254 modo
204 220 223 255 in
231 221 304 255 leonem
312 220 341 255 vel
349 225 421 254 taurum
429 220 569 261 transformauit,
578 220 631 255 simie
639 225 657 254 et
665 219 760 264 murilegi¹

58 272 121 316 sepius
134 273 214 317 effigiem
228 273 312 308 ostendit.
358 266 404 308 Post
420 274 518 308 matutinas
532 274 597 308 laudes
612 279 666 308 nocte
681 274 760 317 quadam

59 325 135 369 spiritus
147 336 226 370 nequam
237 327 277 362 viro
289 326 319 360 dei
331 326 444 361 orationibus
455 328 530 368 intent0,
541 326 601 371 primo
613 337 671 370 super
678 326 760 370 vestigia,

59 379 127 413 deinde
138 390 195 422 super
207 391 260 413 crura
272 380 330 413 saltus
343 379 403 421 dedit;
417 386 511 423 postremo
524 391 582 423 super
594 380 656 423 ipsum
669 385 726 412 totum
739 389 761 413 se

59 430 163 475 proliciens,
171 436 233 476 guttur
240 431 325 466 manibus
331 432 402 466 fortiter
409 431 488 475 strinxit,
493 437 512 465 et
520 432 544 466 ita
552 432 621 466 tamdiu
630 431 693 473 tenuit,
702 432 760 465 donec
770 442 779 472 5

59 484 112 528 quasi
125 484 212 519 deficeret
226 485 260 520 sub
273 491 323 519 tanta
335 486 389 519 mole.
411 485 495 520 Tandem
509 485 575 520 virtute
591 484 653 520 diuina
668 485 761 525 liberatus

59 542 142 571 sanctam
150 537 228 572 Mariam
236 538 255 573 in
264 538 373 573 adiutorium
382 538 446 583 sepius
456 538 558 574 inuocabat.
581 538 693 583 Plerumque
705 537 761 573 etiam

60 601 101 625 cum
113 591 136 626 ad
148 591 249 627 orationem
261 603 310 636 genu
320 592 369 627 flexo
379 597 441 635 staret,
448 592 498 627 idern
507 592 592 627 inimicus
605 602 648 627 eum
659 602 694 636 per
706 601 761 636 eapu-

59 643 107 677 cium
119 644 185 678 traxit²
193 651 211 678 et
222 645 294 688 longius
305 646 324 679 in
335 646 401 679 atrium
414 646 495 689 proiecit.
518 646 551 679 llle
559 652 620 680 autem
628 652 702 689 arrepta
709 645 761 689 virga

59 707 102 730 eum
113 702 210 741 percutere
222 698 323 740 nitebatur;
335 700 369 732 sed
381 698 441 741 imago
448 698 533 732 vanitatis
543 698 599 732 ictum
608 698 677 732 derisit.
720 691 761 732 As·
770 708 789 730 ιο

59 754 109 784 tante
121 749 151 783 illo
161 751 184 784 ad
195 751 252 785 altare
261 756 279 784 et
289 761 341 785 sacra
351 750 450 785 missarum
458 750 548 785 solemnia
556 751 667 792 celebrante,
676 749 761 784 inimicus

60 813 80 835 se
92 802 180 836 exhibere
193 814 231 836 non
244 803 321 845 erubuit⁷
335 808 353 837 et
365 803 429 836 oram³
439 804 501 836 casule
514 814 563 836 nunc
575 803 655 842 trahens,
667 814 716 835 nunc
728 813 762 836 ex-

60 855 139 898 cuciens,
147 856 250 890 deuotionis
261 855 370 900 obsequium
380 855 469 899 impedire
480 855 579 889 laborabat.
602 855 704 889 Asserebat
712 855 762 889 enim

59 907 121 951 ipsum
132 908 208 942 humani
219 907 293 952 generis
302 907 396 942 inimicum
407 907 490 951 fragilem
501 913 519 941 et
528 907 579 941 fumo
589 906 674 948 similem,
683 912 701 940 et
709 906 762 940 facile

60 972 71 995 a
89 972 123 995 suo
142 961 258 995 colluctatore
273 972 329 1004 posse
344 960 432 995 subuerti.
476 954 570 995 Veniente
585 962 608 996 ad
623 971 666 995 eum
682 961 761 1005 quodam
771 971 789 1002 15

60 1014 116 1048 fratre
127 1014 248 1055 dunelmensi,
257 1025 298 1047 cum
308 1015 331 1048 de
342 1013 453 1058 spiritualis⁴
460 1014 497 1049 vite
504 1014 617 1049 vrudimentis
629 1013 708 1048 inuicem
716 1019 761 1048 trac·

60 1072 125 1108 tarent,
138 1067 229 1111 malignus
241 1066 316 1111 spiritus
327 1066 443 1101 inuisibiliter
454 1067 510 1107 affuit,
519 1072 538 1100 et
548 1067 600 1111 quasi
614 1067 694 1101 humana
707 1077 762 1101 manu

61 1120 141 1163 desuper
154 1125 222 1154 tectum
237 1119 303 1163 lapillis
319 1120 429 1163 percutiens,
443 1120 471 1154 sui
486 1120 577 1154 aduentus
590 1120 663 1163 signum
677 1120 732 1161 dedit,
744 1124 763 1152 et

60 1172 135 1206 fratrem
143 1171 194 1205 illum
202 1172 272 1216 pallere
280 1177 298 1205 et
309 1183 346 1206 non
354 1171 446 1206 modicum
454 1182 523 1216 paucre
531 1172 595 1216 coegit.
611 1171 644 1206 Cui
652 1171 681 1205 vir
688 1171 717 1205 dei
726 1171 761 1205 ait:

61 1225 113 1258 ‘Non
128 1225 211 1258 turbetur
226 1235 258 1258 cor
271 1229 329 1266 tuum,
342 1235 402 1268 neque
415 1224 491 1267 timeas;
507 1224 557 1258 venit
573 1225 663 1258 bonorum
678 1224 761 1258 omnium
771 1235 790 1257 ro

60 1278 151 1318 inimicus,
166 1282 184 1311 et
200 1277 268 1311 nostn's
284 1278 402 1311 sermonibus
416 1277 495 1318 inuidus,
508 1288 519 1310 a
534 1277 629 1321 colloquiis
645 1277 711 1310 diuinis
727 1286 762 1310 nos

61 1340 134 1364 cessare
142 1330 221 1364 laborat!
244 1329 266 1363 Et
277 1330 338 1364 statim
348 1329 438 1378 malignus
446 1330 477 1364 ille
484 1329 563 1365 vacuasl
571 1329 589 1363 in
598 1340 652 1364 auras
660 1329 762 1364 euanuit«

61 1375 146 1416 Thomas
156 1382 207 1426 prior
217 1382 348 1424 dunelmensis,
357 1382 440 1426 deposito
451 1381 546 1427 regiminis
555 1393 618 1425 onere,
625 1381 644 1416 in
652 1381 712 1417 insula
720 1392 762 1416 curn

61 1435 100 1471 viro
108 1435 138 1470 dei
150 1446 225 1471 manere
237 1435 290 1480 cepit,
299 1441 317 1471 et
328 1435 347 1471 in
359 1446 426 1480 magna
433 1436 470 1471 vite
478 1435 574 1471 sanctitate
582 1446 641 1480 vsque
649 1435 672 1470 ad
684 1441 762 1470 mortem

60 1489 79 1523 in
91 1490 157 1523 eodem
169 1489 209 1523 loco
221 1489 354 1533 perseuerauit.
377 1489 413 1531 Qui
425 1489 444 1523 in
455 1489 543 1524 extremis
555 1489 631 1533 positus,
639 1488 684 1524 vidit
695 1489 762 1524 choros
772 1500 790 1531 ²5

61 1542 198 1583 candidatorum
209 1542 229 1575 in
240 1542 332 1585 superiori
342 1547 395 1586 parte
406 1543 473 1576 domus
484 1542 629 1583 deambulantes,
637 1542 709 1576 libellos
720 1552 763 1586 por·

61 1599 121 1629 tantes
132 1594 151 1628 in
163 1594 253 1637 manibus,
263 1600 282 1629 ct
293 1595 317 1629 ad
328 1594 465 1639 susceptionem
477 1595 517 1629 eius
528 1605 570 1629 cum
582 1594 638 1629 iubilo
649 1600 763 1640 preparatos.

61 1648 148 1681 Animam
160 1647 200 1682 eius
210 1658 221 1681 a
230 1658 308 1691 corpore
317 1654 396 1691 exutam,
403 1648 432 1682 vir
440 1648 469 1682 dei
477 1648 618 1682 Bartholomeus
629 1648 652 1681 ab
662 1648 733 1692 angelis
744 1647 763 1682 in

61 1701 121 1733 celum
129 1700 172 1732 ferri
180 1701 229 1733 vidit.
251 1700 302 1733 Vidit
313 1701 368 1733 etiam
376 1700 468 1733 diabolum
476 1701 495 1733 in
505 1700 572 1743 angulo
583 1700 659 1743 propius
670 1700 763 1741 assistere,

61 1752 146 1796 planctus
156 1751 271 1787 miserabiles
281 1763 314 1787 ore
321 1752 397 1787 terribili
406 1758 424 1786 et
431 1752 477 1787 facie
486 1752 563 1787 deformi
571 1753 687 1787 edere-ursi
695 1753 763 1797 quippe
772 1762 792 1793 30

62 1805 124 1849 specie
132 1809 175 1839 tunc
184 1810 228 1840 erat.
250 1805 278 1839 Eo
285 1805 414 1840 vehementius
422 1805 494 1840 dolebat
502 1805 551 1849 quod
562 1805 631 1839 nullam
641 1805 660 1839 in
668 1805 764 1845 moriente,

62 1869 97 1903 que
113 1857 171 1893 dolori
189 1858 309 1903 satisfaceret,
324 1869 398 1894 causam
413 1859 513 1904 reperiret:
531 1858 612 1894 Cassatis
628 1858 677 1893 enim
693 1858 764 1894 fallacie

61 1923 95 1946 sue
110 1912 180 1955 laqueis
192 1924 239 1957 quos
254 1912 271 1946 ei
284 1923 294 1947 a
307 1914 387 1957 puericia
401 1913 483 1954 tetendit,
498 1912 556 1947 libere
572 1912 647 1947 celestia
659 1913 764 1957 penitrare⁶

61 1975 126 1998 senem
138 1964 187 1998 vidit.
209 1966 271 1999 Allata
282 1971 343 2000 autem
352 1966 492 2000 Bartholomeus
503 1976 550 2009 aqua
561 1965 661 2007 benedicta,
673 1966 733 2000 loeurn
745 1971 764 2000 et

61 2017 139 2051 bestiam
145 2017 229 2060 aspersit,
234 2022 253 2051 et
258 2017 265 2037 ⁷
271 2017 301 2052 illa
308 2023 375 2053 tactum
382 2029 429 2062 aque
435 2018 529 2053 declinans
535 2023 553 2052 et
559 2017 643 2053 resiliens
651 2017 670 2052 in
676 2019 763 2063 angulum
772 2028 791 2059 35

62 2070 121 2103 rediit.
144 2069 227 2112 Cumque
243 2070 353 2113 aliquotiens
368 2072 402 2104 hoc
417 2071 491 2112 faceret,
505 2076 523 2104 ct
538 2071 596 2105 hostis
611 2070 697 2114 antiquus
712 2072 763 2105 illum

63 2122 163 2163 deluderet,
176 2127 271 2166 assumpto
283 2122 313 2156 vir
326 2123 395 2157 domini
410 2123 429 2157 in
441 2124 526 2157 manibus
537 2133 581 2157 vase
596 2133 644 2167 aqua
656 2123 764 2157 benedicta⁸

62 2174 134 2219 pleno⁰,
149 2174 168 2209 in
183 2174 248 2210 faciem
263 2174 303 2209 eius
318 2175 401 2219 proiecit.
424 2176 459 2218 Qui
474 2176 493 2211 in
507 2175 590 2210 diuersas
605 2176 673 2210 formas
688 2176 763 2210 tandem

63 2228 150 2272 paulatim
159 2228 246 2262 deficiens
254 2227 333 2262 euanuit.
379 2221 472 2273 Deposito
480 2234 541 2263 autem
549 2228 568 2262 in
578 2228 644 2263 itinere
651 2238 717 2262 versus
726 2228 764 2262 Du·

62 2282 144 2316 nelmum
155 2281 174 2316 in
182 2282 260 2327 quadam
268 2280 345 2315 ecclesia
354 2292 437 2326 corpore,
445 2282 520 2327 quidam
528 2281 620 2324 diaconus,
628 2281 676 2315 bone
686 2281 763 2316 aetionis
772 2293 792 2325 4⁰

61 2337 96 2378 vir,
104 2337 207 2370 columbam
215 2337 288 2370 niueam
298 2341 336 2369 toto
345 2335 403 2369 noctis
413 2340 497 2379 tempore
508 2335 556 2368 eirca
567 2335 646 2368 loculum
655 2335 737 2378 volitare,
746 2341 764 2369 et

62 2389 132 2423 alarum
140 2389 206 2432 plausu
214 2388 271 2423 sacris
282 2388 364 2432 exequiis
375 2388 483 2431 obsequium
491 2387 570 2431 prebere
578 2382 764 2431 conspexit—Ve-

62 2447 130 2476 nerunt
148 2442 172 2476 ad
190 2441 269 2477 insulam
287 2442 411 2486 phamensem
430 2440 518 2475 mulieres
537 2440 621 2484 quedam,
637 2451 679 2476 cum
698 2442 765 2486 quibus

82 2523 308 2561 ¹E.mureligi,T.murelegi.
334 2523 438 2553 ²T.trahere.
465 2522 560 2552 ³T.horam.
587 2521 708 2561 ⁴E.spirituali.
728 2523 765 2554 5Ε.

63 2573 129 2600 vacuus,
140 2563 157 2594 T.
165 2573 226 2594 vacuas.
253 2562 383 2602 tupenetrare.
410 2561 485 2593 'Vitat
512 2561 642 2594 'Ebenedicto
672 2563 765 2603 ⁹T.plenzt
