1762 2803
114 109 116 115 Ι
154 157 194 199 142
214 190 218 203 Χ
342 144 421 196 ilium
437 142 659 206 tremutantia.

152 268 180 300 est
189 263 308 299 Lamfrancus
320 265 369 309 quod
380 274 424 299 vere
436 265 516 298 humana
527 264 610 309 contagia
621 262 706 308 desseuit3
718 269 736 297 et
748 263 820 298 felicem
832 274 853 298 se

152 318 191 351 fore
199 317 245 351 dixit
255 317 320 362 sipost
328 322 406 352 mortem
414 317 462 352 illius
469 317 561 353 frueretur
568 317 636 361 requie.
659 317 800 351 ¹Sextodecimo
808 327 853 351 vero

152 375 195 416 post
200 371 338 405 decollationem
345 370 393 405 illius
399 382 452 412 anno,
459 381 501 404 cum
507 381 574 414 corpus
581 370 620 404 eius
626 380 637 404 a
643 369 721 414 capitulo
727 370 750 404 ad
757 369 853 405 ecclesiam

152 424 249 458 transferri
262 424 343 465 deberet,
354 423 429 458 omnino
442 423 539 467 integrum,
551 428 569 457 et
581 428 635 467 caput
647 422 719 467 corpori
731 422 853 466 coniunctum,

136 484 246 521 5rcpertum
255 483 288 519 est,
300 478 351 511 filum
363 482 425 511 tamen
436 478 513 511 rubeum
525 476 577 521 quasi
588 488 622 521 pro
634 476 759 511 decollationis
771 476 823 520 signo
835 477 853 510 in

153 531 199 564 collo
212 530 280 563 habuit.
303 530 466 563 Crebrescentibus
480 530 528 564 circa
539 539 606 572 corpus
620 529 659 564 eius
671 529 768 570 miraculis,
780 530 854 572 quidam

153 582 253 617 monachus
268 581 342 616 natione
355 582 473 615 Normannus
487 581 595 616 detractoria
606 583 663 616 verba
678 588 740 616 contra
752 582 812 616 virum
824 582 854 615 dei

153 634 254 680 proferens,
259 640 277 668 et
285 635 307 668 ab
316 635 380 668 abbate
389 646 445 677 super
452 634 486 669 hoc
494 639 590 677 correptus
597 634 697 678 pertinacia
704 645 738 669 sua
746 634 854 678 persistens,

153 687 212 722 subita
220 687 322 731 egritudine
329 698 429 731 percussus
437 692 479 731 post
487 687 526 721 dies
534 698 603 731 paucos
610 687 683 722 interiit.
703 687 792 731 Sequenti
800 693 854 721 nocte

127 753 145 774 io
153 751 194 775 curn
206 740 255 775 idem
266 741 322 776 abbas
331 741 354 775 de
362 740 397 774 hiis
408 745 426 775 et
436 740 475 774 aliis
486 740 504 774 in
513 740 560 775 lecto
568 745 658 783 tractaret,
666 752 744 785 sompno
754 751 854 785 oppressus

152 794 197 829 vidit
209 799 292 828 sanctum
301 794 448 828 Bartholomeum
460 794 563 838 apostolum
574 800 592 828 et
603 795 712 828 Guthlacum
724 794 854 835 consessorem,

153 846 199 882 albis
218 847 360 882 sacerdotalibus
375 846 453 889 indutos,
468 848 491 881 ad
507 847 578 881 comitis
593 848 683 882 tumulum
698 846 817 882 assistentes:
837 852 854 881 et

153 901 227 944 erigens
239 901 332 945 apostolus
343 906 397 945 caput
408 900 479 935 comitis
491 900 562 944 corpori
573 900 721 945 redintegratum,
729 899 785 935 dixit:
798 900 854 935 ‘Ace-

153 954 219 997 phalus
233 965 270 987 non
284 958 330 996 est’3
349 954 378 987 cui
393 959 467 987 sanctus
482 954 586 995 Guthlacus,
599 953 630 997 qui
643 955 666 987 ad
678 955 736 997 pedes
750 953 813 995 stabat,
826 964 854 986 re-

127 1019 145 1048 15
154 1005 238 1049 spondit:
251 1006 328 1040 ‘Comes
336 1005 364 1039 hic
372 1005 416 1046 suit,’
423 1006 517 1048 apostolus
528 1010 589 1039 autem
596 1005 689 1049 inceptum
697 1016 771 1040 versum
779 1005 854 1049 perfecit

154 1058 227 1093 dicens:
241 1058 275 1092 ‘At
285 1059 339 1092 modo
350 1070 383 1091 rex
394 1060 432 1092 est.¹
456 1058 492 1092 Hic
501 1070 536 1101 per
544 1070 613 1091 annum
621 1057 716 1092 Wintonie
727 1057 854 1098 incarceratus,

154 1111 253 1146 commissa
260 1123 293 1146 sua
299 1111 379 1154 defleuit,
384 1111 490 1155 psalterium
497 1111 577 1155 quotidie
584 1111 629 1146 dixit
635 1112 680 1147 etad
688 1112 742 1146 deum
749 1116 786 1145 tota
792 1115 855 1145 mente

154 1175 174 1199 se
182 1164 276 1207 conuertit,
284 1169 302 1199 et
309 1164 368 1208 pridie
376 1165 411 1199 kal.
417 1164 464 1199 lunii
470 1164 567 1209 capitalem
575 1164 684 1199 sententiam
692 1163 752 1199 subiit.
771 1163 793 1197 ln
804 1163 855 1198 cuius

153 1218 272 1252 decollatione
283 1218 358 1261 contigit
369 1218 418 1261 quod
429 1228 471 1252 curn
483 1217 536 1252 flexis
548 1218 631 1261 genibus,
640 1217 697 1251 oculis
708 1228 729 1251 ac
741 1217 825 1250 manibus
836 1217 854 1250 in

127 1284 145 1303 20
154 1271 213 1304 celum
224 1270 304 1311 intentis,
312 1270 412 1303 orationem
421 1270 530 1303 dominicam
541 1270 646 1314 incepisset,
654 1270 687 1303 sed
697 1269 791 1303 nimietate
801 1270 855 1303 fletus

154 1334 174 1358 ac
182 1322 272 1367 singultus
280 1334 345 1357 vocem
353 1322 392 1357 eius
401 1322 559 1367 interrumpente²
568 1322 628 1366 ipsam
639 1322 731 1366 complere
740 1332 777 1356 non
787 1327 855 1365 posset,

153 1381 195 1421 post
203 1376 267 1420 capitis
275 1376 418 1419 amputationem
426 1376 496 1410 cunctis
504 1375 619 1410 audientibus
627 1377 676 1410 clara
684 1381 702 1410 et
709 1375 803 1409 articulata
811 1386 855 1409 voce

154 1430 232 1464 eandem
238 1429 337 1474 compleuit
344 1429 418 1464 dicens:
431 1429 479 1463 ‘Sed
487 1429 544 1463 libera
552 1439 586 1462 nos
594 1429 658 1463 amalo
664 1429 729 1463 amen!
749 1427 805 1463 Cuius
810 1437 856 1463 vxor

155 1482 243 1525 Iuditha³,
251 1494 287 1527 qne
295 1494 337 1517 eum
345 1483 394 1526 apud
403 1493 467 1527 regem
477 1487 600 1524 accusauerat,
608 1481 709 1525 penitentia
720 1482 794 1516 tandein
802 1482 856 1515 ducta

127 1548 134 1569 2
137 1548 145 1578 5
154 1546 235 1581 pannum
243 1537 322 1570 sericum
330 1546 387 1580 super
395 1535 434 1570 eius
441 1536 531 1570 tumulum
539 1535 612 1569 obtulit:
625 1536 658 1569 sed
665 1534 730 1568 virtute
737 1533 799 1568 diuina
806 1535 856 1568 velut

154 1588 204 1624 venti
211 1588 326 1624 vehementis
333 1589 414 1632 impulsu
421 1589 470 1623 idem
478 1599 551 1633 pannus
559 1588 631 1632 longius
639 1587 731 1632 proiectus
739 1592 773 1621 est.

442 1737 457 1773 ll
468 1735 568 1770 Narrabat

178 1810 219 1853 lllis
231 1817 286 1852 etiam
298 1817 368 1859 diebus,
379 1823 466 1861 regnante
478 1817 497 1851 in
506 1816 574 1861 Anglia
581 1816 676 1851 Willelmo
686 1816 817 1862 Conquestore,
824 1816 855 1852 vix

154 1877 193 1907 erat
201 1871 219 1906 in
224 1871 292 1916 Anglia
299 1871 386 1915 princeps
394 1870 481 1915 anglicus,
488 1871 549 1913 immo,
555 1870 621 1915 Anglis
628 1870 648 1904 in
656 1871 763 1906 seruitutem
771 1870 855 1912 redactis,

154 1924 273 1968 obprobrium
281 1930 320 1958 erat
326 1924 388 1959 vocari
396 1924 482 1968 anglicus.
505 1924 556 1958 Deus
565 1924 614 1958 enim
622 1925 645 1958 ad
653 1923 782 1958 exterminium
787 1924 856 1968 Anglo·

127 1989 146 2018 30
155 1987 200 2018 rum,
209 1977 289 2021 peccatis
299 1987 363 2011 eorum
371 1977 492 2020 exigentibus,
500 1976 661 2020 preordinauerat⁵
669 1977 756 2020 populum
764 1975 857 2010 feroceml

155 2034 173 2066 et
179 2031 257 2073 quadam
263 2029 328 2065 seuitie
336 2029 433 2074 singularis
441 2028 557 2073 prerogatiua
563 2028 702 2073 preminentem,
707 2040 786 2074 quornm
792 2034 856 2063 natura

155 2087 183 2117 est
192 2081 225 2126 [vt]
234 2092 275 2116 curn
287 2082 350 2117 hostes
363 2082 421 2126 [suos]
433 2083 564 2126 depresserint,
573 2081 608 2127 ipsi
619 2092 640 2115 se
650 2082 753 2126 deprimant
764 2088 782 2117 et
793 2092 826 2116 sna
837 2080 855 2114 in

155 2136 262 2180 pauperiem
273 2136 361 2180 redigant.
384 2136 405 2169 ln
417 2136 484 2179 Anglia
496 2136 550 2180 igitur
562 2135 628 2170 iniusta
639 2136 734 2170 thelonea⁷
747 2141 765 2170 et
775 2135 856 2180 pessime

155 2188 296 2224 consuetudines
315 2189 351 2221 illis
368 2189 432 2223 diebus
449 2189 571 2232 pullularunt;
596 2188 688 2232 principes
707 2199 771 2223 omnes
784 2189 823 2223 auri
838 2191 856 2221 et

128 2251 146 2280 55
156 2241 226 2284 argenti
238 2240 335 2284 cupiditate
345 2241 402 2275 cecati
412 2242 458 2275 adeo
467 2246 524 2281 erant,
532 2246 551 2276 vt
559 2247 626 2285 quanto
634 2241 693 2285 magis
703 2242 726 2276 de
736 2247 786 2276 recto
794 2241 856 2285 loque-

155 2295 226 2336 bantur,
237 2293 295 2328 maior
303 2293 358 2328 fiebat
368 2293 437 2329 iniuria.
461 2293 496 2336 Qut
508 2293 600 2329 iusticiarii
610 2295 726 2338 vocabantur,
738 2299 792 2340 eaput
805 2296 856 2329 erant

156 2347 228 2382 omnis⁸
243 2346 335 2381 iniustitie.
362 2346 490 2382 Vice·comites
502 2352 520 2381 et
531 2347 624 2392 prepositi,
636 2359 713 2393 quorum
726 2353 765 2382 erat
776 2348 856 2382 officium

176 2432 181 2450 ¹
192 2432 215 2462 cf.
227 2432 264 2461 Vita
276 2432 353 2469 Waldevi,
366 2432 436 2467 Comitis,
448 2432 472 2461 ed.
485 2432 547 2470 MicheI,
560 2432 618 2462 Chron.
632 2431 793 2469 Angla-Normandes
806 2432 826 2468 11,
837 2438 856 2467 99

157 2471 195 2510 (and
207 2472 255 2509 Giles‚
268 2471 305 2501 Vita
318 2472 415 2508 quorundam
426 2471 562 2508 Anglmaxonum,
569 2471 614 2501 Caxt.
623 2471 672 2510 Soc).
766 2471 800 2501 ἏΕ.
809 2471 856 2500 inter·

155 2516 232 2548 rumpent
314 2511 320 2530 ³
330 2511 348 2541 E.
356 2511 420 2541 inditha.
506 2510 512 2528 ⁴
521 2511 545 2542 Cf.
553 2511 590 2542 Chr.
599 2511 676 2541 Bronton
683 2512 738 2548 980-1,
823 2510 829 2527 ⁵
839 2507 856 2538 E·

155 2551 290 2621 pefiordinauerat.
371 2550 377 2569 ⁰
387 2550 414 2581 Br.
422 2551 461 2582 adds
470 2550 606 2589 Normannorutm
617 2559 647 2581 om.
656 2553 677 2581 et.
737 2549 743 2566 ⁷
754 2550 772 2580 E.
780 2548 854 2580 thelonia.

187 2615 190 2622 ,
198 2601 258 2623 omnes.
