1762 2803
229 201 275 256 Dr
290 198 392 253 &anua
406 198 544 261 bttocttha.

37 325 109 361 Christo
124 321 235 361 abscondita,
247 321 313 354 clarior
327 322 402 353 tandem
417 320 513 362 apparebit
528 329 570 352 cum
585 318 626 362 ipso
641 319 660 353 in
676 318 740 362 gloria.

36 373 140 411 ¹Suocessit
151 373 201 407 enim
209 372 263 405 beate
271 371 385 417 Ethelburge
396 372 415 406 in
427 371 506 407 officium
518 370 617 414 abbatisse,
624 375 643 406 et
650 381 709 415 usque
716 371 739 406 ad

36 430 118 466 ultimam
126 431 240 462 senectutem
246 426 307 460 eidem
313 425 425 460 monasterio
432 424 566 465 strenuissime,
571 430 590 459 et
597 424 615 459 in
623 425 741 459 obseruantia

37 481 133 526 discipline
146 478 235 523 regularis
247 483 265 513 et
279 478 298 513 in
312 489 375 512 earum
387 489 424 523 que
436 479 459 512 ad
473 488 580 512 communes
592 487 636 512 vsus
648 476 741 522 pertinent

37 545 98 572 rerum
106 531 227 578 prouidentia,
235 531 307 576 prefuit,
319 537 338 566 et
345 531 474 566 exhortatione
482 536 567 565 materna
575 535 593 564 et
601 530 740 564 conuersatione
750 541 759 569 5

37 588 118 631 angelica
126 595 191 619 omnes
201 586 224 617 ad
237 584 311 618 celestia
323 584 405 618 trahens.
448 575 513 617 ²Tres
525 582 574 616 enim
583 582 652 616 femine
663 592 706 616 cece
718 582 741 615 ad

37 638 136 685 patrocinia
144 636 199 673 trium
208 641 311 670 sanctarum
320 635 412 679 virginum
423 634 479 669 simul
488 635 627 677 conuenientes,
635 635 707 680 singule
718 636 740 669 ad

38 692 119 736 singulas
134 693 177 724 sunt
192 687 306 723 illuminate:
321 700 358 723 vna
369 687 455 723 videlicet
468 688 491 723 ad
505 693 588 723 sanctam
604 687 742 732 Ethelburgam,

38 747 93 779 altera
100 744 123 778 ad
131 747 215 777 sanctam
224 741 337 784 Hildelitam,
345 740 399 776 tertia
406 743 429 776 ad
437 747 520 776 sanctam
528 739 642 776 wlfildamt

323 826 338 863 ll
350 825 453 861 damnant

60 880 131 922 Sancto
142 884 192 919 enim
201 883 299 918 Pachomio
311 883 396 928 apparuit
409 883 493 917 diabolus
504 882 523 917 in
535 883 597 927 specie
608 882 691 918 mulieris
701 883 741 927 pul·
750 893 770 917 ro

38 938 132 973 cherrime.
155 937 215 979 Quam
223 936 254 970 iile
262 946 347 978 cernens,
355 942 373 971 et
384 936 495 980 phantasma
507 945 549 971 esse
560 946 669 979 agnoscens,
677 936 741 970 orabat

38 992 119 1032 multum,
126 995 146 1025 vt
154 995 278 1025 euanesceret.
301 989 335 1024 Cui
346 989 382 1032 illa,
392 988 469 1034 propius
479 994 547 1029 astans,
556 989 593 1023 ait:
605 989 665 1031 ‘Quid
676 999 741 1034 super-

39 1045 74 1078 flue
85 1044 157 1078 laboras
165 1045 172 1077 Β
189 1048 300 1087 potestatem
308 1043 370 1087 accepi
379 1052 389 1076 a
397 1041 571 1086 dominotemptare
579 1052 627 1086 quos
634 1041 687 1077 volo)
710 1042 741 1076 Ad

38 1107 92 1141 quam
104 1097 145 1130 ille:
158 1095 256 1138 ‘Quidvis
268 1096 335 1130 essei’
358 1095 382 1130 Et
392 1095 434 1130 illa:
447 1094 496 1139 ‘Ego
512 1105 554 1129 sum
565 1094 625 1130 virtus
638 1094 710 1136 diaboli,
723 1101 741 1130 et

39 1149 114 1193 caligine
127 1148 226 1192 voluptatis
241 1148 336 1182 mortifere
352 1147 440 1182 mortales
455 1147 540 1182 inuoluo:
556 1148 589 1182 sed
607 1147 644 1181 tuis
658 1148 688 1181 vel
703 1147 741 1189 tibi,
751 1159 768 1189 ¹5

38 1207 113 1243 propter
126 1201 219 1233 Christum
231 1199 263 1244 qui
276 1200 387 1234 humanatus
400 1205 434 1239 est,
445 1199 595 1243 appropinquare
607 1209 644 1233 non
658 1209 741 1242 possum,

39 1253 76 1285 Sed
92 1252 174 1296 nunquid
190 1252 215 1286 ita
230 1262 305 1296 semper
319 1251 367 1286 erit?
382 1251 449 1286 Veniet
461 1256 535 1295 tempus
551 1256 593 1295 post
605 1250 675 1285 obitum
689 1257 740 1285 tuum

38 1305 110 1348 quando
123 1309 177 1348 prout
188 1304 262 1338 libuerit
275 1304 391 1338 debachabor
402 1303 450 1338 inter
461 1315 494 1338 eos
505 1314 552 1348 quos
563 1314 613 1338 nunc
627 1304 740 1338 orationibus

39 1356 73 1391 tuis
85 1356 156 1391 munis.¹
180 1356 260 1392 Sanctus
267 1356 304 1391 ait:
316 1356 350 1391 ‘Et
358 1355 400 1401 quis
408 1356 455 1391 scit⁵
466 1356 482 1391 si
494 1357 581 1391 meliores
592 1363 635 1392 tunc
647 1362 701 1392 erunt
709 1357 740 1402 qui

39 1409 78 1444 illos
84 1410 207 1446 corroborent.
219 1410 267 1445 Nam
273 1415 293 1445 tu
299 1409 381 1455 prescire
387 1409 413 1444 nil
420 1410 495 1445 omnino
501 1411 587 1455 preuales
593 1411 642 1455 quod
648 1417 677 1445 est
683 1411 741 1445 solius
750 1422 770 1444 ro

39 1463 78 1496 dei.¹
100 1463 123 1496 Et
133 1463 175 1498 illa:
190 1463 282 1498 ‘Plurima
294 1469 357 1498 tamen
369 1462 443 1508 [futura]
455 1474 478 1498 ex
489 1463 631 1508 precedentibus
644 1474 741 1508 cognosco.

39 1514 104 1549 Omnis
116 1515 165 1549 enim
176 1516 203 1550 rei
215 1516 326 1560 principium
338 1516 397 1550 tendit
408 1517 431 1550 ad
442 1521 561 1560 augmentum
573 1516 630 1559 prius,
638 1515 706 1550 deinde
717 1517 740 1550 ad

39 1566 167 1602 detrimentum
174 1568 244 1612 vergit:
255 1569 281 1602 sic
289 1568 333 1602 etin
340 1567 453 1602 harvestra⁸
461 1568 583 1612 professione,
588 1573 608 1602 vt
616 1568 696 1603 conici0⁷
703 1569 741 1603 fiet.

41 1618 86 1653 Nam
98 1619 146 1654 inter
159 1621 211 1654 initia
224 1631 257 1654 sua
269 1620 327 1665 signis
339 1627 358 1655 et
368 1620 467 1655 virtutibus
478 1620 563 1655 roborata
575 1621 671 1655 succreuit.
693 1620 740 1656 Cum

41 1675 102 1705 autem
109 1683 207 1707 senescere
216 1673 290 1718 ceperit,
298 1679 330 1708 aut
340 1672 429 1718 temporis
440 1672 574 1718 diu[tu]mitate
585 1672 700 1709 lassescens⁸
711 1679 742 1708 aut
751 1686 769 1717 ²5

40 1723 149 1768 negligentia
164 1726 255 1771 torporis⁹
267 1726 362 1768 deficiens,
374 1727 397 1760 ab
411 1726 531 1761 incrementis
545 1726 626 1770 propriis
638 1726 741 1761 minuetur.¹

40 1776 83 1810 Post
94 1777 127 1812 hec
138 1778 249 1813 Pachomius
260 1779 350 1815 instanter
361 1780 424 1815 orabat
436 1785 456 1815 vt
467 1779 502 1815 sibi
514 1779 599 1815 dominus
611 1779 701 1815 reuelaret
709 1779 741 1824 qui
804 1808 807 1811 .

40 1835 96 1865 status
103 1833 235 1868 monachorum
243 1839 286 1877 post
293 1844 314 1868 se
321 1832 394 1867 futurus
401 1833 430 1868 sit.
452 1833 488 1875 Qui
496 1833 625 1878 pervisionem
631 1833 666 1867 sibi
674 1833 741 1867 factam

39 1883 113 1918 edoctus
128 1886 217 1929 estquod
232 1885 344 1920 monasteria
356 1885 431 1930 quidem
447 1885 572 1929 multipliciter
584 1885 709 1928 dilatarentur,
723 1891 741 1921 et

40 1935 120 1969 nonnulli
139 1936 170 1981 pie
189 1943 207 1972 et
225 1938 341 1973 continenter
359 1937 448 1980 uiuerent,
467 1938 541 1983 plurimi
560 1950 605 1973 vero
625 1939 741 1984 negligerent
750 1952 770 1982 30

40 1997 127 2032 suamque
139 1992 217 2025 salutem
230 1992 335 2036 perderent,
346 1993 427 2026 maxime
434 2003 479 2026 vero
493 2002 527 2036 per
538 1992 668 2036 negligentiam
680 1992 741 2036 prela·

40 2044 104 2082 torum,
112 2042 178 2086 quibus
186 2043 285 2088 primatum
293 2045 399 2080 tenentibus
407 2044 505 2079 ambitiosa
517 2045 549 2080 lite
557 2045 598 2089 quis
610 2055 674 2079 eorum
682 2045 741 2090 presit

40 2095 175 2130 contenderent.
198 2096 232 2131 ‘Et
243 2097 391 2142 reprobabuntur
401 2097 444 2132 boni
456 2097 550 2141 prepositi,
559 2103 577 2132 et
589 2098 633 2132 mall
644 2098 742 2142 eligentur.

42 2142 63 2176 Et
70 2150 113 2180 tunc
119 2149 180 2182 omnia
187 2160 237 2191 pene
245 2160 281 2192 que
289 2149 358 2182 diuinis
368 2149 437 2193 regulis
449 2149 528 2183 subnixa
539 2154 587 2191 sunt,
595 2149 680 2183 humanis
692 2160 742 2184 com-

41 2198 157 2233 mutabuntur
172 2199 276 2236 illecebris)
299 2200 352 2237 Tunc
364 2201 476 2237 Pachomius
491 2202 597 2237 exclamans
610 2202 633 2237 ad
646 2203 741 2238 dominum
751 2216 770 2247 55

41 2246 74 2282 ait:
86 2250 139 2286 ‘Heu
147 2264 183 2297 me,
191 2256 234 2298 quia
242 2255 309 2290 fmstra
316 2255 397 2290 laboraui
405 2257 409 2289 l
422 2254 443 2289 Si
450 2255 501 2290 enim
508 2260 546 2290 tam
557 2257 641 2300 peruersi
649 2262 702 2291 erunt
711 2257 741 2301 qui

41 2299 94 2336 futuri
106 2310 150 2339 sunt
162 2307 258 2351 prepositi,
266 2318 330 2342 eorum
339 2307 406 2342 subditi
418 2308 482 2353 quales
494 2310 570 2344 erunti'
593 2308 645 2344 'func
657 2310 741 2355 apparuit

60 2367 63 2385 ¹
75 2370 119 2403 Beda
126 2374 152 2405 lV⁴
161 2386 184 2405 ιο.
266 2376 273 2395 ²
284 2377 307 2408 Cf.
315 2377 332 2407 S.
341 2377 442 2415 Ethelhurga.

59 2409 65 2426 ³
74 2409 156 2450 Antiphon
163 2416 179 2445 in
186 2416 203 2447 T.
210 2426 213 2447 t

59 2446 88 2486 Ad
94 2460 162 2489 tumbam
170 2462 227 2492 dilecte
234 2463 323 2493 Hildelithe
333 2463 405 2493 dominus
414 2463 463 2493 soluit
472 2463 575 2501 compeditos,
583 2463 629 2502 erigit
637 2463 689 2500 elisos,
697 2470 743 2495 sanat

41 2500 107 2538 egrotos,
118 2498 183 2530 luminat
196 2511 248 2538 cecos,
259 2503 323 2532 exaudit
335 2502 416 2541 supplices
427 2503 468 2541 (lis.
480 2503 547 2541 suplics)
558 2503 640 2534 credulos:
657 2513 742 2543 perquam

42 2532 113 2570 dlgnetur
123 2538 222 2572 infirmitates
234 2548 298 2573 nostras
310 2552 366 2572 sanare
377 2547 393 2572 et
405 2543 478 2573 tenebras
492 2543 584 2574 illuminare.
608 2544 641 2574 Ora
651 2553 681 2581 pro
691 2545 741 2575 nobis.

43 2571 107 2608 (Collect
114 2578 213 2619 destroyed.)

60 2611 426 2660 ¹Cf.Vinc.Bell.XVlll.47;Vit.Patr.a67.
468 2622 534 2652 ⁵E.slt.
572 2621 671 2655 ⁰E.nostra.
710 2623 743 2656 ⁷13.

42 2653 116 2685 conuicio.
156 2658 162 2676 ⁸
172 2660 191 2691 T.
199 2661 217 2692 E.
225 2661 312 2695 lacescens.
343 2663 359 2682 '⁹
368 2662 386 2693 T.
394 2663 412 2694 E.
421 2663 502 2702 corporis3
511 2663 544 2694 Vl’.
553 2664 650 2701 negligentia
658 2669 726 2704 torpore.

378 2719 409 2743 Μ
