1762 2803
97 143 138 189 172
285 130 603 195 nuncupantem.

95 259 145 288 esset
150 254 162 297 ¹,
171 254 190 288 in
198 254 238 288 loco
245 253 300 288 ‘arido
309 255 394 289 baculum
403 254 453 288 fixit:
466 260 484 288 et
494 253 555 288 statim
563 254 604 288 fons
612 253 706 297 largifluus
716 254 739 287 de
747 257 796 287 terra

95 307 184 341 scaturire
192 307 245 351 cepit.
264 307 365 351 Orauitque
370 313 390 341 vt
398 307 457 341 cuncti
465 306 545 352 languidi
553 306 596 341 illuc
604 307 713 341 accedentes
721 316 796 340 suorum

95 361 201 394 morborum
217 360 308 393 medelam
321 359 429 404 reciperent,
441 370 545 394 venenosas
557 365 620 403 pestes
633 359 663 393 illa
678 370 726 403 aqua
738 358 796 393 extin-

95 419 165 457 gueret,
178 423 288 456 vermesque
301 418 376 446 cunctos
389 414 413 446 de
424 418 489 446 ventre
504 413 606 456 potantium
619 413 721 457 proliceret.
744 412 797 446 quta

78 467 145 511 5enim
157 467 225 501 sontem
237 465 289 499 illum
300 464 319 500 in
327 466 419 500 Cornubia
431 466 450 500 in
462 466 531 500 honore
543 466 600 501 sancti
608 465 675 501 Cadoci
684 466 759 500 fundata
768 470 797 499 est

96 520 173 553 ecclesia
186 529 257 562 magna.
301 512 395 563 Apparuit
406 519 482 563 angelus
494 518 562 553 domini
573 521 626 558 beato
638 520 710 554 Cadoco
722 518 796 553 dicens:

96 572 157 606 ‘Deus
171 571 252 606 decreuit
267 577 285 605 te
300 571 337 606 iam
352 573 375 605 de
390 577 439 605 terra
451 572 545 606 Britannie
559 573 694 606 discessurum!
718 572 741 605 Et
755 571 796 605 ille:

96 625 175 659 ‘Omnia
188 635 224 668 que
237 624 292 658 michi
305 630 393 669 precepta
407 625 474 659 fuerint
490 636 500 659 a
513 625 593 668 domino,
606 626 665 660 libens
678 624 750 660 effectui
763 635 797 668 pro

95 688 152 720 posse
170 676 290 720 mancipabo;
309 679 342 710 sed
358 678 435 720 qualiter
454 678 496 710 hinc
515 678 614 719 discedam,
629 678 703 720 penitus
723 677 797 719 ignoro!

69 742 88 764 ιο
95 729 180 773 Angelus
199 728 235 762 ait:
256 728 312 763 ‘Cras
330 728 380 763 enim
395 730 418 763 ad
433 729 493 763 locum
508 728 527 762 in
543 740 579 774 quo
594 735 635 775 post
653 728 797 774 predicationem

64 776 66 779 ¹
95 783 169 818 solebas
184 782 285 825 quiescere,
301 793 373 826 perges,
388 788 406 817 et
421 783 446 817 ibi
461 783 520 817 subito
533 783 593 818 nubes
608 784 667 817 lucida
682 783 753 826 operiet
767 787 797 816 te:

95 840 150 879 atque
160 835 187 870 sic
196 845 253 879 super
263 845 305 868 earn
315 835 440 870 transueheris
451 836 474 869 ad
485 834 577 870 ciuitatem
587 836 739 871 beneuentanam.
763 834 798 869 Ea-

96 890 139 923 dem
149 890 193 923 hora
201 899 237 932 qua
248 889 271 922 de
281 890 330 923 nube
340 890 447 932 descendes,
456 890 513 923 abbas
522 889 571 924 illius
578 890 629 924 vrbis
638 889 657 922 in
665 894 696 923 tua
705 888 798 933 presentia

97 943 191 986 sepulture
200 941 300 974 honorifice
308 943 395 984 tradetur,
403 942 422 975 in
430 942 481 976 cuius
492 943 531 976 Ioco
539 943 624 976 monaehi
634 947 653 976 te
663 943 748 976 abbatem
756 952 798 975 con·

71 1008 89 1038 15
98 994 173 1029 stituere
181 995 306 1028 maturabunt?
328 995 397 1029 Eadem
405 1000 458 1029 nocte
466 995 515 1029 idem
523 996 600 1038 angelus
607 995 664 1039 priori
671 996 798 1029 beneuentane

98 1048 175 1082 ciuitatis
187 1047 206 1081 in
213 1048 253 1081 visu
265 1048 349 1091 apparuit
360 1048 384 1081 ita
396 1048 470 1082 dicens:
483 1048 538 1082 ‘Cras
549 1050 624 1091 quidam
635 1048 712 1082 clericus
725 1047 799 1091 sapiens

98 1100 199 1140 britannus,
207 1109 273 1133 seruus
281 1100 311 1133 dei
319 1101 392 1142 electus,
400 1101 423 1134 ad
431 1111 464 1134 vos
472 1101 507 1134 huc
514 1106 603 1135 venturus
612 1106 645 1142 est,
651 1111 706 1143 quem
714 1100 799 1133 abbatem

98 1162 195 1196 supervos
206 1151 286 1184 ordinari
294 1158 312 1186 et
320 1152 405 1185 constitui
412 1152 505 1197 pontifici2
512 1152 597 1187 obnixius
607 1152 712 1197 supplicate.
735 1151 799 1195 Ipsum

98 1206 147 1240 enim
155 1205 210 1248 elegit
217 1206 263 1239 deus
271 1209 290 1239 vt
298 1206 368 1250 abbatis
375 1207 432 1240 vestri
441 1207 480 1240 viee
488 1206 540 1240 vobis
548 1208 667 1251 subrogetur;
680 1207 690 1223 “
696 1205 775 1249 Sophias
780 1206 799 1230 ”-

71 1274 90 1294 κο
98 1269 133 1302 que
148 1258 197 1303 apud
209 1268 242 1291 vos
255 1258 353 1301 vocabitur,
368 1259 411 1303 quia
420 1258 515 1313 ,sapientia
529 1258 558 1292 dei
573 1259 639 1303 plenus
654 1259 693 1292 est!
716 1258 799 1292 Cadocus

98 1317 159 1345 autem
173 1321 227 1345 mane
239 1321 317 1353 surgens
330 1312 415 1344 Ellenum
429 1312 537 1356 discipulum
550 1322 604 1345 suum
616 1313 656 1345 loco
668 1311 696 1345 sui
709 1311 800 1344 ordinauit

98 1365 188 1398 abbatem.
211 1364 234 1398 Et
246 1375 287 1397 curn
299 1365 358 1410 adhuc
370 1365 465 1409 discipulis
476 1376 581 1399 sermonem
592 1365 664 1408 faceret,
673 1376 716 1399 ecce
727 1363 800 1397 claritas

98 1418 128 1451 del
140 1422 217 1462 repente
229 1427 293 1451 omnes
305 1417 429 1460 circumfulsit,
439 1423 457 1452 et
469 1429 506 1452 non
516 1418 599 1453 valentes
610 1418 655 1452 tanti
666 1417 740 1451 luminis
751 1417 800 1451 ferre

99 1471 203 1511 claritatem,
218 1470 272 1512 proni
286 1472 355 1513 pariter
369 1471 388 1503 in
404 1471 460 1504 facies
475 1481 519 1504 suas
536 1481 592 1514 super
607 1477 675 1504 terram
690 1471 800 1503 ceciderunt.

73 1536 80 1556 κ
83 1536 91 1565 5
100 1522 168 1555 Beatus
176 1527 237 1554 autem
243 1522 326 1555 Cadocus
334 1522 353 1555 in
361 1524 409 1555 nube
418 1523 470 1555 alba³
477 1528 546 1566 raptus,
552 1524 574 1556 ab
581 1523 638 1556 oculis
646 1533 709 1555 eorum
716 1521 800 1555 euanuit:

100 1580 118 1609 et
129 1574 181 1619 quasi
192 1574 210 1607 in
222 1575 311 1618 palpebre
321 1580 371 1609 motu
382 1575 401 1608 in
412 1575 484 1609 ciuitate
493 1576 621 1610 heneuentana
631 1577 654 1609 de
664 1576 713 1609 nube
724 1575 800 1608 descen-

101 1629 153 1669 dens,
164 1627 212 1660 inter
224 1626 335 1669 sepelientes
349 1628 434 1661 abbatem
445 1628 496 1661 visus
509 1633 543 1661 est.
567 1628 588 1675 In
601 1629 666 1662 eadem
679 1628 723 1661 hora
736 1631 801 1661 cuncta

100 1680 232 1714 monachorum
243 1680 364 1723 congregatio,
373 1690 415 1713 cum
427 1680 513 1724 episcopo
525 1681 610 1715 abbatem
622 1691 664 1714 eum
676 1680 773 1722 constituit,
783 1684 801 1713 et

101 1732 189 1776 Sophiam
203 1731 254 1764 illum
266 1732 383 1776 nuncupauit.
428 1726 522 1767 Defuncto
532 1734 606 1767 demum
617 1733 666 1766 illius
676 1732 753 1767 ciuitatis
764 1731 801 1776 epi·

73 1800 92 1828 30
101 1796 162 1829 scopo,
170 1785 254 1828 apparuit
262 1786 338 1828 angelus
347 1785 416 1819 domini
427 1787 480 1820 beato
489 1785 564 1830 Sophie,
571 1786 676 1830 precipiens
687 1786 704 1819 ei
716 1785 801 1829 quatinus

101 1839 216 1883 episcopatus
232 1838 315 1872 ordinem
329 1839 435 1883 susciperet.
458 1839 528 1875 Eadem
539 1850 584 1873 vero
596 1845 649 1873 nocte
662 1839 711 1873 idem
725 1838 801 1882 angelus

100 1892 227 1941 archidiacono
242 1890 261 1924 in
276 1892 359 1936 sompnis
374 1892 426 1926 iussit
441 1898 461 1927 vt
479 1892 564 1937 sequenti
579 1893 609 1927 die
627 1898 697 1927 remota
716 1892 802 1926 dilatione

101 1950 183 1979 sanctum
190 1944 279 1988 Sophiam
287 1945 309 1979 ad
317 1945 433 1989 pontificatus
441 1947 518 1989 gradum
524 1945 586 1980 diuina
593 1946 674 1980 iussione
679 1950 802 1990 promoueret.

46 2007 49 2013 ’
101 1998 142 2039 Quo
148 2007 202 2031 mane
209 1997 278 2031 cunctis
285 1997 355 2032 clericis
361 2009 394 2042 per
400 1998 484 2032 ordinem
491 1998 577 2041 reuelato,
583 1998 664 2034 unanimi
672 1998 753 2032 omnium
759 2008 802 2031 con-

73 2065 92 2094 35
101 2061 158 2084 sensu
166 2050 189 2083 ad
198 2049 446 2094 episcopatum⁴assumptus
454 2057 488 2085 est.
531 2044 618 2095 Angelus
626 2057 687 2085 autem
694 2050 762 2084 domini
771 2051 802 2084 de-

101 2114 152 2138 mum
158 2103 177 2137 in
182 2102 223 2136 visu
230 2102 288 2136 noctis
294 2103 378 2147 apparuit
384 2103 401 2137 ei
408 2103 470 2137 dicens
477 2115 481 2138 :
493 2103 531 2137 ‘En
538 2104 628 2138 adomino
634 2105 669 2138 deo
674 2109 706 2137 tuo
712 2104 766 2137 datur
770 2102 802 2136 tibi

101 2156 160 2201 optio:
173 2166 222 2190 nunc
230 2155 277 2199 elige
284 2166 320 2199 quo
330 2156 379 2191 exitu
390 2157 437 2191 hanc
447 2157 520 2191 letalem
528 2157 584 2192 vitam
592 2159 681 2191 deserens
692 2157 715 2191 ad
725 2166 802 2200 regnum

101 2210 147 2244 velis
154 2208 232 2252 migrare
237 2211 357 2252 perpetuum)
376 2210 412 2252 Qui
418 2210 522 2254 respondit:
532 2210 633 2252 ‘Quoniam
639 2210 688 2244 enim
695 2208 803 2252 martyrium

101 2262 151 2296 omni
163 2267 222 2297 morte
234 2261 253 2295 in
266 2268 364 2306 conspectu
376 2263 445 2296 domini
455 2263 556 2307 preciosius
568 2263 665 2304 inuenitur,
677 2262 721 2295 illud
733 2261 803 2305 eligens

73 2330 93 2358 40
102 2326 135 2360 pre
148 2314 214 2350 ceteris
226 2315 304 2358 exopto.¹
329 2315 351 2349 Et
364 2316 450 2359 angelus:
468 2316 577 2359 ‘Robustus,
589 2315 653 2359 inquit,
665 2320 705 2349 esto
718 2314 773 2348 corde
785 2320 804 2348 et

102 2369 168 2410 animo,
180 2368 222 2411 quia
233 2368 319 2402 dominus
330 2374 390 2402 tecum
402 2374 435 2403 est.
458 2369 503 2403 Cras
515 2369 583 2403 etenim
594 2379 628 2402 rex
640 2368 712 2411 quidam
725 2367 804 2401 crudelis

103 2420 194 2454 ciuitatem
206 2420 253 2453 hanc
265 2419 370 2463 ingrediens
381 2421 501 2465 depopulabit
512 2431 558 2462 eam,
566 2426 584 2455 et
595 2420 648 2454 miles
657 2419 731 2463 quidam
740 2419 804 2463 ipsius,

103 2472 233 2508 monasterium
241 2472 341 2516 ingressus,
348 2473 409 2508 diuina
416 2474 498 2508 misteria
505 2479 523 2508 te
531 2472 682 2516 celebrantelm]l
689 2483 746 2516 super
753 2482 804 2507 aram

124 2545 277 2575 ¹Boll.sustineret.
334 2546 495 2584 ‘Bollapontilice
553 2545 687 2576 ³Boll.candida.
747 2544 804 2575 4ΒοΗ.

103 2584 203 2624 episcopatus
211 2586 280 2623 gradum.
321 2587 327 2607 ⁵
334 2587 352 2618 E.
360 2587 454 2618 celebrante.
