1762 2803
104 88 140 167 ⁴96
204 172 206 177 ,
301 113 381 165 rauna
396 110 512 173 tuumne
528 107 621 173 boetia

111 239 154 278 post
173 234 318 278 quinquennium
336 235 408 269 siderea
422 235 452 268 via
470 233 601 268 Laurentium¹
617 239 734 277 prosequare,
750 234 812 269 Iustus

112 287 227 331 subrogatur.
250 288 285 330 Qui
295 288 351 332 priori
362 287 440 321 ecclesie
450 298 483 320 sue
494 286 570 320 roffensi
581 285 686 330 Romanum
697 297 730 331 pro
741 297 762 321 se
770 297 813 321 con-

112 341 191 374 secrauit
210 341 322 385 episcopum.
353 341 401 374 Huic
421 342 470 374 enim
486 340 536 373 lusto
552 339 656 373 Bonifaeius
674 351 723 383 papa
738 339 813 383 pallium

113 393 179 428 direxit
189 405 230 428 cum
239 394 304 428 litteris
316 393 474 434 commendatitiis,
482 394 501 426 in
513 393 579 436 quibus
591 403 633 426 eum
644 393 727 427 hortatur
737 393 814 436 qualiter

95 452 133 482 tse
153 447 200 480 iuter
215 458 258 481 suos
274 448 342 481 habere
357 447 445 480 debuerit.
472 447 562 489 Suscepto
578 451 639 480 autem
654 446 708 489 pallio
723 446 814 481 ordinauit

114 504 198 534 sanctum
210 504 313 534 consortem
325 510 378 532 suum
390 498 487 532 Paulinum
498 498 548 542 genti
560 498 764 533 Northanhumbrorum
775 498 815 543 epi-

114 562 201 596 scopum:
220 562 276 595 quem
290 553 393 585 ordinatum
409 551 458 584 misit
474 562 515 585 cum
532 551 645 594 Ethelburga
659 552 735 594 virgine,
750 562 814 585 sorore

114 605 163 649 regis
171 605 253 645 Edbaldi‚
262 605 285 637 ad
293 615 356 646 regem
367 604 470 644 Edwinum,
477 608 497 637 vt
505 604 524 637 in
531 603 569 637 vita
580 604 662 637 eiusdem
673 605 731 637 sancti
742 603 814 638 Edwini

114 657 199 701 superius
211 656 271 700 liquet.
317 650 380 690 Iustus
391 657 452 700 itaque
464 657 548 690 studebat
559 658 602 689 totis
614 656 685 689 nisibus
697 656 815 700 magnificare

87 717 106 739 10
114 708 208 744 dominum
223 709 242 743 in
258 709 325 744 sanctis
338 710 377 744 suis
389 709 496 751 mirabilem,
509 708 541 753 qui
554 714 596 753 post
611 710 697 743 tenebras
712 709 777 751 lucem,
792 710 815 743 de

114 763 179 796 timore
194 762 285 804 fiduciam,
300 763 323 796 de
339 762 455 797 tribulatione
469 762 505 796 illis
519 762 598 796 leticiam
612 762 687 796 confert,
711 762 774 804 Prece,
787 763 816 796 in·

114 816 224 859 crepatione‚
232 815 354 859 promissione
366 815 429 860 glorie,
437 821 507 850 terrore
517 814 602 857 iehenne,
610 815 711 849 visceribus
723 815 816 850 charitatis

114 869 218 914 parturiens
230 869 278 903 filios
294 868 402 913 adoptionis,
416 869 559 903 innumerabiles
573 869 596 902 ad
613 869 706 903 Christum
721 869 816 904 conuertit.

115 922 156 955 Hiis
169 932 213 954 vero
225 932 272 964 quos
283 923 307 954 de
318 923 410 964 apostasia
423 923 527 960 reduxerat,
539 921 640 955 amabiliter
652 922 734 955 dicebat:
747 923 816 955 ‘Filioli

88 979 105 1010 15
114 974 156 1016 mel,
165 984 211 1018 quos
219 973 284 1009 iterum
292 974 378 1018 parturio,
387 975 446 1008 donec
453 973 542 1007 formetur
550 966 633 1007 Christus
641 973 660 1007 in
667 973 730 1008 vobis’
769 966 816 1007 Non

115 1037 172 1071 parue
187 1026 288 1061 sanctitatis
303 1027 427 1062 testimouium
442 1027 565 1062 estimandum
579 1032 607 1060 est
620 1028 668 1070 quod
682 1033 756 1060 sauctus
768 1038 817 1070 papa

115 1079 220 1114 Bonifaeius
235 1081 309 1114 beatum
322 1080 392 1114 lustum
409 1079 513 1123 apostolicis
528 1079 593 1113 litteris
608 1081 729 1122 commendat,
741 1080 817 1123 eiusque

115 1132 185 1168 meritis
196 1143 217 1167 ac
229 1134 310 1166 celorum
321 1133 397 1176 premiis
408 1133 491 1176 gentium
503 1132 643 1166 conuersionem
654 1132 752 1175 asscribat3
765 1133 817 1167 cuius

115 1192 168 1220 tenor
175 1187 216 1219 talis
225 1187 272 1219 est²:
285 1187 289 1203 ‘
297 1179 424 1220 Dilectissimo
432 1186 484 1219 fratri
492 1186 548 1227 lusto,
558 1185 667 1219 Bonifaeius.
683 1185 743 1227 Quam
751 1187 817 1220 deuote

88 1247 107 1268 20
115 1249 207 1283 quamque
218 1239 273 1272 etiam
284 1238 380 1282 vigilanter
391 1249 425 1282 pro
437 1238 505 1273 Christi
517 1239 613 1281 euangelio
625 1238 745 1272 elaborauerit
755 1243 817 1273 vestra

115 1292 224 1332 fraternitas,
236 1302 273 1324 non
285 1292 344 1324 solum
356 1292 434 1334 epistole
445 1302 456 1324 a
466 1291 519 1324 vobis
530 1291 600 1323 directe
612 1297 669 1331 tenor,
679 1290 736 1323 immo
747 1290 818 1324 indulta

116 1345 196 1385 desuper
211 1344 263 1386 operi
277 1349 339 1377 vestro
356 1344 444 1386 perfectio
461 1342 553 1377 indicauit.
582 1343 620 1377 Nec
635 1342 685 1377 enim
700 1343 818 1387 omnipotens

116 1397 162 1430 deus
177 1400 207 1429 aut
223 1394 251 1430 sui
266 1394 345 1430 nominis
364 1399 499 1430 sacramentum
519 1398 549 1429 aut
567 1395 624 1430 vestri
643 1395 722 1430 fructum
738 1395 819 1429 laboris³

116 1448 203 1491 deseruit,
218 1450 262 1482 dum
280 1450 321 1492 ipse
338 1448 483 1493 predicatoribus
503 1449 594 1493 euangelii
609 1448 688 1482 fideliter
703 1448 817 1493 repromisit:

90 1509 107 1538 ²5
117 1503 175 1535 “ecce
190 1512 224 1544 ego
236 1500 331 1535 vobiscum
345 1512 386 1535 sum
402 1502 488 1535 omnibus
501 1502 567 1535 diebus
582 1501 652 1545 usque⁴
665 1502 688 1535 ad
703 1512 819 1535 consumma-

117 1555 186 1587 tionem
198 1553 290 1587 mundi⁵.”
314 1554 367 1594 Quod
383 1554 489 1597 specialiter
501 1554 581 1588 iniuncto
598 1554 649 1588 vobis
665 1553 767 1588 ministerio
779 1554 819 1588 eius

117 1605 214 1639 clementia
229 1606 367 1648 demonstrauit,
382 1606 468 1650 aperiens
482 1607 538 1640 corda
552 1608 634 1650 gentium
646 1606 669 1641 ad
681 1606 819 1650 suscipiendum

117 1658 246 1704 predicationis
253 1664 314 1692 vestre
325 1659 416 1703 singulare
428 1660 536 1694 misterium.
559 1660 627 1703 Magno
638 1658 688 1692 enim
699 1659 770 1703 premio
778 1670 820 1693 ves-

117 1711 215 1755 tigiorum⁰
228 1716 332 1744 vestrorum
345 1712 472 1745 delectabilem
487 1722 561 1746 cursum
577 1713 662 1746 bonitatis
678 1722 711 1745 sue
728 1712 820 1755 suffragiis

90 1775 110 1803 30
118 1762 219 1804 illustrauit,
235 1763 279 1796 dum
295 1764 405 1797 creditorum
420 1765 472 1797 vobis
487 1766 597 1798 talentorum
613 1764 721 1798 fidelissime
737 1764 820 1808 negocia-

119 1817 174 1851 tionis
185 1816 250 1850 officiis
259 1816 335 1849 vberem
345 1817 423 1850 fructum
434 1816 550 1860 impendens,
559 1816 587 1850 ei⁷
596 1817 644 1860 quod
656 1817 730 1861 signare
741 1816 821 1861 possetis

119 1868 242 1912 multiplicatis
256 1869 404 1912 generationibus
418 1871 527 1913 preparauit.
551 1870 629 1914 Hocque
644 1870 698 1904 etiarn
714 1870 745 1903 illa
758 1870 821 1904 uobis8

119 1922 290 1965 recompensatione
304 1921 390 1955 collatum
406 1927 435 1956 est
449 1933 484 1966 qua
495 1921 578 1956 iniuncto
589 1922 691 1957 ministerio
702 1922 768 1966 iugiter
779 1933 821 1966 per-

119 1976 205 2011 sistentes
218 1974 303 2009 laudabili
316 1975 404 2018 petientia
416 1976 562 2020 redemptionem
575 1976 636 2019 gentis
649 1975 697 2009 illius
709 1974 822 2019 expectatis⁹

91 2034 110 2063 35
119 2034 137 2063 et
145 2028 212 2063 vestris
219 2033 239 2062 vt
247 2028 358 2071 proficerent
366 2028 437 2062 meritis
445 2040 509 2063 eorum
517 2034 545 2063 est
554 2029 631 2063 saluatio
641 2030 742 2073 propinata,
750 2030 821 2063 dicente

119 2080 205 2115 domino:
226 2081 236 2098 ‘⁴
243 2079 273 2124 qui
291 2081 439 2124 perseuerauerit
454 2092 512 2125 vsque
531 2081 550 2115 in
569 2081 632 2123 finem,
647 2082 677 2115 hic
692 2082 755 2115 saluus
772 2080 821 2114 erit.¹¹

120 2133 189 2167 Saluati
204 2143 247 2175 ergo
261 2134 305 2166 estis
317 2144 351 2175 spe
363 2134 451 2176 patientie
466 2140 485 2167 et
500 2134 595 2168 tolerantie
606 2136 678 2175 virtute,
689 2140 709 2169 vt
720 2133 822 2168 infidelium

105 2195 111 2222 ζ
121 2185 176 2219 corda
191 2184 269 2218 naturali
282 2195 303 2217 ac
316 2185 446 2228 supersticioso
458 2187 523 2220 morbo
536 2191 614 2230 purgata
625 2186 822 2230 suicousequerentur

121 2237 265 2271 misericordiam
278 2237 380 2271 saluatoris.
403 2238 498 2281 Susceptis
510 2249 590 2282 namque
604 2238 685 2282 apicibus
699 2238 732 2272 filii
746 2237 804 2272 nostri
810 2237 823 2257 ¹⁰

93 2300 113 2331 40
122 2290 199 2324 Edbaldi
214 2289 269 2333 regis,
284 2290 387 2334 reperimus
400 2297 468 2334 quanta
481 2291 528 2325 sacri
542 2291 608 2335 eloquii
620 2291 721 2326 eruditione
733 2292 773 2326 eius
784 2289 823 2325 ani-

121 2353 172 2378 mum
180 2343 203 2376 ad
210 2353 254 2376 vere
262 2343 388 2377 conuersionis
397 2349 415 2376 et
422 2344 523 2378 indubitate
531 2345 574 2377 fidei
582 2346 710 2379 eredulitatem
719 2344 823 2379 fraternitas

120 2401 183 2431 vestra
195 2396 308 2440 perduxerit.
331 2395 372 2437 Qua
384 2407 407 2430 ex
419 2407 439 2430 re
453 2397 476 2430 de
489 2396 626 2440 longanimitate
640 2399 738 2432 clementie
750 2397 822 2432 celestis

140 2484 175 2513 1Ε.
183 2484 265 2514 laurentio.
321 2483 464 2520 ²ctr3eda11‚8.
517 2484 694 2516 lElaborlsfructum,
746 2485 823 2515 *retu

121 2524 157 2594 ῗοαΕΙ,
166 2524 219 2594 sveecsiii
257 2522 404 2562 ⁰alt⁴astigiornm
441 2522 505 2558 ⁷E.et,
546 2525 638 2557 ³E.uobis,
674 2526 709 2557 lul.
717 2524 824 2564 exspectastis.
