<?xml version="1.0" encoding="UTF-8"?>
<!DOCTYPE html PUBLIC "-//W3C//DTD XHTML 1.0 Transitional//EN"
    "http://www.w3.org/TR/xhtml1/DTD/xhtml1-transitional.dtd">
<html xmlns="http://www.w3.org/1999/xhtml" xml:lang="en" lang="en">
 <head>
  <title>
</title>
<meta http-equiv="Content-Type" content="text/html;charset=utf-8" />
  <meta name='ocr-system' content='tesseract 3.04.00' />
  <meta name='ocr-capabilities' content='ocr_page ocr_carea ocr_par ocr_line ocrx_word'/>
</head>
<body>
  <div class='ocr_page' id='page_1' title='image "./MN5111ucmf_0/MN5111ucmf_0_1134.png"; bbox 0 0 1762 2803; ppageno 0'>
   <div class='ocr_carea' id='block_1_1' title="bbox 102 159 655 224">
    <p class='ocr_par' dir='ltr' id='par_1_1' title="bbox 102 159 655 224">
     <span class='ocr_line' id='line_1_1' title="bbox 102 159 655 224; baseline 0.011 -17"><span class='ocrx_word' id='word_1_1' title='bbox 102 165 104 170; x_wconf 73' lang='grc'>’</span> <span class='ocrx_word' id='word_1_2' title='bbox 146 164 189 222; x_wconf 84' lang='lat'>518</span> <span class='ocrx_word' id='word_1_3' title='bbox 335 163 415 217; x_wconf 69' lang='lat' dir='ltr'>uoto</span> <span class='ocrx_word' id='word_1_4' title='bbox 430 159 547 224; x_wconf 68' lang='lat' dir='ltr'>litamus</span> <span class='ocrx_word' id='word_1_5' title='bbox 562 159 655 224; x_wconf 73' lang='lat' dir='ltr'>anuto.</span> 
     </span>
    </p>
   </div>
   <div class='ocr_carea' id='block_1_2' title="bbox 122 281 857 2180">
    <p class='ocr_par' dir='ltr' id='par_1_2' title="bbox 122 281 857 2180">
     <span class='ocr_line' id='line_1_2' title="bbox 145 281 848 329; baseline -0.001 -9"><span class='ocrx_word' id='word_1_6' title='bbox 145 284 241 329; x_wconf 66' lang='lat' dir='ltr'>loquutus)</span> <span class='ocrx_word' id='word_1_7' title='bbox 264 284 327 329; x_wconf 86' lang='lat' dir='ltr'>ltaque</span> <span class='ocrx_word' id='word_1_8' title='bbox 335 295 379 329; x_wconf 85' lang='lat' dir='ltr'>rege</span> <span class='ocrx_word' id='word_1_9' title='bbox 387 283 474 329; x_wconf 87' lang='lat' dir='ltr'>prolecto,</span> <span class='ocrx_word' id='word_1_10' title='bbox 483 288 501 318; x_wconf 90' lang='lat' dir='ltr'>et</span> <span class='ocrx_word' id='word_1_11' title='bbox 509 283 601 328; x_wconf 89' lang='lat' dir='ltr'>aliquanto</span> <span class='ocrx_word' id='word_1_12' title='bbox 608 288 692 328; x_wconf 88' lang='lat' dir='ltr'>ternpore</span> <span class='ocrx_word' id='word_1_13' title='bbox 700 281 769 328; x_wconf 87' lang='lat' dir='ltr'>elapso,</span> <span class='ocrx_word' id='word_1_14' title='bbox 777 282 848 320; x_wconf 87' lang='lat' dir='ltr'>vocauit</span> 
     </span>
     <span class='ocr_line' id='line_1_3' title="bbox 146 336 848 380; baseline -0.003 -8"><span class='ocrx_word' id='word_1_15' title='bbox 146 349 212 373; x_wconf 91' lang='lat' dir='ltr'>seruus</span> <span class='ocrx_word' id='word_1_16' title='bbox 229 338 258 372; x_wconf 89' lang='lat' dir='ltr'>dei</span> <span class='ocrx_word' id='word_1_17' title='bbox 276 338 371 371; x_wconf 90' lang='lat' dir='ltr'>dominum</span> <span class='ocrx_word' id='word_1_18' title='bbox 386 338 429 371; x_wconf 90' lang='lat' dir='ltr'>ville</span> <span class='ocrx_word' id='word_1_19' title='bbox 448 337 536 380; x_wconf 87' lang='lat' dir='ltr'>eiusdem,</span> <span class='ocrx_word' id='word_1_20' title='bbox 552 342 570 371; x_wconf 93' lang='lat' dir='ltr'>et</span> <span class='ocrx_word' id='word_1_21' title='bbox 585 338 621 372; x_wconf 89' lang='lat' dir='ltr'>ait:</span> <span class='ocrx_word' id='word_1_22' title='bbox 641 337 694 371; x_wconf 84' lang='lat' dir='ltr'>‘Rex</span> <span class='ocrx_word' id='word_1_23' title='bbox 713 336 800 371; x_wconf 89' lang='lat' dir='ltr'>hesterna</span> <span class='ocrx_word' id='word_1_24' title='bbox 818 338 848 374; x_wconf 80' lang='lat' dir='ltr'>die</span> 
     </span>
     <span class='ocr_line' id='line_1_4' title="bbox 146 388 848 434; baseline -0.004 -8"><span class='ocrx_word' id='word_1_25' title='bbox 146 395 229 426; x_wconf 89' lang='lat' dir='ltr'>mortuus</span> <span class='ocrx_word' id='word_1_26' title='bbox 237 395 265 424; x_wconf 89' lang='lat' dir='ltr'>est</span> <span class='ocrx_word' id='word_1_27' title='bbox 273 402 277 424; x_wconf 88' lang='lat'>:</span> <span class='ocrx_word' id='word_1_28' title='bbox 289 394 308 424; x_wconf 91' lang='lat' dir='ltr'>tu</span> <span class='ocrx_word' id='word_1_29' title='bbox 316 389 358 424; x_wconf 89' lang='lat' dir='ltr'>vide</span> <span class='ocrx_word' id='word_1_30' title='bbox 366 390 409 434; x_wconf 90' lang='lat' dir='ltr'>quid</span> <span class='ocrx_word' id='word_1_31' title='bbox 421 391 476 434; x_wconf 73' lang='lat' dir='ltr'>agas!</span> <span class='ocrx_word' id='word_1_32' title='bbox 499 390 557 424; x_wconf 84' lang='lat' dir='ltr'>Porro</span> <span class='ocrx_word' id='word_1_33' title='bbox 565 389 622 424; x_wconf 89' lang='lat' dir='ltr'>milite</span> <span class='ocrx_word' id='word_1_34' title='bbox 630 389 777 433; x_wconf 85' lang='lat' dir='ltr'>obstupescente,</span> <span class='ocrx_word' id='word_1_35' title='bbox 785 393 804 423; x_wconf 89' lang='lat' dir='ltr'>et</span> <span class='ocrx_word' id='word_1_36' title='bbox 815 388 848 423; x_wconf 85' lang='lat' dir='ltr'>inr-</span> 
     </span>
     <span class='ocr_line' id='line_1_5' title="bbox 146 441 848 488; baseline 0.001 -10"><span class='ocrx_word' id='word_1_37' title='bbox 146 449 223 488; x_wconf 81' lang='lat' dir='ltr'>perante</span> <span class='ocrx_word' id='word_1_38' title='bbox 233 443 325 478; x_wconf 89' lang='lat' dir='ltr'>silentium</span> <span class='ocrx_word' id='word_1_39' title='bbox 333 455 337 486; x_wconf 93' lang='grc'><strong>;</strong></span> <span class='ocrx_word' id='word_1_40' title='bbox 350 443 412 486; x_wconf 67' lang='lat' dir='ltr'>‘Mihi</span> <span class='ocrx_word' id='word_1_41' title='bbox 420 443 449 485; x_wconf 88' lang='lat' dir='ltr'>ait,</span> <span class='ocrx_word' id='word_1_42' title='bbox 458 443 513 478; x_wconf 91' lang='lat' dir='ltr'>silere</span> <span class='ocrx_word' id='word_1_43' title='bbox 521 442 608 487; x_wconf 84' lang='lat' dir='ltr'>perfacile</span> <span class='ocrx_word' id='word_1_44' title='bbox 616 448 648 485; x_wconf 88' lang='lat' dir='ltr'>est,</span> <span class='ocrx_word' id='word_1_45' title='bbox 657 443 690 476; x_wconf 90' lang='lat' dir='ltr'>sed</span> <span class='ocrx_word' id='word_1_46' title='bbox 698 441 717 477; x_wconf 94' lang='lat' dir='ltr'>in</span> <span class='ocrx_word' id='word_1_47' title='bbox 725 442 811 486; x_wconf 88' lang='lat' dir='ltr'>proximo</span> <span class='ocrx_word' id='word_1_48' title='bbox 821 449 848 479; x_wconf 89' lang='lat' dir='ltr'>est</span> 
     </span>
     <span class='ocr_line' id='line_1_6' title="bbox 130 495 849 541; baseline -0.001 -9"><span class='ocrx_word' id='word_1_49' title='bbox 130 507 139 537; x_wconf 87' lang='lat'><strong>5</strong></span> <span class='ocrx_word' id='word_1_50' title='bbox 146 504 166 532; x_wconf 90' lang='lat' dir='ltr'>vt</span> <span class='ocrx_word' id='word_1_51' title='bbox 171 508 236 531; x_wconf 86' lang='lat' dir='ltr'>omnes</span> <span class='ocrx_word' id='word_1_52' title='bbox 242 498 350 541; x_wconf 64' lang='lat' dir='ltr'>loquantur!</span> <span class='ocrx_word' id='word_1_53' title='bbox 368 497 453 540; x_wconf 90' lang='lat' dir='ltr'>Denique</span> <span class='ocrx_word' id='word_1_54' title='bbox 459 496 502 541; x_wconf 86' lang='lat' dir='ltr'>quia</span> <span class='ocrx_word' id='word_1_55' title='bbox 509 495 653 530; x_wconf 91' lang='lat' dir='ltr'>misericordiam</span> <span class='ocrx_word' id='word_1_56' title='bbox 662 507 696 528; x_wconf 88' lang='lat' dir='ltr'>rex</span> <span class='ocrx_word' id='word_1_57' title='bbox 704 501 849 539; x_wconf 89' lang='lat' dir='ltr'>consequuturus</span> 
     </span>
     <span class='ocr_line' id='line_1_7' title="bbox 147 548 849 594; baseline -0.001 -9"><span class='ocrx_word' id='word_1_58' title='bbox 147 555 197 585; x_wconf 90' lang='lat' dir='ltr'>esset</span> <span class='ocrx_word' id='word_1_59' title='bbox 210 560 221 584; x_wconf 88' lang='lat' dir='ltr'>a</span> <span class='ocrx_word' id='word_1_60' title='bbox 233 550 313 592; x_wconf 90' lang='lat' dir='ltr'>domino,</span> <span class='ocrx_word' id='word_1_61' title='bbox 325 560 347 584; x_wconf 90' lang='lat' dir='ltr'>eo</span> <span class='ocrx_word' id='word_1_62' title='bbox 361 551 410 594; x_wconf 88' lang='lat' dir='ltr'>quod</span> <span class='ocrx_word' id='word_1_63' title='bbox 423 549 463 593; x_wconf 90' lang='lat' dir='ltr'>paci</span> <span class='ocrx_word' id='word_1_64' title='bbox 476 555 494 584; x_wconf 93' lang='lat' dir='ltr'>et</span> <span class='ocrx_word' id='word_1_65' title='bbox 506 549 577 583; x_wconf 90' lang='lat' dir='ltr'>iusticie</span> <span class='ocrx_word' id='word_1_66' title='bbox 591 549 687 584; x_wconf 81' lang='lat' dir='ltr'>militasset</span> <span class='ocrx_word' id='word_1_67' title='bbox 699 548 718 583; x_wconf 93' lang='lat' dir='ltr'>in</span> <span class='ocrx_word' id='word_1_68' title='bbox 730 548 767 583; x_wconf 86' lang='lat' dir='ltr'>vita</span> <span class='ocrx_word' id='word_1_69' title='bbox 779 559 817 590; x_wconf 89' lang='lat' dir='ltr'>sua,</span> <span class='ocrx_word' id='word_1_70' title='bbox 832 556 849 584; x_wconf 89' lang='lat' dir='ltr'>et</span> 
     </span>
     <span class='ocr_line' id='line_1_8' title="bbox 147 601 849 647; baseline 0.001 -11"><span class='ocrx_word' id='word_1_71' title='bbox 147 605 223 637; x_wconf 89' lang='lat' dir='ltr'>domum</span> <span class='ocrx_word' id='word_1_72' title='bbox 238 604 261 637; x_wconf 91' lang='lat' dir='ltr'>de</span> <span class='ocrx_word' id='word_1_73' title='bbox 278 602 373 647; x_wconf 87' lang='lat' dir='ltr'>Radinges</span> <span class='ocrx_word' id='word_1_74' title='bbox 392 602 448 647; x_wconf 83' lang='lat' dir='ltr'>regali</span> <span class='ocrx_word' id='word_1_75' title='bbox 465 601 589 637; x_wconf 89' lang='lat' dir='ltr'>munificentia</span> <span class='ocrx_word' id='word_1_76' title='bbox 605 602 713 643; x_wconf 85' lang='lat' dir='ltr'>edificasset,</span> <span class='ocrx_word' id='word_1_77' title='bbox 728 601 849 645; x_wconf 85' lang='lat' dir='ltr'>prophetauit.</span> 
     </span>
     <span class='ocr_line' id='line_1_9' title="bbox 146 648 849 699; baseline -0.003 -8"><span class='ocrx_word' id='word_1_78' title='bbox 146 648 205 691; x_wconf 81' lang='lat' dir='ltr'>Venit</span> <span class='ocrx_word' id='word_1_79' title='bbox 216 656 239 690; x_wconf 87' lang='lat' dir='ltr'>ad</span> <span class='ocrx_word' id='word_1_80' title='bbox 247 655 306 690; x_wconf 89' lang='lat' dir='ltr'>virum</span> <span class='ocrx_word' id='word_1_81' title='bbox 315 655 344 690; x_wconf 89' lang='lat' dir='ltr'>dei</span> <span class='ocrx_word' id='word_1_82' title='bbox 352 666 415 690; x_wconf 90' lang='lat' dir='ltr'>comes</span> <span class='ocrx_word' id='word_1_83' title='bbox 424 655 535 699; x_wconf 80' lang='lat' dir='ltr'>Stephanus,</span> <span class='ocrx_word' id='word_1_84' title='bbox 544 654 574 699; x_wconf 93' lang='lat' dir='ltr'>qui</span> <span class='ocrx_word' id='word_1_85' title='bbox 586 659 650 698; x_wconf 87' lang='lat' dir='ltr'>postea</span> <span class='ocrx_word' id='word_1_86' title='bbox 661 654 745 697; x_wconf 87' lang='lat' dir='ltr'>regnauit</span> <span class='ocrx_word' id='word_1_87' title='bbox 756 655 775 687; x_wconf 89' lang='lat' dir='ltr'>in</span> <span class='ocrx_word' id='word_1_88' title='bbox 783 654 849 698; x_wconf 84' lang='lat' dir='ltr'>Angiia</span> 
     </span>
     <span class='ocr_line' id='line_1_10' title="bbox 148 706 849 754; baseline -0.001 -10"><span class='ocrx_word' id='word_1_89' title='bbox 148 707 267 750; x_wconf 86' lang='lat' dir='ltr'>etiamtunc,</span> <span class='ocrx_word' id='word_1_90' title='bbox 276 710 375 754; x_wconf 84' lang='lat' dir='ltr'>cumregis</span> <span class='ocrx_word' id='word_1_91' title='bbox 385 713 473 753; x_wconf 82' lang='lat' dir='ltr'>cognatus</span> <span class='ocrx_word' id='word_1_92' title='bbox 484 713 538 751; x_wconf 91' lang='lat' dir='ltr'>esset,</span> <span class='ocrx_word' id='word_1_93' title='bbox 546 707 608 743; x_wconf 88' lang='lat' dir='ltr'>multis</span> <span class='ocrx_word' id='word_1_94' title='bbox 619 712 637 742; x_wconf 92' lang='lat' dir='ltr'>et</span> <span class='ocrx_word' id='word_1_95' title='bbox 647 706 719 752; x_wconf 83' lang='lat' dir='ltr'>magnis</span> <span class='ocrx_word' id='word_1_96' title='bbox 730 706 849 752; x_wconf 89' lang='lat' dir='ltr'>possessioni-</span> 
     </span>
     <span class='ocr_line' id='line_1_11' title="bbox 122 760 850 806; baseline 0.003 -11"><span class='ocrx_word' id='word_1_97' title='bbox 122 764 183 798; x_wconf 79' lang='lat' dir='ltr'>robus</span> <span class='ocrx_word' id='word_1_98' title='bbox 195 762 214 796; x_wconf 95' lang='lat' dir='ltr'>in</span> <span class='ocrx_word' id='word_1_99' title='bbox 228 762 296 806; x_wconf 84' lang='lat' dir='ltr'>Angiia</span> <span class='ocrx_word' id='word_1_100' title='bbox 309 763 431 797; x_wconf 83' lang='lat' dir='ltr'>habundabat.</span> <span class='ocrx_word' id='word_1_101' title='bbox 453 762 508 797; x_wconf 91' lang='lat' dir='ltr'>Venit</span> <span class='ocrx_word' id='word_1_102' title='bbox 522 767 582 796; x_wconf 89' lang='lat' dir='ltr'>autem</span> <span class='ocrx_word' id='word_1_103' title='bbox 598 767 616 795; x_wconf 93' lang='lat' dir='ltr'>et</span> <span class='ocrx_word' id='word_1_104' title='bbox 631 761 687 795; x_wconf 85' lang='lat' dir='ltr'>frater</span> <span class='ocrx_word' id='word_1_105' title='bbox 702 760 742 795; x_wconf 91' lang='lat' dir='ltr'>eius</span> <span class='ocrx_word' id='word_1_106' title='bbox 758 760 850 797; x_wconf 92' lang='lat' dir='ltr'>Henricus</span> 
     </span>
     <span class='ocr_line' id='line_1_12' title="bbox 149 814 851 859; baseline 0 -10"><span class='ocrx_word' id='word_1_107' title='bbox 149 815 286 849; x_wconf 88' lang='lat' dir='ltr'>Wintoniensis</span> <span class='ocrx_word' id='word_1_108' title='bbox 294 817 393 859; x_wconf 89' lang='lat' dir='ltr'>episcopus</span> <span class='ocrx_word' id='word_1_109' title='bbox 403 827 444 849; x_wconf 89' lang='lat' dir='ltr'>cunr</span> <span class='ocrx_word' id='word_1_110' title='bbox 456 826 483 849; x_wconf 88' lang='lat' dir='ltr'>eo.</span> <span class='ocrx_word' id='word_1_111' title='bbox 506 814 616 857; x_wconf 88' lang='lat' dir='ltr'>Respiciens</span> <span class='ocrx_word' id='word_1_112' title='bbox 628 814 688 857; x_wconf 89' lang='lat' dir='ltr'>itaque</span> <span class='ocrx_word' id='word_1_113' title='bbox 699 814 718 847; x_wconf 91' lang='lat' dir='ltr'>in</span> <span class='ocrx_word' id='word_1_114' title='bbox 730 814 816 847; x_wconf 88' lang='lat' dir='ltr'>comitem</span> <span class='ocrx_word' id='word_1_115' title='bbox 823 814 851 849; x_wconf 93' lang='lat' dir='ltr'>vir</span> 
     </span>
     <span class='ocr_line' id='line_1_13' title="bbox 149 866 851 910; baseline -0.001 -8"><span class='ocrx_word' id='word_1_116' title='bbox 149 872 224 902; x_wconf 89' lang='lat' dir='ltr'>sanctus</span> <span class='ocrx_word' id='word_1_117' title='bbox 239 867 276 902; x_wconf 87' lang='lat' dir='ltr'>ait:</span> <span class='ocrx_word' id='word_1_118' title='bbox 295 867 363 902; x_wconf 84' lang='lat' dir='ltr'>‘Salue</span> <span class='ocrx_word' id='word_1_119' title='bbox 381 869 425 901; x_wconf 64' lang='lat' dir='ltr'>rex!</span> <span class='ocrx_word' id='word_1_120' title='bbox 456 867 493 901; x_wconf 90' lang='lat' dir='ltr'>Illis</span> <span class='ocrx_word' id='word_1_121' title='bbox 508 868 531 900; x_wconf 87' lang='lat' dir='ltr'>ad</span> <span class='ocrx_word' id='word_1_122' title='bbox 547 867 654 900; x_wconf 85' lang='lat' dir='ltr'>alterutrum</span> <span class='ocrx_word' id='word_1_123' title='bbox 672 866 818 910; x_wconf 88' lang='lat' dir='ltr'>respicientibus,</span> <span class='ocrx_word' id='word_1_124' title='bbox 833 872 851 901; x_wconf 88' lang='lat' dir='ltr'>et</span> 
     </span>
     <span class='ocr_line' id='line_1_14' title="bbox 149 919 850 965; baseline 0 -10"><span class='ocrx_word' id='word_1_125' title='bbox 149 920 268 965; x_wconf 89' lang='lat' dir='ltr'>opinantibus</span> <span class='ocrx_word' id='word_1_126' title='bbox 275 930 300 954; x_wconf 91' lang='lat' dir='ltr'>ne</span> <span class='ocrx_word' id='word_1_127' title='bbox 307 920 354 955; x_wconf 85' lang='lat' dir='ltr'>sorte</span> <span class='ocrx_word' id='word_1_128' title='bbox 362 920 390 955; x_wconf 87' lang='lat' dir='ltr'>vir</span> <span class='ocrx_word' id='word_1_129' title='bbox 398 925 472 954; x_wconf 85' lang='lat' dir='ltr'>sanctus</span> <span class='ocrx_word' id='word_1_130' title='bbox 480 921 560 953; x_wconf 92' lang='lat' dir='ltr'>humane</span> <span class='ocrx_word' id='word_1_131' title='bbox 568 920 659 962; x_wconf 86' lang='lat' dir='ltr'>opinionis</span> <span class='ocrx_word' id='word_1_132' title='bbox 669 919 763 953; x_wconf 82' lang='lat' dir='ltr'>falleretur</span> <span class='ocrx_word' id='word_1_133' title='bbox 769 919 850 955; x_wconf 89' lang='lat' dir='ltr'>incerto:</span> 
     </span>
     <span class='ocr_line' id='line_1_15' title="bbox 150 971 851 1018; baseline 0 -11"><span class='ocrx_word' id='word_1_134' title='bbox 150 973 202 1007; x_wconf 88' lang='lat' dir='ltr'>‘Tibi</span> <span class='ocrx_word' id='word_1_135' title='bbox 213 974 259 1016; x_wconf 86' lang='lat' dir='ltr'>dico,</span> <span class='ocrx_word' id='word_1_136' title='bbox 269 973 307 1017; x_wconf 91' lang='lat' dir='ltr'>[ait]</span> <span class='ocrx_word' id='word_1_137' title='bbox 313 973 324 1015; x_wconf 90' lang='lat'>¹,</span> <span class='ocrx_word' id='word_1_138' title='bbox 332 984 343 1006; x_wconf 90' lang='grc' dir='ltr'>ο</span> <span class='ocrx_word' id='word_1_139' title='bbox 355 974 455 1018; x_wconf 87' lang='lat' dir='ltr'>Stephane,</span> <span class='ocrx_word' id='word_1_140' title='bbox 464 973 515 1007; x_wconf 89' lang='lat' dir='ltr'>salue</span> <span class='ocrx_word' id='word_1_141' title='bbox 523 983 561 1007; x_wconf 88' lang='lat' dir='ltr'>rex.</span> <span class='ocrx_word' id='word_1_142' title='bbox 573 972 656 1006; x_wconf 89' lang='lat' dir='ltr'>Tradidit</span> <span class='ocrx_word' id='word_1_143' title='bbox 663 971 713 1006; x_wconf 87' lang='lat' dir='ltr'>enirn</span> <span class='ocrx_word' id='word_1_144' title='bbox 722 973 768 1007; x_wconf 93' lang='lat' dir='ltr'>deus</span> <span class='ocrx_word' id='word_1_145' title='bbox 774 982 851 1016; x_wconf 85' lang='lat' dir='ltr'>regnum</span> 
     </span>
     <span class='ocr_line' id='line_1_16' title="bbox 122 1024 851 1070; baseline 0.001 -11"><span class='ocrx_word' id='word_1_146' title='bbox 122 1036 141 1067; x_wconf 89' lang='lat'>15</span> <span class='ocrx_word' id='word_1_147' title='bbox 149 1025 217 1069; x_wconf 86' lang='lat' dir='ltr'>Angiie</span> <span class='ocrx_word' id='word_1_148' title='bbox 225 1026 243 1060; x_wconf 93' lang='lat' dir='ltr'>in</span> <span class='ocrx_word' id='word_1_149' title='bbox 252 1037 307 1060; x_wconf 90' lang='lat' dir='ltr'>manu</span> <span class='ocrx_word' id='word_1_150' title='bbox 315 1031 356 1061; x_wconf 89' lang='lat' dir='ltr'>tua:</span> <span class='ocrx_word' id='word_1_151' title='bbox 365 1032 384 1060; x_wconf 95' lang='lat' dir='ltr'>tu</span> <span class='ocrx_word' id='word_1_152' title='bbox 392 1026 433 1070; x_wconf 87' lang='lat' dir='ltr'>paci</span> <span class='ocrx_word' id='word_1_153' title='bbox 441 1030 459 1060; x_wconf 93' lang='lat' dir='ltr'>et</span> <span class='ocrx_word' id='word_1_154' title='bbox 467 1025 553 1070; x_wconf 81' lang='lat' dir='ltr'>equitati²</span> <span class='ocrx_word' id='word_1_155' title='bbox 561 1024 657 1060; x_wconf 84' lang='lat' dir='ltr'>intendere</span> <span class='ocrx_word' id='word_1_156' title='bbox 665 1025 724 1068; x_wconf 88' lang='lat' dir='ltr'>stude,</span> <span class='ocrx_word' id='word_1_157' title='bbox 729 1030 747 1060; x_wconf 90' lang='lat' dir='ltr'>et</span> <span class='ocrx_word' id='word_1_158' title='bbox 755 1024 851 1060; x_wconf 84' lang='lat' dir='ltr'>ecclesiam</span> 
     </span>
     <span class='ocr_line' id='line_1_17' title="bbox 150 1078 852 1122; baseline 0 -10"><span class='ocrx_word' id='word_1_159' title='bbox 150 1078 180 1112; x_wconf 90' lang='lat' dir='ltr'>dei</span> <span class='ocrx_word' id='word_1_160' title='bbox 188 1081 235 1112; x_wconf 90' lang='lat' dir='ltr'>tueri</span> <span class='ocrx_word' id='word_1_161' title='bbox 243 1084 261 1112; x_wconf 91' lang='lat' dir='ltr'>et</span> <span class='ocrx_word' id='word_1_162' title='bbox 269 1079 390 1112; x_wconf 86' lang='lat' dir='ltr'>honorificare</span> <span class='ocrx_word' id='word_1_163' title='bbox 398 1081 471 1112; x_wconf 66' lang='lat' dir='ltr'>curato!</span> <span class='ocrx_word' id='word_1_164' title='bbox 495 1078 553 1122; x_wconf 85' lang='lat' dir='ltr'>igitur</span> <span class='ocrx_word' id='word_1_165' title='bbox 564 1089 606 1112; x_wconf 91' lang='lat' dir='ltr'>cum</span> <span class='ocrx_word' id='word_1_166' title='bbox 618 1078 724 1122; x_wconf 85' lang='lat' dir='ltr'>Stephanus</span> <span class='ocrx_word' id='word_1_167' title='bbox 736 1083 826 1121; x_wconf 84' lang='lat' dir='ltr'>regnaret,</span> <span class='ocrx_word' id='word_1_168' title='bbox 834 1084 852 1112; x_wconf 90' lang='lat' dir='ltr'>et</span> 
     </span>
     <span class='ocr_line' id='line_1_18' title="bbox 150 1130 851 1175; baseline 0 -10"><span class='ocrx_word' id='word_1_169' title='bbox 150 1130 190 1165; x_wconf 86' lang='lat' dir='ltr'>aliis</span> <span class='ocrx_word' id='word_1_170' title='bbox 198 1141 276 1175; x_wconf 84' lang='lat' dir='ltr'>regnum</span> <span class='ocrx_word' id='word_1_171' title='bbox 288 1130 423 1175; x_wconf 85' lang='lat' dir='ltr'>requirentibus</span> <span class='ocrx_word' id='word_1_172' title='bbox 431 1131 454 1164; x_wconf 91' lang='lat' dir='ltr'>de</span> <span class='ocrx_word' id='word_1_173' title='bbox 464 1141 519 1165; x_wconf 89' lang='lat' dir='ltr'>manu</span> <span class='ocrx_word' id='word_1_174' title='bbox 530 1130 575 1172; x_wconf 90' lang='lat' dir='ltr'>eius,</span> <span class='ocrx_word' id='word_1_175' title='bbox 583 1141 620 1174; x_wconf 86' lang='lat' dir='ltr'>pax</span> <span class='ocrx_word' id='word_1_176' title='bbox 631 1130 706 1164; x_wconf 90' lang='lat' dir='ltr'>omnino</span> <span class='ocrx_word' id='word_1_177' title='bbox 714 1132 737 1165; x_wconf 87' lang='lat' dir='ltr'>de</span> <span class='ocrx_word' id='word_1_178' title='bbox 744 1130 812 1174; x_wconf 83' lang='lat' dir='ltr'>Anglia</span> <span class='ocrx_word' id='word_1_179' title='bbox 820 1141 851 1165; x_wconf 83' lang='lat' dir='ltr'>ex·</span> 
     </span>
     <span class='ocr_line' id='line_1_19' title="bbox 149 1183 851 1229; baseline -0.003 -10"><span class='ocrx_word' id='word_1_180' title='bbox 149 1184 221 1219; x_wconf 79' lang='lat' dir='ltr'>turbata</span> <span class='ocrx_word' id='word_1_181' title='bbox 229 1184 262 1219; x_wconf 86' lang='lat' dir='ltr'>suit</span> <span class='ocrx_word' id='word_1_182' title='bbox 266 1184 277 1219; x_wconf 53' lang='grc' dir='ltr'>Β.</span> <span class='ocrx_word' id='word_1_183' title='bbox 300 1184 360 1227; x_wconf 79' lang='lat' dir='ltr'>Quam</span> <span class='ocrx_word' id='word_1_184' title='bbox 369 1184 442 1229; x_wconf 88' lang='lat' dir='ltr'>quidem</span> <span class='ocrx_word' id='word_1_185' title='bbox 450 1183 571 1219; x_wconf 87' lang='lat' dir='ltr'>turbationem</span> <span class='ocrx_word' id='word_1_186' title='bbox 579 1184 607 1218; x_wconf 92' lang='lat' dir='ltr'>vir</span> <span class='ocrx_word' id='word_1_187' title='bbox 616 1190 691 1219; x_wconf 90' lang='lat' dir='ltr'>sanctus</span> <span class='ocrx_word' id='word_1_188' title='bbox 698 1183 851 1229; x_wconf 83' lang='lat' dir='ltr'>prophetauerat;</span> 
     </span>
     <span class='ocr_line' id='line_1_20' title="bbox 150 1232 853 1280; baseline -0.001 -8"><span class='ocrx_word' id='word_1_189' title='bbox 150 1242 169 1272; x_wconf 87' lang='lat' dir='ltr'>et</span> <span class='ocrx_word' id='word_1_190' title='bbox 180 1238 205 1271; x_wconf 87' lang='lat' dir='ltr'>ait</span> <span class='ocrx_word' id='word_1_191' title='bbox 216 1237 300 1271; x_wconf 90' lang='lat' dir='ltr'>eiusdem</span> <span class='ocrx_word' id='word_1_192' title='bbox 310 1237 353 1272; x_wconf 92' lang='lat' dir='ltr'>viiie</span> <span class='ocrx_word' id='word_1_193' title='bbox 365 1232 451 1272; x_wconf 83' lang='lat' dir='ltr'>domino:</span> <span class='ocrx_word' id='word_1_194' title='bbox 465 1237 519 1271; x_wconf 87' lang='lat' dir='ltr'>‘Rex</span> <span class='ocrx_word' id='word_1_195' title='bbox 531 1237 637 1280; x_wconf 86' lang='lat' dir='ltr'>Stephanus</span> <span class='ocrx_word' id='word_1_196' title='bbox 650 1236 729 1271; x_wconf 87' lang='lat' dir='ltr'>crastina</span> <span class='ocrx_word' id='word_1_197' title='bbox 740 1237 770 1271; x_wconf 93' lang='lat' dir='ltr'>die</span> <span class='ocrx_word' id='word_1_198' title='bbox 781 1236 853 1271; x_wconf 82' lang='lat' dir='ltr'>clabitur</span> 
     </span>
     <span class='ocr_line' id='line_1_21' title="bbox 123 1289 853 1333; baseline -0.001 -10"><span class='ocrx_word' id='word_1_199' title='bbox 123 1290 169 1324; x_wconf 78' lang='lat' dir='ltr'>aoin</span> <span class='ocrx_word' id='word_1_200' title='bbox 188 1300 254 1324; x_wconf 88' lang='lat' dir='ltr'>manus</span> <span class='ocrx_word' id='word_1_201' title='bbox 272 1289 387 1325; x_wconf 90' lang='lat' dir='ltr'>inimicorum</span> <span class='ocrx_word' id='word_1_202' title='bbox 406 1295 522 1332; x_wconf 89' lang='lat' dir='ltr'>suorum,·et</span> <span class='ocrx_word' id='word_1_203' title='bbox 540 1289 623 1333; x_wconf 88' lang='lat' dir='ltr'>captiuus</span> <span class='ocrx_word' id='word_1_204' title='bbox 641 1290 728 1333; x_wconf 89' lang='lat' dir='ltr'>ducetur;</span> <span class='ocrx_word' id='word_1_205' title='bbox 748 1289 853 1323; x_wconf 86' lang='lat' dir='ltr'>liberabitur</span> 
     </span>
     <span class='ocr_line' id='line_1_22' title="bbox 151 1341 852 1385; baseline -0.003 -9"><span class='ocrx_word' id='word_1_206' title='bbox 151 1348 217 1382; x_wconf 86' lang='lat' dir='ltr'>tamen,</span> <span class='ocrx_word' id='word_1_207' title='bbox 230 1348 248 1376; x_wconf 87' lang='lat' dir='ltr'>et</span> <span class='ocrx_word' id='word_1_208' title='bbox 263 1341 294 1385; x_wconf 87' lang='lat' dir='ltr'>qui</span> <span class='ocrx_word' id='word_1_209' title='bbox 309 1342 388 1385; x_wconf 87' lang='lat' dir='ltr'>captiuat</span> <span class='ocrx_word' id='word_1_210' title='bbox 401 1353 444 1376; x_wconf 92' lang='lat' dir='ltr'>eum</span> <span class='ocrx_word' id='word_1_211' title='bbox 459 1346 593 1385; x_wconf 87' lang='lat' dir='ltr'>consequenter</span> <span class='ocrx_word' id='word_1_212' title='bbox 608 1343 631 1375; x_wconf 90' lang='lat' dir='ltr'>de</span> <span class='ocrx_word' id='word_1_213' title='bbox 645 1343 710 1375; x_wconf 90' lang='lat' dir='ltr'>eodem</span> <span class='ocrx_word' id='word_1_214' title='bbox 723 1342 780 1375; x_wconf 85' lang='lat' dir='ltr'>calice</span> <span class='ocrx_word' id='word_1_215' title='bbox 793 1342 852 1375; x_wconf 68' lang='lat' dir='ltr'>bibet!</span> 
     </span>
     <span class='ocr_line' id='line_1_23' title="bbox 151 1393 853 1439; baseline 0 -10"><span class='ocrx_word' id='word_1_216' title='bbox 151 1395 247 1429; x_wconf 87' lang='lat' dir='ltr'>Postremo</span> <span class='ocrx_word' id='word_1_217' title='bbox 253 1394 335 1429; x_wconf 89' lang='lat' dir='ltr'>venienti</span> <span class='ocrx_word' id='word_1_218' title='bbox 340 1396 363 1428; x_wconf 92' lang='lat' dir='ltr'>ad</span> <span class='ocrx_word' id='word_1_219' title='bbox 368 1405 410 1428; x_wconf 93' lang='lat' dir='ltr'>eum</span> <span class='ocrx_word' id='word_1_220' title='bbox 416 1394 464 1439; x_wconf 75' lang='lat' dir='ltr'>regi¹</span> <span class='ocrx_word' id='word_1_221' title='bbox 471 1394 570 1438; x_wconf 89' lang='lat' dir='ltr'>Stephano,</span> <span class='ocrx_word' id='word_1_222' title='bbox 576 1399 618 1437; x_wconf 90' lang='lat' dir='ltr'>post</span> <span class='ocrx_word' id='word_1_223' title='bbox 624 1393 759 1438; x_wconf 87' lang='lat' dir='ltr'>obiurgationes</span> <span class='ocrx_word' id='word_1_224' title='bbox 764 1393 853 1438; x_wconf 90' lang='lat' dir='ltr'>plurimas</span> 
     </span>
     <span class='ocr_line' id='line_1_24' title="bbox 151 1447 853 1492; baseline 0 -9"><span class='ocrx_word' id='word_1_225' title='bbox 151 1452 170 1483; x_wconf 90' lang='lat' dir='ltr'>et</span> <span class='ocrx_word' id='word_1_226' title='bbox 181 1447 318 1482; x_wconf 85' lang='lat' dir='ltr'>exhortationes</span> <span class='ocrx_word' id='word_1_227' title='bbox 330 1448 437 1490; x_wconf 82' lang='lat' dir='ltr'>salutiferas,</span> <span class='ocrx_word' id='word_1_228' title='bbox 449 1448 484 1482; x_wconf 85' lang='lat' dir='ltr'>hoe</span> <span class='ocrx_word' id='word_1_229' title='bbox 498 1448 546 1482; x_wconf 87' lang='lat' dir='ltr'>inter</span> <span class='ocrx_word' id='word_1_230' title='bbox 557 1453 618 1482; x_wconf 88' lang='lat' dir='ltr'>cetera</span> <span class='ocrx_word' id='word_1_231' title='bbox 631 1447 736 1492; x_wconf 88' lang='lat' dir='ltr'>repromisit</span> <span class='ocrx_word' id='word_1_232' title='bbox 749 1448 798 1492; x_wconf 88' lang='lat' dir='ltr'>quod</span> <span class='ocrx_word' id='word_1_233' title='bbox 811 1458 853 1483; x_wconf 90' lang='lat' dir='ltr'>eum</span> 
     </span>
     <span class='ocr_line' id='line_1_25' title="bbox 152 1501 853 1546; baseline -0.001 -11"><span class='ocrx_word' id='word_1_234' title='bbox 152 1505 245 1544; x_wconf 83' lang='lat' dir='ltr'>oporteret</span> <span class='ocrx_word' id='word_1_235' title='bbox 257 1501 346 1545; x_wconf 67' lang='lat' dir='ltr'>regnarel</span> <span class='ocrx_word' id='word_1_236' title='bbox 357 1502 417 1545; x_wconf 91' lang='lat' dir='ltr'>quoad</span> <span class='ocrx_word' id='word_1_237' title='bbox 428 1501 508 1544; x_wconf 84' lang='lat' dir='ltr'>viueret;</span> <span class='ocrx_word' id='word_1_238' title='bbox 521 1511 621 1545; x_wconf 84' lang='lat' dir='ltr'>regemque</span> <span class='ocrx_word' id='word_1_239' title='bbox 633 1501 726 1535; x_wconf 89' lang='lat' dir='ltr'>cuiusdam</span> <span class='ocrx_word' id='word_1_240' title='bbox 739 1501 809 1546; x_wconf 89' lang='lat' dir='ltr'>peccati</span> <span class='ocrx_word' id='word_1_241' title='bbox 820 1501 853 1543; x_wconf 90' lang='lat' dir='ltr'>sui,</span> 
     </span>
     <span class='ocr_line' id='line_1_26' title="bbox 125 1553 854 1597; baseline 0 -9"><span class='ocrx_word' id='word_1_242' title='bbox 125 1567 143 1597; x_wconf 83' lang='lat'>25</span> <span class='ocrx_word' id='word_1_243' title='bbox 152 1554 201 1597; x_wconf 87' lang='lat' dir='ltr'>quod</span> <span class='ocrx_word' id='word_1_244' title='bbox 210 1554 265 1587; x_wconf 89' lang='lat' dir='ltr'>etiam</span> <span class='ocrx_word' id='word_1_245' title='bbox 273 1553 402 1587; x_wconf 88' lang='lat' dir='ltr'>nominetenus</span> <span class='ocrx_word' id='word_1_246' title='bbox 411 1554 508 1596; x_wconf 81' lang='lat' dir='ltr'>expressit,</span> <span class='ocrx_word' id='word_1_247' title='bbox 517 1554 636 1596; x_wconf 89' lang='lat' dir='ltr'>penitentiam</span> <span class='ocrx_word' id='word_1_248' title='bbox 644 1565 698 1597; x_wconf 83' lang='lat' dir='ltr'>agere</span> <span class='ocrx_word' id='word_1_249' title='bbox 706 1555 812 1588; x_wconf 86' lang='lat' dir='ltr'>exhortatus</span> <span class='ocrx_word' id='word_1_250' title='bbox 820 1560 854 1595; x_wconf 90' lang='lat' dir='ltr'>est,</span> 
     </span>
     <span class='ocr_line' id='line_1_27' title="bbox 152 1604 854 1650; baseline -0.001 -9"><span class='ocrx_word' id='word_1_251' title='bbox 152 1604 240 1641; x_wconf 88' lang='lat' dir='ltr'>adiiciens</span> <span class='ocrx_word' id='word_1_252' title='bbox 251 1605 317 1650; x_wconf 73' lang='lat' dir='ltr'>[quia]⁶</span> <span class='ocrx_word' id='word_1_253' title='bbox 325 1617 420 1650; x_wconf 90' lang='lat' dir='ltr'>quousque</span> <span class='ocrx_word' id='word_1_254' title='bbox 431 1606 522 1650; x_wconf 89' lang='lat' dir='ltr'>peniteret</span> <span class='ocrx_word' id='word_1_255' title='bbox 533 1605 646 1650; x_wconf 91' lang='lat' dir='ltr'>impossibiie</span> <span class='ocrx_word' id='word_1_256' title='bbox 658 1611 696 1641; x_wconf 84' lang='lat' dir='ltr'>erat</span> <span class='ocrx_word' id='word_1_257' title='bbox 708 1606 777 1641; x_wconf 86' lang='lat' dir='ltr'>firmari</span> <span class='ocrx_word' id='word_1_258' title='bbox 788 1606 854 1641; x_wconf 89' lang='lat' dir='ltr'>solium</span> 
     </span>
     <span class='ocr_line' id='line_1_28' title="bbox 152 1659 854 1704; baseline 0.001 -10"><span class='ocrx_word' id='word_1_259' title='bbox 152 1659 192 1694; x_wconf 89' lang='lat' dir='ltr'>eius</span> <span class='ocrx_word' id='word_1_260' title='bbox 203 1664 222 1692; x_wconf 91' lang='lat' dir='ltr'>et</span> <span class='ocrx_word' id='word_1_261' title='bbox 233 1670 297 1704; x_wconf 87' lang='lat' dir='ltr'>pacem</span> <span class='ocrx_word' id='word_1_262' title='bbox 309 1660 364 1693; x_wconf 87' lang='lat' dir='ltr'>rebus</span> <span class='ocrx_word' id='word_1_263' title='bbox 376 1660 420 1693; x_wconf 89' lang='lat' dir='ltr'>dari.</span> <span class='ocrx_word' id='word_1_264' title='bbox 443 1659 514 1701; x_wconf 81' lang='lat' dir='ltr'>Quibus</span> <span class='ocrx_word' id='word_1_265' title='bbox 522 1659 587 1693; x_wconf 88' lang='lat' dir='ltr'>auditis</span> <span class='ocrx_word' id='word_1_266' title='bbox 595 1671 629 1694; x_wconf 81' lang='lat' dir='ltr'>rex</span> <span class='ocrx_word' id='word_1_267' title='bbox 636 1660 714 1694; x_wconf 90' lang='lat' dir='ltr'>vhertim</span> <span class='ocrx_word' id='word_1_268' title='bbox 722 1661 767 1695; x_wconf 87' lang='lat' dir='ltr'>flere</span> <span class='ocrx_word' id='word_1_269' title='bbox 775 1660 828 1704; x_wconf 87' lang='lat' dir='ltr'>cepit,</span> <span class='ocrx_word' id='word_1_270' title='bbox 837 1665 854 1695; x_wconf 92' lang='lat' dir='ltr'>et</span> 
     </span>
     <span class='ocr_line' id='line_1_29' title="bbox 152 1712 854 1758; baseline 0.003 -12"><span class='ocrx_word' id='word_1_271' title='bbox 152 1713 224 1758; x_wconf 87' lang='lat' dir='ltr'>peccati</span> <span class='ocrx_word' id='word_1_272' title='bbox 244 1712 327 1747; x_wconf 89' lang='lat' dir='ltr'>eiusdem</span> <span class='ocrx_word' id='word_1_273' title='bbox 345 1712 480 1748; x_wconf 84' lang='lat' dir='ltr'>confessionem</span> <span class='ocrx_word' id='word_1_274' title='bbox 499 1724 523 1747; x_wconf 88' lang='lat' dir='ltr'>ex</span> <span class='ocrx_word' id='word_1_275' title='bbox 542 1712 602 1748; x_wconf 89' lang='lat' dir='ltr'>animo</span> <span class='ocrx_word' id='word_1_276' title='bbox 621 1713 694 1757; x_wconf 83' lang='lat' dir='ltr'>satiens,</span> <span class='ocrx_word' id='word_1_277' title='bbox 710 1713 818 1758; x_wconf 86' lang='lat' dir='ltr'>percutienti</span> <span class='ocrx_word' id='word_1_278' title='bbox 836 1718 854 1748; x_wconf 90' lang='lat' dir='ltr'>et</span> 
     </span>
     <span class='ocr_line' id='line_1_30' title="bbox 153 1759 855 1810; baseline 0.001 -9"><span class='ocrx_word' id='word_1_279' title='bbox 153 1766 263 1809; x_wconf 89' lang='lat' dir='ltr'>conspuenti</span> <span class='ocrx_word' id='word_1_280' title='bbox 271 1766 361 1810; x_wconf 87' lang='lat' dir='ltr'>prophete</span> <span class='ocrx_word' id='word_1_281' title='bbox 369 1767 461 1800; x_wconf 85' lang='lat' dir='ltr'>maxillam</span> <span class='ocrx_word' id='word_1_282' title='bbox 473 1766 528 1802; x_wconf 80' lang='lat' dir='ltr'>dedit.</span> <span class='ocrx_word' id='word_1_283' title='bbox 573 1759 624 1801; x_wconf 86' lang='lat' dir='ltr'>Cum</span> <span class='ocrx_word' id='word_1_284' title='bbox 636 1767 685 1801; x_wconf 89' lang='lat' dir='ltr'>enim</span> <span class='ocrx_word' id='word_1_285' title='bbox 697 1777 757 1802; x_wconf 92' lang='lat' dir='ltr'>annus</span> <span class='ocrx_word' id='word_1_286' title='bbox 768 1767 785 1802; x_wconf 86' lang='lat' dir='ltr'>ei</span> <span class='ocrx_word' id='word_1_287' title='bbox 792 1768 821 1802; x_wconf 88' lang='lat' dir='ltr'>vel</span> <span class='ocrx_word' id='word_1_288' title='bbox 833 1777 855 1802; x_wconf 87' lang='lat' dir='ltr'>eo</span> 
     </span>
     <span class='ocr_line' id='line_1_31' title="bbox 125 1817 855 1864; baseline 0 -12"><span class='ocrx_word' id='word_1_289' title='bbox 125 1835 145 1864; x_wconf 79' lang='lat'>3⁰</span> <span class='ocrx_word' id='word_1_290' title='bbox 154 1817 233 1861; x_wconf 88' lang='lat' dir='ltr'>amplius</span> <span class='ocrx_word' id='word_1_291' title='bbox 245 1818 304 1851; x_wconf 88' lang='lat' dir='ltr'>adhuc</span> <span class='ocrx_word' id='word_1_292' title='bbox 316 1824 423 1861; x_wconf 90' lang='lat' dir='ltr'>superesset</span> <span class='ocrx_word' id='word_1_293' title='bbox 434 1818 457 1850; x_wconf 88' lang='lat' dir='ltr'>ad</span> <span class='ocrx_word' id='word_1_294' title='bbox 465 1818 526 1860; x_wconf 85' lang='lat' dir='ltr'>vitam,</span> <span class='ocrx_word' id='word_1_295' title='bbox 534 1819 605 1851; x_wconf 87' lang='lat' dir='ltr'>sedenti</span> <span class='ocrx_word' id='word_1_296' title='bbox 613 1820 692 1862; x_wconf 86' lang='lat' dir='ltr'>quadam</span> <span class='ocrx_word' id='word_1_297' title='bbox 700 1819 730 1852; x_wconf 90' lang='lat' dir='ltr'>die</span> <span class='ocrx_word' id='word_1_298' title='bbox 737 1820 756 1852; x_wconf 93' lang='lat' dir='ltr'>in</span> <span class='ocrx_word' id='word_1_299' title='bbox 764 1820 810 1852; x_wconf 86' lang='lat' dir='ltr'>ceila</span> <span class='ocrx_word' id='word_1_300' title='bbox 818 1829 855 1861; x_wconf 87' lang='lat' dir='ltr'>sua,</span> 
     </span>
     <span class='ocr_line' id='line_1_32' title="bbox 151 1869 854 1914; baseline 0.001 -9"><span class='ocrx_word' id='word_1_301' title='bbox 151 1870 207 1905; x_wconf 88' lang='lat' dir='ltr'>lorica</span> <span class='ocrx_word' id='word_1_302' title='bbox 215 1871 238 1904; x_wconf 89' lang='lat' dir='ltr'>ab</span> <span class='ocrx_word' id='word_1_303' title='bbox 246 1869 327 1904; x_wconf 90' lang='lat' dir='ltr'>humeris</span> <span class='ocrx_word' id='word_1_304' title='bbox 335 1870 422 1905; x_wconf 91' lang='lat' dir='ltr'>diuinitus</span> <span class='ocrx_word' id='word_1_305' title='bbox 429 1869 499 1905; x_wconf 86' lang='lat' dir='ltr'>dissuta</span> <span class='ocrx_word' id='word_1_306' title='bbox 510 1871 533 1905; x_wconf 93' lang='lat' dir='ltr'>ad</span> <span class='ocrx_word' id='word_1_307' title='bbox 542 1881 603 1914; x_wconf 85' lang='lat' dir='ltr'>genua</span> <span class='ocrx_word' id='word_1_308' title='bbox 610 1871 670 1906; x_wconf 90' lang='lat' dir='ltr'>subito</span> <span class='ocrx_word' id='word_1_309' title='bbox 678 1871 760 1914; x_wconf 87' lang='lat' dir='ltr'>concidit,</span> <span class='ocrx_word' id='word_1_310' title='bbox 769 1877 787 1906; x_wconf 94' lang='lat' dir='ltr'>et</span> <span class='ocrx_word' id='word_1_311' title='bbox 795 1870 854 1906; x_wconf 90' lang='lat' dir='ltr'>statim</span> 
     </span>
     <span class='ocr_line' id='line_1_33' title="bbox 152 1923 855 1968; baseline 0 -10"><span class='ocrx_word' id='word_1_312' title='bbox 152 1923 227 1958; x_wconf 83' lang='lat' dir='ltr'>loricam</span> <span class='ocrx_word' id='word_1_313' title='bbox 235 1924 258 1957; x_wconf 87' lang='lat' dir='ltr'>ad</span> <span class='ocrx_word' id='word_1_314' title='bbox 266 1923 350 1966; x_wconf 86' lang='lat' dir='ltr'>scapulas</span> <span class='ocrx_word' id='word_1_315' title='bbox 358 1924 448 1957; x_wconf 89' lang='lat' dir='ltr'>reducens</span> <span class='ocrx_word' id='word_1_316' title='bbox 460 1923 541 1967; x_wconf 85' lang='lat' dir='ltr'>corrigiis</span> <span class='ocrx_word' id='word_1_317' title='bbox 550 1933 591 1957; x_wconf 90' lang='lat' dir='ltr'>eam</span> <span class='ocrx_word' id='word_1_318' title='bbox 600 1923 704 1958; x_wconf 85' lang='lat' dir='ltr'>fortioribus</span> <span class='ocrx_word' id='word_1_319' title='bbox 712 1924 810 1968; x_wconf 84' lang='lat' dir='ltr'>recollegit.</span> <span class='ocrx_word' id='word_1_320' title='bbox 833 1924 855 1958; x_wconf 87' lang='lat' dir='ltr'>Et</span> 
     </span>
     <span class='ocr_line' id='line_1_34' title="bbox 153 1975 855 2022; baseline -0.001 -11"><span class='ocrx_word' id='word_1_321' title='bbox 153 1986 196 2011; x_wconf 86' lang='lat' dir='ltr'>ecce</span> <span class='ocrx_word' id='word_1_322' title='bbox 207 1987 275 2020; x_wconf 88' lang='lat' dir='ltr'>corpus</span> <span class='ocrx_word' id='word_1_323' title='bbox 286 1976 326 2010; x_wconf 86' lang='lat' dir='ltr'>eius</span> <span class='ocrx_word' id='word_1_324' title='bbox 337 1987 392 2011; x_wconf 83' lang='lat' dir='ltr'>onrne</span> <span class='ocrx_word' id='word_1_325' title='bbox 403 1975 470 2011; x_wconf 88' lang='lat' dir='ltr'>vesicis</span> <span class='ocrx_word' id='word_1_326' title='bbox 481 1982 587 2021; x_wconf 83' lang='lat' dir='ltr'>turgescere</span> <span class='ocrx_word' id='word_1_327' title='bbox 599 1977 652 2021; x_wconf 86' lang='lat' dir='ltr'>cepit,</span> <span class='ocrx_word' id='word_1_328' title='bbox 663 1982 682 2011; x_wconf 91' lang='lat' dir='ltr'>et</span> <span class='ocrx_word' id='word_1_329' title='bbox 694 1988 736 2012; x_wconf 87' lang='lat' dir='ltr'>caro</span> <span class='ocrx_word' id='word_1_330' title='bbox 747 1978 802 2022; x_wconf 87' lang='lat' dir='ltr'>paulo</span> <span class='ocrx_word' id='word_1_331' title='bbox 814 1981 855 2011; x_wconf 90' lang='lat' dir='ltr'>ante</span> 
     </span>
     <span class='ocr_line' id='line_1_35' title="bbox 153 2029 856 2074; baseline 0.003 -11"><span class='ocrx_word' id='word_1_332' title='bbox 153 2030 212 2064; x_wconf 85' lang='lat' dir='ltr'>ferrea</span> <span class='ocrx_word' id='word_1_333' title='bbox 219 2041 243 2064; x_wconf 85' lang='lat' dir='ltr'>ex</span> <span class='ocrx_word' id='word_1_334' title='bbox 251 2029 316 2073; x_wconf 90' lang='lat' dir='ltr'>spiritu</span> <span class='ocrx_word' id='word_1_335' title='bbox 324 2030 358 2072; x_wconf 86' lang='lat' dir='ltr'>dei,</span> <span class='ocrx_word' id='word_1_336' title='bbox 366 2030 402 2064; x_wconf 90' lang='lat' dir='ltr'>iam</span> <span class='ocrx_word' id='word_1_337' title='bbox 411 2041 434 2064; x_wconf 90' lang='lat' dir='ltr'>ex</span> <span class='ocrx_word' id='word_1_338' title='bbox 442 2029 504 2074; x_wconf 86' lang='lat' dir='ltr'>seipsa</span> <span class='ocrx_word' id='word_1_339' title='bbox 511 2041 553 2064; x_wconf 86' lang='lat' dir='ltr'>caro</span> <span class='ocrx_word' id='word_1_340' title='bbox 561 2030 635 2065; x_wconf 90' lang='lat' dir='ltr'>inuenta</span> <span class='ocrx_word' id='word_1_341' title='bbox 643 2035 676 2065; x_wconf 91' lang='lat' dir='ltr'>est.</span> <span class='ocrx_word' id='word_1_342' title='bbox 700 2030 730 2065; x_wconf 91' lang='lat' dir='ltr'>Sic</span> <span class='ocrx_word' id='word_1_343' title='bbox 738 2031 794 2065; x_wconf 88' lang='lat' dir='ltr'>lorica</span> <span class='ocrx_word' id='word_1_344' title='bbox 802 2030 856 2065; x_wconf 90' lang='lat' dir='ltr'>simul</span> 
     </span>
     <span class='ocr_line' id='line_1_36' title="bbox 127 2082 857 2127; baseline 0.001 -12"><span class='ocrx_word' id='word_1_345' title='bbox 127 2097 145 2127; x_wconf 74' lang='lat'>35</span> <span class='ocrx_word' id='word_1_346' title='bbox 154 2087 172 2116; x_wconf 92' lang='lat' dir='ltr'>et</span> <span class='ocrx_word' id='word_1_347' title='bbox 184 2092 231 2123; x_wconf 86' lang='lat' dir='ltr'>caro,</span> <span class='ocrx_word' id='word_1_348' title='bbox 243 2082 298 2115; x_wconf 84' lang='lat' dir='ltr'>simili</span> <span class='ocrx_word' id='word_1_349' title='bbox 309 2083 395 2126; x_wconf 85' lang='lat' dir='ltr'>presagio</span> <span class='ocrx_word' id='word_1_350' title='bbox 406 2083 470 2115; x_wconf 89' lang='lat' dir='ltr'>militie</span> <span class='ocrx_word' id='word_1_351' title='bbox 481 2094 514 2116; x_wconf 90' lang='lat' dir='ltr'>sue</span> <span class='ocrx_word' id='word_1_352' title='bbox 526 2088 600 2126; x_wconf 87' lang='lat' dir='ltr'>tempus</span> <span class='ocrx_word' id='word_1_353' title='bbox 613 2083 708 2127; x_wconf 89' lang='lat' dir='ltr'>impletum</span> <span class='ocrx_word' id='word_1_354' title='bbox 720 2084 857 2127; x_wconf 86' lang='lat' dir='ltr'>presignabant.</span> 
     </span>
     <span class='ocr_line' id='line_1_37' title="bbox 153 2133 856 2180; baseline 0 -12"><span class='ocrx_word' id='word_1_355' title='bbox 153 2133 254 2179; x_wconf 63' lang='lat' dir='ltr'>&#39;Dixitque</span> <span class='ocrx_word' id='word_1_356' title='bbox 267 2134 352 2170; x_wconf 89' lang='lat' dir='ltr'>Osberno</span> <span class='ocrx_word' id='word_1_357' title='bbox 364 2134 477 2180; x_wconf 83' lang='lat' dir='ltr'>presbitero;</span> <span class='ocrx_word' id='word_1_358' title='bbox 493 2135 562 2178; x_wconf 65' lang='lat' dir='ltr'>‘Hora</span> <span class='ocrx_word' id='word_1_359' title='bbox 573 2134 637 2180; x_wconf 89' lang='lat' dir='ltr'>inquit,</span> <span class='ocrx_word' id='word_1_360' title='bbox 649 2135 748 2171; x_wconf 88' lang='lat' dir='ltr'>vocationis</span> <span class='ocrx_word' id='word_1_361' title='bbox 760 2147 801 2170; x_wconf 87' lang='lat' dir='ltr'>mee</span> <span class='ocrx_word' id='word_1_362' title='bbox 812 2140 840 2170; x_wconf 90' lang='lat' dir='ltr'>est</span> <span class='ocrx_word' id='word_1_363' title='bbox 845 2135 856 2178; x_wconf 82' lang='lat'>⁸,</span> 
     </span>
    </p>
   </div>
   <div class='ocr_carea' id='block_1_3' title="bbox 126 2186 857 2445">
    <p class='ocr_par' dir='ltr' id='par_1_3' title="bbox 126 2186 857 2445">
     <span class='ocr_line' id='line_1_38' title="bbox 154 2186 856 2234; baseline 0.001 -11"><span class='ocrx_word' id='word_1_364' title='bbox 154 2192 173 2223; x_wconf 91' lang='lat' dir='ltr'>et</span> <span class='ocrx_word' id='word_1_365' title='bbox 186 2186 215 2222; x_wconf 89' lang='lat' dir='ltr'>die</span> <span class='ocrx_word' id='word_1_366' title='bbox 229 2187 299 2222; x_wconf 88' lang='lat' dir='ltr'>sabbati</span> <span class='ocrx_word' id='word_1_367' title='bbox 312 2187 331 2222; x_wconf 90' lang='lat' dir='ltr'>in</span> <span class='ocrx_word' id='word_1_368' title='bbox 344 2198 422 2233; x_wconf 88' lang='lat' dir='ltr'>vespere</span> <span class='ocrx_word' id='word_1_369' title='bbox 434 2194 518 2233; x_wconf 86' lang='lat' dir='ltr'>paratum</span> <span class='ocrx_word' id='word_1_370' title='bbox 528 2198 558 2223; x_wconf 93' lang='lat' dir='ltr'>me</span> <span class='ocrx_word' id='word_1_371' title='bbox 570 2198 612 2224; x_wconf 89' lang='lat' dir='ltr'>esse</span> <span class='ocrx_word' id='word_1_372' title='bbox 624 2193 699 2233; x_wconf 81' lang='lat' dir='ltr'>oportet.</span> <span class='ocrx_word' id='word_1_373' title='bbox 722 2189 762 2234; x_wconf 85' lang='lat' dir='ltr'>Ego</span> <span class='ocrx_word' id='word_1_374' title='bbox 773 2189 822 2224; x_wconf 89' lang='lat' dir='ltr'>enim</span> <span class='ocrx_word' id='word_1_375' title='bbox 834 2189 856 2223; x_wconf 92' lang='lat' dir='ltr'>ad</span> 
     </span>
     <span class='ocr_line' id='line_1_39' title="bbox 154 2240 857 2285; baseline 0.003 -11"><span class='ocrx_word' id='word_1_376' title='bbox 154 2240 249 2274; x_wconf 88' lang='lat' dir='ltr'>dominum</span> <span class='ocrx_word' id='word_1_377' title='bbox 261 2251 323 2274; x_wconf 90' lang='lat' dir='ltr'>meum</span> <span class='ocrx_word' id='word_1_378' title='bbox 333 2243 381 2275; x_wconf 88' lang='lat' dir='ltr'>vado</span> <span class='ocrx_word' id='word_1_379' title='bbox 393 2241 421 2275; x_wconf 91' lang='lat' dir='ltr'>cui</span> <span class='ocrx_word' id='word_1_380' title='bbox 433 2242 505 2283; x_wconf 87' lang='lat' dir='ltr'>seruiui,</span> <span class='ocrx_word' id='word_1_381' title='bbox 515 2247 534 2276; x_wconf 91' lang='lat' dir='ltr'>et</span> <span class='ocrx_word' id='word_1_382' title='bbox 545 2241 585 2275; x_wconf 93' lang='lat' dir='ltr'>dies</span> <span class='ocrx_word' id='word_1_383' title='bbox 597 2252 632 2285; x_wconf 92' lang='lat' dir='ltr'>que</span> <span class='ocrx_word' id='word_1_384' title='bbox 644 2252 692 2275; x_wconf 92' lang='lat' dir='ltr'>nunc</span> <span class='ocrx_word' id='word_1_385' title='bbox 704 2241 764 2285; x_wconf 88' lang='lat' dir='ltr'>instat,</span> <span class='ocrx_word' id='word_1_386' title='bbox 776 2243 816 2277; x_wconf 91' lang='lat' dir='ltr'>dies</span> <span class='ocrx_word' id='word_1_387' title='bbox 827 2242 857 2276; x_wconf 90' lang='lat' dir='ltr'>illa</span> 
     </span>
     <span class='ocr_line' id='line_1_40' title="bbox 154 2293 857 2339; baseline -0.001 -10"><span class='ocrx_word' id='word_1_388' title='bbox 154 2298 184 2329; x_wconf 86' lang='lat' dir='ltr'>est</span> <span class='ocrx_word' id='word_1_389' title='bbox 202 2304 257 2336; x_wconf 92' lang='lat' dir='ltr'>quam</span> <span class='ocrx_word' id='word_1_390' title='bbox 276 2293 319 2327; x_wconf 91' lang='lat' dir='ltr'>olim</span> <span class='ocrx_word' id='word_1_391' title='bbox 338 2294 451 2329; x_wconf 84' lang='lat' dir='ltr'>desideraui’</span> <span class='ocrx_word' id='word_1_392' title='bbox 475 2295 532 2339; x_wconf 83' lang='lat' dir='ltr'>igitur</span> <span class='ocrx_word' id='word_1_393' title='bbox 551 2295 596 2329; x_wconf 89' lang='lat' dir='ltr'>hora</span> <span class='ocrx_word' id='word_1_394' title='bbox 612 2306 648 2339; x_wconf 85' lang='lat' dir='ltr'>qua</span> <span class='ocrx_word' id='word_1_395' title='bbox 667 2295 777 2339; x_wconf 86' lang='lat' dir='ltr'>predixerat,</span> <span class='ocrx_word' id='word_1_396' title='bbox 792 2296 857 2330; x_wconf 89' lang='lat' dir='ltr'>iunctis</span> 
     </span>
     <span class='ocr_line' id='line_1_41' title="bbox 126 2346 857 2392; baseline 0 -11"><span class='ocrx_word' id='word_1_397' title='bbox 126 2360 147 2391; x_wconf 87' lang='lat'>40</span> <span class='ocrx_word' id='word_1_398' title='bbox 155 2346 265 2389; x_wconf 89' lang='lat' dir='ltr'>directisque</span> <span class='ocrx_word' id='word_1_399' title='bbox 279 2346 298 2378; x_wconf 92' lang='lat' dir='ltr'>in</span> <span class='ocrx_word' id='word_1_400' title='bbox 313 2347 372 2380; x_wconf 88' lang='lat' dir='ltr'>celum</span> <span class='ocrx_word' id='word_1_401' title='bbox 387 2348 476 2390; x_wconf 85' lang='lat' dir='ltr'>manibus,</span> <span class='ocrx_word' id='word_1_402' title='bbox 490 2347 575 2391; x_wconf 80' lang='lat' dir='ltr'>migrauit</span> <span class='ocrx_word' id='word_1_403' title='bbox 588 2349 611 2380; x_wconf 88' lang='lat' dir='ltr'>ad</span> <span class='ocrx_word' id='word_1_404' title='bbox 626 2348 726 2390; x_wconf 90' lang='lat' dir='ltr'>dominum,</span> <span class='ocrx_word' id='word_1_405' title='bbox 737 2359 786 2382; x_wconf 90' lang='lat' dir='ltr'>anno</span> <span class='ocrx_word' id='word_1_406' title='bbox 800 2349 857 2392; x_wconf 88' lang='lat' dir='ltr'>gratie</span> 
     </span>
     <span class='ocr_line' id='line_1_42' title="bbox 154 2398 841 2445; baseline 0.001 -12"><span class='ocrx_word' id='word_1_407' title='bbox 154 2398 251 2437; x_wconf 89' lang='lat' dir='ltr'>millesimo</span> <span class='ocrx_word' id='word_1_408' title='bbox 259 2399 359 2434; x_wconf 87' lang='lat' dir='ltr'>centesimo</span> <span class='ocrx_word' id='word_1_409' title='bbox 367 2400 517 2444; x_wconf 85' lang='lat' dir='ltr'>quinquagesimo</span> <span class='ocrx_word' id='word_1_410' title='bbox 525 2405 594 2445; x_wconf 86' lang='lat' dir='ltr'>quarto,</span> <span class='ocrx_word' id='word_1_411' title='bbox 603 2400 674 2436; x_wconf 88' lang='lat' dir='ltr'>decimo</span> <span class='ocrx_word' id='word_1_412' title='bbox 682 2400 764 2436; x_wconf 82' lang='lat' dir='ltr'>kalendis</span> <span class='ocrx_word' id='word_1_413' title='bbox 772 2400 841 2436; x_wconf 89' lang='lat' dir='ltr'>marcii.</span> 
     </span>
    </p>
   </div>
   <div class='ocr_carea' id='block_1_4' title="bbox 174 2484 856 2524">
    <p class='ocr_par' dir='ltr' id='par_1_4' title="bbox 174 2484 856 2524">
     <span class='ocr_line' id='line_1_43' title="bbox 174 2484 856 2524; baseline 0.001 -10"><span class='ocrx_word' id='word_1_414' title='bbox 174 2484 220 2515; x_wconf 83' lang='lat' dir='ltr'>¹0m.</span> <span class='ocrx_word' id='word_1_415' title='bbox 228 2485 244 2514; x_wconf 89' lang='lat' dir='ltr'>in</span> <span class='ocrx_word' id='word_1_416' title='bbox 252 2485 270 2515; x_wconf 89' lang='lat' dir='ltr'>E.</span> <span class='ocrx_word' id='word_1_417' title='bbox 311 2484 346 2516; x_wconf 69' lang='lat' dir='ltr'>²E.</span> <span class='ocrx_word' id='word_1_418' title='bbox 355 2485 430 2523; x_wconf 86' lang='lat' dir='ltr'>equitate.</span> <span class='ocrx_word' id='word_1_419' title='bbox 471 2485 585 2516; x_wconf 80' lang='lat' dir='ltr'>³Vit.suisset.</span> <span class='ocrx_word' id='word_1_420' title='bbox 628 2485 710 2524; x_wconf 55' lang='lat' dir='ltr'>*Esege</span> <span class='ocrx_word' id='word_1_421' title='bbox 750 2486 856 2524; x_wconf 74' lang='lat' dir='ltr'>⁵E.regnari,</span> 
     </span>
    </p>
   </div>
   <div class='ocr_carea' id='block_1_5' title="bbox 154 2524 857 2594">
    <p class='ocr_par' dir='ltr' id='par_1_5' title="bbox 154 2524 857 2594">
     <span class='ocr_line' id='line_1_44' title="bbox 154 2524 857 2594; baseline 0.001 -40"><span class='ocrx_word' id='word_1_422' title='bbox 154 2524 160 2583; x_wconf 57' lang='lat' dir='ltr'>g</span> <span class='ocrx_word' id='word_1_423' title='bbox 170 2524 257 2594; x_wconf 47' lang='lat' dir='ltr'>{pnTihopi</span> <span class='ocrx_word' id='word_1_424' title='bbox 266 2525 282 2555; x_wconf 91' lang='lat' dir='ltr'>in</span> <span class='ocrx_word' id='word_1_425' title='bbox 289 2524 307 2556; x_wconf 87' lang='lat' dir='ltr'>E.</span> <span class='ocrx_word' id='word_1_426' title='bbox 374 2525 380 2543; x_wconf 85' lang='lat'>⁷</span> <span class='ocrx_word' id='word_1_427' title='bbox 391 2525 461 2563; x_wconf 85' lang='lat' dir='ltr'>Supply:</span> <span class='ocrx_word' id='word_1_428' title='bbox 474 2526 533 2556; x_wconf 91' lang='lat' dir='ltr'>Diebus</span> <span class='ocrx_word' id='word_1_429' title='bbox 541 2526 573 2556; x_wconf 92' lang='lat' dir='ltr'>suis</span> <span class='ocrx_word' id='word_1_430' title='bbox 581 2525 611 2557; x_wconf 91' lang='lat' dir='ltr'>iam</span> <span class='ocrx_word' id='word_1_431' title='bbox 618 2527 733 2565; x_wconf 89' lang='lat' dir='ltr'>propemodum</span> <span class='ocrx_word' id='word_1_432' title='bbox 741 2527 804 2564; x_wconf 84' lang='lat' dir='ltr'>exactis,</span> <span class='ocrx_word' id='word_1_433' title='bbox 812 2526 857 2557; x_wconf 84' lang='lat' dir='ltr'>dixit.</span> 
     </span>
    </p>
   </div>
   <div class='ocr_carea' id='block_1_6' title="bbox 0 0 897 2803">
    <p class='ocr_par' dir='ltr' id='par_1_6' title="bbox 0 0 897 2803">
     <span class='ocr_line' id='line_1_45' title="bbox 0 0 897 2803; baseline 0 0"><span class='ocrx_word' id='word_1_434' title='bbox 0 0 897 2803; x_wconf 95' lang='lat' dir='ltr'> </span> 
     </span>
    </p>
   </div>
  </div>
 </body>
</html>
