1762 2803
46 146 179 187 ussatei
252 135 298 189 tot
313 132 350 185 ὲ.
366 132 535 185 idiomatum.
699 136 744 190 563

46 271 131 297 seruorum
140 260 177 292 eius
184 258 207 290 ad
215 256 273 290 omnia
282 266 316 300 que
323 256 382 289 iubeat
389 254 436 289 iussa
443 253 520 290 domini:
533 252 582 298 [imo]
589 253 655 297 inpiger
662 259 679 289 et
686 254 746 288 volun-

46 315 97 348 tarius
109 322 129 345 ex
140 309 171 343 eo!
193 308 269 351 Angelus
281 312 351 341 autem:
363 306 412 340 ‘Hec
424 317 496 348 summa,
506 305 565 349 inquit,
576 304 677 339 obediencia
687 311 720 347 est,
727 312 746 339 vt

46 375 79 399 non
88 362 136 397 tarde
143 366 172 394 aut
182 358 241 402 tepide
252 358 299 401 quod
310 357 376 391 iussum
386 356 437 390 suerit
448 363 521 399 agatu13
533 357 573 400 quia
580 357 682 391 obediencia
689 364 746 390 mente

46 417 78 447 deo
91 414 153 444 deuota
166 409 221 441 maior
234 414 261 439 est
274 406 354 439 omnibus
366 407 454 439 sacrificiis
467 412 484 439 et
497 406 684 439 holocaustomatibus!
707 405 747 439 Hiis

47 461 100 500 dictis,
116 459 174 492 statim
191 457 263 499 angelus
280 456 346 489 domini
363 456 380 489 in
396 466 447 490 auras
461 456 525 497 euadit,
540 462 610 490 sanctus
624 461 681 491 autem
696 455 764 493 wia-5

46 514 118 547 waloeus
131 508 234 553 precingens
247 518 271 548 se,
283 507 316 540 iter
327 507 374 541 facit.
396 508 419 540 Et
433 517 472 540 cum
484 506 559 540 venisset
571 507 594 540 ad
607 514 688 550 parentes
700 518 747 549 suos,

47 564 105 597 videns
112 561 150 594 illos
161 569 228 592 merore
239 558 326 591 confectos
338 563 408 599 propter
418 557 470 590 liliam
482 567 530 590 suam
542 563 635 590 extremum
647 557 682 591 iam
693 558 747 592 anhe-

46 614 93 648 litum
100 621 145 653 pene
152 608 258 644 fundentem,
266 618 336 641 causam
344 608 394 641 huius
405 607 468 641 doloris
476 614 493 641 et
501 608 580 649 gemitus,
587 614 604 641 et
612 608 690 640 ordinem
698 608 747 650 quasi

47 662 107 697 inscius
123 659 198 702 inquirit.
227 658 255 691 Illi
270 664 329 691 autern
341 658 410 700 penitus
423 657 503 699 ignorare
516 668 535 690 se
548 656 630 697 dicentes,
642 658 675 691 hec
689 658 747 701 sepius

46 711 182 756 respondebant:
201 708 250 743 ‘Scis
265 708 307 752 ipse,
321 708 361 749 scis,
376 714 436 742 sancte
450 708 483 748 dei,
495 718 536 741 narn
551 707 593 741 certi
607 719 667 741 sumus
682 709 775 741 nullum10

47 771 62 798 te
75 763 106 797 deo
119 761 206 795 reuelante
218 760 271 794 latere
284 764 374 794 secretum.
402 759 432 794 Set
444 758 459 792 si
472 758 513 802 quid
525 766 579 802 potes,
592 766 609 793 et
621 759 636 792 si
649 765 666 793 te
679 760 713 792 vlla
724 760 748 793 ad

47 811 179 847 misericordiam
190 810 254 853 proprii
265 809 353 851 sanguinis
364 810 438 843 aduocat
449 810 512 852 gracia,
520 810 584 842 adiuua
594 819 627 843 nos
638 810 679 843 dum
690 810 748 843 adhuc

47 862 128 896 uiuimus!
150 861 228 894 Tandem
237 860 288 901 igitur
294 860 369 901 recolligi
377 871 449 901 ogarum
457 870 527 902 gregem
534 860 616 902 precepit,
623 866 641 892 et
648 870 687 892 eam
694 870 748 902 quarn

48 913 106 947 ceteris
117 910 250 944 eminenciorem
263 909 317 943 cernit
328 915 387 943 tenere
400 920 420 942 ac
433 909 529 942 euiscerare
541 908 630 952 precepit:
647 915 665 943 et
679 911 748 943 oculum

48 962 107 997 sororis
118 961 154 994 eius
167 960 261 994 secundnm
274 958 347 1002 predicti
356 959 412 1001 angeli
425 959 453 992 dei
465 970 561 993 sermonem
573 960 595 992 de
606 960 700 993 ventriculo
711 959 748 994 eius
757 965 775 1000 15

48 1012 101 1046 diuiso
112 1010 176 1053 detulit,
188 1016 239 1053 atque
249 1009 266 1043 in
276 1011 332 1043 locum
342 1021 398 1051 suum,
409 1010 455 1044 sacta
464 1011 498 1044 deo
510 1011 606 1054 graciarum
616 1011 691 1051 accione,
703 1011 747 1045 sicut

47 1063 99 1096 suerat
112 1062 159 1105 prius
171 1061 286 1095 recollocauit.
308 1063 350 1098 Alos
363 1071 431 1105 quoque
443 1061 531 1103 predictus
544 1061 608 1094 nullam
621 1061 708 1095 sustinens
721 1061 747 1094 in-

48 1114 110 1151 iuriam,
121 1112 180 1144 illesus
191 1117 208 1144 et
220 1111 269 1153 qnasi
280 1112 348 1144 anullo
359 1116 475 1144 contractatus
486 1117 552 1143 ceteras
566 1111 625 1143 adibat
637 1121 683 1144 aues.
707 1111 747 1144 ttiis

48 1160 119 1204 denique
130 1161 184 1200 iactis,
192 1159 293 1202 pareatibus
302 1171 314 1193 a
324 1170 343 1193 se
355 1160 427 1203 pacifice
438 1166 456 1193 et
463 1160 521 1193 verbis
529 1158 647 1194 consolatoriis
655 1159 747 1195 admonitis

48 1217 97 1254 atque
110 1209 169 1244 humili
181 1210 304 1244 benediccione
319 1210 336 1243 in
349 1211 400 1244 bonis
413 1212 493 1256 operibus
505 1212 614 1251 confirmatis,
626 1211 710 1245 remeauit
724 1212 747 1245 ad
756 1219 776 1241 ro

49 1272 91 1294 snos.
104 1263 111 1301 ll
124 1262 168 1295 item
180 1261 202 1295 de
214 1261 321 1295 mirabilibus
334 1261 410 1295 eiusdem
425 1261 478 1304 gestis
493 1262 526 1295 hoc
540 1261 604 1294 sactum
617 1262 685 1295 uidetur
697 1262 747 1296 nobis

48 1311 116 1344 minime
128 1312 261 1354 pretereundum
274 1311 344 1346 narrari.
367 1313 447 1355 Quadam
460 1311 523 1346 etenim
537 1312 577 1345 dum
590 1312 618 1345 <lie
630 1311 711 1356 quidam¹
727 1324 748 1347 ex

49 1362 133 1404 discipulis
141 1363 176 1395 suis
183 1363 314 1405 ingrauescente
326 1362 382 1396 subito
392 1373 465 1405 sompno
476 1362 532 1396 sessos
539 1362 596 1405 sopori
604 1363 680 1396 dedisset
688 1369 747 1397 artus:

49 1421 87 1444 ecce
99 1423 168 1454 serpens
178 1413 246 1453 gelidus
257 1423 316 1445 morsu
329 1413 391 1455 pedem
403 1413 440 1444 eins
451 1412 495 1453 lesit,
506 1418 596 1455 totumque
606 1421 674 1446 veneno
684 1412 748 1446 infecit.

49 1460 77 1493 llle
91 1468 149 1494 autem
160 1463 295 1504 expergefactus,
307 1473 374 1495 veneno
389 1462 423 1495 iarn
438 1472 472 1495 non
488 1462 543 1497 solum
558 1472 590 1506 per
602 1462 665 1506 pedem
676 1467 703 1497 set
717 1472 749 1506 per
758 1470 776 1503 ²5

49 1517 98 1546 cunta
111 1513 212 1556 grassante*
226 1515 304 1548 membra
318 1523 391 1556 pergens
406 1513 428 1546 ad
443 1512 544 1556 magistrum
559 1524 609 1546 suum
622 1514 703 1547 ostendit.
724 1516 748 1547 At

49 1568 115 1596 sanctus
127 1564 248 1604 winwaloeus,
256 1564 320 1606 pedem
330 1574 402 1597 cernens
410 1564 455 1596 vltra
466 1574 517 1607 quarn
525 1563 571 1597 credi
583 1569 639 1607 potest
650 1564 748 1604 distentum,

49 1617 65 1643 et
72 1617 127 1646 cetero
133 1614 212 1647 membra
219 1614 254 1647 iam
263 1624 294 1655 pre
305 1620 370 1647 tumore
378 1614 482 1646 candescere
490 1613 603 1656 incipienoia:
616 1614 681 1655 ‘Vade,
689 1614 748 1657 inquit,

49 1662 117 1695 ostende
127 1662 180 1695 michi
189 1664 246 1696 locum
258 1663 320 1705 inquo
332 1670 349 1696 te
361 1662 428 1696 illicitus
439 1663 519 1705 corripuit
531 1664 623 1706 sompnus!
646 1664 685 1696 Nec
694 1674 749 1708 mora,

49 1710 123 1751 quamuis
134 1712 201 1752 debilis,
209 1718 280 1754 urgente
290 1719 349 1746 tamen
359 1714 467 1753 necessitate,
474 1713 548 1756 perrexit
558 1714 580 1747 ad
590 1715 651 1747 locum.
674 1714 748 1748 Sanctus
758 1720 777 1751 3⁰

49 1759 119 1804 denique
133 1762 253 1805 Wimvaloeus,
268 1770 354 1806 prostrato
369 1764 386 1797 in
402 1763 482 1797 oracione
496 1763 520 1797 ad
535 1769 598 1797 terram
616 1775 693 1807 corpore,
708 1775 748 1807 pro·

50 1812 143 1855 spectisque
157 1814 289 1857 circumquaque
304 1814 321 1847 in
336 1814 408 1847 circuitu
422 1813 502 1847 omnibus
517 1814 566 1854 loeis,
581 1815 668 1857 quandam
683 1815 748 1848 inuenit

49 1859 124 1895 fissuram
139 1864 167 1896 vbi
181 1874 200 1897 se
213 1864 288 1897 lubricus
301 1864 362 1906 anguis
375 1865 500 1897 occultauerat:
519 1874 592 1908 moxque
604 1864 633 1898 vbi
646 1865 696 1907 signa
710 1865 747 1899 eius

49 1907 116 1946 inuenta
129 1920 173 1956 sunt,
189 1915 263 1949 clamat:
286 1914 382 1959 ‘Quicquid
393 1915 454 1948 letiferi
468 1914 538 1948 seminis
551 1914 569 1948 in
581 1915 615 1949 ista
627 1915 685 1949 latitas
697 1916 747 1956 rima,

49 1969 121 2004 erumpe,
132 1964 245 2007 proditores,
257 1965 320 1998 Christi
331 1965 389 1997 edisce
400 1965 482 2006 trophea!
505 1966 543 1997 Neo
554 1965 584 1998 diu
595 1971 677 2005 muratus,
688 1966 747 1998 audito
756 1973 775 2004 35

50 2009 109 2043 Christi
121 2016 196 2056 nornine,
209 2025 301 2058 squameus
313 2014 384 2048 sibilans
397 2013 476 2057 apparuit
489 2024 570 2056 serpens:
585 2020 612 2048 set
623 2014 682 2048 statim
693 2015 748 2049 crucis

50 2058 110 2095 Christi
123 2064 184 2098 vexillo
197 2066 285 2099 confossus
298 2064 368 2098 nemine
379 2064 451 2097 feriente
463 2063 531 2099 interiit.
560 2066 634 2100 Sanctus
647 2073 705 2101 autern
716 2067 747 2108 vir,

49 2109 80 2143 deu
87 2113 152 2153 gracias
160 2127 218 2158 agens,
226 2127 289 2160 aquarn
296 2117 353 2159 peciit,
362 2122 379 2149 et
387 2126 425 2149 curn
433 2117 472 2149 oleo
479 2116 549 2150 confusa
557 2116 680 2152 benediccione
691 2117 748 2151 misci-

49 2163 90 2202 tans,
98 2162 170 2207 infirmo,
178 2177 223 2209 pene
231 2177 297 2199 ueneno
305 2172 412 2208 consumpto,
420 2166 492 2209 porrigit
499 2167 605 2201 bibendam:
617 2178 638 2201 ae
646 2168 703 2201 statim
711 2169 749 2201 eius

50 2210 75 2250 qui
86 2222 130 2253 pene
141 2223 217 2249 mortuus
230 2217 289 2256 iuerat,
301 2216 381 2249 animatis
392 2217 476 2258 paulatim
487 2224 596 2249 succrescunt
607 2218 686 2250 vitalibus
699 2220 748 2250 uires.
756 2227 777 2257 4⁰

50 2259 77 2311 ¹Set
89 2269 137 2302 pater
149 2265 185 2298 eius
201 2267 293 2305 Fracanus,
307 2266 340 2299 hoc
354 2275 423 2309 quoque
434 2265 506 2299 audiens
519 2266 626 2307 miraculum,
641 2278 711 2301 currens
726 2270 749 2301 ad

49 2308 93 2342 illum
104 2313 145 2348 talia
156 2322 279 2350 commemorat
291 2316 360 2350 dicens:
378 2317 435 2350 ‘Nate
448 2316 520 2359 mee(!),
532 2324 550 2351 te
563 2318 647 2361 deprecor
659 2325 677 2351 ut
689 2329 749 2353 exores

50 2357 134 2397 dominum
147 2365 199 2399 deum
210 2372 258 2400 tuum
270 2372 288 2400 vt
299 2367 334 2400 tale
346 2366 444 2410 pestiferum
455 2378 510 2410 genus
523 2367 635 2413 [nusquamF
646 2370 663 2402 in
675 2370 708 2404 ista
718 2380 749 2412 ap-

49 2416 105 2465 pareat
116 2415 195 2456 regione?
218 2418 247 2451 Sic
257 2418 285 2451 illo
297 2418 348 2451 deum
359 2417 456 2458 inuocante,
463 2420 528 2452 sactum
539 2425 591 2454 estut
602 2420 667 2453 nullum
678 2420 749 2453 omnino

49 2457 127 2513 deinceps
135 2467 242 2509 serpencium
253 2478 308 2511 genus
318 2469 418 2512 apparuisse
429 2469 496 2504 dicatur
505 2470 521 2504 in
532 2469 561 2503 illa
571 2470 644 2513 regione.
666 2471 690 2504 Et
700 2470 714 2504 si
725 2471 748 2504 ab
756 2480 776 2510 45

49 2508 103 2552 ahquo
111 2515 203 2557 aliquando
211 2529 265 2561 usque
272 2519 325 2551 hodie
334 2519 368 2551 illic
376 2520 451 2552 delatum
460 2519 510 2552 suerit
520 2521 547 2552 uel
557 2521 641 2562 probandi
649 2520 706 2560 modo,
714 2520 749 2554 cito

68 2587 73 2604 ¹
83 2598 103 2622 sc.
110 2593 204 2636 Tethgonus.
258 2597 264 2617 ¹
274 2598 309 2630 MS.
316 2598 408 2639 grassando.
461 2599 467 2617 ³
478 2609 519 2638 om.;
529 2610 546 2632 so
553 2600 572 2632 T.
579 2600 598 2631 E.
602 2610 607 2639 ;
617 2600 638 2632 al.
645 2610 727 2641 nunquam.

374 2654 422 2681 002
