1762 2803
59 108 192 148 usuarias-i
209 98 254 154 Do
268 98 304 151 m.
316 99 448 150 utmunoo
463 107 520 159 tcto
534 101 558 150 ot
572 101 688 159 mucore.
716 98 760 151 683

73 222 104 255 DE
115 229 198 261 Quonam
209 230 295 256 multura
306 230 327 255 ltt
339 229 397 257 curtis
408 229 497 264 IACENTE,
509 229 569 255 INTER
581 229 671 255 functurus
682 227 749 254 DOblUS

250 280 348 308 nunuu‘rts
359 280 487 307 tttRnutttrutt
498 279 570 307 ILLESO.

60 347 130 420 ANno
138 346 203 379 domini
211 347 329 387 necccbotv„
338 345 409 388 contigit
420 346 466 388 apud
476 345 534 379 villam
545 345 568 378 de
578 344 663 386 Skeringe
674 342 762 387 quandam

120 396 190 428 domum
198 396 255 429 subito
263 395 367 428 concremari
375 396 393 428 in
401 405 435 438 qua
446 405 520 438 sponsus
529 404 568 427 cum
578 404 648 436 sponsa,
655 399 673 427 et
681 403 720 427 cum
728 391 763 425 filio

59 454 91 478 suo
102 444 119 478 in
131 445 179 479 cunis
191 445 262 485 iacente,
274 444 330 488 sopori
342 444 463 478 vehemencius
474 444 592 487 indulgebant.
615 443 648 486 Qui
663 443 721 477 statim
733 451 763 484 per

60 494 128 528 flamme
138 494 228 527 stridorem
238 494 344 536 euigilantes,
352 505 373 527 ac
383 494 442 527 mortis
452 494 524 537 perculsi
536 493 597 527 timore
608 494 679 527 domum
690 491 762 526 flammi-

60 545 112 578 fluam
122 545 198 578 celeriter
208 544 316 587 egredientes
326 550 343 578 et
352 555 363 577 a
373 543 434 577 vicinis
445 543 481 578 suis
490 544 572 578 auxilium
579 544 696 588 postulantes:
708 543 762 576 filium
771 550 779 581 5

60 605 110 627 suum
118 594 135 627 in
143 595 187 636 ignis
195 594 293 629 discrimine
305 594 373 638 penitus
385 594 433 628 obliti
445 600 490 636 sunt,
498 605 549 637 super
556 605 607 637 quom
617 594 678 628 domus
685 594 763 637 predicta

60 655 91 686 per
98 644 156 686 ignem
163 651 245 678 eneruata
252 644 320 678 corruit.
342 646 393 677 Vnde
401 651 480 686 parentes
492 644 514 676 de
524 643 598 676 filiosuo
609 644 738 676 reminiscentes
746 648 763 674 et

61 692 168 727 ineffabiliter
182 693 266 734 dolentes,
277 694 387 737 humanoque
401 692 477 726 frustrati
492 692 573 737 presidio,
586 692 638 725 deum
652 700 669 725 ct
685 698 763 726 sanctum

61 744 173 777 Edmundum
184 755 215 786 pro
227 745 257 777 filii
268 745 294 778 sui
303 745 421 778 conseruanda
430 745 485 777 salute
496 743 575 786 precibus
586 749 603 776 et
614 743 717 786 singultibus
724 752 764 776 vere

61 794 175 834 gemebundis
182 794 244 837 iugiter
251 795 360 835 inuocabant,
368 801 451 827 vouentes
459 804 498 827 curn
509 793 584 827 lacrimis
592 793 606 826 si
615 794 658 826 deus
666 804 697 836 per
703 793 765 826 merita
774 803 792 823 ro

60 843 116 876 sancti
125 844 213 877 Edmundi
221 844 295 877 martiris
303 844 328 876 sui
336 844 405 886 gloriosi
417 844 470 877 filium
479 854 529 877 suum
539 843 572 878 sibi
582 843 655 877 reddere
666 843 765 886 dignaretur

61 892 170 934 incolumem,
177 894 229 927 nudis
239 894 311 936 pedibus
320 905 338 927 se
350 894 434 937 capellam
444 893 499 927 sancti
511 892 598 927 Edmundi
610 894 632 926 de
643 895 693 935 Lyng
702 893 765 926 deuote

61 942 136 984 visitare,
155 949 171 975 et
187 943 305 976 oblacionibus
320 943 447 984 honoribusque
462 942 542 984 congruis
557 953 589 985 pro
604 953 636 976 sua
650 941 765 985 possibilitate

62 991 126 1025 ibidem
134 991 187 1025 deum
195 998 211 1026 et
220 998 299 1026 sanctum
307 992 419 1026 Edmundum
427 998 463 1027 toto
472 992 524 1026 eorde
536 992 618 1026 venerari.
641 994 681 1034 Quo
691 999 732 1026 voto
739 992 765 1027 sic

62 1042 135 1076 emisso:
148 1042 211 1076 accidit
221 1054 248 1077 res
260 1043 345 1086 stupenda
355 1049 372 1076 et
382 1042 429 1075 omni
440 1043 491 1075 laude
501 1042 630 1085 preconizanda,
638 1052 680 1084 puer
689 1052 765 1086 namque
775 1050 792 1081 ¹5

61 1102 94 1126 nec
109 1102 140 1136 per
155 1103 214 1127 casum
229 1093 291 1127 dornus
306 1103 399 1137 oppressus
412 1103 444 1127 nec
457 1103 487 1138 per
499 1092 578 1128 flammas
593 1094 670 1135 adustus,
683 1093 732 1128 vinus
747 1099 765 1128 et

62 1142 165 1178 incolumis¹
172 1144 265 1188 persancti
273 1145 362 1179 Edmundi
370 1146 431 1179 merita
438 1145 539 1178 miraculose
547 1151 573 1178 est
580 1145 672 1179 restitutus.

226 1244 256 1276 Du
268 1251 356 1277 uuntnna
367 1250 415 1277 caca
426 1250 451 1276 nr
462 1249 517 1277 trusa
528 1249 609 1277 sauata.

107 1315 172 1349 Uidam
180 1315 207 1349 uir
214 1316 236 1349 de
243 1316 320 1360 partibus
329 1315 393 1350 Cancie
404 1316 470 1350 habens
476 1326 545 1350 uxorem
553 1327 612 1351 cecam
621 1322 638 1351 et
646 1322 717 1358 mutam,
726 1326 765 1351 cum

71 1385 103 1408 Α
128 1378 163 1410 qua
174 1367 235 1400 diffuse
245 1368 304 1400 multis
315 1374 332 1400 et
343 1367 395 1401 variis
406 1367 424 1400 in
435 1367 477 1400 locis
489 1367 570 1400 laborans
582 1377 613 1410 pro
624 1368 698 1400 sanitate
709 1366 766 1399 eidem

34 1432 36 1435 ·
63 1417 169 1460 procuranda
181 1417 245 1451 nullam
256 1416 326 1452 omnino
337 1416 392 1460 potuit
404 1417 506 1459 impetraret
521 1416 593 1451 tandem
603 1417 737 1461 depauperatus,
748 1422 765 1449 et
774 1425 794 1447 ao

62 1467 122 1500 labore
139 1466 205 1499 diutino
220 1467 306 1508 fatigatus,
321 1467 376 1509 ipsam
393 1468 460 1499 occulte
478 1467 582 1500 dimittendo
597 1467 670 1510 reliquit,
685 1477 706 1499 eo
720 1467 766 1509 quod

62 1515 132 1550 vlterius
140 1516 173 1550 sibi
183 1516 280 1550 necessaria
290 1527 380 1560 procurare
391 1527 425 1550 non
437 1516 497 1559 potuit.
520 1516 566 1559 Quid
576 1517 636 1560 plura?
659 1518 726 1550 Reuera
737 1515 766 1560 qui

63 1572 113 1600 sanat
124 1566 207 1600 contritos
217 1567 268 1600 corde
279 1574 296 1601 et
306 1566 380 1610 allegat²
388 1567 502 1602 contriciones
512 1577 577 1609 eorum,
585 1568 643 1602 statim
653 1573 693 1611 post
703 1567 767 1602 disces-

64 1628 102 1651 sum
112 1617 169 1651 mariti
178 1617 234 1651 eidem
244 1617 310 1652 mulieri
319 1618 337 1651 in
348 1618 425 1660 sompnis
435 1617 495 1659 astitit,
503 1617 573 1652 dicens:
586 1619 650 1660 ‘Surge
658 1624 675 1651 et
683 1617 736 1651 transi
744 1618 767 1651 ad

63 1668 146 1710 capellam
154 1667 254 1700 monialium
262 1667 355 1701 Thetordie
363 1668 409 1710 apud
416 1667 475 1701 villam
481 1668 503 1701 de
509 1668 553 1709 Ling
561 1668 578 1701 in
586 1668 651 1701 honore
659 1668 713 1701 sancti
721 1667 767 1709 regis
776 1677 794 1708 ²5

64 1723 81 1750 et
89 1717 163 1750 martiris
171 1718 259 1749 Edmundi
267 1717 367 1750 fundatam!
390 1718 427 1760 Que
439 1717 497 1750 statim
508 1728 519 1749 a
530 1728 602 1760 sompno
612 1717 703 1760 respirans,
712 1717 767 1750 vitum

63 1767 159 1808 elegantem
175 1772 191 1799 et
207 1766 356 1809 pulcherlr1imum
372 1767 394 1800 de
411 1768 464 1800 domo
478 1777 509 1800 sua
521 1767 639 1809 egredientem
651 1767 720 1800 oculata
732 1766 768 1799 fide

64 1816 155 1856 cemebat3
173 1825 224 1858 quem
235 1826 318 1859 sponsum
330 1826 379 1850 sunm
391 1816 427 1850 sore
439 1816 517 1858 credens,
530 1816 600 1850 vocibus
612 1815 730 1850 huiuscemodi
743 1816 767 1851 ad

46 1894 49 1897 .
64 1877 103 1900 eum
111 1873 152 1901 tunc
160 1866 248 1901 clamauit:
257 1866 463 1910 ‘Domine‚quovadis?’
480 1869 503 1901 At
509 1867 538 1901 ille
545 1867 574 1910 qui
580 1868 659 1911 apparuit
666 1869 754 1911 respondit
762 1878 767 1901 ι

64 1918 161 1951 ‘Hesterna
169 1916 197 1951 die
208 1917 305 1951 nullatenus
315 1928 343 1952 me
352 1917 415 1960 vidisti,
423 1923 440 1951 et
451 1918 485 1951 iarn
496 1918 518 1952 de
527 1924 578 1952 nocte
591 1924 639 1961 potes
649 1928 677 1952 me
687 1918 767 1953 videret‘
776 1927 795 1958 3⁰

65 1967 97 2000 Cui
108 1974 124 2000 et
131 1968 169 2000 illa:
182 1967 265 2009 ‘Loquor,
273 1975 290 2000 et
298 1967 354 2007 video,
361 1968 407 2001 vnde
418 1969 451 2001 deo
462 1968 529 2009 gracias
537 1969 580 2009 ago!
603 1968 699 2010 Statimque
707 1968 768 2001 vicinis

64 2016 186 2051 accedentibus
197 2017 254 2052 retulit
266 2017 340 2060 qualiter
352 2028 397 2051 vnus
410 2017 442 2051 sibi
454 2018 538 2051 assistens
549 2018 633 2051 consuluit
644 2025 661 2051 et
673 2018 738 2051 monuit
750 2025 768 2051 vt

65 2066 159 2108 predictam
168 2067 252 2109 capellam
262 2068 328 2100 adiret:
340 2068 387 2110 quod
397 2074 414 2101 et
424 2068 470 2101 fecit.
492 2067 555 2111 Sicque
566 2068 631 2101 iactum
642 2074 668 2101 est
680 2069 726 2111 quod
737 2078 769 2111 per

65 2116 120 2149 sancti
130 2117 218 2150 Edmundi
230 2116 291 2150 merita
302 2116 320 2150 in
332 2128 366 2151 vna
377 2118 438 2152 eadem
450 2128 530 2161 persona,
537 2127 579 2151 ceca
590 2117 641 2161 visui,
649 2124 697 2153 muta
708 2118 768 2153 affatui

65 2168 166 2200 miraculose
173 2168 228 2201 iuerat
235 2167 341 2201 restituta—
777 2178 796 2209 35

173 2267 205 2299 DE
216 2273 285 2301 sucum
296 2272 371 2300 FRACTO
382 2273 407 2300 ut
418 2274 542 2301 uttancuuosn
552 2275 660 2303 ternanto.

107 2340 125 2372 lr
132 2340 203 2383 quidam
210 2340 266 2373 fidelis
276 2347 294 2374 et
298 2340 332 2374 vite
342 2339 435 2384 probabilis
441 2341 528 2376 lohannes
537 2341 559 2376 de
566 2342 660 2384 Languode
667 2341 742 2381 nomine,
750 2340 768 2374 in

127 2390 205 2433 partibus
213 2390 291 2425 Estsexie
298 2390 344 2434 apud
352 2390 423 2425 Gosseld
430 2391 517 2433 oriundus,
526 2392 612 2436 quoddam
620 2391 719 2426 miraculum
727 2392 768 2425 dum

66 2441 123 2474 adhuc
134 2450 176 2482 puer
187 2440 204 2473 in
216 2447 288 2483 paterna
299 2441 351 2475 domo
362 2448 438 2476 maneret
450 2442 496 2476 fideli
507 2443 604 2476 assercione
616 2444 638 2476 de
649 2454 668 2476 se
676 2442 768 2484 contigisse

65 2490 156 2532 perhibuit.
179 2491 259 2530 Quodam
271 2502 346 2534 namque
359 2493 387 2525 die
403 2502 441 2525 tum
456 2493 513 2525 animo
528 2493 597 2525 caderet
610 2492 669 2535 puerili
681 2492 769 2535 quoddam

166 2561 171 2579 ¹
182 2562 217 2593 MS.
224 2561 304 2592 incolimis.
454 2563 460 2581 ²
470 2563 504 2594 tts.
511 2562 575 2603 ulligut;
585 2562 669 2594 =olleviat
