1762 2803
239 88 241 92 ¹
285 109 331 164 Ec
345 108 445 162 &aucto
460 108 606 160 remoneo.
755 125 797 166 139

95 230 225 265 occidentalem
237 231 316 276 plagam,
327 231 351 265 ad
363 230 489 275 insulamque
501 230 567 264 dicitur
578 232 637 264 'terra
649 229 798 274 repromissionis

95 284 210 324 sanctorum,’
223 294 277 328 quam
289 285 365 318 daturus
377 288 405 318 est
416 284 462 318 deus
476 283 613 318 successoribus
625 283 693 317 nostris
705 283 723 316 iu
737 283 799 316 nouis-

95 335 142 370 simo
153 339 252 380 tempore.”
276 337 409 381 Nauigantibus
424 336 473 371 enim
487 336 545 379 nobis,
556 335 624 371 nebule
639 340 750 380 operuerunt
763 346 798 369 nos

94 388 181 432 undique,
188 394 208 422 vt
215 389 246 423 vix
257 389 383 434 potuissemus
395 400 469 433 proram
481 389 564 423 nauicule
575 388 674 432 asspicere.
696 388 798 422 Transacto

94 452 138 476 vero
149 442 202 476 vnius
215 442 259 477 hore
271 443 339 487 spacio,
350 442 469 477 circumfulsit
481 452 516 476 nos
527 442 589 476 lumen
601 442 672 486 ingens,
684 446 702 475 et
713 440 815 485 apparuit5

95 499 144 526 terra
152 494 235 537 spaciosa
243 501 261 528 et
271 496 350 528 herbosa
361 494 486 538 pomiferaque
493 495 553 528 valde.
569 495 592 528 Et
600 495 722 528 ascendentes
727 494 737 534 ¹,
745 493 798 535 quin·

95 544 155 579 decim
166 544 236 580 dierum
248 545 330 581 confecto
341 546 407 581 itincre
416 546 472 581 finem
484 546 544 580 insule
555 545 639 581 inuenire
651 557 687 580 non
699 545 798 591 potuimus.

96 598 156 632 Nichil
168 599 226 633 herbe
238 599 272 634 nisi
285 600 340 634 flores
346 600 358 643 ¹,
368 601 454 635 arborum
464 600 504 634 sinc
516 600 574 634 fructu
586 599 610 634 ibi
621 599 711 642 vidimus;
725 599 797 643 lapides

95 650 153 695 ipsius
160 651 167 671 ³
174 651 253 696 preciosi
263 653 337 697 generis
346 653 403 688 e'rant.
426 653 565 695 Quintodecimo
573 654 647 688 demum
655 653 685 688 die
693 652 797 687 inuenimus

96 704 172 738 fluuium
181 711 288 749 vergentem
300 707 323 740 ab
332 706 415 741 orientali
426 712 478 751 parte
490 707 513 741 ad
524 717 620 741 occasum:
632 711 650 740 et
659 706 733 740 dubium
744 705 797 740 nobis
808 718 826 740 10

96 762 134 791 erat
146 758 189 801 quid
204 769 259 801 agere
273 759 393 801 deberemus;
407 759 511 802 placuitque
524 759 577 792 nobis
589 759 668 793 transire
681 759 755 797 ssumen,
765 769 797 791 ex·

95 810 209 852 pectauimus
222 815 283 845 tamen
297 811 393 845 consilium
405 811 479 845 domini.
502 810 525 844 Et
540 821 583 845 ecce
598 810 658 844 subito
673 811 757 853 apparuit
770 810 799 844 vir

96 862 170 905 quidam
182 862 286 906 splendoris
298 862 359 906 magni
373 873 434 897 coram
445 862 504 902 nobis,
515 862 546 905 qui
557 861 637 906 propriis
648 860 753 895 nominibus
764 872 798 895 nos

96 914 207 958 appellauit⁴
219 921 274 958 atque
289 915 379 956 salutauit,
390 915 464 949 dicens:
482 917 492 933 “
498 915 555 958 Euge,
567 915 611 948 boni
623 914 701 956 iratres3
713 914 798 947 dominus

96 968 184 1001 reuelauit
198 967 265 1002 vobis³
274 968 328 1002 istam
340 973 408 1002 terram
419 978 474 1011 quam
489 967 564 1002 daturus
576 972 605 1002 est
617 966 685 1001 sanctis
698 966 742 1001 suis.
765 966 798 1000 Est
808 979 826 1009 15

95 1019 145 1053 enim
157 1019 245 1054 medietas
257 1020 316 1054 insule
327 1020 380 1054 istius
391 1031 449 1064 vsque
460 1021 483 1054 ad
495 1019 563 1054 flumen
573 1019 627 1062 istud,
634 1031 669 1054 nec
681 1019 723 1054 licet
734 1019 799 1053 vobist

95 1073 172 1107 vlterius
183 1074 275 1108 transire:
287 1074 320 1107 sed
332 1073 449 1107 reuertamini
457 1074 506 1107 vnde
516 1073 596 1107 existisl’
620 1072 665 1107 Cum
674 1073 708 1107 hec
716 1072 799 1113 dixisset,

96 1125 157 1159 statim
165 1125 216 1159 illum
226 1125 338 1170 interrogaui
345 1127 394 1161 vnde
406 1131 461 1167 esset,
469 1132 500 1160 aut
510 1137 546 1170 quo
558 1125 632 1160 nomine
639 1131 741 1160 vocaretur.
762 1125 798 1168 Qui

96 1177 130 1213 ait:
143 1179 207 1220 “Quid
215 1190 245 1213 me
253 1179 355 1223 interrogas
362 1180 411 1214 vnde
419 1179 459 1220 sim,
465 1185 495 1214 aut
503 1180 594 1223 quomodo
601 1179 681 1213 vocer⁶?
699 1179 761 1221 Quare
768 1190 799 1213 me

97 1241 134 1264 non
142 1231 244 1275 interrogas
252 1232 276 1265 de
283 1230 318 1265 ista
326 1231 399 1265 insula?
421 1231 472 1266 Sicut
482 1231 532 1265 illam
543 1232 596 1266 vides
607 1232 667 1273 modo,
676 1231 701 1265 ita
712 1231 735 1264 ab
747 1230 798 1265 initio
807 1243 826 1264 υ

96 1285 160 1317 mundi
172 1284 278 1329 permansit.
302 1284 400 1328 Indigesne
408 1284 475 1328 aliquid
486 1284 521 1319 cibi
529 1289 559 1319 aut
570 1290 624 1329 potus
634 1284 674 1319 siue
681 1283 798 1319 vestimenti?

98 1336 134 1370 Per
145 1347 201 1371 vnum
213 1337 262 1370 enim
273 1347 342 1371 annum
354 1348 374 1371 es
385 1338 405 1371 in
416 1338 450 1371 hac
461 1337 521 1371 insula
533 1343 551 1371 et
562 1349 599 1371 non
609 1337 702 1380 indiguisti
713 1337 754 1370 cibo
767 1342 798 1370 aut

96 1393 151 1431 potu;
163 1398 241 1432 sompno
251 1399 352 1433 oppressus
362 1400 399 1423 non
409 1388 463 1430 suisti,
471 1399 505 1423 nec
516 1400 553 1423 nox
564 1389 635 1434 operuit
643 1394 666 1423 te.
690 1389 735 1423 Dies
746 1399 798 1423 nam-

96 1451 132 1484 que
147 1446 175 1475 est
187 1452 262 1486 semper
273 1441 314 1475 sine
324 1442 361 1476 vlla
374 1442 448 1477 cecitate
460 1442 577 1477 tenebrarum
589 1441 623 1477 hic.
646 1442 737 1476 Dominus
748 1442 798 1477 enim

96 1499 160 1528 noster
167 1494 233 1528 ihesus
242 1494 325 1528 Christus
335 1494 368 1529 lux
378 1495 436 1540 ipsius
447 1506 468 1529 es
476 1496 490 1529 .’¹
508 1494 609 1529 Confestim
621 1494 747 1529 inchoauimus
758 1495 798 1538 iter,
807 1506 825 1536 ²5

97 1552 115 1580 ct
126 1547 155 1581 vir
166 1547 196 1581 ille
208 1548 231 1581 ad
243 1547 322 1582 insulam
333 1548 439 1582 deliciosam
450 1548 509 1582 rediit.
531 1548 567 1583 Vbi
574 1558 619 1583 vero
629 1547 695 1582 fratres
706 1558 741 1582 nos
748 1548 799 1583 vide-

97 1597 145 1642 runt,
157 1600 176 1635 in
187 1601 268 1635 aduentu
280 1605 343 1635 nostro
355 1601 461 1636 exultabant
470 1602 528 1636 valde.
551 1601 575 1636 Et
582 1602 628 1636 dixit
636 1602 704 1636 abbas:
716 1601 798 1636 “Nonne

97 1653 207 1697 cognoscitis
221 1653 240 1687 in
255 1654 312 1687 odore
326 1654 477 1688 vestimentorum
492 1659 602 1696 nostrorum,
616 1655 664 1698 quod
678 1654 697 1688 in
713 1655 798 1698 paradiso

97 1705 127 1738 dei
142 1706 236 1739 fuimus?’'
259 1705 352 1749 Accepta⁷
365 1712 426 1740 autem
441 1707 464 1739 ab
476 1706 542 1740 abbate
556 1711 575 1739 et
585 1706 670 1740 fratribus
680 1706 758 1747 licentia,
769 1717 798 1740 re-

98 1768 164 1791 uersus
173 1768 215 1791 sum
223 1758 246 1791 ad
254 1758 319 1792 cellam
327 1760 399 1792 meam!
422 1758 464 1792 Hiis
471 1758 542 1801 auditis,
550 1764 624 1793 sanctus
637 1759 745 1794 Brendanus
757 1769 798 1794 cum
807 1771 827 1802 30

98 1810 799 1854 omnicongregationesuaprostraueruntseinterram,glorilicantesdeum,

98 1862 142 1898 Post
161 1862 241 1908 paucos⁸
255 1862 305 1897 enim
320 1863 360 1897 dies
376 1863 461 1898 Barintus
476 1874 573 1908 regressus
588 1869 616 1898 est
630 1864 653 1898 acl
667 1865 798 1899 monasterium

97 1927 157 1950 suum.
202 1909 316 1949 Brendanus
329 1921 395 1957 autem,
408 1917 463 1950 trium
477 1917 547 1950 milium
560 1917 691 1951 monachorum
704 1922 762 1961 pater,
774 1918 798 1952 de

97 1968 147 2002 omni
159 1967 299 2011 congregatione
311 1978 344 2002 sua
355 1967 419 2003 electis
430 1968 567 2012 quatuordecim
578 1968 669 2010 fratribus,
678 1968 766 2004 conclusit
776 1981 798 2004 se

98 2023 116 2056 in
124 2033 160 2056 vno
170 2021 248 2056 oratorio
260 2031 302 2055 cum
312 2020 353 2062 illis,
361 2026 379 2055 et
389 2021 460 2055 locutus
471 2028 499 2056 est
510 2022 533 2056 ad
542 2033 575 2056 eos
583 2022 657 2057 dicens:
669 2021 797 2056 ‘Dilectissimi
806 2035 825 2065 35

98 2075 169 2117 fratres,
185 2084 217 2107 cor
231 2083 294 2107 meum
311 2079 329 2106 et
344 2074 463 2118 cogitationes
477 2085 519 2109 mee
534 2074 656 2120 conglutinate
671 2081 714 2109 sunt
728 2075 747 2109 in
761 2086 798 2110 vna

96 2127 194 2167 voluntate,
207 2131 268 2161 tamen
284 2125 300 2159 si
315 2126 345 2160 dei
358 2127 442 2161 voluntas
455 2132 488 2162 est.
511 2127 593 2169 Terram,
603 2128 627 2162 de
639 2139 675 2171 qua
688 2128 758 2162 locutus
769 2134 798 2162 est

97 2184 150 2223 pater
162 2178 253 2219 Barintus,
266 2178 414 2221 repromissionis
430 2185 540 2220 sanctorum,
552 2179 571 2213 in
587 2180 642 2213 corde
655 2190 696 2213 meo
711 2180 798 2223 proposui

98 2242 186 2276 querere:
203 2233 294 2276 quomodo
307 2231 359 2265 vobis
371 2232 448 2269 videtur,
462 2237 492 2266 aut
505 2233 554 2276 quod
567 2232 662 2267 eonsilium
676 2231 730 2266 miehi
743 2232 798 2266 vultis

97 2286 161 2320 darei’
184 2284 253 2329 Agnita
265 2294 309 2320 vero
321 2284 414 2319 voluntate
429 2284 487 2320 sancti
502 2285 565 2329 patris,
578 2284 629 2329 quasi
642 2295 678 2320 vno
692 2294 724 2320 ore
735 2284 798 2319 dicunt
806 2298 827 2328 40

97 2349 172 2374 omnes:
190 2337 257 2379 ‘Abba
269 2336 353 2373 voluntas
365 2343 401 2379 tua,
413 2336 453 2381 ipsa
465 2343 493 2373 est
508 2343 526 2373 et
541 2343 608 2373 nostra.
632 2337 698 2373 Nonne
711 2343 798 2382 parentes

97 2396 170 2426 nostros
189 2390 306 2426 dimisimus?
324 2401 386 2425 nonne
404 2390 524 2426 hereditatem
543 2397 623 2426 nostram
640 2390 765 2436 despeximus,
781 2398 799 2427 et

97 2456 173 2490 corpora
189 2449 251 2479 nostra
266 2444 373 2480 tradidimus
388 2446 407 2479 in
422 2455 487 2480 manus
499 2447 551 2479 tuas?
574 2445 638 2489 itaque
654 2445 713 2491 parati
729 2456 799 2488 sumus,

117 2509 153 2539 lai.
161 2509 235 2538 descend.
279 2508 437 2545 'alsinetiorqet
482 2509 510 2538 lr.
518 2509 552 2546 ipsi.
592 2508 627 2539 ⁴E.
636 2510 723 2548 appellans.
764 2510 799 2541 ³13.

97 2548 147 2579 nobis.
187 2547 222 2579 οΤ.
230 2548 247 2579 E.
255 2558 307 2579 vocor.
348 2547 384 2580 1Ε.
392 2552 462 2587 accepto,
523 2548 627 2588 ³E.paueas.
