1762 2803
121 146 165 206 248
310 143 390 196 tanna
406 140 522 205 tremos
538 141 631 204 annia.

121 265 166 299 recti
185 265 276 301 sermonis
294 264 391 300 modulus¹
410 265 467 307 datur,
486 264 518 309 [et]
538 264 605 300 edendi
624 264 745 299 instrumenta
765 265 822 302 libere

121 318 227 363 largiuntur.

388 407 403 444 ii
411 405 461 441 Arm
468 416 538 440 rrcrro.

146 465 256 517 Languidus
271 472 344 516 quidam
356 469 423 514 quern2
436 469 538 503 inueterata
551 470 635 513 paralisis
647 472 749 507 diutissime
763 473 823 508 ineur-

122 527 182 567 uabat,
190 525 286 569 aliquando
294 536 318 559 ex
326 523 425 567 longinquo
433 522 456 556 ad
464 522 616 567 Cesarisburgum
625 535 676 559 more
683 536 729 569 vage
737 527 824 561 mendici-

106 594 115 623 5
123 579 165 613 tatis
173 580 265 621 aduectus,
274 583 346 611 coactus
354 581 383 610 est
390 574 495 619 urgen[te]³
505 575 565 610 inedia
573 583 615 620 post
624 578 680 612 breue
693 578 769 613 dimisso
781 580 824 614 hos-

123 632 171 675 picio
183 632 206 665 ad
217 637 289 674 portam
301 630 428 673 languidorum
439 639 460 662 se
471 628 577 669 transferre,
589 629 625 663 illic
639 641 680 664 cum
693 631 758 665 ceteris
769 631 824 666 victui

125 694 158 718 suo
169 683 273 717 necessaria
284 681 413 716 mendicatum.
436 680 497 714 Huius
509 691 564 724 quem
577 681 657 717 diximus
669 682 755 727 languidi,
767 695 825 718 mem·

124 737 198 771 brorum
213 741 275 770 tantus
290 741 354 778 stupor
368 733 424 768 vitam
439 744 513 766 omnem
528 739 546 767 et
561 745 638 768 sensum
653 736 726 779 ademit,
739 738 787 780 quod
803 739 826 771 ad

125 791 187 834 ignem
195 788 285 834 applicata
292 799 353 833 neque
360 787 409 821 vim⁴
417 786 493 829 ardoris,
499 798 533 821 nec
541 786 590 821 ferro
598 788 670 823 confixa
678 790 748 824 cruoris
756 790 826 826 exitum

99 858 117 879 ro
126 850 156 878 aut
164 843 262 877 cruciatum
270 843 349 886 aliquem
358 840 466 875 sentiebant.
489 840 545 874 Cuius
554 841 633 885 denique
641 843 759 885 notori[am]³
768 844 826 878 imbe-

126 897 218 929 cillitatem
230 895 285 937 aliqui
298 895 357 937 ipsius
372 893 422 926 vrbis
437 893 496 925 incole
509 892 576 935 pietate
588 893 674 926 laudabili
688 895 826 938 compatientes,

126 947 186 981 locum
194 946 213 980 in
225 957 261 991 quo
272 944 382 980 elemosinas
394 943 484 988 petiturus
495 945 519 977 de
530 955 581 978 more
592 945 697 989 consedit⁰3
710 957 734 980 ne
743 947 767 990 [a]
778 947 827 982 caui·

126 1002 162 1035 bus
174 1005 204 1034 aut
212 1001 278 1033 ceteris
288 999 351 1032 bestiis
361 1008 398 1031 non
407 998 475 1031 valenti
486 1006 506 1030 se
517 997 616 1031 defendere
626 1004 723 1032 noceretur
728 999 739 1042 ⁷,
748 1001 827 1043 quadam

127 1053 211 1087 clausura
219 1063 242 1085 ex
249 1050 324 1094 virgulis
332 1051 379 1084 facta
387 1060 432 1093 sepe
440 1049 508 1083 vallare
516 1048 604 1084 fecerunt.

100 1119 118 1148 15
147 1105 251 1143 tlLectioii.
273 1097 310 1137 Vir
320 1103 360 1145 iste,
368 1108 410 1147 post
419 1102 523 1135 biennalem
532 1113 590 1146 prope
598 1102 666 1138 ibidem
675 1105 826 1149 expectationem,

126 1158 175 1192 clara
186 1168 231 1191 voce
246 1161 357 1201 protestatus
371 1155 479 1198 apparuisse
493 1155 528 1188 sibi
540 1155 559 1189 in
571 1155 642 1190 visione
658 1156 775 1191 Osmundum
790 1158 828 1201 epi·

127 1220 208 1255 scopum,
219 1210 269 1244 iussa
276 1208 334 1252 ipsius
341 1207 424 1252 pluribus
436 1206 525 1251 patefecit,
533 1214 566 1251 pro
578 1209 703 1252 recuperanda
714 1210 793 1244 sanitate
804 1211 827 1245 ad

127 1264 209 1298 tumbam
214 1261 370 1307 ips[ius]⁸debere
376 1271 396 1294 se
401 1259 473 1294 deferri.
482 1259 505 1293 Et
510 1260 552 1294 licet
557 1260 612 1305 aliqui
618 1262 698 1305 primum
703 1268 790 1307 tanquam
796 1275 828 1308 pro

126 1329 175 1352 vano
181 1316 281 1360 sompnii]o
287 1314 380 1349 hominem
385 1313 494 1354 deriderem,
500 1319 565 1357 postca
573 1315 624 1348 curnl
630 1325 650 1348 re
658 1321 735 1359 sequuta
743 1317 829 1360 operibus

101 1385 120 1405 20
128 1376 190 1405 tamen
194 1369 208 1389 ¹⁰
215 1369 291 1403 credere
299 1367 459 1411 compellebantur.
483 1367 582 1411 Impetrato
591 1366 646 1411 igitur
657 1369 731 1402 tandem
739 1375 759 1403 vt
770 1370 830 1404 cuius-

128 1426 171 1458 dam
182 1422 216 1458 viri
226 1422 309 1456 vehiculo
321 1420 398 1454 iniectus
407 1420 473 1454 abhinc
484 1419 568 1454 manibus
579 1425 597 1454 et
609 1420 688 1454 brachiis
699 1421 799 1465 hominum,
810 1428 829 1457 vt

129 1478 161 1520 qui
170 1485 245 1509 suorum
254 1479 326 1507 artuum
332 1474 345 1492 ¹1
353 1472 449 1505 destitutus
460 1473 519 1505 officio
530 1477 578 1505 stare
587 1478 618 1505 aut
628 1483 705 1515 pergere
715 1484 751 1506 non
761 1480 829 1518 posset,

129 1528 188 1562 donee
196 1527 219 1561 ad
227 1525 345 1570 sepulchrum
352 1524 401 1558 beati
407 1523 441 1558 viri
449 1523 577 1568 perueniretur
584 1530 696 1559 sustentatus
704 1532 741 1560 est:
753 1527 830 1562 innixus

130 1591 174 1625 ergo
186 1580 246 1623 lapidi,
258 1584 276 1612 et
287 1578 372 1612 fiduciam
384 1578 455 1611 habens
466 1579 485 1611 in
497 1578 577 1620 domino,
587 1584 695 1622 sequentem
707 1584 780 1615 noctem
791 1586 830 1616 tum

103 1648 121 1677 ²5
130 1633 196 1677 vigiliis
204 1638 242 1666 tum
251 1631 362 1665 orationibus
369 1630 438 1664 ibidem
450 1631 514 1663 deuote
525 1630 618 1675 transegit.
642 1631 696 1666 Mane
706 1639 767 1667 autem
777 1634 830 1675 sacto,

131 1687 189 1729 surgit
197 1695 246 1728 eger,
254 1695 291 1718 non
300 1689 361 1717 tamen
369 1693 418 1726 eger,
427 1683 460 1716 sed
468 1683 575 1726 plenissime
583 1683 665 1718 redditus
673 1684 756 1720 sanitati:
769 1687 800 1729 qui
807 1688 830 1720 ad

131 1743 271 1772 monumentum
279 1736 297 1769 in
304 1740 397 1769 momento
403 1745 463 1778 perse
469 1734 575 1768 mirabiliter
581 1742 658 1777 erectus,
666 1747 687 1769 ac
696 1745 831 1781 consequenter

130 1791 154 1824 de
165 1789 249 1824 loco¹²in
259 1788 332 1822 laudem
340 1786 369 1820 dei
377 1785 438 1821 multis
449 1785 610 1821 concomitantibus
621 1789 644 1821 ad
656 1789 712 1822 altare
723 1792 831 1834 procedens,

130 1844 191 1887 ipsum
199 1842 255 1875 deum
263 1841 282 1875 in
290 1840 318 1874 sui
326 1839 419 1874 curatione
426 1839 532 1873 mirabiliter
539 1841 621 1884 predicat
629 1841 648 1874 in
657 1842 728 1876 sactis¹³
735 1843 778 1878 suis.

103 1908 122 1938 30
151 1896 233 1934 ilLactio
243 1895 266 1929 iti.
290 1887 335 1928 Fuit
345 1892 364 1926 in
376 1894 440 1926 eadem
451 1893 496 1925 vrbe
508 1893 576 1926 femina
587 1894 671 1937 quedam,
682 1894 741 1929 Alicia
751 1896 831 1937 nomine,

130 1960 166 1994 que
181 1947 262 1983 cecitatis
276 1946 375 1981 infortunio
387 1956 421 1989 per
435 1944 534 1979 triennium
546 1946 643 1980 laborabat.
667 1947 707 1981 Hee
721 1959 762 1982 cum
775 1949 832 1983 multa

130 2003 170 2035 loca
178 2006 282 2035 sanctorum
291 1998 362 2032 deuotis
374 1998 468 2042 gressibus
479 1998 579 2042 visitassem
592 2009 666 2043 semper
677 2000 696 2034 in
708 2002 773 2035 eodem
784 2006 831 2036 statu

131 2063 249 2098 permanens,
261 2053 320 2096 qualis
332 2051 389 2085 exiuit
400 2050 442 2084 talis
453 2061 528 2085 reuersa
540 2056 572 2086 est.
594 2051 665 2086 Volens
677 2063 721 2096 ergo
733 2055 832 2087 ostendere

132 2106 195 2142 deus1⁴
203 2104 299 2140 mulierem
309 2103 369 2147 ipsam
378 2102 427 2137 intus
439 2103 506 2138 habere
516 2104 564 2147 quod
575 2104 619 2139 ioris
627 2104 710 2149 quesiuit,
718 2106 761 2140 iecit
768 2107 832 2141 venire

105 2175 123 2205 35
132 2159 151 2194 in
159 2163 240 2193 mentem
249 2168 300 2192 suam
308 2157 331 2190 ad
339 2156 421 2191 tumbam
432 2155 523 2191 Osmundi
530 2157 618 2200 prodesse
629 2158 701 2193 soluere
708 2164 755 2193 vota.
778 2159 832 2202 Quod

132 2222 174 2246 cum
182 2210 261 2252 fecisset,
269 2220 312 2244 mox
320 2209 344 2243 ibi
352 2213 434 2253 optatum
441 2208 501 2243 visum
509 2209 616 2244 miraculose
624 2212 709 2256 suscepit.

153 2298 267 2329 1E.m0dnus.
319 2296 394 2335 'Equi
442 2298 473 2327 ³13.
482 2299 552 2335 urgendi.
607 2298 686 2330 ⁴nl.viui.
733 2299 833 2330 lRnotori.

133 2339 139 2356 ⁶
150 2341 168 2370 E.
176 2339 270 2369 concedunt.
349 2336 355 2353 ⁷
366 2338 384 2366 E.
392 2341 488 2367 nosceretur.
568 2338 574 2355 ⁸
584 2338 603 2369 Ε,
611 2338 650 2378 ipse.
720 2338 726 2357 ⁰
737 2339 833 2370 satamon.

134 2380 145 2397 ¹⁰
155 2390 185 2410 om.
193 2378 209 2409 in
217 2378 248 2407 ΞΒ.
291 2376 301 2394 ¹¹
313 2377 418 2408 SB.aetuurn.
458 2377 512 2406 12ΕΒ.
520 2387 572 2408 sanus.
612 2379 738 2409 ¹³SB.sanctis
779 2378 833 2408 ¹¹53.

135 2420 174 2450 deus
182 2417 271 2448 ostendere.
