1762 2803
236 103 282 159 bt
297 101 397 155 &oneo
412 101 559 164 augustino.
719 115 747 160 95

47 229 107 258 autem
118 234 152 258 vos
164 224 254 269 spreuerit
266 235 300 258 nec
312 234 374 258 coram
385 224 438 259 vobis
451 233 549 268 assurgere
560 222 643 263 voluerit,
655 232 697 256 cum
709 221 749 256 sitis

47 287 124 312 numero
132 277 199 322 plures,
207 283 225 314 et
233 278 273 323 ipse
281 282 380 322 spernatur
387 288 398 311 a
405 277 468 312 vobis?
491 277 603 321 Factumque
611 281 639 311 est
646 282 666 310 ut
673 275 750 310 venien-

47 330 95 365 tibus
107 331 143 364 illis
154 332 228 366 sederet
240 331 355 375 Augustinus
367 330 386 365 in
398 330 449 365 sella.
471 330 524 372 Quod
536 330 561 364 ilii
573 330 663 369 videntes,
675 339 719 362 mox
731 329 750 362 in

47 383 93 417 iram
101 383 192 425 conuersi,
198 395 276 429 eumque
285 389 370 419 notantes
378 383 469 429 superbie,
477 382 547 418 cunctis
555 393 591 428 que
599 382 671 417 dicebat
678 387 750 416 contra-

48 437 109 471 dicere
119 437 231 473 laborabant.
254 437 331 474 Dicebat
342 443 403 472 autem
414 437 442 472 eis
452 436 521 482 ‘quodl
531 436 551 471 in
562 436 625 471 multis
635 442 698 470 nostre
708 445 750 470 con·
759 444 768 473 5

48 489 145 532 suetudini‚
153 490 210 525 immo
217 491 317 526 vniuersati
323 491 329 509 ²
336 491 414 526 ecclesie
422 491 513 525 contraria
520 490 594 535 geritis:
606 495 624 525 et
635 495 696 523 tamen
705 488 721 523 si
731 489 750 521 in

48 543 106 576 trihus
115 542 143 576 his
151 544 205 576 michi
211 543 429 588 obtemperarevultis,vt
437 545 506 588 paseha
514 554 548 578 suo
556 549 640 586 tempore
648 541 750 579 celebretis,

48 600 67 629 ct
76 595 199 630 ministerium
208 597 312 640 baptizandi
323 596 373 630 iuxta
385 606 455 631 morem
466 607 542 630 romane
551 595 628 630 ecclesie
637 595 750 638 compleatis,

48 653 67 681 et
81 648 166 690 gentibus
181 649 284 692 Anglorum
299 659 335 683 vna
351 648 447 683 nobiseum
461 649 538 683 verbum
555 648 625 682 domini
640 647 749 692 predicetis:

49 704 159 744 ceteraque
174 701 233 745 agitis,
245 703 330 746 quamuis
343 701 425 736 moribus
439 703 508 736 nostris
522 701 617 743 contraria,
630 699 751 746 equanimiter
760 708 779 731 ιο

49 759 115 787 cuncta
121 754 266 797 tolera[bi]mus.’
277 754 332 789 Atilii
339 755 394 789 nichil
402 756 468 789 horum
473 766 494 789 se
499 755 584 792 facturos,
589 765 650 798 neque
657 754 708 788 illum
716 763 750 796 pro

49 805 186 851 archiepiscopo
197 807 290 842 habituros
301 818 343 842 esse
353 807 501 851 respondebant3
513 806 630 841 conserentes
640 807 663 840 ad
672 806 752 840 inuicem

50 859 101 903 ‘quia
109 859 124 894 si
132 860 186 894 modo
194 860 247 894 nobis
255 870 352 904 assurgere
361 860 424 902 noluit,
434 860 562 905 quantomagis
572 860 588 894 si
596 860 613 894 ei
621 859 674 894 subdi
682 858 752 903 ceperi-

49 923 96 954 mus,
109 913 145 946 iam
159 924 193 947 nos
206 923 240 957 pro
253 913 320 946 nichilo
334 915 462 957 contempnet!
485 913 556 955 Quibus
568 912 684 957 Augustinus
696 911 753 946 fertur

50 965 130 999 dixisset
143 966 185 1008 quia
200 966 216 998 si
228 976 293 1009 pacem
307 976 348 999 cum
361 965 447 1000 iratribus
460 965 543 1010 accipere
558 965 633 1006 nollent,
647 964 714 998 bellum
730 964 753 997 ab
762 973 780 1003 ¹⁵

50 1017 134 1052 hostibus
145 1017 205 1052 forent
217 1018 319 1061 accepturi;
332 1022 350 1052 et
361 1019 377 1052 si
389 1017 457 1051 nationi
465 1016 569 1061 Anglorum
580 1017 650 1051 nollent
657 1018 706 1050 viam
716 1017 753 1050 vite

51 1070 151 1113 predicare,
159 1081 193 1113 per
201 1070 267 1103 horum
276 1081 343 1104 manus
351 1070 439 1104 vitionem
450 1076 513 1105 essent
524 1070 589 1104 mortis
598 1069 677 1114 passuri.
700 1069 753 1112 Quod

50 1122 81 1165 ita,
87 1122 149 1157 diuino
157 1128 223 1168 agente
231 1122 302 1165 iudicio,
307 1129 398 1168 patratum
407 1129 440 1159 est.
456 1124 551 1168 Siquidem
556 1128 598 1167 post
605 1124 639 1159 hec
647 1134 680 1158 rex
686 1122 753 1157 North-

51 1177 206 1210 anhumbrorum⁴
215 1177 334 1217 Ethelfridus‚
348 1177 423 1211 collecto
436 1177 501 1221 grandi
515 1178 612 1219 excercitu,
623 1177 646 1211 ad
656 1176 753 1210 Ciuitatem

52 1228 199 1272 Legionum,que
207 1230 261 1262 modo
270 1229 341 1263 Cestria
349 1230 420 1271 dicitur,
425 1230 524 1263 maximam
531 1229 591 1273 gentis
596 1229 668 1273 perfide
673 1234 753 1273 stragem
762 1237 782 1260 ro

52 1282 106 1316 dedit.
129 1281 213 1325 Cumque
228 1282 296 1316 bellum
311 1288 385 1316 acturus
396 1282 467 1316 videret
482 1283 587 1316 sacerdotes
603 1293 672 1322 eorum,
684 1283 715 1326 qui
730 1283 753 1316 ad

52 1335 165 1368 exorandum
174 1335 229 1369 deum
238 1345 272 1378 pro
281 1334 339 1369 milite
346 1335 415 1370 bellurn
425 1340 492 1379 agente
501 1340 632 1374 conuenerant,
640 1345 725 1370 seorsum
734 1334 753 1368 in

52 1387 118 1423 tutiore
126 1388 166 1422 loco
174 1388 280 1430 consistere,
288 1388 414 1423 sciscitabatur
422 1387 452 1433 qui
461 1394 523 1424 essent
534 1388 558 1429 hi,
566 1388 634 1433 quidue
644 1389 701 1423 acturi
711 1388 753 1423 illuc

53 1442 188 1476 conuenissent.
211 1441 268 1475 Erant
277 1446 339 1475 autem
347 1441 421 1485 plurimi
428 1452 492 1476 eorum
500 1442 524 1476 de
532 1443 643 1476 monasterio
651 1441 728 1482 uereor,
736 1441 754 1475 id

53 1499 81 1528 est
90 1494 168 1537 Bangor,
176 1494 195 1527 in
203 1504 240 1538 quo
247 1499 309 1528 tantus
317 1494 375 1528 iertur
382 1494 439 1529 luisse
446 1504 536 1529 numerus
544 1495 705 1534 monachorum‚vt
713 1504 755 1528 cum
764 1505 782 1534 25

53 1547 72 1581 in
86 1552 158 1590 septem
170 1547 265 1591 portiones
278 1546 340 1581 esset⁶
352 1558 393 1582 cum
405 1546 505 1591 prepositis
520 1546 554 1582 sibi
568 1547 669 1582 rectoribus
682 1557 755 1581 monas·

53 1601 120 1634 terium
130 1599 215 1641 diuisum,
226 1599 275 1633 nulla
286 1600 352 1633 harum
362 1599 421 1643 portio
431 1600 493 1633 minus
503 1610 559 1642 quam
569 1604 661 1634 trecentos
672 1599 756 1633 homines

54 1652 140 1685 haberet:
156 1651 191 1693 Qui
205 1661 270 1685 omnes
285 1652 308 1685 dc
323 1651 385 1687 labore
400 1662 488 1686 manuum
504 1662 578 1686 suarum
590 1651 654 1686 viuere
667 1651 756 1686 solebant.

55 1704 128 1739 Horum
136 1715 180 1748 ergo
188 1704 261 1748 plurimi
272 1705 295 1738 ad
306 1711 425 1739 memoratam
436 1705 500 1746 aciem,
507 1711 581 1749 peraeto
590 1706 675 1739 triduano
684 1705 756 1746 ieiunio,

54 1769 96 1791 cum
109 1757 150 1790 aliis
162 1756 226 1790 orandi
238 1767 293 1790 causa
305 1764 436 1798 conuenerant,
448 1758 539 1792 habentes
552 1757 668 1792 defensorem
681 1757 756 1792 nomine
765 1767 785 1799 ³⁰

55 1810 177 1844 Brocmailum
183 1809 194 1851 ὅ,
203 1810 233 1854 qui
244 1820 277 1843 eos
286 1809 368 1846 intentos
378 1811 464 1856 precibus
475 1821 486 1846 a
495 1811 613 1845 barbarorum
621 1811 687 1856 gladiis
696 1816 756 1855 prote·

55 1869 111 1908 geret.
134 1864 217 1905 Quorum
227 1874 301 1898 causam
311 1865 402 1899 aduentus
413 1876 454 1898 cum
464 1864 585 1899 intellexisset
597 1875 630 1899 ren
639 1864 756 1906 Ethellridus‚

43 1942 45 1945 -
56 1919 91 1952 ait:
103 1917 162 1960 ‘Ergo
170 1916 186 1950 si
193 1917 292 1950 aduersum
303 1927 338 1951 nos
348 1918 371 1951 ad
380 1918 435 1951 deum
443 1928 497 1951 suum
505 1917 589 1959 clamant,
597 1916 679 1961 proiecto
689 1922 707 1951 et
715 1918 757 1961 ipsi,

56 1970 139 2014 quamuis
150 1979 201 2002 arma
210 1979 247 2002 non
257 1968 322 2010 terant,
330 1975 393 2004 contra
404 1981 438 2004 nos
449 1976 536 2014 pugnant,
544 1970 575 2013 qui
585 1970 669 2005 aduersis
679 1981 714 2004 nos
723 1970 758 2004 im-

56 2022 190 2067 precationibus
198 2024 344 2065 persequuntur!
363 2022 428 2067 ltaque
435 2023 454 2057 in
463 2024 497 2057 hos
504 2023 585 2067 primurn
591 2033 642 2057 arma
647 2023 694 2057 verti
702 2024 757 2063 iubet,
766 2034 785 2064 35

56 2081 74 2110 et
82 2075 109 2109 sic
117 2079 187 2109 ceteras
193 2074 290 2117 nephande
298 2074 363 2109 militie
371 2075 438 2120 copias,
446 2087 484 2111 non
492 2076 533 2110 sine
541 2086 608 2120 magno
616 2076 719 2111 excercitus
729 2076 757 2111 sui

57 2130 143 2173 dampno,
151 2127 223 2162 deleuit.
246 2126 342 2162 Extinctos
350 2129 369 2162 in
377 2139 399 2163 ea
409 2139 472 2173 pugna
482 2128 548 2169 ierunt,
557 2130 580 2163 de
591 2128 619 2163 his
630 2128 660 2173 qui
671 2130 694 2164 ad
704 2140 757 2163 oran-

57 2183 101 2216 dum
108 2187 202 2222 venerant,
210 2180 259 2214 viros
268 2180 339 2215 circiter
348 2182 397 2215 mille
405 2182 504 2224 ducentos;
519 2182 633 2216 Brocmailus
644 2183 667 2215 ad
678 2183 758 2224 primum

57 2235 137 2269 hostium
145 2235 245 2268 aduentum
253 2243 295 2267 cum
304 2232 343 2267 suis
351 2238 404 2277 terga
410 2240 491 2276 vertens,
499 2244 586 2279 eosquos
594 2233 693 2269 defendere
701 2234 758 2267 debu-

57 2293 102 2328 erat,
107 2288 189 2322 inermes
197 2291 215 2321 et
223 2287 282 2320 nudos
289 2285 396 2321 ferientibus
404 2287 468 2330 gladiis
476 2287 554 2331 reliquit.
573 2286 640 2330 sicque
646 2287 758 2331 completum
766 2297 787 2328 40

58 2347 87 2376 est
99 2336 204 2384 'presagium
220 2340 277 2374 sancti
289 2339 380 2383 pontificis
392 2339 496 2383 Augustini,
508 2339 592 2383 quamuis
605 2339 636 2373 illo
648 2340 672 2373 ad
684 2340 759 2374 celestia

58 2405 116 2438 regna
123 2399 166 2427 tunc
175 2393 268 2435 translato,
276 2397 295 2426 vt
303 2391 357 2426 etiam
368 2392 475 2436 temporalis
481 2391 566 2426 interitus
573 2392 661 2427 ultionem
669 2393 759 2429 sentirent

58 2447 129 2492 perfidi,
143 2446 192 2491 quod
205 2445 267 2480 allata⁷
277 2445 312 2481 sibi
322 2451 411 2490 perpetue
425 2445 489 2480 salutis
502 2445 578 2480 consilia
591 2446 760 2490 spreuerunt⁹.—

77 2520 157 2558 ¹ul.quia.
183 2520 321 2551 ²nl.universalis.
346 2518 482 2557 'atpredixisse
506 2518 639 2557 *atAngtorum
663 2520 760 2551 ³T.essent

57 2559 64 2576 ⁵
73 2560 91 2590 E.
98 2560 205 2592 brocmailum.
255 2560 261 2577 ²
271 2560 291 2592 al.
299 2559 356 2591 oblata.
406 2558 412 2576 θ
422 2559 441 2589 al.
448 2562 548 2597 spreuerant.
