1762 2803
94 120 96 125 ,
122 101 166 147 472
314 88 394 141 muta
410 85 526 149 beamus
541 84 634 147 anulio.
701 86 825 132 torenna.

166 216 182 254 tl
194 213 259 260 Incipit
267 214 353 250 reuelatio
361 225 410 265 noua
417 213 487 249 itineris
495 219 514 250 et
521 214 612 266 passionis
620 214 705 250 undecim
712 213 783 248 milium

360 268 451 302 vngmum
461 263 479 292 et
488 264 587 294 martirum.

128 331 207 410 DEus
217 332 240 366 ab
248 338 312 366 eterno
322 337 387 366 cuncta
397 333 491 377 sapienter
501 332 606 377 disponens,
615 331 710 367 occasione
722 330 826 375 nuptiarum

190 385 303 419 nobilissime
313 385 389 429 virginis
396 385 464 419 Vrsule
472 385 537 429 suique
547 385 611 429 sponsi
621 385 693 418 iuuenis
702 383 748 427 regii
759 388 777 416 et
784 393 827 426 pre·

126 437 228 480 clarissimi,
239 437 294 471 totius
306 438 356 472 orbis
367 437 467 472 nobiliores
479 438 585 472 domicellas
595 437 676 481 virgines
692 441 710 469 et
720 435 827 469 iuuenculas

126 489 203 535 sapienti
215 500 249 524 suo
261 489 337 525 consilio
348 501 369 525 ac
377 490 493 534 prouidentia
500 492 523 524 ad
531 491 608 525 celestes
616 489 693 524 inuitare
702 490 787 533 dignatus
799 494 827 523 est

109 556 117 585 5
127 542 205 588 nuptias,
213 543 250 578 lilio
258 555 292 578 suo
300 543 339 588 regi
349 550 413 578 eterno
425 545 563 588 desponsandus
574 549 700 588 perpetuoque
712 553 775 577 secum
785 552 827 585 per·

127 607 228 631 mansuras.
259 597 359 639 Quocirca¹
374 598 468 631 beatarum
482 596 568 632 undecim
584 595 654 630 milium
668 595 760 639 virginum
776 604 828 628 sacre

127 649 203 691 reliquie
211 650 260 692 apud
268 650 336 683 Christi
344 651 408 683 fideles
417 661 453 682 non
465 655 509 683 sunt
520 649 675 693 paruipendende.
699 647 720 681 In
728 657 764 681 vno
772 646 828 689 siqui·

127 702 170 734 dem
181 701 227 744 loco,
235 700 307 735 ciuitate
319 702 399 742 Colonia,
406 702 492 736 vniuerse
501 711 536 744 pro
548 700 632 735 Christ0²
640 709 709 743 sponso
720 709 754 734 suo
766 698 828 733 celesti

127 759 146 786 et
152 758 233 787 amatore
239 754 315 787 martirii
323 755 403 798 palmam
411 752 583 797 consequutelsunt
589 751 693 798 gloriosam.
709 750 762 786 Nunc
768 750 829 795 itaque

101 821 120 843 10
128 818 162 851 per
173 806 242 849 orbern,
254 808 284 841 dei
299 808 408 851 prouidente
420 806 522 849 clementia,
535 806 625 850 disperse,
638 805 676 839 suis
690 804 829 840 veneratoribus

128 860 177 903 apud
189 859 284 893 dominum
295 860 380 903 precibus
392 858 471 893 assiduis
482 863 597 900 succurrunt,
608 859 726 901 ipsarumque
738 856 831 900 suffragiis

129 917 147 944 et
158 911 228 945 meritis
240 912 270 954 pia
280 911 360 945 celorum
371 911 439 955 regina,
447 912 548 944 earundem
558 911 630 944 ductrix
641 915 659 944 et
670 915 752 953 patrona,
762 913 811 943 amat
823 926 830 933 -

129 963 180 997 ribus
188 963 260 997 illarum
268 963 298 1007 pie
306 964 390 1008 opitulari
398 975 435 997 non
442 968 507 999 cessat.
525 963 609 1007 Denique
615 963 634 998 in
641 962 730 998 Passione
737 961 830 1006 ipsarum⁴

129 1016 173 1052 satis
185 1018 287 1052 ostenditur
298 1017 374 1052 illustris
387 1017 445 1061 gloria
458 1027 527 1058 earum,
539 1022 558 1051 et
569 1016 645 1051 martirii
657 1016 766 1061 triumphus.
790 1016 832 1049 Eui-

103 1079 120 1110 15
129 1068 202 1105 (tentius
210 1074 271 1104 tamen
278 1070 297 1104 in
302 1069 378 1114 virginis
385 1070 479 1104 cuiusdam
485 1071 574 1104 memorie
580 1070 637 1104 felicis
644 1070 738 1104 Elizabeth
745 1068 832 1104 Visione⁵

129 1122 195 1157 nobilis
209 1134 272 1157 earnm
286 1124 388 1166 profectiot,
402 1129 420 1156 et
434 1122 570 1166 magnificentia
583 1123 687 1165 passionis²
699 1123 776 1155 habetur
789 1132 832 1154 con·

130 1175 203 1219 scriptav
226 1175 312 1209 Preterea
323 1180 341 1209 et
352 1175 437 1209 dominus
448 1176 530 1218 ipsarum
542 1185 622 1219 sponsus
633 1180 651 1208 et
663 1179 738 1217 amator,
748 1173 832 1217 ampliori

130 1238 162 1262 eas
170 1226 234 1262 volens
242 1227 301 1262 adhuc
309 1227 366 1271 gloria
378 1228 483 1270 clarificare,
495 1238 555 1272 nuper
566 1239 614 1261 anno
626 1226 724 1262 millesimo
732 1227 833 1261 centesimo

131 1279 242 1322 octogesimo
260 1279 319 1323 tertio,
335 1291 371 1324 que
389 1281 485 1325 hucusque
503 1291 560 1324 super
578 1279 654 1314 earum⁷
673 1278 833 1323 peregrinationel

103 1344 123 1366 20
131 1333 212 1368 latebant
223 1337 242 1366 et
253 1333 315 1376 gestis,
324 1333 408 1378 dignatur
420 1334 508 1368 reuelare.
531 1333 553 1367 ln
564 1333 640 1367 exordio
651 1332 713 1378 itaque
724 1333 833 1367 narrationis

132 1385 192 1429 huius,
206 1386 257 1421 iuxta
272 1386 355 1421 eiusdem
369 1387 422 1422 beate
435 1387 503 1421 Vrsule
518 1386 667 1428 admonitionem,
681 1397 717 1431 que
730 1391 833 1421 ceterarum

132 1438 204 1473 ductrix
216 1439 274 1473 extitit
285 1440 377 1482 virginum
389 1447 408 1473 et
422 1440 514 1482 magistra,
527 1440 619 1481 passionis
632 1449 695 1471 earum
712 1438 779 1471 seriem
795 1443 834 1471 tan-

132 1500 203 1535 gemus,
212 1496 230 1525 et
238 1501 279 1535 que,
287 1492 317 1526 vel
324 1492 373 1526 vnde
384 1490 456 1534 fuerint,
465 1496 519 1536 atque
526 1502 591 1535 genus,
599 1498 617 1525 et
625 1491 703 1535 patriam
711 1492 834 1526 ostendemus.

134 1543 199 1578 Plures
211 1555 256 1578 sane
267 1544 394 1588 religiosorum
402 1545 482 1579 uidimus
490 1544 521 1587 qui
532 1544 606 1587 penitus
617 1543 725 1588 ignorabant
733 1543 783 1578 cuius
791 1556 834 1579 con-

106 1602 124 1633 ΞΕ
134 1596 208 1631 ditionis
223 1596 283 1632 forent
295 1602 325 1631 aut
337 1596 420 1631 nationis.
443 1597 471 1631 De
486 1597 564 1631 diuersis
578 1597 668 1640 siquidem
681 1597 764 1640 partibus
776 1603 835 1639 erant,

134 1648 218 1684 videlicet
224 1650 231 1668 ²
238 1649 346 1692 Anglorum‚
355 1650 457 1690 Britonum,
464 1649 583 1691 Wallionum,
592 1648 693 1691 Scotorum,
701 1655 755 1692 atque
763 1651 786 1683 de
795 1650 835 1683 aliis

134 1701 193 1735 adhuc
201 1700 285 1744 pluribus
293 1701 355 1744 regnis
366 1707 384 1735 et
392 1701 497 1745 regionibus
504 1701 577 1735 fuerunt
585 1701 667 1735 oriunde.
690 1701 747 1734 Porro
755 1707 774 1735 et
781 1712 836 1746 reges

134 1753 214 1797 quidam,
227 1754 288 1793 duces,
302 1754 383 1796 comites,
394 1766 415 1788 ac
429 1754 528 1799 principes,
542 1759 596 1798 atque
611 1753 739 1799 episcoporum
752 1754 836 1800 plerique

134 1806 215 1842 cumeis
229 1812 271 1841 sunt
284 1807 367 1851 profecti,
379 1813 397 1842 et
410 1813 535 1842 matronarum
547 1807 615 1852 piures,
628 1808 728 1852 gloriosum
744 1819 786 1842 cum
800 1808 836 1842 illis

107 1874 127 1903 30
135 1859 210 1895 martirii
218 1861 318 1895 subeuntes
326 1861 438 1905 triumphum
444 1861 456 1897 ⁹.

140 1944 154 1964 ¹⁰
161 1946 176 1982 {l
184 1944 238 1985 Quod
246 1955 280 1978 rex
287 1955 370 1989 paganus
377 1946 450 1979 beatam
457 1944 544 1978 Vrsulam
552 1944 588 1977 filio
596 1954 630 1978 suo
638 1943 747 1987 desponsari
754 1944 830 1988 rogauit.

160 2000 251 2043 Ceterum
270 2020 304 2041 rex
322 2008 415 2053 quidam¹1
434 2010 458 2043 de
477 2008 572 2042 Britannia
591 2007 674 2041 Μείοῑίη
692 2008 725 2041 tuit
743 2007 837 2050 oriundus,

136 2061 202 2095 nobilis
218 2065 235 2094 et
250 2060 351 2105 religiosus,
364 2072 447 2106 vxorque
462 2061 509 2095 illius
525 2070 616 2105 generosa
630 2060 714 2094 similiter
729 2065 773 2103 erat,
789 2060 837 2095 illus·

137 2114 170 2146 tris
185 2118 203 2147 et
218 2113 308 2157 religiosa.
332 2115 368 2155 Qui
383 2125 425 2148 cum
440 2114 503 2148 liberis
512 2114 525 2133 n
540 2118 628 2153 carerent,
645 2112 754 2156 quotidianis
770 2115 838 2148 benefi-

138 2166 208 2200 ciorum
218 2166 311 2209 obsequiis
321 2166 395 2210 iugique
404 2167 506 2201 orationum
516 2166 603 2200 instantia
612 2166 730 2199 obtinuerunt
742 2177 752 2199 a
764 2167 838 2200 domino

110 2228 129 2258 35
139 2217 194 2251 filiam
206 2217 219 2234 ¹⁴
225 2218 262 2261 [qui
275 2228 296 2252 se
307 2218 365 2252 filium
375 2223 497 2263 sperauerunt
509 2217 638 2262 impetrare]¹⁴.
661 2217 721 2260 Quam
733 2221 838 2262 educantes,

139 2269 240 2304 secundum
252 2270 312 2314 legem
324 2271 392 2304 domini
404 2273 493 2306 docebant
499 2271 511 2291 ¹⁵
523 2271 615 2311 incedere,
628 2269 750 2314 Vrsulamque
763 2273 839 2317 proprio

139 2323 214 2359 nomine
221 2323 351 2367 nuncupabant
356 2323 374 2358 ¹⁰.
395 2324 436 2359 l-lec
444 2335 486 2359 cum
494 2325 517 2358 ad
525 2334 584 2358 annos
592 2324 708 2369 peruenisset
716 2324 793 2369 nubiles,
801 2327 839 2361 ele-

158 2408 256 2446 ¹B.quare.
297 2408 344 2440 lom.
352 2409 368 2439 in
376 2410 394 2440 B.
434 2410 553 2440 ⁸B.assecute.
598 2408 752 2448 ‘ed.Boll.p.157.
798 2412 839 2440 led.

139 2450 179 2479 Boll.
188 2457 198 2486 p
212 2450 245 2484 1⁶3·
288 2447 295 2465 ⁴
303 2448 321 2476 Ε.
328 2449 409 2485 perfectio.
451 2448 457 2465 ⁷
466 2449 484 2478 B.
492 2449 557 2478 illarum.
598 2448 604 2465 ⁸
612 2450 631 2480 B.
637 2449 769 2488 peregrinationis
776 2450 838 2480 itinere.

138 2487 144 2507 ⁹
155 2488 173 2518 B.
180 2492 257 2525 tropeum.
308 2487 319 2506 ¹⁰
329 2487 379 2517 Titles
386 2498 416 2518 om.
425 2489 441 2517 in
449 2488 467 2519 B.
518 2488 530 2506 ¹¹
542 2489 560 2520 E.
568 2497 593 2526 qu.
600 2498 676 2527 paganus.
730 2489 742 2507 ¹²
753 2490 771 2519 B.
779 2490 840 2520 minori.

138 2527 150 2547 ¹³
161 2528 178 2558 E,
184 2527 232 2558 libris.
273 2525 309 2545 ¹¹⁴⁴
319 2537 338 2557 so
345 2528 373 2566 B.;
384 2538 414 2558 om.
422 2529 438 2558 in
446 2529 465 2560 E.
504 2527 516 2546 ¹³
526 2528 545 2561 B.
553 2537 588 2559 earn
595 2529 610 2560 d.
651 2529 662 2547 ¹⁶
673 2529 691 2560 B.
698 2529 802 2568 appellabant.
