1762 2803
111 125 152 167 168
176 112 178 117 ’
297 123 378 176 tutuo
395 121 618 185 tremutantia.

107 249 180 293 angulis
191 249 263 292 domus,
272 249 291 283 in
303 260 339 293 qua
350 251 440 293 manebat,
449 255 526 294 quatuor
537 250 632 294 lampades
643 249 698 294 igneo
710 250 808 294 splendore

109 303 239 337 choruscantes
249 314 307 347 vsque
318 303 341 337 ad
353 309 426 347 partum
438 303 470 337 filii
480 303 520 338 vise
532 308 580 338 sunt.
602 302 694 346 Apparuit
705 308 765 337 autem
776 314 808 337 an-

109 356 162 400 gelus
170 355 239 389 domini
249 355 268 389 in
278 361 331 390 nocte
340 367 375 400 qua
386 362 440 390 natus
451 362 479 390 est
489 367 541 401 puer,
549 356 613 390 dicens
622 356 672 400 regi:
685 357 739 391 ‘Cras
746 356 809 390 veniet

109 411 133 443 ad
143 415 161 443 te
169 409 273 443 anachorita
281 409 355 453 quidam
363 415 437 444 sanctus
443 409 455 452 ¹,
464 420 518 453 quem
526 411 592 444 deuote
600 409 709 454 suscipiens,
718 408 810 444 humiliter

92 463 188 506 simplora
200 462 284 505 quatinus
299 461 357 496 filium
372 468 423 497 tuum
437 463 523 497 lauachro
537 461 682 506 regenerationis
695 463 778 507 purificet
791 468 809 497 et

110 526 177 549 nomen
190 514 229 548 eius
238 515 328 549 Cathinail
338 516 424 559 appellet,
434 516 551 560 eundemque
562 521 604 559 post
617 516 733 559 septennium
744 514 809 550 litteris

109 574 127 602 et
135 568 217 601 moribus
225 567 362 601 informandum
370 568 468 611 suscipiat!
485 568 525 609 Quo
534 568 586 610 facto,
591 573 675 611 tempore
681 565 716 612 quo
722 573 775 601 natus
782 574 810 602 est

109 630 161 664 puer,
168 618 235 654 celatia
240 620 286 654 lacte
293 624 312 654 et
320 620 375 654 melle
382 621 437 664 plena
445 620 521 655 inuenta
528 625 576 655 sunt.
599 621 645 654 Cum
653 626 712 655 autem
719 627 810 655 cresceret

109 673 175 715 infans,
184 671 269 716 quicquid
276 672 362 706 veniebat
372 674 395 706 ad
405 683 470 706 manus
480 672 520 706 eius
530 678 588 706 totum
596 673 707 716 pauperibus
718 673 810 715 erogabat.

83 734 102 756 10
110 726 149 760 Sub
158 725 190 760 vili
203 724 266 760 habitu
281 725 370 770 singulis²
379 725 429 760 horis
445 725 542 760 ecclesiam
554 726 678 770 frequentans,
688 731 707 759 et
717 725 736 759 in
748 730 807 769 nocte,

110 779 202 813 modicum
213 779 267 821 panis
278 784 296 813 et
307 789 359 827 aque,
371 779 478 812 lautioribus
490 778 535 813 cibis
547 778 620 822 penitus
631 778 711 821 abiectis,
722 778 811 812 sumebat.

110 832 141 867 Ad
149 831 234 866 diuersos
245 842 291 876 sepe
301 831 354 866 ludos
365 830 456 873 inuitatus,
464 832 487 865 ad
497 831 595 866 ecclesiam
605 831 689 876 confugit,
697 830 771 865 dicens:
784 831 811 865 ‘O

58 925 60 928 v
111 896 155 920 ceca
161 895 214 919 mens
222 885 322 927 hominum,
328 895 364 928 que
370 896 445 929 semper
450 884 554 919 transitoria
562 885 631 929 appetit
638 890 656 918 et
662 891 724 920 eterna
730 882 810 928 respuit!

111 938 178 972 Videte
190 937 234 980 quid
246 938 285 971 sitis
298 942 316 971 et
329 938 352 970 ad
363 938 408 981 quid
419 938 461 971 lacti
473 937 524 972 estis.
547 937 626 971 Nescitis
638 938 679 981 quia
691 937 731 971 dies
742 937 812 971 domini

85 990 179 1033 15veniet,
191 990 265 1033 quando
275 989 324 1024 risus
338 996 422 1024 vertetur
436 990 455 1024 in
471 990 544 1033 luctum,
560 995 578 1024 et
593 990 652 1024 luctus
667 990 685 1024 in
702 989 811 1034 gaudiuml’

112 1036 202 1088 Quodam
214 1043 243 1077 die
254 1043 336 1077 extincto
346 1043 388 1086 igne
399 1043 483 1087 precepit
492 1043 579 1087 magister
588 1054 646 1087 puero
656 1042 737 1084 Catinail‚
745 1042 774 1076 id⁵
783 1049 811 1078 est

112 1096 190 1138 Cadoc0‚
204 1094 266 1138 ignem
281 1096 304 1129 ad
317 1096 432 1138 coquendam
448 1105 509 1129 escam
517 1095 601 1129 deferre:
619 1100 638 1129 et
653 1095 721 1139 [cum]⁴
734 1095 812 1129 rusticus

112 1147 187 1191 quidam
198 1146 223 1180 illi
234 1147 297 1191 ignem
309 1148 353 1181 dare
365 1147 467 1189 renueretl,
475 1147 511 1181 nisi
521 1148 611 1182 carbones
620 1148 705 1182 ardentes
715 1148 733 1181 in
743 1147 813 1192 gremio

112 1202 222 1244 deportaret,
234 1200 298 1234 6viuos
309 1200 328 1233 in
340 1200 417 1234 clamide
428 1201 517 1234 carbones
529 1200 615 1244 suscepit,
627 1205 646 1234 et
656 1201 716 1235 inusta
726 1205 779 1235 veste
790 1202 813 1235 ad

85 1264 104 1286 πο
112 1254 220 1298 magistrum
232 1264 286 1287 suum
297 1253 361 1287 attulit.
376 1249 455 1287 'Erectis
467 1257 527 1287 autem
538 1253 557 1287 in
569 1253 628 1287 celum
640 1253 702 1297 oculis,
713 1264 779 1297 preces
791 1255 813 1288 ad

112 1308 167 1341 deum
183 1305 229 1340 fudit
244 1306 328 1350 quatinus
344 1306 423 1340 rusticus
438 1303 469 1340 ille
484 1316 529 1347 curn¹
541 1306 590 1340 farre
605 1317 639 1340 suo
655 1317 729 1342 suorum
745 1306 815 1351 pariter

112 1360 193 1393 fomento
208 1358 292 1392 titionum
306 1364 458 1393 concremaretur.
482 1359 505 1392 Et
519 1359 590 1393 intulit:
609 1359 661 1393 ‘Non
674 1359 722 1402 ideo,
735 1360 814 1402 domine,

112 1412 188 1447 bonitati
196 1415 227 1444 tue
238 1412 345 1455 supplicaui,
353 1417 372 1446 vt
380 1417 496 1456 peecatorem
504 1412 555 1446 illum
566 1412 584 1445 in
596 1422 629 1445 suo
639 1412 707 1456 flagitio
715 1413 814 1456 condemp-

113 1466 153 1499 nari
161 1469 274 1507 exoptarem,
280 1476 345 1499 verum
351 1470 370 1499 vt
376 1465 439 1499 diuina
444 1470 526 1508 potestas
534 1466 553 1499 in
558 1466 593 1499 hoc
599 1466 668 1499 mundo
675 1466 709 1500 sit⁷
715 1466 813 1500 scelerosis

76 1528 105 1566 ¹25
114 1517 216 1558 manifesta,
228 1522 283 1560 teque
298 1516 357 1560 magis
370 1517 477 1561 pauerentl,
491 1522 509 1550 et
521 1518 554 1551 tibi
568 1518 713 1552 ministrantibus
727 1519 815 1553 resistere

114 1570 256 1606 abhorrerent)
276 1570 317 1611 Quo
325 1570 378 1613 dicto,
383 1571 461 1604 rusticus
469 1570 499 1604 ille
507 1581 549 1604 cum
557 1571 667 1605 trituratorio
675 1582 708 1605 suo
716 1582 816 1606 succensus

114 1625 201 1658 exuritur.
224 1622 327 1656 Discedens
335 1623 409 1655 tandem
417 1633 428 1655 a
435 1622 523 1665 magistro
532 1620 570 1671 suo,
576 1624 708 1656 monasterium
715 1625 815 1657 construxit

115 1683 134 1712 et
147 1675 293 1710 iratresmultos
309 1672 431 1719 congregauit.
476 1667 574 1709 Profectus
589 1675 663 1709 tandem
680 1676 763 1710 Cadocus
776 1676 816 1711 sine

115 1731 196 1765 nummis
208 1733 226 1762 et
237 1729 315 1770 sacculo,
324 1733 342 1761 et
353 1738 404 1763 mare
413 1730 510 1769 transiens,
519 1740 529 1763 a
541 1729 604 1771 regina
614 1731 692 1772 quadam
704 1730 817 1773 supplicatur

88 1796 108 1825 30
115 1790 134 1821 vt
146 1795 156 1818 a
167 1782 267 1818 sterilitatis
278 1781 376 1826 opprobrio
385 1793 425 1816 eam
435 1781 513 1816 liberare
524 1782 634 1826 dignaretur.
657 1782 690 1817 Cui
701 1782 742 1817 ille:
755 1782 817 1818 ‘Vade

115 1840 134 1872 in
141 1848 197 1882 pace:
210 1836 255 1869 deus
263 1836 294 1869 det
301 1835 333 1868 tibi
341 1835 448 1878 petitionem
454 1846 508 1879 quam
516 1835 593 1880 rogasti.¹
608 1836 687 1871 «Eadem
694 1842 755 1870 autem
763 1843 817 1871 nocte

115 1891 172 1925 filium
180 1889 268 1933 concepit,
277 1889 305 1923 cui
311 1894 354 1922 nato
363 1888 403 1923 Elle
410 1889 422 1908 ¹⁰
429 1890 448 1922 in
454 1890 544 1933 baptismo
549 1901 617 1924 nomen
621 1882 713 1934 imposuit.
733 1891 816 1926 Cadocus

114 1946 190 1979 tandem
206 1942 323 1976 Hierusalem
333 1944 416 1983 veniens,
427 1943 468 1975 loca
479 1949 542 1976 sancta
552 1944 643 1984 uisitauit,
658 1945 687 1977 cui
699 1950 717 1977 et
731 1944 817 1978 dominus

63 2006 67 2011 ‘
115 1997 197 2040 gentium
208 1994 281 2037 idioma,
292 2004 327 2038 per
338 2005 384 2037 quas
395 1994 489 2037 transibat,
499 1996 579 2037 contulit,
587 1995 679 2039 variisque
690 1996 756 2039 linguis
768 1996 817 2039 loqui

89 2059 107 2089 35
116 2051 169 2093 cepit.
192 2047 236 2081 Post
246 2046 345 2080 triennium
353 2058 397 2081 vero
408 2048 482 2081 rediens
492 2058 570 2091 puerum
581 2048 666 2090 Ellinum,
674 2048 742 2082 sterilis
754 2049 817 2091 regine

116 2103 179 2144 filium,
192 2101 284 2144 accipens
298 2100 316 2133 in
328 2099 410 2134 humeris
422 2100 514 2143 baiulauit,
526 2102 610 2135 educauit
625 2106 643 2135 et
658 2102 748 2135 instruxit.
771 2101 818 2143 Quia

116 2156 165 2189 enim
176 2158 236 2188 mater
246 2153 297 2185 illum
308 2153 343 2185 deo
351 2159 426 2187 vouerat
437 2159 455 2187 et
466 2154 501 2186 sibi
513 2154 628 2188 educandum
640 2158 658 2187 et
669 2154 751 2187 moribus
762 2153 819 2187 insor-

116 2206 518 2250 mandumtradiderat,eumvaldediligebat.
563 2200 818 2250 Lictorquidammaliciosus

116 2266 158 2306 post
169 2260 217 2294 illius
228 2259 394 2303 peregrinationem
406 2270 447 2293 cum
460 2260 551 2293 Bellinum
556 2260 569 2279 ¹¹
580 2259 683 2304 patruelem
694 2260 753 2303 ipsius
764 2261 818 2294 truci-

89 2331 108 2360 4³
117 2309 184 2358 dasset‚
192 2314 252 2347 reditu
261 2315 318 2347 sancti
324 2314 359 2347 viri
367 2315 444 2358 cognito,
449 2315 505 2347 nimio
513 2325 583 2358 pauore
590 2314 699 2358 perterritus
707 2313 771 2347 asaele
779 2314 819 2348 eius

117 2368 195 2402 celerius
206 2366 280 2409 aufugit.
304 2366 430 2410 Prosequente
441 2371 502 2400 autem
513 2367 564 2400 illum
573 2366 650 2407 Cadoco,
659 2366 693 2399 sub
705 2365 762 2399 oculis
774 2367 819 2409 eius,

117 2426 204 2464 tauquam
218 2419 279 2462 puluis
299 2424 330 2452 aut
349 2418 409 2453 furnus
428 2430 439 2454 a
454 2419 499 2453 facie
514 2419 569 2462 venti,
582 2423 627 2453 nutu
642 2419 722 2452 tonantis
740 2420 819 2454 euanuit.

138 2493 268 2522 1sellleuthius.
334 2492 368 2522 ΞΕ.
376 2493 465 2530 singularis.
520 2494 555 2523 ΒΕ.
563 2493 584 2522 in.
636 2490 683 2521 *om
690 2493 706 2521 in
715 2492 732 2522 E.
739 2493 770 2522 and
778 2493 819 2523 Boll.

118 2531 238 2563 ⁵Boll.renuit.
279 2531 401 2563 ⁶Boll.Atille.
441 2531 489 2563 ⁷Vit.
497 2537 544 2563 esset
585 2530 721 2568 ⁸Bollpaueant.
761 2532 818 2564 ⁹130n.

118 2573 187 2604 timeant.
228 2573 240 2589 ¹⁰
250 2572 281 2603 Vit.
290 2573 324 2603 Elli.
366 2573 376 2590 ¹¹
387 2573 405 2603 E.
412 2572 490 2609 beliuum;
502 2572 533 2603 Vit.
541 2571 650 2602 Cimbelinum.
