1762 2803
133 139 186 182 '204
312 163 313 166 ,
332 126 411 179 mota
427 123 543 187 11111111
558 124 650 187 tantia

142 247 225 298 similiter
237 257 287 281 arma
299 246 404 289 ferentibus,
416 252 508 291 prostrata
519 247 537 281 in
549 251 616 281 terram
628 246 683 281 deum
697 256 739 281 cum
750 247 841 286 lachrimis

142 300 231 334 exorauit.
254 299 340 343 Surgenti
352 305 412 333 autem
426 312 436 333 a
449 305 498 333 terra
510 300 594 343 apparuit
605 300 693 341 diabolus,
703 310 744 333 cum
756 300 792 334 iam
804 305 842 346 epi-

142 363 209 397 scopus
217 352 325 387 accessisset
333 352 464 396 propinquius:
476 357 495 386 et
505 352 600 396 conspexit
607 352 657 386 velut
666 352 759 397 ethiopem
770 353 841 399 nigrum

142 407 239 451 puerulum
251 407 274 440 ad
287 405 382 440 sinistrum
396 406 463 449 pedem
475 405 522 440 illius
534 406 652 450 pendentem,
664 406 687 440 ad
699 405 791 441 sinistram
804 409 842 444 eius

125 470 205 501 5aurem
220 459 269 492 mala
283 464 415 500 susurrantem
430 464 448 492 et
463 458 482 491 in
498 460 552 492 eorde
568 459 607 492 eius
622 459 684 502 iniqua
699 459 774 493 consilia
789 462 842 495 serni-

142 517 222 546 nantem.
244 512 296 545 Tunc
304 512 335 545 illa
346 517 451 545 constanter
461 510 533 555 signum
544 512 603 545 crucis
615 511 634 545 in
645 511 704 545 fronte
716 511 790 552 faciens,
802 525 842 557 per-

142 565 190 598 rexit
202 565 274 597 obuiam
287 564 318 606 illi,
332 570 350 597 et
363 575 404 597 cum
417 575 483 608 magna
496 564 563 597 fiducia
575 564 632 597 dixit:
645 565 678 597 ‘In
686 564 761 597 nomine
774 566 842 600 domini

142 616 200 651 nostri
206 617 260 650 Ihesu
266 616 335 651 Christi
343 622 371 651 sta
378 616 408 658 ibi,
414 617 490 658 Cheuin,
498 622 516 650 et
524 622 601 660 expecta
609 617 714 661 paulisper:
727 622 766 650 esto
772 618 842 661 quietus

142 675 160 704 et
172 681 196 704 ne
207 670 299 704 monearis
313 670 411 705 aduersum
424 681 458 713 me,
472 670 531 704 donec
545 670 610 714 loquar
623 674 683 705 tecum
696 674 713 704 et
727 670 790 704 audias
805 681 842 706 ser-

116 740 135 761 10
143 735 217 758 monem
231 725 300 759 domini
312 726 335 758 de
347 735 379 758 ore
390 726 442 758 meo?
465 724 496 758 Ad
507 725 554 758 hanc
565 735 629 758 vocem
641 723 738 768 stupefacti
750 735 814 759 omnes
825 732 842 760 et

142 778 262 812 vehementer
270 777 357 820 exterriti,
365 777 461 811 manifesta
469 777 499 811 dei
507 777 572 811 virtute
581 776 651 810 attoniti
661 777 785 810 constiterunt.
808 778 842 812 Lo·

143 836 199 874 quuta
206 835 234 864 est
240 836 301 864 autem
309 831 332 863 ad
340 830 447 874 episcopum
456 830 566 864 Modwenna
573 831 646 864 dicens:
655 831 659 848 ⁴
667 830 711 873 Eya,
720 830 780 872 irater,
788 842 842 874 quare

143 888 181 915 tam
193 882 252 915 subito
261 882 361 926 permisisti
373 882 469 915 sathanam
480 883 520 915 sine
533 883 626 915 obstaculo
638 882 713 915 introire
721 883 744 914 ad
752 893 783 914 cor
793 889 842 915 tuum

144 940 162 968 et
174 935 231 968 malas
244 934 362 978 cogitationes
375 934 501 969 introducere:
513 940 533 969 vt
544 935 647 978 relinquere
661 939 679 967 te
693 934 760 968 faceret
773 944 842 968 sacram

117 1000 135 1030 15
144 987 260 1021 solitudinem
271 987 341 1021 heremi
349 992 367 1021 et
375 987 497 1021 habitaculum
507 991 591 1021 sanctum
600 990 663 1021 tuum?
686 987 723 1021 Cur
731 992 768 1021 tam
776 986 843 1031 impro-

144 1040 197 1073 uidus
213 1040 304 1074 emulatus
319 1051 340 1073 es
356 1040 457 1074 Glunelach
472 1045 490 1073 et
505 1040 575 1083 Alphin
591 1039 702 1074 emulatione
717 1039 810 1082 diabolica,
826 1047 843 1075 et

143 1093 210 1138 putasti
220 1094 273 1127 deum
285 1104 327 1127 esse
338 1099 368 1127 aut
379 1093 499 1136 impotentem
511 1098 542 1127 aut
554 1093 647 1136 iniustum,
658 1092 710 1137 quasi
720 1094 750 1137 qui
760 1093 789 1127 vel
800 1093 843 1128 nolit

143 1147 172 1180 vel
183 1151 262 1190 nequeat
273 1157 393 1189 compensare
405 1146 470 1181 merita
483 1147 596 1191 singulorum
606 1151 624 1180 et
635 1148 736 1180 retribuere
747 1147 843 1191 unicuique

144 1200 245 1233 secundum
253 1210 310 1243 opera
317 1201 362 1233 sua?
385 1199 422 1233 Cur
431 1204 469 1233 tam
480 1198 531 1233 lacile
542 1200 626 1234 sufflante
636 1204 691 1234 vento
703 1209 792 1233 excussus
803 1210 844 1233 esa

117 1266 136 1286 20
144 1252 190 1286 facie
198 1257 246 1285 terre
254 1256 341 1295 tanquam
351 1252 412 1295 puluis
423 1252 534 1294 leuissimus,
543 1242 561 1285 et
568 1252 637 1285 nullam
648 1262 725 1295 prorsus
735 1250 842 1286 soliditatem

144 1304 245 1339 constantie
253 1305 335 1348 reperire
343 1304 362 1338 in
370 1309 388 1339 te
396 1305 454 1348 potuit
460 1303 574 1349 temptatoris
582 1303 649 1339 fallacis
658 1303 731 1338 inimica
739 1304 844 1348 persuasio?

145 1358 211 1391 Nonne
220 1357 278 1401 magis
286 1358 401 1401 congaudere
409 1362 427 1391 te
435 1362 539 1401 oportuerat
547 1358 589 1401 quia
596 1357 661 1392 fratres
669 1357 695 1391 tui
703 1356 769 1391 mortui
775 1357 844 1390 fuerant

145 1416 163 1445 et
178 1411 291 1451 reuixerunt,
306 1411 399 1453 perierant
413 1417 430 1444 et
444 1410 514 1444 inuenti
529 1412 584 1445 sunt?
607 1411 700 1454 Numquid
712 1422 749 1444 non
762 1411 843 1445 Christus

145 1474 179 1506 pro
188 1463 249 1506 impiis
257 1468 340 1496 mortuus
348 1469 386 1497 est:
399 1463 452 1505 quia¹
460 1469 518 1496 morte
529 1473 562 1496 sua
570 1464 654 1496 iustificat
662 1463 739 1506 impium
748 1469 766 1496 et
774 1464 844 1496 saluat?

118 1526 136 1557 ²5
146 1515 207 1557 Quare
223 1525 266 1557 ergo
278 1515 351 1548 doluisti
364 1519 401 1548 tam
413 1514 484 1556 stolide,
497 1516 520 1548 ab
535 1524 598 1548 errore
613 1515 708 1558 gentilium
723 1515 791 1558 impios
803 1525 844 1549 con-

145 1578 211 1602 uersos
218 1569 241 1601 ad
249 1568 310 1610 fidem,
318 1569 349 1611 qui
358 1568 441 1601 membra
449 1568 516 1602 Christi
525 1567 584 1602 effecti
592 1579 626 1612 per
634 1567 663 1601 dei
671 1567 747 1611 gratiam
756 1580 766 1601 a
773 1566 844 1601 vinculo

146 1627 210 1655 eterne
222 1620 358 1665 dampnationis
369 1620 439 1654 liberati
450 1624 504 1655 sunt?
527 1621 620 1665 Numquid
628 1631 665 1654 non
673 1621 756 1663 charitas,
767 1631 803 1664 que
813 1629 845 1654 sua

146 1678 190 1708 sunt
201 1685 237 1707 non
249 1674 314 1717 querit,
326 1675 359 1708 sed
372 1674 432 1718 potins
445 1685 482 1718 que
495 1679 537 1708 sunt
549 1673 633 1716 alterins;
645 1680 663 1708 et
676 1675 699 1708 ol)
712 1674 746 1708 hoc
758 1673 818 1716 etiam,
829 1672 844 1706 51

146 1738 223 1761 necesse
235 1727 299 1761 suisset
310 1732 328 1760 te
340 1728 406 1761 cedere
417 1729 439 1761 de
450 1728 490 1761 loco
501 1728 575 1771 proprio
587 1733 663 1771 propter
673 1728 753 1769 fratrem,
764 1727 845 1761 dubitare

119 1792 138 1820 30
147 1780 237 1813 debueras
246 1779 311 1813 merita
319 1784 349 1813 tua
357 1780 441 1823 perdere,
448 1780 499 1822 quasi
508 1779 592 1813 Christus
599 1779 631 1813 tibi
640 1791 677 1813 non
684 1780 758 1820 valeret,
765 1780 781 1813 si
786 1779 845 1818 vellet,

146 1832 203 1866 multo
215 1831 292 1865 meliora
302 1829 415 1875 preparare?
438 1832 496 1874 Signa
507 1833 567 1875 itaque
579 1837 678 1873 cortuum,
689 1833 750 1874 frater,
760 1837 778 1865 et
790 1841 845 1874 agens

146 1883 266 1928 penitentiam
282 1884 383 1927 resipisce:
395 1888 413 1917 et
425 1885 470 1918 deus
481 1886 568 1927 omnium,
582 1885 613 1928 qui
626 1890 644 1918 tc
658 1885 717 1919 adhue
730 1884 810 1919 seruauit
822 1893 845 1916 ne

147 1948 203 1981 opere
222 1942 340 1981 perpetrares
355 1936 430 1980 malum,
445 1936 485 1981 ipse
499 1948 532 1972 sua
548 1937 615 1981 pietate
630 1936 716 1972 iamnunc
731 1936 763 1972 tibi
778 1934 845 1982 aperiat

147 1991 215 2033 oculos,
223 1996 242 2025 vt
249 1991 313 2025 videas
324 1996 342 2025 et
353 2000 419 2025 caueas
430 1990 522 2025 inimicum
533 1990 563 2035 qui
574 1997 592 2026 te
603 1991 679 2036 decepit,
690 2002 723 2026 sua
734 1989 800 2025 fallatia
812 1989 845 2023 huc

120 2057 138 2086 35
147 2045 220 2079 attraxit
232 2049 250 2078 et
261 2049 279 2078 te
291 2055 364 2078 summo
376 2044 436 2078 studio
447 2055 458 2077 a
469 2050 532 2079 sancto
543 2046 637 2089 proposito
649 2050 724 2079 conatur
734 2044 819 2084 euellere,
827 2047 845 2075 vt

148 2097 265 2140 postmodum
278 2097 338 2130 valeat
353 2097 376 2129 de
391 2101 422 2129 tua
437 2096 521 2130 societate
535 2097 553 2130 in
567 2108 600 2131 sua
614 2097 743 2141 dampnatione
757 2095 845 2140 gaudere?

148 2149 190 2182 Hec
198 2159 239 2182 cum
247 2148 278 2181 illa
285 2148 367 2189 dixisset,
373 2148 461 2182 reuelauit
469 2149 553 2183 dominus
562 2150 624 2184 oculos
633 2155 650 2184 et
658 2150 768 2184 intellectum
778 2145 845 2182 Cheuin

148 2201 231 2246 episcopi
239 2213 243 2235 :
256 2207 274 2235 et
282 2201 378 2244 conspexit
386 2201 482 2236 manifeste
490 2202 581 2237 diabolum
590 2202 609 2237 in
617 2202 678 2246 specie
687 2201 765 2246 etlriopiS
773 2205 790 2235 et
796 2196 846 2244 quasi

149 2255 222 2298 nigrum
241 2254 339 2297 puerulum
358 2254 453 2288 herentem
472 2255 494 2289 ad
514 2255 607 2290 sinistrum
623 2256 690 2299 pedem
706 2265 765 2288 suum.
788 2253 846 2295 Quem

120 2320 141 2350 40
149 2308 251 2349 attendens
259 2307 378 2340 vehementer
386 2307 479 2340 exhorruit
484 2307 495 2349 ²,
504 2313 522 2341 et
531 2308 666 2349 Modwennam,
673 2313 693 2341 vt
701 2308 751 2341 illum
762 2305 846 2350 precibus

149 2360 187 2393 suis
203 2370 213 2392 a
229 2369 249 2392 se
265 2358 371 2402 expelleret,
387 2359 495 2403 suppliciter
506 2371 547 2393 curn
560 2360 652 2393 lachrimis
669 2360 772 2404 postulauit.
795 2354 846 2398 Quod

149 2422 191 2447 curn
203 2412 233 2446 illa
244 2411 323 2454 fecisset,
335 2411 419 2455 protinus
435 2423 485 2446 arma
500 2412 597 2457 proliciunt
609 2418 627 2447 et
639 2414 662 2447 ad
675 2418 744 2447 terram
756 2422 776 2445 se
787 2416 847 2444 coram

148 2465 218 2509 virgine
226 2470 351 2508 prosternunt,
357 2468 432 2507 pectora
439 2465 548 2507 percutiunt,
556 2465 634 2509 supplici
642 2476 697 2509 prece
705 2473 769 2499 omnes
775 2462 846 2497 veniam

363 2575 368 2592 ¹
379 2575 410 2605 Vit.
420 2576 449 2613 qui.
511 2576 517 2593 ²
528 2577 545 2607 E.
553 2577 639 2607 abhorruit.
