1762 2803
228 156 274 212 Ua
289 153 389 208 manno
403 153 590 213 bartholomeo.
717 169 759 213 105

58 278 125 312 cubant
138 278 236 323 nullusque
249 289 282 313 eas
294 278 357 313 ledere
368 277 464 322 presumit.
487 278 528 312 Oua
539 277 574 312 sibi
587 283 606 312 et
618 276 686 312 ceteris
697 275 760 320 hospi·

59 331 107 365 tibus
120 331 186 366 fratres
199 337 305 376 apponunt,
321 342 362 365 cum
376 332 463 366 masculis
476 331 495 366 in
508 341 577 375 equore
589 331 658 366 victum
672 340 717 365 aues
730 329 760 364 ille

58 389 142 428 querunt.
166 384 212 419 Pulli
225 396 267 420 cum
281 390 372 426 creantur,
385 390 454 420 matres
467 391 575 429 sequuntur,
588 390 606 419 et
619 383 689 429 patrias
701 384 760 417 vndas

58 438 117 472 semel
124 437 209 482 ingressi,
217 440 239 473 ad
247 438 300 473 nidos
309 450 346 472 non
354 443 477 473 reuertuntur.
522 431 611 484 Quodam
619 444 708 481 tempore,
716 437 760 470 dum

59 491 138 535 quedam
151 492 211 535 pullos
223 502 267 526 suos
279 492 320 536 ipsa
332 497 422 536 preeunte
433 492 515 535 duceret,
524 502 572 526 unus
584 502 609 525 ex
620 490 648 526 eis
659 490 678 524 in
691 489 760 524 rimose
770 502 779 533 5

59 544 110 587 rupis
124 546 216 578 baratrum
230 545 297 580 incidit.
321 545 381 579 Mater
394 555 438 580 vero
453 545 522 579 relictis
534 545 559 578 ibi
572 545 614 579 filiis
628 544 651 578 ad
665 543 760 577 Bartholo-

59 608 120 632 meum
129 607 204 633 reuersa
211 597 266 640 venit,
275 603 292 633 et
300 597 361 633 oram¹
370 597 419 643 pallii
427 598 455 632 sui
463 603 523 633 rostro
534 598 607 633 trahere
618 597 671 642 cepit.
693 596 760 631 Anim-

58 651 158 686 aduertens
166 651 196 685 ille
206 662 247 686 eam
258 651 325 696 aliquid
336 657 406 696 petere,
414 653 543 695 precedentem
552 652 645 695 sequitur:
658 657 675 686 et
682 651 760 685 veniens

58 704 81 737 ad
97 714 162 748 rupem
177 710 237 738 rostro
252 705 311 738 locum
330 705 415 745 ostendit,
430 710 449 739 et
466 710 549 739 sanctum
565 705 635 746 intuita,
650 715 686 748 quo
702 703 760 747 potuit

59 756 131 800 indicio,
143 763 162 792 vt
173 756 244 793 videret
255 757 320 793 innuit.
343 758 378 801 Qui
391 759 486 800 accedens,
500 758 570 803 pullum
583 757 602 792 in
615 768 662 802 rupe
674 756 760 802 pennulis
770 770 789 792 ιο

59 812 155 845 herentem
167 811 222 846 vidit:
239 816 256 845 ct
268 812 384 845 descendens
397 812 451 845 matri
463 811 549 845 restituit.
572 811 636 854 Aquas
651 810 706 854 igitur
718 821 760 844 cum

59 863 102 898 filiis
109 868 169 898 mater
176 863 282 907 ingreditur,
291 868 309 898 et
316 863 345 897 vir
352 863 382 898 dei
390 863 474 898 rediitad
485 862 584 897 oratorium
595 873 656 897 suum.
700 855 761 898 Sanc·

59 924 88 951 tus
99 917 211 951 Cuthbertus
222 928 260 951 non
271 918 331 951 solum
342 928 377 961 per
387 917 454 959 visum,
464 927 529 951 verum
541 911 596 951 eliam
609 915 728 960 corporaliter
738 916 761 949 ad

59 970 203 1005 consolationem
216 969 279 1003 famuli
292 969 326 1011 sui,
340 980 392 1003 suam
406 969 494 1003 exhibere
507 968 591 1013 dignatus
604 974 632 1003 est
644 968 762 1013 presentiam.

60 1024 143 1066 Quadam
158 1028 212 1057 nocte
227 1022 292 1056 natalis
305 1022 374 1056 domini
387 1027 428 1066 post
441 1022 539 1057 matutinas
553 1033 639 1067 egressus
652 1022 680 1057 vir
694 1022 729 1065 dei,
743 1028 762 1056 vt
772 1037 789 1066 15

59 1077 130 1109 videret
142 1076 158 1109 si
173 1076 232 1109 adhue
248 1085 313 1109 aurora
329 1081 384 1117 esset,
398 1086 485 1109 reuersus
498 1075 543 1110 vidit
558 1086 621 1109 cereos
637 1086 730 1116 accensos,
744 1081 762 1108 et

60 1129 157 1162 reuerendi
172 1128 233 1163 vultus
248 1127 362 1162 sacerdotem
378 1137 439 1161 coram
455 1126 507 1161 altari
520 1127 664 1162 sacerdotalibus
677 1127 761 1161 indutum

60 1180 153 1215 assistere.
177 1181 260 1225 Cumque
272 1180 333 1215 nullus
345 1181 368 1215 ad
379 1180 521 1215 ministrandum
533 1181 622 1225 apparuit,
634 1180 675 1224 ipse
684 1181 763 1214 admira-

60 1235 113 1268 cione
122 1240 140 1268 et
149 1234 215 1278 gaudio
225 1235 305 1277 repletus
316 1234 398 1268 accessit.
422 1234 511 1277 Dictaque
522 1234 630 1267 alterutrum
641 1233 762 1275 consessione,

60 1288 148 1322 canebat²
156 1287 236 1322 officium
245 1287 287 1321 ‘lux
298 1286 383 1331 fulgebit:
392 1297 433 1321 curn
441 1286 512 1322 ceteris.
535 1286 557 1321 ln
567 1297 623 1331 prosa
633 1297 706 1332 quoque
717 1287 762 1322 leta·
772 1302 790 1323 ro

60 1342 133 1375 bundus
145 1352 165 1375 se
177 1352 233 1384 supra
244 1340 293 1375 vires
307 1341 396 1375 clamasse
409 1340 504 1383 professus
519 1346 553 1375 est.
576 1340 657 1375 Peractis
669 1340 762 1382 misteriis,

61 1393 109 1427 cerei
121 1393 196 1427 nemine
209 1404 284 1427 manum
296 1399 401 1437 apponente
414 1393 490 1427 extincti
501 1399 550 1432 sunt,
561 1395 657 1427 sacerdote
669 1395 692 1426 ab
705 1393 762 1428 oculis

61 1446 100 1480 eius
112 1446 223 1490 disparente.
246 1445 284 1479 Nec
296 1456 351 1480 ausus
363 1450 391 1479 est
403 1456 445 1479 eum
456 1445 570 1490 interrogare
582 1445 623 1490 quis
635 1451 689 1487 esset,
700 1446 762 1481 sciens

60 1509 94 1543 pro
108 1504 158 1534 certo
173 1499 215 1543 quia
228 1504 303 1534 sanctus
318 1498 431 1533 Cuthbertus
446 1498 542 1533 extitisset.
565 1499 690 1542 interrogatus
702 1505 763 1533 vtrum

61 1552 143 1585 osculum
155 1551 206 1594 pacis
219 1550 309 1585 sacerdoti
322 1551 341 1583 in
353 1550 410 1584 missa
423 1550 515 1593 dedisset,·
530 1551 572 1584 licet
584 1551 667 1584 confiteri
679 1551 763 1592 noluerit,
773 1567 791 1597 ²5

60 1604 136 1637 dubium
144 1615 181 1637 non
189 1610 217 1637 est
225 1603 269 1648 quin
277 1604 296 1637 id
303 1604 413 1645 exhibuerit,
421 1604 452 1647 qui
460 1603 541 1638 debitum
550 1610 568 1638 et
576 1604 663 1638 deuotum
670 1604 689 1638 in
698 1604 764 1639 ceteris

61 1657 183 1692 ministerium
196 1657 298 1701 impendit.
349 1649 423 1692 Seruus
440 1656 470 1691 dei
490 1656 558 1691 obitum
578 1667 631 1691 suum
649 1657 704 1701 longe
721 1663 764 1692 ante

61 1710 159 1755 presciuit:
174 1710 224 1744 Vidit
236 1711 285 1744 enim
298 1710 317 1744 in
329 1710 401 1744 visione
413 1710 512 1754 quemdam
524 1709 559 1744 sibi
571 1710 650 1744 mirandi
662 1711 735 1745 decoris
746 1717 764 1745 et

61 1764 128 1798 eximie
134 1764 140 1782 ³
147 1763 233 1798 claritatis
241 1763 301 1797 virum
311 1764 404 1804 assistere,
412 1763 443 1806 qui
452 1764 471 1797 in
480 1763 513 1798 hac
520 1763 558 1797 vita
566 1774 633 1798 nouem
642 1763 695 1797 annis
703 1763 764 1808 ipsum

61 1816 176 1860 peregrinari
189 1822 273 1859 oportere
285 1816 372 1849 ostendit.
394 1816 478 1857 Quadam
490 1815 552 1858 itaque
562 1821 616 1849 nocte
627 1826 669 1849 cum
681 1816 765 1860 vigilaret
773 1833 793 1862 30

62 1869 80 1903 in
95 1868 182 1910 oratione,
197 1869 338 1903 tintinnabulum
354 1879 408 1902 suum
422 1868 472 1901 nullo
487 1869 573 1911 pulsante
588 1868 635 1902 trine
650 1868 764 1911 pulsationis,

61 1921 114 1965 quasi
129 1921 176 1955 trine
191 1921 283 1955 citationis
299 1920 372 1964 signum
388 1920 448 1962 dedit,
468 1920 554 1963 quatinus
569 1931 593 1953 ex
606 1920 641 1953 hoe
656 1928 765 1964 agnosceret

62 1974 111 2017 quod
119 1974 189 2007 vocatio
200 1984 233 2007 sua
243 1985 254 2006 a
265 1985 341 2017 corpore
353 1973 463 2006 immineret.
486 1973 586 2015 Correptus
596 1983 640 2016 ergo
653 1973 764 2015 infirmitate,

62 2025 144 2069 corporis
155 2026 184 2059 sui
196 2026 326 2060 resolutionem
338 2025 424 2059 fratribus
435 2024 496 2069 palam
508 2024 588 2060 nunciat.
610 2025 765 2070 ‘Requirentibus

62 2079 149 2114 fratribus
159 2078 190 2113 vbi
202 2079 315 2123 sepulturam
327 2080 409 2123 corporis
421 2079 449 2113 sui
461 2079 542 2123 eligeret,
554 2079 589 2113 ait:
604 2079 686 2123 ‘Corpus
697 2090 765 2121 meum,
773 2095 793 2125 35

62 2132 126 2176 inquit,
137 2132 166 2165 hic
180 2132 275 2176 quiescere
288 2132 379 2174 desidem,
391 2131 422 2167 vbi
435 2131 520 2176 spiritum
532 2142 543 2166 a
555 2142 589 2166 suo
603 2132 696 2167 conditore
708 2132 765 2168 susci-

62 2185 151 2230 piendum
166 2195 221 2229 spero
237 2189 255 2219 et
272 2184 403 2228 aliquantulum
419 2184 494 2219 domino
509 2184 585 2219 militaui
603 2191 621 2220 et
639 2185 765 2221 tribulationes

63 2239 129 2272 multas
140 2249 174 2282 pro
183 2238 213 2271 illa
223 2248 259 2281 que
271 2237 290 2270 in
302 2237 346 2271 celis
358 2243 387 2271 est
399 2238 523 2272 consolatione
537 2238 621 2272 sustinui.
644 2238 704 2272 Locus
714 2238 764 2272 enim

63 2291 98 2325 iste
114 2296 188 2324 sanctus
204 2292 242 2323 est!
287 2282 367 2332 Septem
382 2299 463 2332 namque
480 2290 623 2323 ebdomadibus³
637 2295 680 2323 ante
695 2290 764 2323 obitum

63 2353 117 2376 suum
130 2353 164 2376 nec
172 2342 275 2376 comedisse
285 2352 320 2376 nec
331 2340 400 2375 bibisse
410 2342 522 2384 perhibetur.
545 2341 613 2384 Quinta
621 2341 711 2385 siquidem
720 2342 765 2377 seria
773 2360 794 2388 40

64 2395 176 2430 ascentionis
188 2395 278 2429 dominice
291 2394 335 2428 illud
349 2394 441 2428 laudabile
456 2394 543 2428 ieiunium
557 2393 655 2435 inchoauit,
669 2399 687 2429 et
701 2406 766 2430 rursus

64 2448 127 2493 quinta
133 2448 183 2492 feria,
190 2448 258 2483 scilicet
266 2447 285 2482 in
292 2447 390 2482 Natiuitate
397 2446 484 2481 Iohannis
491 2446 578 2490 Baptista
584 2447 668 2492 migrauit
676 2448 699 2483 ad
708 2448 766 2484 domi·

64 2513 113 2537 num.
136 2502 204 2536 Parum
217 2501 266 2537 enim
279 2507 321 2536 ante
332 2501 429 2536 transitum
443 2501 482 2535 eius
494 2501 552 2535 iactus
564 2506 592 2535 est
604 2501 623 2535 in
635 2502 681 2536 atrio
695 2504 767 2539 sonitus

93 2578 193 2606 ¹T.horam.
234 2577 281 2607 'Vit
289 2577 370 2607 canebant.
410 2575 518 2606 ³E.eximee.
558 2575 766 2608 *FromherccdinAct

64 2617 94 2648 SS.
101 2617 141 2647 Boll.
150 2627 165 2655 p.
174 2626 207 2655 721.
248 2617 254 2634 ⁵
264 2619 282 2648 E.
290 2617 401 2648 ebdomatibus.
