1762 2803
101 118 145 161 224
293 105 373 157 ructa
388 101 504 164 tratura
519 100 612 163 anate.

101 225 199 259 recesserit
210 224 268 258 videri
282 235 319 258 non
333 229 399 268 potest.
444 218 527 257 intrante
543 228 604 256 autem
616 223 715 257 Cuthberto
726 223 805 256 insulam

103 278 168 319 Fame,
180 277 241 311 omnia
252 278 288 310 tela
301 276 409 320 nequissimi
424 279 478 320 ignea
494 277 574 310 extincta
589 281 637 317 sunt,
655 281 673 309 et
689 276 729 319 ipse
748 276 807 310 hostis

102 332 187 374 antiquus
204 340 245 363 cum
261 329 311 363 omni
328 329 425 363 satellitum
442 340 517 364 suorum
532 329 586 364 turba
603 329 666 372 procul
683 329 756 372 fugatus
773 333 806 363 est.

103 383 126 416 Et
142 394 183 417 curn
200 383 250 415 locus
267 382 329 415 aridus
346 393 413 425 aquam
431 393 468 415 non
486 383 566 423 haberet,
578 381 618 415 fusa
633 382 656 415 ad
673 382 728 415 deum
745 392 807 425 prece,

85 446 94 476 5
103 436 179 477 foueam,
188 445 241 479 quarn
250 434 315 468 fratres
323 435 363 468 eius
371 434 421 468 iussu
429 435 515 478 fecerant,
523 436 542 468 in
550 436 648 468 crastinum
659 445 706 478 aqua
717 434 807 478 repletam

102 489 222 524 inuenerunt:
238 488 279 531 Que
290 489 354 533 primis
366 493 451 523 contenta
462 488 512 533 ripis,
524 499 558 523 nec
571 488 620 522 foras
636 488 739 522 ebulliendo
756 487 807 532 paui-

102 548 184 576 mentum
196 542 289 585 inuadere,
303 553 337 576 nec
353 541 489 576 haurientibus¹
501 542 552 575 nouit
568 542 652 576 deficere.
698 535 721 576 In
737 546 807 575 tantum

103 605 182 639 namque
196 594 225 628 vir
238 595 267 628 dei
282 605 293 628 a
308 595 356 628 cultu
372 594 400 627 sui
415 594 497 638 eorporis
512 595 593 628 animum
606 595 705 628 sustulerat
718 598 772 638 atque
785 594 808 627 ad

103 648 164 682 anime
179 647 236 681 solius
253 647 321 682 cultum
338 647 444 690 contulerat,
459 653 479 682 vt
498 647 608 691 quandoque
627 647 712 682 calciatus
732 646 750 680 in
765 658 808 691 pas-

77 712 96 733 ιο
104 706 148 743 cate,
162 711 199 734 non
218 700 253 733 nisi
270 706 312 744 post
327 711 401 742 annum,
417 706 492 744 propter
510 700 620 734 lauationem
639 702 708 744 pedum
726 700 745 733 in
763 711 808 734 cena

104 753 178 795 domini,
190 763 210 787 se
222 752 350 788 discalciauitt
378 753 432 787 Vnde
447 753 470 787 ob
486 754 560 787 crebras
576 752 712 787 incuruationes
727 763 809 796 genuum

104 816 150 848 quas
166 805 246 838 orando³
261 807 364 847 exercebat,
380 806 446 838 callum
461 806 560 848 oblongum
576 805 595 837 in
612 805 691 838 confinio
707 806 776 848 pedum
791 810 809 838 et

104 857 189 891 tibiarum
204 856 291 891 habuisse
306 857 434 902 deprehensus
446 862 479 891 est.
507 857 587 891 Demum
602 857 624 890 ab
640 857 735 890 hominum
750 868 809 890 remo·

104 916 135 945 tus
154 912 259 955 aspectibus
278 911 365 954 inclusus,
380 921 442 944 rarum
462 922 504 945 cum
524 910 669 953 aduenientibus,
685 916 703 945 et
722 910 756 944 hoc
775 920 810 954 per

80 975 97 1006 15
106 964 211 1006 fenestram,
227 965 289 999 habuit
304 963 417 1008 colloquium.
468 957 553 999 Primum
569 964 642 1008 quidem
658 964 784 1008 permodicum
800 974 810 998 a

106 1017 192 1051 fratribus
207 1028 275 1060 panem
290 1029 326 1061 quo
340 1022 446 1052 vesceretur
461 1017 536 1061 accepit,
550 1027 616 1061 aquam
631 1017 654 1051 de
671 1017 721 1051 fonte
739 1017 810 1051 bibens.

106 1070 131 1104 Et
149 1074 224 1113 accepto
241 1071 316 1104 demum
335 1071 456 1105 instrumento
476 1075 494 1104 et
514 1071 581 1105 effossa
599 1081 619 1104 ac
639 1081 704 1104 euersa
723 1075 773 1104 terra
792 1075 810 1104 et

106 1133 164 1156 verno
182 1127 265 1164 tempore
280 1123 338 1155 tritico
354 1123 448 1164 seminata,
464 1123 524 1156 nullos
539 1133 597 1165 vsque
612 1123 635 1155 ad
652 1123 733 1156 medium
748 1122 811 1156 estatis

106 1175 181 1208 omnino
193 1173 271 1208 reddidit
286 1174 361 1209 fructus.
392 1174 415 1208 Et
429 1174 545 1209 visitantibus
560 1185 602 1208 eum
618 1174 668 1209 iuxta
687 1185 758 1209 morem
777 1174 811 1209 sra-

80 1227 171 1268 utribus,-
185 1228 219 1260 ait:
235 1228 330 1261 ‘Forsitan
345 1228 430 1261 voluntas
445 1228 474 1261 dei
489 1240 527 1261 non
543 1233 571 1261 est
585 1233 604 1261 vt
620 1228 654 1261 hoc
669 1228 687 1261 in
703 1229 742 1261 loco
755 1227 810 1261 michi

107 1280 186 1313 triticum
194 1285 285 1313 nascatur.
307 1280 383 1322 Afferte,
390 1291 439 1323 rogo,
448 1281 529 1323 ordeum,
536 1280 551 1314 si
559 1280 606 1314 forte
614 1280 658 1314 illud
666 1281 744 1314 fructum
752 1280 812 1314 facere

107 1333 172 1377 possit.
199 1332 269 1374 Quodsi
286 1344 320 1367 nec
339 1333 365 1366 illi
384 1333 430 1367 deus
448 1333 582 1367 incrementum
596 1334 640 1367 dare
654 1333 737 1375 voluerit,
752 1333 812 1367 sacius

108 1392 136 1419 est
151 1396 181 1419 me
196 1387 219 1419 ad
235 1386 331 1419 cenobium
346 1386 419 1427 reuerti,
433 1397 488 1429 quarn
504 1387 563 1420 alieno
581 1386 610 1419 hic
626 1387 688 1420 labore
705 1387 813 1420 sustentari.¹

108 1439 226 1482 Allatumque
242 1439 318 1472 ordeum
334 1439 377 1472 dum
393 1439 439 1472 vltra
454 1450 509 1473 omne
526 1445 599 1482 tempus
616 1440 690 1473 serendi
705 1444 723 1473 et
738 1438 812 1473 fructifi-

82 1504 100 1533 ²5
109 1491 162 1524 candi
177 1496 226 1524 terre
242 1493 383 1532 commendaret,
399 1502 443 1524 mox
457 1492 572 1525 abundanter
585 1498 669 1525 exortum
681 1492 723 1526 fecit
735 1492 813 1525 fructum

110 1544 209 1587 copiosum.
240 1543 263 1577 Et
283 1554 324 1577 cum
343 1548 466 1578 maturescere
485 1544 569 1587 cepisset,
586 1544 710 1579 'aduenientes
730 1545 813 1578 volucres

110 1595 228 1639 depascendo
246 1596 328 1629 certatim
346 1594 460 1630 insistebant.
494 1596 524 1630 Ad
542 1607 589 1639 quos
606 1596 634 1631 vir
653 1596 682 1631 dei
701 1596 813 1641 appropians

111 1648 145 1683 ait:
168 1647 227 1690 ‘Quid
243 1648 317 1692 tangitis
333 1655 371 1682 sata
389 1659 424 1692 que
443 1660 481 1682 non
506 1648 592 1683 seuistis?
614 1660 637 1683 an
656 1650 702 1684 forte
720 1660 753 1683 vos
772 1651 814 1693 plus

111 1711 141 1734 me
152 1700 181 1734 his
192 1711 239 1743 opus
251 1701 337 1735 habetis?
364 1701 384 1735 Si
398 1706 459 1735 tamen
473 1702 564 1735 licentiam
577 1712 588 1735 a
600 1703 634 1735 deo
648 1702 749 1746 accepistis,
761 1702 814 1737 facite

84 1767 103 1796 50
111 1754 160 1798 quod
180 1753 221 1798 ipse
241 1754 335 1798 permisit;
359 1755 453 1796 sinautem,
473 1755 557 1797 recedite,
577 1765 637 1799 neque
659 1756 735 1790 ulterius
754 1755 814 1790 aliena

111 1807 186 1840 ledatis.¹
218 1807 241 1840 Et
254 1808 351 1841 confestim
364 1808 387 1842 ad
399 1807 479 1850 primam
494 1808 573 1842 iubentis
586 1819 651 1842 vocem
665 1808 752 1842 uniuersa
764 1809 815 1843 volu-

111 1870 162 1895 crum
176 1859 272 1893 multitudo
287 1860 369 1903 recessit,
384 1865 402 1894 et
417 1860 505 1904 deinceps
519 1871 529 1894 a
542 1860 609 1894 messis
623 1860 706 1895 eiusdem
719 1860 815 1895 inuasione

112 1912 205 1947 continuit.
250 1906 301 1948 Cum
317 1913 367 1948 eninr
383 1924 448 1947 coruos
467 1914 542 1948 domum
558 1923 611 1948 suam
627 1919 686 1948 rostro
701 1914 782 1949 lacerare
798 1919 816 1949 et

112 1967 188 2008 culmos,
199 1966 265 2010 quibus
276 1972 323 2001 tecta
334 1968 397 2007 fuerat,
408 1968 431 2001 ad
443 1967 529 2002 fabricam
541 1967 579 2001 nidi
590 1978 622 2002 ore
634 1968 682 2002 ferre
695 1968 816 2012 conspiceret,

85 2031 103 2062 55
113 2020 193 2054 coercuit
208 2030 240 2053 eos
255 2020 291 2054 leui
302 2019 434 2063 protensione*
448 2021 531 2063 dextere,
542 2025 597 2065 atque
608 2032 619 2055 a
630 2021 691 2055 lesura
702 2020 767 2055 domus
779 2021 816 2056 iam

112 2083 186 2107 cessare
192 2073 280 2116 precepit.
296 2073 333 2107 Sed
340 2073 375 2107 illis
381 2073 479 2117 imperium
487 2074 624 2118 spernentibus:
633 2074 660 2107 ‘in
667 2073 746 2114 nomine,
753 2074 817 2118 inquit,

113 2126 156 2160 lesu
164 2125 232 2159 Christi
239 2125 287 2159 abite
296 2125 405 2169 quantotius,
412 2138 472 2170 neque
480 2127 499 2160 in
507 2128 546 2161 loco
554 2138 610 2170 quern
617 2127 678 2161 leditis
686 2128 732 2161 vltra
742 2137 817 2161 manere

112 2177 234 2222 presumatis!
256 2178 293 2212 Vix
297 2179 354 2212 verba
360 2179 489 2222 compleuerat,
494 2185 513 2214 et
520 2179 617 2213 confestim
625 2179 688 2213 tristes
696 2184 817 2214 recesserunt.

114 2231 190 2267 Peracto
205 2235 265 2266 autem
281 2231 347 2273 triduo,
359 2242 406 2266 vnus
418 2232 491 2266 illorum
503 2232 556 2267 rediit
567 2237 585 2267 et
597 2232 667 2277 sparsis
678 2231 818 2267 lamentabiliter

85 2298 106 2328 40
113 2285 186 2329 pennis,
194 2289 212 2318 et
220 2284 312 2318 submisso
320 2286 343 2318 ad
351 2285 409 2328 pedes
417 2286 475 2318 sancti
482 2286 517 2319 viri
529 2285 591 2329 :apite,
599 2291 653 2329 atque
663 2284 757 2318 humiliata
767 2296 818 2328 voce,

114 2338 181 2380 quibus
192 2338 264 2372 valebat
276 2338 348 2372 indiciis
359 2338 433 2372 veniam
447 2341 562 2381 precabatur.
593 2339 646 2380 Quod
662 2338 693 2371 ille
709 2337 818 2382 intelligens,

114 2391 164 2426 dedit
175 2390 279 2425 facultatem
290 2391 389 2425 remeandi.
420 2391 519 2435 lmpetrata
530 2403 574 2426 vero
586 2391 675 2425 redeundi
686 2390 764 2433 licentia,
775 2403 819 2425 mox

115 2445 196 2478 sodalem
205 2445 315 2479 adducturus
323 2445 371 2480 abiit.
395 2445 433 2479 Nec
441 2457 493 2480 mora
500 2447 578 2480 redeunt
586 2445 644 2486 ambo,
650 2449 668 2479 et
674 2455 736 2479 secum
742 2455 819 2480 munera

136 2548 288 2579 ¹Bed,haun'endo.
320 2549 465 2580 laldiscalciaret.
486 2548 642 2582 ,³Bed.calceatus.
674 2549 819 2588 ⁴E.protentione.
