1762 2803
253 80 299 135 Dc
314 79 414 132 &antro
429 80 549 132 autumn.
725 96 750 141 71

50 199 110 234 statim
119 211 191 235 sacrum
199 200 283 235 ordinem
293 211 367 235 sumere
377 200 494 245 presumpsit,
503 201 536 236 sed
547 201 615 236 relictis
623 201 688 246 palacii
698 202 752 244 curis,

50 254 72 287 ad
88 254 220 298 predicandum
237 255 315 290 verbum
330 254 360 289 dei
376 254 395 288 in
415 254 516 299 Hispanias
530 255 623 299 perrexit:
641 260 659 290 et
673 255 752 300 populos

50 306 106 340 nimia
118 307 199 341 siccitate
212 308 317 341 laborantes
329 307 406 341 inuenit.
428 307 467 341 Iam
481 308 531 341 enim
543 313 615 352 septem
629 309 672 341 anni
686 308 752 342 transi-

50 364 102 392 erant
112 371 136 393 ex
145 372 181 404 quo
191 360 252 404 pluuia
263 360 358 404 regionem
368 360 418 393 illam
427 372 464 393 non
475 361 565 404 attigisset
570 361 581 395 ¹.
605 361 653 394 Fusa
663 360 719 405 igitur
728 362 751 394 ad

50 412 105 446 deum
117 424 178 456 prece,
189 419 239 448 tanta
250 413 312 457 pluuie
325 414 436 457 sequebatur
447 414 563 456 abundantia,
573 419 592 449 vt
603 414 683 458 priorem
695 424 769 458 penu-5

50 464 96 498 riam
107 475 248 510 recompensare
258 466 356 500 videretur.
379 466 484 500 Conlortato
493 467 548 511 igitur
556 467 625 512 populo
635 467 709 501 rediens
718 477 753 511 per

50 517 183 561 Andegauiam,
196 530 297 563 pauperem
312 530 387 553 manum
402 520 471 553 aridam
486 521 584 555 habentem
599 526 617 555 et
630 520 700 564 lignum
715 531 752 564 quo

51 570 117 603 molam
126 572 229 605 manualem
239 572 309 605 rotabat
316 572 335 605 in
346 572 375 605 die
385 572 481 614 dominico,
489 572 538 607 inter
548 573 632 616 pollicem
642 579 660 607 et
671 573 752 616 palmam

51 626 88 655 tam
103 622 165 656 stricte
180 629 274 658 tenentem
288 629 308 658 vt
323 624 377 658 auelli
392 634 429 658 non
446 630 515 668 posset,
530 625 582 669 signo
599 625 658 660 crucis
674 625 752 660 sanauit.

53 667 167 718 igituranno
179 676 248 710 domini
260 676 395 711 sexcentesimo
408 677 564 722 tricesimoquinto
577 678 679 713 Audoenus
691 678 781 713 rotho-10

51 738 159 771 magensem
171 730 276 763 cathedram
286 730 377 773 suscepit,
394 729 412 763 in
423 741 459 773 quo
470 731 535 764 eadem
546 731 565 764 in
575 731 626 764 vultu
638 731 723 774 grauitas,
733 731 753 765 in

51 782 106 815 corde
117 782 209 816 humilitas
220 788 264 817 erat.
287 782 308 816 In
318 782 394 816 consilio
403 783 491 826 prudens,
499 783 517 817 in
529 783 637 827 corrigendo
646 784 754 825 vehemens,

52 833 70 867 in
84 834 176 879 diligendo
190 836 262 877 ardens,
276 835 295 869 in
310 836 394 869 aduersis
409 836 487 879 patiens,
499 835 517 870 in
532 836 637 870 elemosinis
650 837 717 881 largus,
730 837 754 871 ad

52 887 184 930 ignoscendum
192 894 272 932 paratus,
279 888 380 922 humilitate
388 899 476 929 summus,
483 888 606 933 hospitalitate
614 889 712 934 precipuus
719 902 723 932 ς
735 889 754 924 in

52 941 145 985 obsequiis
153 952 255 985 pauperum
262 947 279 976 et
287 941 427 985 peregrinorum
436 941 571 986 infatigabiliter
577 943 685 986 perdurans,
691 954 754 977 eorum
764 956 782 987 15

52 993 149 1026 consortiis
158 994 287 1027 delectabatur.
333 987 424 1036 Rigorem
436 994 513 1027 nimium
523 995 634 1028 abstinentie
644 1006 676 1028 ora
687 995 755 1038 pallida

52 1044 212 1088 demonstrabant;
225 1045 298 1079 maxille
306 1044 404 1088 lachrymis
412 1045 497 1079 humecte
504 1046 631 1080 contritionem
640 1046 700 1081 cordis
708 1046 755 1081 indi-

53 1099 123 1132 cabant.
146 1098 212 1137 Lactea
224 1099 270 1132 colla
281 1098 343 1132 circuli
353 1098 408 1132 ferrei
420 1100 539 1142 premebant3
556 1105 640 1134 ventrem
653 1105 671 1134 et
680 1100 755 1134 brachia

54 1150 122 1184 sermm
128 1162 175 1194 eque
182 1151 322 1194 constringebat.
341 1150 402 1194 Ipsius
410 1151 451 1185 lecti
457 1151 553 1195 congeries
560 1164 584 1186 ex
592 1152 663 1196 asperis
668 1152 756 1196 virgulis²

53 1204 198 1246 construebatur,
213 1204 243 1238 vbi
261 1215 328 1248 corpus
345 1203 417 1238 ieiuniis
432 1210 449 1239 et
464 1204 530 1249 vigiliis
546 1204 640 1250 fatigatum
655 1205 754 1241 collocauit.
764 1220 784 1242 ao

54 1257 156 1300 Sepissime
167 1268 211 1291 vero
225 1258 244 1290 in
257 1258 339 1291 eubiculo
350 1258 392 1291 lecti
406 1258 434 1291 sui
445 1259 477 1292 lux
489 1259 580 1293 immense
594 1259 679 1293 claritatis
690 1259 755 1293 celitus

54 1309 121 1343 emissa
134 1320 144 1343 a
156 1310 250 1354 discipulis
264 1310 303 1344 eius
314 1309 354 1344 visa
367 1315 401 1352 est,
412 1322 504 1355 vocesque
515 1311 597 1355 angelice
610 1322 652 1345 cum
665 1322 688 1345 eo
701 1312 755 1346 collo-

53 1367 131 1406 quentes
139 1363 199 1397 audite
207 1368 255 1397 sunt.
278 1363 357 1397 Plurima
369 1363 445 1397 cenobia
455 1374 489 1409 per
498 1364 575 1398 Galliam
587 1370 606 1399 et
616 1364 635 1398 in
648 1364 755 1409 episcopatu

53 1426 86 1448 suo
102 1416 208 1457 construxit,
223 1416 292 1449 clerum
306 1416 393 1450 adunauit
408 1422 426 1450 et
441 1417 569 1451 ecclesiasticis
584 1417 685 1461 disciplinis
701 1418 756 1451 mira·

54 1468 114 1501 biliter
133 1468 214 1510 imbuitl,
232 1474 250 1502 et
267 1469 380 1502 zenodochia
399 1469 481 1503 instituit.
525 1462 645 1513 Waningum
663 1470 756 1513 quendam
765 1484 784 1513 ²5

54 1521 135 1554 nobilem
148 1521 207 1555 crucis
219 1522 272 1566 signo
284 1532 294 1555 a
306 1532 339 1555 sua
350 1522 456 1556 infirmitate
467 1522 543 1563 sanauit,
555 1527 573 1556 et
585 1523 688 1557 fiscanense
702 1534 757 1557 ceno·

54 1573 105 1607 bium
118 1579 224 1607 construere
240 1574 291 1607 iecit:
311 1579 329 1607 et
344 1574 452 1609 introductis
467 1575 581 1615 monialibus,
594 1575 756 1619 Wandragesilum

55 1626 161 1659 Fontanelle
174 1627 258 1659 abbatem
267 1626 350 1670 prefecit,
360 1627 446 1671 quatinus
457 1627 497 1661 eius
508 1628 571 1661 verbis
582 1633 600 1660 ct
607 1628 645 1661 vita
655 1628 757 1661 castissima

54 1679 151 1723 fragilioris
166 1689 222 1713 sexus
237 1679 312 1714 lasciuia
326 1679 463 1714 moderaretur⁴
478 1685 496 1714 et
511 1680 530 1715 in
545 1691 609 1715 norma
622 1680 716 1725 religionis
729 1680 757 1715 in·

54 1737 159 1767 strueretur.
183 1733 205 1766 Et
217 1732 233 1767 si
247 1734 320 1777 quando
333 1745 344 1768 a
357 1734 482 1778 predicatione
495 1739 513 1769 et
527 1734 562 1779 piis
575 1734 662 1779 operibus
673 1735 757 1770 cessabat
766 1748 785 1778 3⁰

54 1787 166 1828 Audoenus;
179 1785 234 1829 quieti
242 1797 275 1820 sue
283 1797 320 1821 non
328 1787 389 1821 statim
397 1787 511 1830 prouidebat,
519 1788 552 1822 sed
563 1799 634 1831 pernox
642 1788 661 1822 in
671 1788 757 1823 orationi-

55 1840 89 1874 bus
100 1844 118 1873 et
126 1839 192 1882 vigiliis
202 1839 286 1880 instabat,
295 1845 314 1873 et
324 1840 403 1874 terrenis
411 1840 490 1883 negotiis
498 1840 574 1881 solutus,
585 1846 647 1874 mente
657 1841 757 1875 celestibus

54 1892 155 1926 inherebat.
200 1884 250 1926 Cum
266 1892 316 1926 enim
330 1892 436 1936 parochiam
451 1903 503 1926 suam
516 1892 628 1936 predicando
639 1893 725 1927 lustraret
738 1898 757 1927 et

55 1945 111 1978 nimio
123 1944 174 1978 senio
184 1944 245 1977 fessus
255 1955 309 1978 curru
321 1945 400 1985 sederet,
409 1945 452 1978 muli
463 1945 494 1988 qui
505 1956 578 1978 currum
589 1946 686 1979 trahebant
696 1945 756 1979 subito

55 2002 130 2038 stantes,
138 1997 188 2030 nullo
196 1997 250 2030 modo
258 1996 321 2040 aurige
328 1997 401 2040 flagello
413 1997 435 2031 ab
443 1997 483 2041 ipso
493 1997 533 2031 loco
542 1997 596 2032 auelli
606 2002 709 2041 potuerunt.
733 1997 756 2032 Et
765 2010 784 2041 35

55 2050 128 2093 erigens
140 2049 169 2083 vir
180 2049 210 2083 dei
222 2049 284 2082 oculos
297 2050 320 2082 ad
334 2049 399 2090 celum,
411 2049 499 2083 vexillum
511 2049 570 2083 crucis
584 2050 644 2092 amplo
657 2050 756 2093 splendore

56 2103 125 2137 micans
137 2102 213 2147 aspexit.
237 2102 320 2146 Cumque
329 2101 443 2146 intelligeret,
451 2102 515 2147 spiritu
527 2109 590 2136 sancto
601 2102 700 2144 reuelante,
707 2103 756 2147 quod

55 2158 135 2191 eundem
143 2157 203 2190 locum
211 2157 234 2190 ad
242 2156 360 2190 seruiendum
369 2156 404 2190 sibi
414 2156 500 2190 dominus
509 2157 601 2200 elegisset,
608 2157 686 2200 figuram
693 2161 757 2191 sancte

56 2210 114 2244 crucis
122 2210 189 2243 ibidem
197 2209 260 2243 baculo
268 2208 365 2253 expressit.
385 2209 443 2243 Nocte
449 2209 533 2253 sequenti
539 2209 558 2243 in
566 2209 606 2253 ipso
614 2209 654 2243 loco
660 2209 758 2253 columpna

56 2262 109 2307 ignea
119 2268 169 2297 tanto
181 2263 279 2307 splendore
289 2261 328 2296 visa
339 2266 372 2303 est,
383 2267 402 2296 vt
413 2262 457 2296 solis
467 2262 567 2297 claritatem
576 2261 650 2296 vincere
658 2261 757 2297 videretur.
766 2277 786 2306 4⁰

56 2316 165 2350 Confluente
174 2327 217 2360 ergo
228 2316 270 2349 illuc
279 2315 388 2359 populorum
398 2315 538 2357 multitudine,a
548 2314 628 2349 diuersis
639 2315 758 2359 languoribus
816 2316 819 2320 '

56 2369 125 2404 detenti
134 2369 230 2403 sanitatem
238 2373 352 2413 receperunt.
372 2368 398 2401 Ibi
404 2368 454 2402 enim
460 2374 524 2412 postea
530 2373 634 2402 constructo
640 2369 758 2411 monasterio,

57 2423 188 2456 monachorum
207 2422 303 2456 multitudo
319 2421 427 2465 regulariter
444 2421 479 2454 deo
494 2420 600 2454 deseruiuit.
651 2414 758 2466 Peragrans

76 2490 208 2561 ¹dVit.attigerat.
264 2490 393 2528 ²Vit.virgultis.
452 2490 486 2520 ³T.
494 2489 587 2527 imbuinE.
595 2490 667 2522 inhibuit.
724 2491 759 2522 ΑΕ.

56 2541 82 2561 mo
95 2537 152 2562 aretur.
