1762 2803
220 103 267 159 Ut
282 101 383 155 aaron
399 100 571 155 ethmundo.
705 117 747 162 395

46 231 108 266 celitus
120 227 194 261 suerunt
207 226 290 268 accensi;
307 230 326 259 vt
338 236 375 259 vno
388 226 490 270 eodemque
502 230 586 270 ternpore
599 225 641 270 ipsa
652 226 748 268 elementa,

46 283 114 320 scilicet
121 280 169 325 ignis
181 284 199 313 et
211 290 264 323 aqua,
275 278 400 313 testimonium
411 280 511 313 redderent
521 279 627 314 sanctitatis.
644 279 668 314 Et
679 280 749 324 [quia]¹

46 347 112 381 corpus
127 333 175 367 beati
189 333 281 376 pontificis
293 333 349 366 dum²
361 333 420 366 adhuc
435 333 506 367 viueret
520 334 605 367 omnibus
620 334 716 367 virtutibus
731 339 749 367 et

46 389 108 435 gratiis
116 385 240 430 spiritualibus
248 385 281 418 suit
289 385 416 428 plenum,idco
424 385 442 419 in
449 386 489 420 eius
497 393 560 427 morte,
565 392 653 430 quotquot
661 386 748 421 feretrum

46 454 81 488 quo
89 441 143 475 iacuit
150 438 255 483 tetigerunt,
263 449 298 483 per
305 437 334 473 dei
343 438 487 474 misericordiam
498 440 614 482 sanabantur,
621 450 631 475 a
639 451 749 485 quacunque
757 451 766 482 5

46 495 173 531 detinebantur
179 492 289 526 infirmitate.
319 492 325 510 ³
333 485 377 526 Fuit
383 498 443 527 autem
449 493 466 526 in
474 493 545 528 ciuitate
550 493 665 528 londoniensi
672 494 749 528 ecclesia

45 550 63 583 in
72 548 140 581 honore
148 545 196 578 beati
206 545 257 578 Pauli
267 551 377 586 consecrata,
385 547 404 579 in
415 557 455 590 qua,
463 547 506 590 quia
516 547 625 581 cathedralis
636 553 680 588 erat,
689 547 749 582 clerus

45 607 63 634 et
70 599 149 643 populus
157 608 224 640 corpus
232 598 290 631 sancti
298 599 390 641 pontificis
398 599 491 642 sepulture
499 600 617 634 tradiderunt.
641 600 748 644 iacuitquo-

46 663 80 696 que
91 651 144 684 annis
154 650 217 682 multis
228 649 246 682 in
258 655 312 691 terra,
324 651 358 684 sub
370 656 409 684 teca
420 652 481 695 lignea
491 663 550 695 prope
562 653 618 686 altare
631 653 748 693 dominicum,

45 714 111 748 corpus
119 703 163 736 illud
172 704 300 744 reuerendum,
309 704 388 747 quodam
396 705 451 748 pallio
462 705 514 749 parui
524 706 580 749 precii
591 706 698 740 indecenter
706 716 748 750 pre-
759 716 777 738 ιο

45 762 127 802 paratum
135 768 139 797 ;
152 756 185 790 sed
193 756 235 798 quia
243 756 271 791 vir
278 763 353 791 sanctus
361 758 428 801 duplici
436 758 505 792 honore
512 758 530 792 in
536 759 575 793 celo
580 764 598 793 et
603 759 621 793 in
627 764 675 793 terra
681 760 748 803 dignus

46 816 88 851 erat,
95 820 132 843 non
138 808 222 852 permisit
230 809 315 843 dominus
321 820 396 843 seruum
403 821 457 844 suum
462 811 536 845 fidelem
543 812 561 845 in
568 811 608 845 loco
613 811 676 845 humili
681 811 748 847 diutius

46 864 64 897 in
71 862 177 897 abscondito
184 861 260 897 latitare.
282 862 354 897 Accidit
362 874 435 908 quoque
442 869 526 909 tempore
535 865 617 899 Mauricii
624 865 749 900 londoniensis

46 915 131 960 episcopi,
141 921 184 949 ante
195 915 262 949 festum
273 916 331 950 sancti
344 916 431 950 lohannis
443 917 530 961 Baptiste‚
539 923 558 952 vt
569 918 588 952 in
600 918 665 952 eadem
677 918 749 953 ciuitate

46 969 109 1010 subito,
116 969 138 1001 ad
143 967 241 1002 vindictam
247 969 336 1002 malorum
343 969 443 1010 hominum,
448 970 549 1004 maximum
554 971 633 1005 oriretur
638 971 749 1006 incendium.
759 983 776 1013 ¹5

46 1022 67 1055 ln
79 1027 131 1066 porta
143 1032 223 1066 namque
235 1021 348 1064 occidentali,
360 1024 408 1056 circa
419 1022 483 1057 horam
495 1023 554 1057 noctis
566 1023 651 1066 mediam,
663 1024 749 1069 copiosus

45 1076 92 1117 ignis
109 1086 198 1108 aecensus
210 1080 244 1116 est,
261 1076 312 1109 cuius
325 1076 399 1109 llamma
411 1087 435 1110 ex
449 1077 498 1110 omni
510 1083 563 1120 parte
575 1077 647 1118 diffusa,
658 1077 706 1112 iusto
719 1079 749 1112 dei

46 1126 110 1160 iudicio
117 1138 176 1170 usque
184 1127 207 1161 ad
215 1133 288 1170 portam
296 1128 404 1162 orientalem
412 1133 469 1163 totam
480 1129 580 1164 combussit
591 1129 688 1164 ciuitatem.
712 1130 749 1164 Ex-

46 1179 93 1213 citati
101 1186 162 1213 autem
170 1180 221 1214 ciues
229 1186 247 1214 et
255 1182 278 1215 ad
286 1186 323 1215 tam
331 1182 418 1216 horribile
424 1183 547 1227 spectaculum
556 1184 662 1225 conturbati,
667 1184 698 1218 vix
706 1195 748 1219 cum

46 1233 81 1267 vita
92 1233 154 1277 lugere
165 1240 269 1277 potuerunt,
277 1236 325 1269 male
335 1236 445 1279 perquisitas
453 1236 525 1271 diuitias
536 1237 610 1271 ssamrne
618 1238 748 1282 relinquentes.
757 1249 776 1270 ao

47 1285 118 1320 interea
126 1286 217 1330 siquidem
225 1294 320 1321 crescente
327 1287 417 1330 incendio,
425 1289 502 1323 ecclesia
511 1289 559 1324 beati
569 1290 620 1324 Pauli
631 1291 748 1333 comburitur,

46 1343 63 1372 et
72 1340 132 1373 omnia
140 1351 177 1383 que
187 1340 206 1374 in
216 1352 238 1374 ea
248 1346 300 1375 erant
311 1341 354 1385 igne
365 1348 502 1376 consumuntur.
525 1343 548 1377 Et
558 1354 601 1377 ecce
613 1343 649 1377 iam
661 1354 697 1378 non
709 1350 748 1378 erat

46 1392 107 1432 populi
116 1392 219 1432 consolatio,
228 1394 261 1425 sed
269 1394 350 1426 omnium
362 1394 399 1427 iarn
410 1395 462 1427 dolor
471 1401 489 1428 et
496 1395 580 1438 gemitus,
588 1407 610 1429 eo
618 1397 667 1439 quod
675 1403 748 1429 sanctas

47 1443 123 1477 ecclesie
131 1455 164 1478 sue
172 1444 264 1488 reliquias,
273 1445 322 1479 omni
331 1457 364 1490 spe
372 1447 430 1490 gratie
438 1449 545 1491 postposita,
551 1459 572 1483 se
583 1449 681 1483 credebant
686 1449 748 1493 perdi·

47 1496 99 1530 disse.
123 1497 169 1531 Cum
185 1498 247 1531 enim‘
259 1499 336 1533 ecclesia
351 1499 464 1534 inllammata
480 1505 516 1535 tota
531 1501 605 1535 caderet
619 1506 637 1535 et
651 1501 747 1545 plumbum
758 1515 776 1545 ²5

47 1547 161 1591 liquefactum
173 1561 196 1584 ex
209 1550 258 1584 omni
270 1557 323 1595 parte
334 1551 451 1594 discurreret,
463 1557 481 1587 et
493 1558 556 1588 tamen
568 1553 622 1588 huius
634 1554 691 1589 sancti
702 1554 749 1589 iere-

46 1605 93 1634 trum
104 1601 195 1647 integrum
205 1604 253 1638 inter
263 1605 297 1639 hec
309 1605 370 1639 omnia
381 1606 410 1640 dei
422 1606 480 1651 gratia
489 1613 612 1651 permaneret,
628 1613 677 1642 tanta
689 1609 749 1642 subito

47 1652 64 1686 in
72 1657 140 1698 populo
148 1657 205 1691 oritur
213 1658 274 1700 letitia,
280 1665 299 1692 vt
307 1660 359 1693 dolor
366 1660 473 1703 prehabitus
480 1661 567 1695 obliuioni
572 1663 675 1696 traderetur
680 1663 698 1696 in
704 1664 749 1696 tanti

47 1707 125 1742 nouitate
133 1710 221 1751 miraculi,
229 1722 265 1754 quo
273 1712 319 1745 deus
329 1713 417 1747 mirabilis
427 1714 446 1747 in
457 1715 525 1747 sanctis
536 1715 645 1757 predicatur.
669 1715 749 1749 Concur-

47 1765 98 1794 rente
106 1766 166 1796 autem
174 1763 243 1807 populo
251 1770 269 1798 et
276 1765 300 1798 de
307 1770 358 1798 tanto
366 1765 413 1799 sacto
421 1766 509 1800 miraculo
514 1767 635 1801 vehementer
641 1768 748 1811 confortato,
757 1784 777 1815 30

47 1821 179 1855 recognoscunt
185 1817 267 1859 predicta
272 1828 309 1860 que
316 1818 362 1851 facta
370 1818 441 1851 fuerant
449 1825 526 1862 propter
532 1830 585 1853 suam
594 1820 749 1863 emendationem,

48 1865 116 1899 meritis
124 1867 152 1900 sui
160 1868 252 1911 pontilicis
259 1869 320 1903 taliter
327 1869 419 1904 euenisse.
435 1870 522 1905 Sciebant
530 1871 599 1914 quippe
607 1871 658 1906 ciues
666 1872 748 1906 londoni·

48 1926 101 1952 enses
109 1921 157 1963 quod
166 1928 233 1955 extunc
245 1922 275 1956 dei
283 1922 361 1957 vindicta
369 1924 416 1958 iuste
424 1930 487 1958 contra
497 1924 548 1968 ipsos
559 1925 617 1960 luerat
628 1925 719 1967 suscitata,
726 1937 749 1961 eo

47 1971 93 2011 quod
102 1983 146 2017 erga
154 1980 247 2017 pastorem
256 1986 308 2009 suum
317 1986 338 2010 ac
346 1977 464 2011 mediatorem
476 1978 525 2022 apud
533 1979 588 2012 deum
596 1978 646 2013 velut
655 1978 748 2023 ingratitu-

47 2022 93 2058 dinis
101 2025 133 2060 filii
141 2038 162 2062 se
173 2028 269 2064 habebant.
292 2030 353 2065 Voluit
363 2030 418 2075 igitur
427 2032 487 2066 bonus
497 2033 543 2067 deus
555 2033 589 2068 hoc
599 2044 635 2067 vno
645 2034 748 2078 eodemque
757 2046 776 2075 35

47 2077 132 2113 miraculo
140 2088 224 2116 sanctum
232 2094 291 2124 suurn,
297 2095 353 2127 quem
361 2091 415 2129 eaput
423 2085 518 2119 Britannie
526 2086 647 2130 appellabant,
653 2087 748 2129 extollere,

47 2134 64 2162 et
72 2129 214 2175 imprudentium
223 2136 318 2171 hominum
326 2137 447 2182 ignorantiam
454 2139 569 2183 inposterum
575 2139 686 2184 premunire.
704 2139 749 2175 Post

47 2181 85 2217 dies
96 2192 157 2221 autem
168 2189 243 2233 aliquos,
254 2191 335 2235 mitigata
346 2192 382 2226 iarn
394 2193 468 2226 llamma
480 2194 499 2226 in
510 2193 571 2227 surore
585 2193 654 2227 domini
665 2196 749 2236 excitata,

46 2235 113 2273 intrant
121 2242 218 2277 ecclesiam
226 2244 281 2287 ciues,
289 2251 343 2289 prout
351 2252 435 2290 poterant
446 2248 469 2281 de
479 2247 578 2282 combustis
589 2247 671 2292 reliquiis
681 2248 748 2293 aliquid

47 2287 92 2325 forte
100 2294 194 2330 residuum
202 2298 322 2341 requirentes.
345 2300 393 2343 lpsis
401 2310 481 2344 namque
486 2300 683 2336 omnibusiamdictam
690 2304 748 2338 eccle·
756 2319 777 2349 40

47 2342 92 2378 siam
99 2346 194 2392 ingressis,
203 2362 246 2385 ecce
254 2352 308 2386 simul
316 2360 380 2388 assunt
390 2355 426 2388 duo
435 2355 537 2398 pontifices,
545 2355 671 2390 londoniensis
679 2358 748 2394 scilicet

47 2400 208 2446 etwyntoniensis,
215 2415 256 2439 curn
263 2407 388 2441 sacerdotibus
396 2412 415 2442 et
422 2408 492 2442 clericis
501 2413 519 2442 et
527 2408 567 2443 aliis
575 2409 691 2445 diuersorum
699 2412 749 2446 ordi-

47 2456 90 2483 num
98 2453 192 2498 ministris,
198 2462 217 2490 vt
225 2459 314 2492 certitudo
320 2460 402 2503 ipsorum
408 2461 511 2494 testimonio
517 2462 631 2505 probaretur.
654 2463 680 2497 Hi
686 2470 748 2499 autem

48 2508 111 2538 omnes
123 2507 146 2539 ad
158 2509 247 2543 tumulum
259 2512 317 2545 sancti
329 2512 445 2546 Erkenwaidi
457 2514 571 2555 accedentes,
583 2516 632 2558 quod
643 2517 697 2551 valde
709 2524 749 2552 erat

46 2551 52 2568 ¹
62 2563 92 2586 ⁰111.
112 2558 141 2590 'T.
148 2561 165 2591 E.
173 2563 209 2592 dum
217 2565 267 2602 qnasi.
288 2565 294 2581 ³
301 2566 348 2596 From
354 2567 381 2597 the
386 2567 420 2597 hlir.
426 2567 442 2597 iu
449 2567 495 2607 Corp.
500 2567 537 2598 Chr.
542 2568 578 2599 Cbr.
585 2570 619 2601 1⁶1.
633 2569 638 2587 ⁴
646 2570 749 2603 Bollautem.
