1762 2803
236 98 281 154 Ut
297 96 396 151 sanct
412 97 521 160 arnano.
690 110 731 154 107

30 227 48 259 in
56 223 115 257 insula
123 221 154 255 illa
161 220 218 254 vitam
228 220 355 254 heremiticam
364 220 440 259 ducens,
448 219 471 252 ab
481 218 547 262 angelo
557 218 622 252 litteris
632 216 731 250 instructus

30 282 63 312 est.
85 274 158 318 Quibus
169 272 271 317 completis,
284 272 360 316 angelus
373 272 443 306 domini
453 271 502 306 dixit
516 272 539 306 ad
554 282 609 306 eum:
626 270 655 305 ⁸0
670 269 732 304 diuine

29 330 118 374 scripture
129 331 259 371 perscrutator,
267 325 348 359 veritatis
360 330 446 359 constans
457 330 476 359 et
487 324 585 359 immobilis
597 328 677 359 amator:
689 322 732 367 quia

29 383 61 419 tibi
68 381 134 416 sufficit
142 379 200 423 gratia
207 380 242 420 dei,
250 385 268 413 te
276 380 322 413 hanc
331 380 395 413 sedern
403 379 489 413 dominus
496 380 542 413 deus
552 384 595 413 tuus
603 377 732 421 derelinquere

29 433 124 479 disposuit,
136 438 155 466 et
169 432 228 473 aliam,
240 442 295 476 quam
311 431 343 466 tibi
358 433 469 473 monstrabo,
481 437 499 465 te
514 431 577 465 adire¹
592 431 674 475 oportet.¹
697 428 748 471 Cui5

30 492 114 522 sanctus:
132 485 194 519 ‘Licet
206 485 260 518 huius
273 484 308 518 soli
323 490 409 527 tanquam
425 484 490 518 natalis
505 482 693 517 dulcedine'reuocor
707 482 731 515 ad

30 539 143 578 morandum,
155 538 178 571 ad
189 548 317 582 quemcunque
327 536 387 570 locum
398 547 427 570 me
438 537 506 581 dirigas
517 537 552 570 iter
561 536 643 581 arripere
655 541 731 580 paratus

30 598 47 627 et
54 597 118 636 presto
126 592 177 624 sum?
200 590 233 624 Cui
241 590 317 634 angelus
325 601 329 624 :
342 589 413 624 ‘Locus
424 595 451 624 est
459 591 518 624 denso
528 589 638 623 arundinum
650 587 731 632 tegmine

30 646 168 689 circumseptus,
186 643 238 689 quasi
258 643 335 678 miliario
353 654 390 678 vno
408 643 485 685 distans,
499 642 563 678 diuino
582 642 641 677 officio
659 640 731 677 futurus

29 700 118 745 ydoneus,
135 698 209 742 Rumpe
217 698 271 742 igitur
279 708 349 732 moram
357 703 375 731 et
384 697 419 732 iter
426 698 498 742 arripe²
506 697 615 740 diligenter:
627 696 673 730 deus
681 695 730 729 enim
739 705 759 727 ro

30 759 89 786 tecum
97 756 125 785 est
131 750 147 784 ³!
164 750 247 795 Carpens
255 751 310 794 igitur
318 755 392 785 sanctus
399 750 453 792 viam,
462 750 481 784 in
489 750 549 785 calore
555 749 590 784 diei
598 759 640 784 cum
646 748 730 793 fatigatus

30 856 125 896 emanauit,
133 858 156 890 de
167 867 203 900 quo
213 857 243 891 ille
254 856 319 891 bibens
329 868 376 900 opus
388 856 482 899 inceptum
493 861 581 890 executus
590 861 624 889 est.
648 856 731 897 Cumque

30 910 94 943 iterum
106 909 167 943 fessus
180 908 199 942 in
212 913 279 943 terram
292 918 313 941 se
326 907 438 951 proiecisset‚
450 907 518 942 humus
531 919 552 942 se
564 906 651 952 aperiens
662 906 731 940 fontem

30 961 150 996 clarissimum
162 961 222 1004 dedit,
239 967 258 995 et
271 966 369 1005 antequam
382 962 405 995 ad
420 961 481 996 locum
496 961 519 995 ab
534 961 600 1005 angelo
615 960 730 1004 designatum
741 971 758 1002 ¹5

30 1014 140 1056 deuenisset,
148 1015 167 1049 in
175 1014 220 1049 locis
228 1014 258 1048 vbi
268 1015 347 1048 lassatus
355 1015 438 1049 membra
445 1014 505 1058 quiete
513 1014 591 1056 fouebat,
599 1013 659 1048 fontes
666 1012 730 1058 viginti

30 1074 105 1113 quatuor
119 1068 173 1103 tellus
188 1068 207 1102 in
222 1068 319 1113 planiciem
335 1069 453 1103 decurrentes
468 1067 537 1102 eduxit.
560 1068 666 1102 Construxit
681 1067 731 1102 enim

30 1122 93 1156 cellam
113 1123 137 1156 de
151 1121 255 1163 viminibus,
270 1133 324 1165 quam
340 1126 358 1155 et
372 1121 462 1155 arundine
477 1121 559 1165 operuit,
579 1121 631 1155 etin
647 1120 731 1155 edificate

31 1175 97 1209 ibidem
105 1174 184 1208 oratorio
196 1175 303 1218 angelorum
315 1174 412 1218 sepissime
422 1174 488 1208 milicia
499 1175 559 1218 ipsum
570 1174 676 1207 confortans
687 1185 731 1208 con-

31 1226 119 1261 ueniebat.
165 1220 248 1272 Quidam
262 1227 319 1261 laicus
334 1227 411 1261 accessit
426 1227 449 1260 ad
465 1237 507 1260 eum
520 1232 539 1260 vt
554 1227 571 1260 ei
583 1227 681 1261 seruiendo
694 1227 731 1261 vita
740 1239 759 1261 ro

31 1279 135 1315 heremitica
150 1280 262 1325 fungeretur.
292 1279 333 1323 Quo
348 1279 427 1324 benigne
442 1280 529 1322 admisso,
545 1280 606 1315 multis
619 1281 673 1315 annis
688 1281 730 1315 clim

30 1339 92 1368 sancto
100 1334 150 1368 vixit.
192 1327 285 1368 Latrones
293 1343 360 1367 nouem
368 1334 387 1366 in
394 1333 507 1377 prouinciam
516 1333 565 1366 illam
573 1333 675 1375 venientes,
683 1333 731 1368 fame

30 1391 47 1420 ct
55 1386 84 1420 siti
92 1386 153 1422 afflicti
160 1386 247 1421 dixerunt
254 1386 302 1420 intra
310 1397 342 1420 se:
354 1386 398 1419 ‘Est
406 1386 435 1420 hie
443 1396 480 1420 non
490 1386 544 1431 longe
554 1393 628 1421 sanctus
639 1386 731 1431 quidamt,

31 1439 60 1483 qui
69 1451 133 1474 omnes
141 1440 199 1484 diligit
206 1446 225 1473 et
232 1439 311 1480 instruit,
316 1445 334 1474 et
341 1445 378 1474 tam
387 1439 444 1474 fortes
452 1449 508 1483 quam
516 1440 585 1473 debiles
593 1439 656 1482 reficit,
662 1450 732 1484 egenos

30 1497 47 1526 ct
58 1504 114 1536 vagos
125 1493 195 1535 inuitat,
206 1493 261 1527 etiam
275 1493 421 1528 malefactoribus
434 1492 482 1526 mitis
494 1498 527 1527 est.
549 1493 666 1527 Accedamus
677 1493 732 1537 igitur
740 1504 759 1535 ²5

31 1545 112 1586 adeum,
126 1550 145 1580 vt
157 1546 268 1590 suffragetur
280 1544 342 1590 inopie
356 1546 429 1579 nostre!
452 1545 493 1587 Quo
508 1556 550 1579 cum
565 1546 700 1590 peruenissent,
713 1546 731 1579 in

31 1597 128 1642 hospitium
136 1598 208 1643 placide
217 1599 286 1642 recepti
297 1604 345 1633 sunt.
367 1599 439 1632 Accidit
450 1599 499 1632 enim
510 1605 529 1632 vt
541 1598 620 1633 famulus
629 1599 663 1633 viri
672 1598 731 1633 sancti

32 1650 104 1687 lanceas
112 1652 202 1687 latronum
211 1653 260 1687 foras
267 1652 352 1687 dimissas
360 1652 439 1693 intuens,
446 1657 464 1686 et
472 1652 627 1697 pulchritudinem
633 1652 731 1695 admirans,

31 1715 84 1739 vnarn
92 1706 181 1751 arriperet
189 1712 208 1741 et
218 1707 236 1740 in
247 1707 287 1740 loeo
296 1712 368 1740 secreto
379 1706 482 1740 occultaret.
505 1705 647 1749 Egredientibus
658 1706 732 1740 latroni·

31 1757 64 1790 bus
72 1758 113 1800 illis,
121 1759 200 1804 quesiuit
212 1759 286 1803 quidam
296 1769 307 1792 a
317 1759 384 1793 famulo
394 1759 428 1793 viri
439 1758 469 1793 dei
478 1758 493 1792 si
505 1758 576 1793 hastam
586 1769 639 1793 suam
650 1758 732 1794 vidisset.
741 1770 761 1801 ³⁰

33 1809 64 1844 ille
72 1822 116 1846 vero
123 1812 225 1846 iuramento
233 1812 311 1847 asseruit
319 1823 339 1846 se
348 1812 403 1846 nichil
412 1811 526 1856 cognouisse.
550 1812 591 1854 Quo
598 1812 660 1847 audito
667 1812 695 1847 vir
703 1811 732 1847 dei

31 1872 105 1899 seruum
116 1875 170 1899 suum
182 1865 258 1907 voeauit,
269 1866 346 1899 dicens:
363 1865 445 1907 ‘Amice‚
457 1864 486 1898 isti
499 1864 602 1909 alienigene
614 1876 650 1899 non
663 1866 686 1899 ad
698 1875 732 1899 nos

32 1915 168 1952 declinauerunt
182 1922 202 1951 vt
216 1929 247 1951 res
262 1928 305 1951 suas
320 1910 434 1951 amitterent.¹
460 1917 494 1951 Cui
509 1917 551 1951 ille:
571 1918 654 1951 ‘Clocula
669 1923 732 1952 nostra

32 1968 128 2005 mamillata
141 1971 170 2006 hic
183 1976 290 2017 apponatur,
303 1977 321 2006 et
333 1980 389 2015 super
401 1980 442 2005 earn
454 1969 518 2005 iurabo
530 1981 560 2005 me
572 1981 611 2005 rern
625 1971 679 2005 istam
694 1981 731 2005 non

32 2024 131 2067 peregisse,
139 2034 173 2059 nec
181 2023 248 2068 aliquid
256 2024 299 2058 inde
308 2023 427 2068 cognouisse!
450 2023 473 2058 Et
481 2033 523 2058 curn
531 2024 609 2058 iurasset
617 2029 635 2058 et
643 2023 732 2060 elocutam
741 2034 759 2066 35

32 2073 79 2109 illam
86 2088 142 2111 manu
149 2078 245 2122 tetigisset,
251 2077 347 2113 confestim
356 2088 432 2112 sensum
440 2078 526 2112 amittens
534 2077 642 2120 naturalem,
650 2078 732 2113 horribili

32 2127 91 2164 furore
100 2136 118 2164 et
123 2131 190 2166 mentis
198 2131 269 2165 insania
275 2132 310 2164 hue
318 2136 336 2164 et
345 2131 387 2165 illue
393 2131 507 2166 voluebatur⁴
528 2131 550 2165 Et
558 2131 619 2165 statim
628 2132 733 2175 egrediens,
749 2149 752 2156 ·

10 2190 12 2193 ’
32 2184 48 2213 ct
56 2183 78 2216 ad
86 2194 137 2218 mare
146 2184 263 2227 perueniens‚
270 2184 329 2218 vndas
337 2195 374 2217 non
386 2184 485 2225 abhorruit,
494 2185 527 2218 sed
539 2195 597 2229 super
608 2195 659 2218 mare
668 2185 732 2218 ambu-

32 2232 78 2269 lauit.
102 2236 143 2278 Quo
150 2236 266 2280 pertransito,
275 2247 309 2280 per
316 2241 390 2270 montes
398 2242 416 2270 et
424 2236 481 2271 valles
491 2236 614 2281 fruticosaque
623 2237 662 2271 loca
670 2248 732 2271 curre·

32 2284 67 2328 bat,
75 2293 93 2322 et
100 2300 165 2324 versus
174 2289 285 2330 Meneuiam,
293 2289 323 2323 vbi
331 2296 406 2323 sanetus
413 2289 472 2323 Dauid
480 2290 544 2323 sedem
554 2290 638 2330 habebat,
646 2301 731 2334 pergens,
740 2301 760 2332 4⁰

32 2336 78 2373 victu
84 2341 143 2376 serino
149 2343 264 2386 vescebatur,
270 2343 337 2377 herbas
345 2347 363 2377 et
371 2342 443 2377 radices
451 2342 571 2377 comedendo.
594 2342 670 2386 Septem
678 2343 732 2377 annis

33 2400 101 2429 moram
116 2395 170 2438 feeit;
188 2396 239 2429 cuius
254 2396 286 2440 pili
301 2396 351 2431 velut
366 2396 384 2430 in
400 2396 454 2430 bruto
469 2405 536 2440 corpus
551 2405 609 2439 vsque
623 2396 646 2429 ad
659 2395 732 2440 plantas

33 2446 122 2487 tegebant.
145 2449 226 2483 Peractis
238 2460 283 2484 vero
296 2455 368 2495 septem
379 2449 438 2492 annis,
450 2449 469 2483 in
481 2454 563 2483 mentem
576 2449 634 2483 sancti
647 2448 733 2493 Kynedi⁶

33 2527 146 2601 ³{qlllkarqlee‘qira
192 2532 283 2570 ²E.aripc.
336 2532 579 2570 ³scT.;E.tecumesteuim.
625 2531 732 2569 'Equidem
