1762 2803
113 118 115 124 ’
143 131 184 173 128
213 199 215 204 ,
330 130 410 183 uota
426 129 542 191 treanta
557 129 648 192 anglio.

428 265 442 302 ll
454 263 538 299 Narratio
543 265 554 298 ¹.

161 330 220 371 Venit
228 338 284 372 abbas
293 337 351 372 Ysaac
362 337 380 372 in
388 338 548 382 congregationem
556 338 632 372 fratrum
641 343 658 373 et
666 337 711 372 vidit
719 337 810 382 quendam
819 349 842 372 ex

141 390 227 425 fratribus
242 391 355 434 culpabilem,
369 396 387 424 et
402 391 511 425 adiudicauit
526 402 573 426 eum.
596 391 643 425 Cum
658 396 718 425 autem
735 391 804 424 exisset
819 392 842 425 ad

141 444 242 485 heremum,
256 443 306 477 venit
325 444 400 486 angelus
416 443 485 477 domini
500 449 518 477 et
533 443 582 478 stetit
597 449 639 477 ante
655 443 721 478 ostium
736 444 781 477 celle
797 444 842 486 eius,

141 496 215 529 dicens:
231 495 282 529 ‘Non
294 500 311 528 te
323 496 393 529 dimitto
405 495 484 530 intrare!
508 495 541 529 Illo
554 501 615 529 autem
627 506 701 530 causam
713 501 807 539 querente,
819 496 843 530 ait

124 561 131 590 5
141 549 227 591 angelus:
240 548 301 581 ‘Deus
312 559 341 581 me
351 548 400 581 misit
407 555 426 581 vt
434 548 515 581 dicerem
522 548 566 582 tibi:
577 548 608 582 vbi
619 548 672 581 iubes
680 555 699 582 vt
710 547 781 582 mittam
791 547 842 582 illum

141 602 215 637 fratrem
223 601 332 647 culpabilem
340 612 395 646 quem
404 601 532 637 adiudicastii'
555 602 578 637 Et
589 601 650 637 statim
659 602 715 637 abbas
723 601 842 646 penitentiam

141 654 182 699 egit,
196 654 269 690 dicens:
286 655 384 689 ‘Peccauiz
400 655 475 698 ignosce
489 655 544 690 mihi)
567 655 589 691 Et
603 655 648 689 dixit
662 656 749 699 angelus:
768 656 842 699 ‘Surge,

141 707 233 753 ignoscat
246 708 278 742 tibi
289 708 345 750 deus;
362 713 380 743 et
393 709 464 743 custodi
478 710 501 743 de
515 714 576 743 cetero
589 719 613 743 ne
626 708 719 743 adiudices
732 719 842 752 quemquam

140 761 247 806 priusquam
255 762 300 795 deus
309 761 399 796 adiudicet
407 761 470 795 euml)

229 864 261 904 DE
273 881 343 905 SANCTO
357 863 441 905 KILIANO
453 881 491 905 CUM
503 881 561 905 SOCIIS
572 881 613 905 suls
625 871 756 906 ntnurrnrssusi.

115 955 133 976 10
179 943 236 978 Eatus
252 943 341 984 Kilianus,
356 953 424 987 genere
440 943 542 985 Scotorum,
558 944 649 977 nobilibus
664 949 715 977 ortus
730 943 843 987 parentibus,

200 996 261 1030 diuine
277 1001 338 1031 tamen
350 996 407 1040 gratie
420 996 478 1030 factus
491 1000 519 1030 est
534 995 627 1030 nobilitate
642 996 758 1030 clarissimus.
782 996 817 1038 Qui
833 1007 843 1030 a

141 1050 219 1095 pueritia
226 1050 331 1084 liberalibus
340 1050 404 1083 studiis
412 1050 493 1091 traditus,
502 1050 556 1083 simul
565 1061 606 1083 curn
616 1049 717 1084 litterarum
725 1049 843 1084 incrementis

142 1103 238 1145 diligenter
250 1104 298 1137 viam
314 1102 362 1145 cepit
377 1103 463 1145 indagare
478 1102 565 1136 veritatis.
588 1103 672 1136 Tandem
687 1103 806 1146 preueniente
822 1114 843 1142 se

141 1156 199 1201 gratia
211 1156 245 1197 dei,
254 1156 320 1200 spretis
332 1156 453 1189 humanarum
465 1155 567 1189 litterarum
579 1154 643 1189 studiis
655 1155 777 1200 omnibusque
789 1155 843 1190 huius

115 1223 132 1252 15
142 1209 205 1243 mundi
216 1209 312 1251 illecebris,
320 1207 451 1241 monasterium
459 1208 516 1251 petiit,
525 1208 622 1251 abnegauit
630 1208 712 1252 seipsum
720 1209 755 1241 sibi
766 1208 843 1252 tulitque

141 1272 214 1295 crucem
221 1271 272 1295 suam
279 1261 311 1303 [et]
319 1266 407 1303 sequutus
415 1266 443 1294 est
449 1260 548 1294 Christum
564 1260 585 1294 In
591 1260 702 1295 monasterio
707 1261 761 1304 igitur
767 1261 843 1305 positus,

141 1318 208 1359 quante
214 1312 395 1357 obedientie‚quante
401 1311 577 1357 fu[er]itvigiliarum
583 1312 843 1355 etorationuminstantie,vite

141 1367 230 1402 terminus
244 1367 347 1401 declarauit.
371 1366 459 1408 Quamuis
475 1367 524 1400 enim
540 1366 616 1400 martirii
631 1367 703 1409 palmat
718 1378 751 1410 per
766 1367 843 1410 gratiam

142 1419 200 1463 magis
208 1430 263 1463 quam
272 1430 306 1463 per
315 1420 401 1453 meritum
411 1424 487 1461 constat,
496 1418 548 1452 bonis
560 1424 620 1452 tamen
630 1419 741 1462 adimpletur
750 1419 843 1463 operibus.

116 1490 134 1510 κο
142 1474 231 1508 Videntes
237 1472 291 1516 igitur
296 1471 402 1506 monasterii
406 1471 472 1506 fratres
477 1472 495 1504 in
501 1471 587 1505 virtutum
593 1471 705 1516 profectibus
710 1472 797 1506 beativiri
802 1483 843 1517 per·

142 1526 269 1568 seuerantiam,
275 1526 334 1569 primo
340 1536 382 1558 eum
388 1524 570 1568 5perecclesiusticos
576 1525 644 1568 gradus
650 1526 679 1568 [ad
686 1525 843 1569 presbyteratusJ⁷

142 1578 222 1613 officium
234 1579 320 1621 precibus
331 1579 437 1619 ascendere,
450 1577 517 1611 deinde
529 1577 611 1612 eiusdem
627 1578 733 1612 monasterii
749 1578 843 1621 regiminis

142 1642 205 1667 curam
214 1642 287 1666 sumere
295 1636 399 1675 coegerunt.
427 1631 460 1664 Ille
468 1635 534 1672 autem,
545 1631 605 1665 sciens
613 1630 744 1674 perfectionem
753 1630 844 1666 charitatis

143 1687 183 1720 sine
188 1684 266 1728 proximi
275 1684 372 1718 dilectione
379 1684 459 1727 perfecte
465 1689 513 1716 stare
522 1695 559 1717 non
565 1695 625 1726 posse,
631 1694 697 1727 passus
703 1690 731 1718 est
737 1684 756 1718 in
764 1684 843 1728 propriis

116 1749 133 1778 ²5
142 1749 163 1772 se
171 1736 302 1781 aliquantulum
311 1737 403 1777 minorari,
409 1741 428 1770 vt
434 1736 509 1770 fratrum
516 1737 606 1780 prodesse
611 1741 675 1780 posset
680 1737 757 1779 utilitati,
763 1737 843 1771 imitatus

142 1791 278 1834 apostolorum⁸
286 1789 387 1822 consilium.
431 1782 566 1822 Verumtamen
575 1799 616 1822 cum
625 1789 673 1822 sama
682 1789 739 1822 sancti
747 1790 780 1823 viri
789 1790 843 1832 longe

142 1844 215 1885 lateque
225 1844 356 1884 crebresceret,
364 1847 448 1876 metuens
458 1842 498 1885 ipse
506 1852 529 1874 ne
537 1842 631 1885 popularis
639 1842 690 1875 fauor
698 1842 799 1876 maculam⁰
809 1841 843 1876 sibi

142 1896 232 1939 infigeret,
249 1895 296 1939 cepit
312 1895 395 1929 meditari
410 1894 487 1939 qualiter
503 1900 555 1928 notos
571 1900 589 1928 et
604 1894 717 1939 propinquos
732 1895 843 1939 relinqueret

142 1954 250 1993 peteretque
262 1949 316 1990 longe
329 1948 397 1991 positas
409 1954 473 1988 terras,
486 1947 516 1980 vbi
530 1949 618 1980 obscurus
630 1947 679 1980 fama
692 1954 709 1982 et
721 1948 762 1981 vilis
775 1958 843 1990 genere

116 2011 135 2041 30
143 2006 206 2046 posset
219 2001 288 2043 haberi,
300 2011 336 2044 quo
349 2000 424 2034 liberius
437 2000 504 2033 diuinis
517 1999 595 2033 cultibus
608 2005 685 2033 vacaret.
709 1999 843 2034 Deliberatione

163 2074 169 2091 ¹
179 2075 203 2103 Ex
210 2075 241 2104 Vit.
249 2075 290 2104 Patr.
299 2085 330 2112 9ro
337 2075 431 2113 (repeated).
472 2075 478 2091 ²
488 2074 520 2103 VP.
527 2073 599 2111 ignoscit.

163 2112 168 2130 ³
181 2114 240 2144 Collect
247 2114 263 2144 in
270 2115 288 2145 T.
295 2126 298 2145 :
549 2116 551 2119 ’

163 2152 213 2190 Alme
224 2161 276 2198 presul
287 2160 389 2197 Kentegerne
402 2160 464 2189 laudum
477 2161 524 2197 digne
537 2160 590 2197 iubilo,
603 2158 634 2195 Qui
646 2160 683 2189 dum
695 2160 747 2189 lumen
760 2160 843 2190 tenebroso

143 2201 217 2238 prebuisti
228 2201 290 2238 populo,
300 2201 335 2229 Lux
345 2200 416 2229 scintillis
426 2200 520 2237 splenduisti
531 2200 589 2229 crebris
599 2199 615 2226 in
626 2200 725 2231 candelabro.
746 2200 780 2230 Tibi
791 2200 844 2230 laudes

144 2242 245 2269 decantantes
258 2244 349 2276 representa
359 2240 428 2269 domino.
455 2239 569 2277 Ps.ut[agn0],
597 2232 719 2269 Sacrosanclam
732 2240 844 2275 Kentegcrnus

144 2288 210 2309 seruans
222 2278 337 2316 parsimoniam,
350 2278 401 2314 Fame,
412 2279 464 2308 sitiet
476 2278 530 2315 algore
541 2278 575 2307 eius
586 2278 629 2316 pauit
640 2279 712 2314 animam,
726 2280 767 2308 Dum
780 2280 804 2314 (T.
817 2279 843 2308 Etl

144 2321 160 2349 iri
170 2319 214 2354 aquis
223 2319 313 2348 decantaret
323 2318 384 2354 frigidis
394 2318 484 2354 psalterium
492 2318 545 2354 Atque
552 2326 571 2354 tr.
579 2320 610 2355 Ac)
618 2318 652 2347 cibo
661 2320 776 2355 (quadriduano
783 2319 843 2348 fouerct

144 2358 265 2395 corpusculum).
292 2357 353 2395 tlpsum
366 2366 421 2386 omnes
434 2358 556 2394 proclamemus
568 2363 610 2396 cutm
623 2367 686 2394 precum
701 2359 777 2388 instancia
790 2358 811 2386 Vt
824 2357 843 2385 de

143 2398 198 2428 mortis
206 2402 249 2427 torre
256 2398 302 2427 ducat
309 2406 338 2426 nos
346 2397 365 2426 ad
373 2397 402 2426 celi
409 2397 469 2433 gaudia.
490 2396 515 2426 rs.
523 2396 590 2437 Bened.)
613 2397 642 2437 (Cf.
651 2398 709 2428 Forbes
717 2408 731 2435 p.
741 2398 766 2429 C.l

163 2437 169 2455 ¹
179 2437 218 2467 This
228 2441 262 2467 text
273 2437 286 2467 is
296 2436 368 2474 wanting
378 2437 393 2466 in
404 2436 422 2467 T.
443 2436 457 2466 It
469 2436 482 2466 is
494 2436 525 2465 abr.
538 2437 577 2467 from
589 2439 616 2468 the
627 2437 663 2468 Vita
672 2438 688 2467 in
701 2438 735 2469 MS.
748 2438 793 2468 Harl.
805 2437 842 2467 2801

144 2481 171 2512 (12
178 2483 233 2516 cent),
240 2479 264 2508 ed.
275 2478 291 2507 in
301 2477 373 2507 Canisius
383 2477 420 2508 Ant.
431 2477 474 2508 Lect.
487 2476 513 2507 lV.
520 2478 554 2515 625,
562 2478 581 2508 A.
589 2479 617 2509 SS.
626 2478 665 2509 Boll.
673 2479 708 2517 luly
718 2478 739 2509 ll.
747 2488 762 2516 p.
769 2480 807 2515 615:
817 2474 844 2507 the

144 2519 179 2549 Vita
192 2518 205 2549 is
218 2518 288 2548 ascribed
300 2521 316 2547 to
329 2517 408 2554 Egilward
420 2517 438 2547 of
446 2517 469 2546 St.
482 2517 567 2555 Burclrard,
580 2518 673 2556 Wurzburg.
726 2518 760 2549 ⁵E.
774 2518 844 2556 palmam.

143 2558 225 2588 fiEcum.
272 2557 319 2587 ⁷om.
328 2557 368 2587 inT.
377 2558 395 2587 E.
445 2557 490 2587 ⁸Vit.
498 2559 592 2595 apostolum,
601 2567 644 2589 cons.
652 2568 682 2589 orn.
731 2556 844 2590 ⁹Vit.1nacule

143 2607 202 2635 rugam.
