1762 2803
271 102 317 158 &a
332 101 433 156 &uncto
448 95 583 169 maledie.
735 108 777 161 165

77 223 198 258 manducent:
211 222 317 266 Malachias,
332 223 406 258 imitans
422 223 504 266 Paulum,
521 224 618 258 manducat
629 228 648 258 vt
660 224 777 267 euangelizet.

78 278 106 311 Illi
121 277 188 311 iastum
204 281 222 310 et
237 281 322 322 questum
341 278 427 312 estImant
445 276 544 322 pietatem:
563 276 662 311 Malachias
678 275 788 311 hereditate

76 330 160 366 vendicat
172 330 206 365 sibi
217 341 263 374 opus
273 337 291 365 et
301 342 353 365 onus.
377 331 405 365 Illi
416 342 457 365 cum
468 332 557 376 accipiant
569 330 650 365 decimas
661 335 679 365 et
690 330 779 374 primitias

77 390 95 419 et
110 384 217 425 oblationes,
230 384 310 418 thelonia
323 390 341 418 et
354 385 421 418 tributa
432 390 450 419 et
463 384 508 418 alios
521 385 602 419 redditus
615 384 702 425 infinitos,
714 383 778 418 soliciti

76 442 119 471 sunt
134 436 252 471 nihilomInus
266 437 310 480 quid
325 438 435 471 manducent
447 442 465 471 et
478 437 521 481 quid
533 437 606 471 bibant:
620 437 719 470 Malachias
733 435 796 477 nihil5

77 490 141 523 horum
150 489 226 531 habens,
234 488 302 523 multos
313 495 375 523 tamen
387 490 485 533 locupletat
496 490 519 523 de
532 489 656 534 promptuario
668 489 716 522 fidei.
739 488 778 522 Illis

76 554 110 576 nec
129 541 232 585 cupiditatis
251 553 285 575 nee
304 541 423 576 solicitudinis
439 542 487 576 vllus
502 549 530 576 est
546 542 601 577 finis:
618 541 718 576 Malachias
734 541 779 575 nihil

77 594 158 639 cupiens,
173 595 196 629 de
212 596 291 629 crastino
303 601 365 629 tamen
379 596 459 639 cogitare
471 606 508 630 non
521 596 576 630 nouit.
600 595 628 629 llli
641 606 652 629 a
667 595 779 639 pauperibus

76 650 151 692 exigunt
167 649 215 692 quod
230 649 317 683 diuitibus
332 649 386 683 dent:
400 649 435 683 iste
450 649 527 683 solicitat
540 649 606 683 diuites
619 659 653 692 pro
666 649 778 693 pauperibus

78 701 208 736 sustentandis.
238 701 266 735 llli
276 701 369 745 marsupia
378 707 456 736 vacuant
466 702 580 736 subditorum
590 715 594 737 :
605 702 640 736 iste
652 712 686 746 pro
698 701 779 745 peccatis
788 714 807 735 ιο

76 765 139 789 eorum
157 754 220 788 altaria
235 755 315 788 cumulat
329 755 377 789 votis
392 755 493 798 hostiisque
508 754 594 799 pacificis.
618 754 646 788 Illi
661 754 697 788 alta
712 754 778 797 palatia

76 808 153 851 erigunt,
166 812 226 841 turres
241 812 259 841 et
274 806 336 841 menia
351 808 375 841 ad
390 808 440 841 celos
455 808 527 842 leuant:
540 807 640 841 Malachias
655 818 692 841 non
707 808 779 841 habens

76 861 105 895 vbi
125 866 179 905 caput
196 861 277 903 reclinet,
295 871 342 905 opus
361 861 474 905 euangeliste
486 861 533 895 iacit.
563 861 590 895 llli
606 872 663 905 equos
677 861 779 895 ascendunt

76 924 117 948 cum
132 915 185 948 turba
200 914 295 948 hominurn
310 916 367 958 gratis
381 914 530 948 manducantium
543 925 616 958 panem,
629 920 647 949 et
662 925 699 948 non
713 924 778 948 suum:

77 967 177 1000 Malachias
188 973 252 1009 septus
263 972 367 1000 sanctorum
380 968 456 1000 fratrum
467 967 544 1010 collegio
555 968 614 1009 pedes
625 967 693 1006 circuit,
703 972 779 1009 portans
789 980 806 1008 ¹5

76 1029 135 1061 panes
142 1018 249 1062 angelorum
258 1018 323 1062 quibus
335 1018 439 1052 esurientes
449 1018 520 1052 animas
532 1018 588 1052 saciet
595 1020 605 1051 ¹.
628 1019 656 1052 Illi
668 1018 733 1062 plebes
744 1029 779 1052 nec

76 1077 188 1115 agnoscunt:
203 1072 238 1105 iste
253 1073 318 1106 erudit.
341 1071 369 1105 Illi
385 1077 470 1116 potentes
485 1078 503 1105 ct
520 1078 609 1116 tyrannos
624 1072 727 1106 honorant:
742 1071 778 1105 iste

76 1123 133 1167 punit.
178 1116 263 1158 Puellam
275 1130 344 1158 mutam
355 1129 441 1169 parentes
452 1125 471 1158 in
483 1125 543 1158 media
554 1124 614 1169 platea
625 1124 727 1159 transeunti
738 1124 778 1158 viro

76 1177 185 1220 obtulerunt,
204 1189 245 1212 curn
264 1178 321 1213 multa
344 1178 476 1223 supplicatione
500 1184 586 1222 rogantes
604 1184 623 1213 vt
642 1180 658 1213 ei
679 1178 777 1212 subuenire

76 1230 167 1275 dignetur.
189 1230 225 1272 Qui
242 1231 283 1264 susa
298 1232 321 1265 ad
337 1232 392 1265 deum
409 1242 465 1274 prece
481 1232 540 1275 tetigit
556 1232 613 1275 digito
632 1232 713 1275 linguam
732 1230 777 1269 eius.
787 1244 806 1264 πο

76 1289 94 1318 et
106 1290 180 1328 sputum
191 1283 265 1318 mittens
273 1284 292 1318 in
300 1295 326 1326 os,
335 1284 440 1329 loquentem
449 1283 522 1318 dimisit.
566 1277 642 1329 Aliquis
653 1286 676 1320 de
686 1285 778 1319 nobilibus

75 1338 159 1372 infensus
167 1338 210 1382 regi,
218 1338 344 1373 reconciliatus
352 1344 380 1373 est
388 1349 423 1382 per
430 1349 505 1372 manum
515 1338 609 1372 Malachie.
631 1339 706 1373 Factum
715 1344 777 1372 tamen

76 1401 161 1424 securum
173 1396 192 1424 et
202 1391 237 1424 sibi
248 1401 286 1424 non
298 1396 399 1431 cauentem,
411 1400 445 1424 rex
456 1396 529 1434 captum
542 1390 561 1424 in
573 1391 646 1424 vincula
659 1392 718 1424 trusit.
741 1390 779 1423 Re·

76 1442 130 1486 quirit
138 1453 180 1477 eum
188 1442 288 1477 Malachias
296 1454 307 1477 a
314 1454 363 1487 rege,
371 1454 413 1477 cum
421 1454 487 1487 magna
495 1443 548 1477 turba
555 1443 686 1487 discipulorum
697 1454 778 1477 suorum.

77 1495 100 1529 Et
110 1506 152 1529 cum
162 1502 248 1540 negasset
260 1507 298 1538 rex,
307 1496 331 1531 ait
341 1497 370 1531 vir
379 1496 420 1531 dei:
433 1495 514 1541 ‘Inique
522 1496 586 1541 inquit,
597 1496 636 1541 agis
647 1502 710 1531 contra
721 1496 778 1531 domi·
787 1509 806 1540 ²5

76 1550 132 1583 num²
139 1555 158 1583 et
165 1555 228 1584 contra
236 1560 266 1584 me
274 1555 292 1584 et
300 1555 363 1584 contra
371 1549 456 1593 teipsum,
464 1556 538 1594 pactum
549 1551 673 1593 preuaricans.
696 1549 778 1585 Credidit

77 1612 97 1636 se
108 1602 164 1637 homo
176 1602 219 1637 fidei
232 1613 284 1638 mee:
296 1602 312 1637 si
323 1603 415 1648 contingat
425 1613 467 1638 eum
481 1603 533 1646 mori,
544 1613 579 1648 ego
590 1602 674 1649 perdidi³
684 1613 732 1645 eum,
743 1613 779 1648 ego

77 1666 120 1689 reus
130 1656 224 1700 sanguinis
236 1657 276 1691 eius
287 1666 334 1690 sum.
358 1656 443 1698 Noueris,
451 1667 487 1698 me,
495 1657 554 1690 donec
566 1657 659 1698 liberetur,
669 1667 707 1690 non
718 1662 779 1699 gusta-

76 1713 137 1741 turum
152 1708 225 1751 aliquid,
242 1709 275 1742 sed
291 1719 351 1752 neque
363 1709 419 1742 istos.¹
443 1709 474 1742 Sic
486 1708 572 1753 loquutus
585 1709 639 1742 intrat
651 1709 747 1743 ecclesiam
760 1715 778 1742 et

77 1762 136 1795 anxiis
155 1762 253 1806 gemitibus
268 1763 323 1796 deum
338 1762 442 1807 interpellat
457 1767 476 1796 vt
491 1762 558 1796 iniuste
574 1763 668 1797 detentum
684 1763 708 1796 de
723 1772 778 1796 manu
787 1775 806 1805 ³0

77 1815 216 1857 preuaricatoris
235 1821 253 1849 et
271 1814 328 1859 iniqui
344 1815 416 1859 eripere
431 1815 526 1860 dignetur;
546 1820 563 1850 et
578 1825 600 1849 ea
619 1816 648 1849 die
664 1825 705 1850 cum
724 1819 778 1848 nocte

77 1874 165 1912 sequente
178 1868 197 1902 in
210 1868 277 1903 ieiunio
292 1874 310 1902 et
324 1868 405 1902 oratione
418 1874 567 1913 perseueratum.
590 1868 631 1911 Quo
643 1869 717 1903 audito:
728 1869 778 1903 vnde

77 1921 164 1954 emolliri⁴
176 1922 269 1963 debuerat,
281 1922 324 1955 inde
337 1932 369 1955 cor
382 1922 431 1965 regis
444 1921 550 1956 induratum
563 1927 602 1964 est3
619 1921 648 1956 etn
660 1921 721 1965 sugam
733 1920 778 1955 iniit.

77 1973 110 2006 Cui
125 1974 226 2017 insequens
243 1973 342 2007 Malachias
359 1974 415 2007 dixit:
435 1973 488 2007 ‘Eris
503 1984 557 2007 cecus
572 1980 590 2007 et
605 1984 642 2006 non
657 1974 739 2006 videbis:
759 1980 778 2006 vt

77 2025 142 2060 melius
152 2026 221 2070 videas,
229 2032 248 2061 et
255 2026 346 2071 intelligas
355 2026 452 2071 quoniam⁰
460 2027 526 2062 durum
535 2026 602 2062 esttibi
611 2031 675 2062 contra
683 2025 777 2061 stimulum
786 2037 805 2069 35

77 2080 181 2114 calcitrare!
204 2080 272 2124 Sicque
288 2079 393 2114 humiliatus
408 2090 453 2122 rex;
470 2079 555 2123 quicquid
567 2080 596 2114 vir
607 2079 637 2114 dei
650 2078 685 2114 sibi
700 2078 779 2114 iniunxit

77 2132 140 2167 sedule
152 2133 252 2178 complens,
264 2133 336 2167 sanitati
348 2133 434 2167 redditur.
480 2125 582 2168 Mulierem
593 2134 686 2177 quandam
698 2133 778 2168 mutam⁷

77 2186 118 2221 data
129 2188 256 2222 benedictione
267 2187 378 2221 dominicam
389 2186 451 2221 dicere
462 2186 563 2221 orationem
575 2187 630 2222 iubet.
654 2187 686 2222 Illa
697 2187 748 2229 dixit,
760 2192 779 2221 et

77 2240 156 2283 populus
171 2241 266 2274 dominum
282 2240 381 2274 benedixit.
426 2232 529 2275 Cuiusdam
544 2241 579 2274 viri
593 2240 660 2274 nobilis
674 2252 722 2274 vxor
736 2251 778 2273 cum

77 2290 211 2327 infirmaretur⁸
222 2294 245 2327 ad
257 2298 341 2334 mortem,
353 2297 427 2336 rogatus
441 2292 541 2326 Malachias
554 2298 573 2326 vt
587 2294 707 2327 descenderet
718 2293 779 2337 prius·
786 2304 807 2334 40

77 2354 132 2386 quam
145 2351 252 2387 moreretur,
265 2346 357 2380 infirmam
372 2346 412 2379 oleo
425 2349 521 2388 uncturus,
530 2345 626 2379 descendit
637 2352 656 2379 et
669 2345 743 2379 intrauit
755 2346 778 2379 ad

77 2406 123 2431 eam.
146 2398 187 2441 Quo
198 2398 238 2432 viso
253 2398 321 2432 exultat
335 2398 371 2440 illa,
383 2408 417 2442 spe
430 2398 494 2431 salutis
509 2398 594 2433 animata.
617 2399 693 2433 Etcum
706 2404 779 2443 pararet

77 2459 118 2484 eam
129 2462 204 2496 ungere,
215 2452 275 2486 visum
289 2457 318 2486 est
330 2452 415 2485 omnibus
431 2451 554 2486 differendum
569 2453 631 2497 potius
645 2463 704 2496 vsque
719 2462 779 2486 mane.

97 2519 131 2550 1Ε.
139 2522 190 2551 saciet.
235 2521 269 2550 ἏΕ.
277 2522 328 2551 deum.
373 2521 483 2558 tatprodidi.
529 2520 638 2552 ⁴Remoliri.
682 2520 779 2551 ⁵om.inT.

76 2557 169 2597 ‘Equam
210 2559 307 2591 ⁷om.inT.
347 2559 478 2591 ‘Rinfirmaret
