1762 2803
130 98 174 146 504
319 84 399 137 mena
414 70 530 145 terente
545 81 638 145 anglic.

128 201 197 249 pariter
208 209 227 239 et
238 205 309 240 animos
320 204 441 239 admiratione
452 205 558 250 suspendit‘,
570 204 665 250 iaculaque
676 205 729 250 quasi
740 205 794 251 ignea
806 206 830 241 de

129 260 168 294 celo
180 259 231 303 lapsa
243 265 276 293 est.
299 259 374 293 Etcum
386 260 409 293 ad
421 259 518 292 eeclesiam
530 269 596 302 corpus
608 264 692 293 sanctum
704 259 803 300 deferrent,
812 266 830 293 et

130 312 238 345 cimiterium
244 312 347 352 lustrarent,
354 312 428 355 signum
436 322 494 355 vsque
502 311 525 344 ad
533 311 600 345 ostium
612 310 689 345 ecclesie
697 317 781 346 secutum
790 317 818 347 est
826 324 830 353 ς

130 371 148 399 et
156 365 228 410 pluuias
236 365 297 399 statim
306 365 408 410 largissime
417 365 476 399 celum
484 364 539 400 dedit.

414 471 429 508 *i
438 470 536 514 (Narratio)
541 470 553 504 ¹.

113 554 122 585 5
153 535 231 585 Legitur
238 540 257 575 in
264 541 301 576 vita
309 540 386 576 Henrici
393 541 508 585 imperatoris
516 542 565 584 quod
573 552 614 575 cum
624 541 664 586 ipse
673 546 690 575 et
700 541 833 586 Radegundis²

129 606 176 630 vxor
184 594 223 628 eius
230 595 312 639 virgines
323 595 397 628 insimul
407 600 544 639 permanerent,
552 594 631 639 dyabolo
642 595 741 639 instigante
753 597 776 630 de
787 606 832 640 quo·

130 650 173 683 dam
186 648 243 681 milite
254 659 331 682 uxorem
347 653 452 692 suspectam
465 648 542 690 habens,
558 657 614 691 super
629 649 730 683 candentes
745 660 832 684 vomeres

130 700 245 746 quindecim³
257 702 311 735 nudis
324 702 403 745 pedibus
418 702 504 735 incedere
520 711 561 735 eam
577 701 624 735 iecit.
648 702 688 743 Qua
701 703 814 735 aseendente
820 703 832 745 ⁴,

130 755 186 789 dixit:
200 753 260 788 ‘Sicut
268 765 298 788 me
306 755 329 787 ab
336 753 417 788 Henrico
426 758 444 787 et
451 754 537 787 omnibus
544 755 630 787 intactam
636 755 709 796 nouisti‚
716 754 746 796 ita,
753 754 832 797 Christe,

104 817 160 841 rome
172 807 247 841 adiuua’
269 806 303 840 Cui
313 817 349 841 vox
362 805 443 850 [dixit]⁵:
461 805 526 850 ‘Virgo
540 805 598 840 Maria
609 811 626 840 te
638 805 727 851 virginem
739 806 833 841 liberabit!

131 861 178 894 Cum
189 858 244 903 igitur
255 859 313 893 Cesar
324 860 398 901 obisset,
406 860 502 892 multitudo
512 860 592 892 maxima
603 860 702 893 demonum
713 864 756 894 ante
767 860 831 894 cellam

131 913 226 948 cuiusdam
235 912 324 946 heremite
333 912 427 946 transibat.
451 911 486 954 Qui
497 917 560 956 aperta
570 912 651 946 fenestra
662 912 782 957 interrogauit
792 913 833 947 vlti-

131 976 188 1007 mum,
200 965 275 1009 quinam
288 971 351 999 essent
365 971 383 999 et
395 977 431 1009 quo
444 971 546 1009 pergerent.
569 965 643 1008 ‘Legio,
655 966 719 1009 inquit,
733 967 832 1000 demonum

132 1029 202 1061 sumus,
210 1018 241 1061 qui
249 1018 272 1051 ad
281 1024 359 1052 mortem
368 1018 441 1051 Cesaris
448 1028 576 1062 properamus,
585 1018 601 1051 si
608 1018 655 1052 forte
663 1017 731 1061 aliquid
738 1019 833 1061 proprium

105 1084 123 1115 15
132 1071 150 1106 in
159 1081 181 1106 eo
189 1069 271 1113 reperire
278 1070 383 1113 possimus!
398 1069 500 1104 Adiuratus
508 1075 569 1104 autem
577 1075 597 1104 vt
604 1071 627 1104 ad
635 1081 656 1104 se
665 1072 733 1113 redeat,
741 1081 833 1113 reuersus,

132 1125 187 1157 dlxit:
206 1123 277 1156 ‘Nichil
288 1123 413 1166 profecimus:
432 1122 474 1165 quia
487 1123 531 1156 dum
543 1122 589 1156 falsa
600 1121 663 1156 vxorIs
674 1122 757 1165 suspitio,
769 1127 787 1156 et
798 1123 834 1156 alia

132 1177 180 1211 bona
195 1179 213 1210 et
228 1174 282 1217 mala,
296 1174 315 1208 in
331 1179 399 1209 statera
414 1174 493 1209 fuissent
508 1175 574 1218 posita,
586 1175 662 1209 adustus
677 1174 708 1209 ille
724 1174 833 1210 Laurentius

132 1229 187 1263 ollam
202 1238 277 1261 auream
292 1227 378 1262 immensi
393 1228 482 1272 ponderis
497 1228 562 1272 attulit,
578 1233 596 1262 et
612 1228 656 1262 dum
672 1238 771 1273 superasse
783 1229 833 1265 vide·

131 1285 202 1325 bamur,
210 1283 241 1316 illa
248 1283 317 1324 iactata,
326 1292 369 1326 pars
376 1282 407 1315 illa
415 1286 482 1316 statere
494 1283 593 1325 plurImum
603 1283 717 1325 ponderauit.
739 1283 791 1316 Tune
799 1293 834 1327 ego

106 1351 125 1372 κο
132 1336 189 1370 iratus
203 1345 259 1368 unam
274 1345 338 1368 aurem
353 1334 389 1368 olle
404 1334 490 1378 prerupi.’
521 1334 582 1368 Ollam
598 1335 672 1368 calicem
687 1336 763 1369 vocabat
778 1346 833 1379 quem

133 1388 191 1423 dictus
203 1387 261 1421 Cesar
272 1387 349 1421 ecclesie
360 1386 461 1421 enistensi⁶
472 1387 573 1421 inhonore
585 1388 643 1421 sancti
655 1387 749 1421 Laurentii
761 1387 835 1429 fecerat,

133 1442 161 1475 cui
169 1445 245 1485 propter
255 1441 400 1483 magnitudinem
410 1441 446 1473 due
454 1449 508 1473 aures
520 1439 598 1473 inerant.
626 1440 766 1483 Repertumque
774 1444 808 1483 est,
816 1445 835 1474 et

94 1508 95 1511 ¹
133 1494 263 1538 imperatorem
272 1496 315 1526 tunc
323 1492 390 1534 obisse,
399 1497 416 1526 et
424 1502 480 1526 vnam
487 1501 550 1525 aurem
559 1491 620 1526 calicis
626 1492 702 1525 fractam
711 1503 759 1526 esse.

252 1610 267 1647 ἹῙ
276 1602 309 1645 DE
317 1619 387 1644 sancto
396 1602 492 1644 GUNDLEO
500 1620 548 1644 REGE
556 1620 579 1644 ET
586 1609 720 1644 CONFESSORE7.

137 1684 240 1764 SAnctus
252 1683 302 1718 enim
313 1683 408 1718 Gundleus
418 1683 467 1718 filius
478 1685 526 1728 regis
537 1684 651 1719 Australium
660 1684 756 1719 Britonum
764 1685 835 1720 extitit:

108 1750 126 1780 ³5
190 1741 257 1780 etpost
265 1741 343 1770 mortem
354 1736 417 1780 patris,
425 1746 482 1780 regno
493 1736 512 1770 in
523 1742 595 1781 septem
606 1741 668 1781 partes
679 1737 743 1779 diuiso,
752 1747 786 1771 sex
796 1738 836 1772 eius

135 1791 201 1825 fratres
212 1790 306 1833 portiones
318 1800 361 1822 suas
372 1794 487 1833 acceperunt,
500 1795 518 1823 et
529 1790 565 1833 ipsi
577 1789 629 1833 quasi
640 1789 708 1824 seniori
720 1790 738 1823 in
751 1790 836 1824 omnibus

135 1843 223 1887 parebant
229 1842 240 1876 ⁸.
264 1842 359 1877 Gundleus
370 1853 415 1875 vero
426 1853 450 1875 ex
461 1853 518 1876 vxore
530 1853 564 1876 sua
576 1842 681 1876 Guladusa⁹
693 1842 751 1876 filium
763 1853 816 1876 suum
823 1843 836 1863 ¹⁰

136 1895 211 1930 nomine
223 1895 316 1929 Cadoeum
329 1895 398 1937 genuit,
409 1894 470 1929 virum
483 1900 566 1928 sanctum
580 1900 598 1928 et
612 1896 647 1928 deo
659 1895 766 1938 placcutem.
790 1896 836 1929 Cum

137 1949 186 1983 enim
201 1952 254 1981 nocte
269 1947 348 1990 quadam
364 1945 399 1980 in¹¹
414 1947 495 1981 thalamo
515 1946 622 1991 sopirent¹²‚
639 1958 676 1981 vox
695 1947 778 1992 angelica
795 1946 837 1982 illos

109 2016 128 2045 30
136 2001 233 2045 alloquitur
243 1999 318 2034 dicens:
331 2000 336 2016 ¹
342 1999 384 2033 Rex
394 2000 473 2043 celestis,
484 2005 544 2033 rector
556 2001 677 2047 terrestrium,
688 2000 724 2034 huc
738 2010 768 2034 me
781 2001 837 2043 misit,

137 2060 156 2090 vt
165 2051 381 2096 conuert[er]emini¹³ex
388 2053 486 2087 totocorde
494 2058 555 2087 vestro
563 2054 586 2087 ad
594 2064 648 2087 suum
656 2052 783 2088 ministerium.
798 2054 837 2089 Vos

136 2106 226 2143 inuocat¹⁴
237 2112 256 2140 et
267 2105 337 2147 inuitat,
348 2117 382 2140 vos
394 2107 449 2149 elegit
462 2112 480 2141 et
492 2108 570 2140 redemit
583 2107 685 2141 ascendens
698 2108 717 2140 in
729 2108 837 2151 patibulum.

137 2161 239 2196 Ostendam
251 2159 303 2194 vobis
316 2165 386 2195 rectum
400 2161 491 2194 tramitem
503 2171 558 2204 quem
569 2165 634 2194 tenere
645 2160 716 2194 debetis
728 2161 751 2194 ad
765 2161 838 2195 heredi-

136 2219 193 2248 tatem
205 2212 244 2254 dei;
257 2212 320 2256 erigite
333 2218 405 2247 mentes
418 2218 495 2254 vestras,
507 2218 525 2246 et
536 2223 570 2256 pro
581 2213 655 2246 caducis
666 2223 690 2246 ne
702 2215 838 2256 contempnetis

156 2298 162 2315 ¹
173 2297 214 2326 Titie
221 2296 237 2325 in
245 2295 272 2326 ΕΛ
283 2295 376 2325 Vincentius
383 2295 399 2325 in
408 2295 481 2333 Speculo.
496 2296 530 2325 The
538 2295 583 2325 Narr,
589 2296 606 2334 is,
614 2295 695 2332 however,
701 2295 747 2324 taken
753 2295 793 2325 from
799 2296 838 2334 Leg.

137 2338 194 2373 Aurea,
203 2345 218 2374 p.
226 2343 261 2373 495.
301 2335 479 2373 ²L.A.Kuneguntlis.
520 2335 677 2372 ³L.A.xvpedum.
723 2335 838 2366 ⁴E.ascende.

137 2378 143 2396 ⁵
152 2387 182 2407 om.
190 2376 207 2405 in
214 2376 232 2405 Ε.
273 2373 279 2391 ⁶
290 2375 307 2404 L.
315 2375 334 2405 A.
341 2375 440 2413 Aystetensi.
473 2374 478 2393 ⁷
490 2374 518 2405 Ed.
526 2375 542 2404 in
550 2375 584 2405 Aet.
593 2375 621 2405 SS.
631 2375 672 2406 Boll.
680 2375 735 2405 March
742 2375 770 2405 ΙΙΙ.
779 2386 796 2414 p.
803 2378 838 2414 781,

137 2418 176 2447 from
187 2426 196 2445 a
207 2416 241 2445 MS.
249 2415 290 2445 Rub.
297 2415 337 2445 Vall.
345 2421 361 2445 et
371 2416 389 2445 E.
409 2416 444 2445 The
456 2417 494 2452 orig.
501 2415 538 2444 Vita
548 2415 565 2444 in
576 2415 609 2445 MS.
620 2415 669 2452 Vesp.
680 2415 700 2444 A.
709 2415 752 2445 XIV.
761 2416 774 2444 is
784 2416 809 2446 ed.
822 2417 838 2445 in

138 2457 186 2486 Rees.
237 2455 271 2485 ΕΕ,
279 2456 369 2492 parcebant.
414 2455 555 2485 ”Boltffladusa
603 2454 680 2485 ¹⁰om.in
688 2454 729 2484 Boll.
780 2455 839 2485 ¹¹E.T.

138 2496 174 2525 dum
181 2496 202 2526 in.
260 2493 271 2512 ¹²
282 2494 322 2525 Boll.
330 2495 425 2532 sopirentur.
487 2494 499 2512 ¹³
509 2494 526 2525 T.
535 2495 675 2530 conuerteremiuh
687 2494 705 2526 E.
714 2496 839 2533 conuertemini3

138 2536 178 2569 Boll.
186 2534 304 2565 convertamini.
345 2535 356 2552 n
366 2535 407 2566 Boii,
417 2538 467 2565 vocat.
