1762 2803
249 111 539 169 Bttmotuttitissmo.
708 127 750 170 107

49 233 118 268 cultura
123 234 177 269 vinee
185 234 268 279 reperiri.
291 234 337 268 Inde
344 244 388 268 vero
396 233 476 277 rediens,
484 236 533 279 apud
541 233 664 268 lixmensem¹
672 233 751 268 insulam

49 296 70 320 se
78 287 208 322 monachorum
216 287 264 322 cetui
272 286 372 330 coniunxit,
380 292 475 322 tonsuram
484 287 565 332 accepit3
576 287 607 321 vbi
615 298 650 330 per
656 287 751 321 biennium

49 340 157 383 regulariter
164 340 262 383 institutus,
269 341 291 374 ad
300 339 363 374 limina
370 345 475 376 sanctorum
483 341 608 385 apostolorum
616 339 665 374 Petri
673 346 691 374 et
700 339 751 374 Pauli

49 392 115 427 iterum
127 394 227 437 repedauit.
250 395 291 437 Quo
304 399 388 438 tempore
401 405 442 429 curn
454 405 503 439 papa
518 394 620 428 Vitalianus
633 393 751 427 Theodorum

48 447 195 481 cantuariensem
204 447 362 491 archiepiscopum
374 447 393 480 in
405 447 518 482 Britanniam
528 446 632 489 destinauit,
644 446 685 491 ipse
696 445 769 491 simul5

48 499 155 542 adueniens,
163 501 229 534 multas
237 511 300 535 secum
309 505 413 535 sanctorum
422 500 507 544 reliquias
515 500 620 545 reportauit.
643 500 678 542 Qui
687 505 751 545 postea

49 552 88 596 regi
95 553 304 588 Northamhumbrorum
311 553 387 598 ngrido
395 553 508 595 coniunctus,
514 553 610 588 confestim
617 553 634 587 ei
642 564 676 588 rex
682 559 751 588 terram

49 606 78 638 lx.
89 606 197 640 familiarum
206 607 229 640 ad
240 607 383 640 construendum
395 606 520 651 apostolorum
532 606 611 651 principi
622 606 677 640 Petro
689 616 751 640 mona-

49 658 124 692 sterium
131 658 211 700 contulit,
216 660 239 693 ad
247 659 326 692 hostium
332 658 389 692 Were
397 658 483 701 fluminis¹
491 669 540 693 anno
548 659 606 702 gratie
613 658 750 693 sexcentesimo

49 710 126 751 lxxma,
134 710 232 744 indictione
240 711 326 744 secunda
349 711 387 744 Sed
397 717 415 744 et
426 710 474 744 aliud
484 711 620 752 monasterium,
628 713 651 745 ad
661 711 750 744 honorem
760 723 779 744 ro

49 762 129 796 doctoris
137 762 219 807 gentium
228 762 284 805 Pauli,
292 763 311 796 in
318 762 394 797 Girum²
401 773 438 797 non
448 763 503 806 longe
510 763 534 796 ab
541 762 599 797 altero
607 762 706 802 fabricauit,
714 768 732 797 et
740 773 751 797 a

49 825 93 858 rege
101 816 171 859 prefato
178 815 248 860 prediis
256 815 285 850 ,xl
293 815 409 849 famuliarum
416 815 502 858 acceptis,
509 815 633 862 multipliciter
641 815 685 849 illud
693 815 751 850 ditare

49 867 124 901 curauit.
148 868 188 901 Hec
196 873 257 901 autem
264 867 375 901 monasteria
383 866 474 910 religiosis
482 867 561 910 implens
570 867 669 906 monachis,
678 867 751 901 Ceolfri-

49 920 93 955 dum
101 919 120 954 in
127 931 169 962 vno,
178 919 328 964 East[er]winu1n
337 918 356 953 in
364 918 422 953 altero
429 918 534 962 prepositos
545 918 641 954 ordinauit.
664 919 700 953 llic
710 919 752 953 ideo

49 972 91 1008 fecit
104 979 123 1008 vt
136 973 204 1008 tamin
217 973 257 1008 eius
270 973 353 1008 absentia
366 983 421 1017 quarn
434 972 453 1007 in
467 973 561 1017 presentia
574 973 664 1017 regularis
677 985 752 1018 semper
762 987 780 1017 ¹5

50 1026 131 1060 custodia
139 1032 249 1061 seruaretur.
269 1025 318 1060 Huic
326 1026 406 1069 denique
415 1025 483 1060 famulo
491 1026 521 1060 dei
529 1025 630 1061 Benedicto
638 1027 688 1061 Beda
696 1038 752 1061 vene·

49 1079 111 1113 rabilis
116 1085 135 1113 et
140 1079 311 1122 doctorAnglorum
317 1078 515 1120 traditurnutriendus,
520 1079 554 1113 sub
560 1089 596 1124 quo
601 1084 619 1113 et
625 1079 662 1123 [ad]
668 1079 752 1113 ordinem

49 1132 149 1165 sacerdotis
157 1132 224 1176 legitur
231 1132 288 1165 fuisse
296 1137 397 1175 promotus.
420 1131 523 1175 Quinquies
533 1131 613 1166 Romam
624 1132 694 1175 petisse
701 1143 752 1166 asse-

50 1184 100 1227 ritur,
118 1184 149 1228 qui
165 1195 240 1229 semper
258 1184 332 1218 rediens
350 1182 454 1218 diuinorum
471 1184 592 1227 locupletatus
608 1186 752 1226 commodorum,

50 1237 141 1271 subiectos
151 1237 248 1271 instituere
256 1247 312 1280 opere
320 1235 388 1279 pariter
396 1241 413 1269 et
424 1236 511 1280 exemplo
519 1236 594 1270 curauit.
616 1236 700 1270 Tandem
709 1242 752 1281 post
761 1250 780 1272 ιο

49 1289 105 1323 vitam
117 1289 226 1323 laudabilem
235 1289 293 1323 victor
302 1288 388 1322 vitiorum
399 1288 516 1330 Benedictus,
524 1288 620 1323 confessor
628 1289 697 1323 Christi
707 1290 751 1334 piis-

50 1342 113 1383 simus,
121 1342 181 1377 carnis
189 1341 295 1377 infirmitate
302 1340 367 1382 victus,
375 1339 434 1385 pridie
441 1340 483 1375 idus
492 1341 569 1376 ianuarii
577 1341 662 1385 spiritum
673 1342 752 1377 reddidit

50 1396 132 1430 creatori.
155 1396 247 1430 Successit
259 1395 276 1428 ei
287 1394 306 1428 in
317 1403 374 1428 onere
385 1398 403 1428 et
413 1394 432 1428 in
442 1394 512 1428 honore
519 1394 548 1429 vir
558 1400 633 1428 sanctus
642 1399 661 1429 et
669 1394 752 1429 eiusdem

50 1447 150 1493 discipulus
162 1447 287 1492 Ceo[l]fridus,
296 1447 331 1481 sub
343 1458 379 1490 quo
389 1446 440 1481 Beda
452 1446 520 1481 Christi
531 1446 610 1481 famulus
622 1448 645 1481 ad
656 1448 752 1483 vtilitatem

49 1501 159 1537 uniuersalis
170 1501 248 1537 ecclesie
258 1501 281 1536 de
293 1500 389 1545 scripturis
400 1500 470 1535 sanctis
481 1500 562 1535 laborem
574 1499 679 1536 inchoatum
691 1501 752 1537 lauda·
762 1515 780 1544 ²5

49 1555 110 1589 biliter
118 1555 230 1599 adimpleuit.

123 1668 138 1705 fl
149 1659 193 1701 ³De
204 1676 317 1700 vruaansrtr
330 1658 387 1701 Bana
398 1676 514 1701 enusurrrno
526 1667 556 1711 [ar
567 1666 677 1710 noeroas⁴].

87 1740 127 1774 Eda
141 1738 252 1774 venerabilis
268 1739 366 1783 presbiter,
383 1738 402 1774 in
417 1738 509 1774 territorio
527 1740 619 1784 girwensi,
634 1750 671 1775 non
687 1739 752 1785 grandi

108 1793 197 1828 oriundus
212 1793 245 1827 fuit
258 1793 323 1835 viculo,
339 1803 394 1836 quern
409 1803 447 1827 non
462 1793 517 1836 longe
531 1793 575 1828 inde
590 1793 677 1837 lapsurus
690 1793 709 1827 in
724 1805 753 1827 oc·

49 1845 377 1889 ceanumampnisTynapreterfluit.
393 1846 517 1880 Annoautem
523 1845 614 1879 dominice
622 1845 753 1880 incarnationis

50 1898 185 1932 sexcentesimo
196 1897 419 1942 septuagesimoseptimo,
429 1903 447 1932 et
458 1909 469 1932 a
480 1898 587 1933 fundatione
598 1898 705 1932 monasterii
716 1898 753 1943 gir·
761 1912 781 1942 30

49 1950 118 1985 wensis
130 1957 199 1994 quarto,
211 1951 265 1985 etatis
276 1961 321 1985 vero
334 1961 367 1985 sue
380 1961 429 1985 anno
442 1951 526 1995 septimo,
539 1950 594 1985 cural
607 1950 753 1996 propinquorum

50 2004 102 2036 datus
116 2008 144 2036 est
157 2013 203 2046 puer
217 2002 268 2037 Beda
281 2003 388 2037 educandus
401 2004 568 2039 reuerendissimo⁸
580 2004 641 2038 abbati
653 2003 754 2038 Benedieto

50 2056 159 2099 cognomine
173 2055 240 2098 Biscop
252 2056 272 2089 in
283 2056 395 2091 monasterio
407 2057 532 2101 apostolorum
544 2057 594 2092 Petri
606 2061 623 2092 et
636 2057 693 2100 Pauli,
705 2058 753 2102 quod

50 2114 78 2143 est
84 2109 103 2142 in
108 2108 226 2142 Wiremutha
232 2113 250 2141 et
256 2108 275 2142 in
283 2108 352 2143 Girwin
357 2109 370 2150 ⁷,
375 2110 424 2153 quod
430 2111 485 2145 modo
492 2109 551 2144 larwe
557 2109 661 2155 appellatur
666 2111 753 2154 3-primo

50 2162 125 2206 quidem
136 2162 155 2194 in
167 2160 278 2194 monasterio
289 2162 338 2195 beati
349 2161 410 2203 Petri;
425 2163 543 2207 postmodum
554 2173 599 2197 vero
610 2163 630 2196 in
641 2162 753 2196 monasterio
763 2173 781 2202 ³5

50 2214 127 2260 apostoli
136 2213 186 2249 Pauli
195 2219 234 2248 etas
241 2213 330 2249 infantilis
337 2215 372 2249 sub
380 2215 477 2259 discipline
485 2216 542 2250 frenis
550 2216 642 2250 educatur.
659 2215 753 2250 Monaste·

50 2269 98 2302 rium
106 2278 150 2301 vero
161 2268 257 2312 ghwense,
266 2267 315 2310 quod
326 2268 381 2302 modo
394 2268 453 2303 larwe
464 2279 475 2302 a
485 2268 541 2313 vulgo
550 2268 620 2308 dicitur,
628 2274 753 2303 constructum

50 2321 120 2356 eratin
133 2321 203 2356 honore
216 2320 266 2356 beati
279 2320 330 2355 Pauli
343 2320 427 2364 apostoli,
440 2332 497 2365 super
511 2321 584 2366 Tynam
597 2321 674 2355 fluuium
686 2333 754 2356 versus

50 2380 145 2416 austrum;
161 2376 293 2410 monasterium
307 2373 327 2409 in
340 2373 462 2409 Weremutha
477 2374 581 2409 edificatum
597 2379 635 2409 erat
650 2373 753 2411 inhonore

71 2449 77 2466 ¹
86 2458 98 2479 r.
105 2448 206 2484 lirinensem
216 2458 238 2479 sc.
246 2449 311 2479 Lerines
318 2448 334 2478 in
342 2448 428 2478 Provence.
484 2447 491 2465 ²
501 2448 520 2477 al.
528 2447 583 2478 Girwi.
640 2450 647 2468 ³
656 2449 692 2480 Thc
699 2453 734 2480 text
741 2450 754 2480 is

51 2489 97 2518 made
104 2498 125 2526 up
132 2489 173 2518 from
180 2489 242 2519 notices
249 2489 265 2518 in
273 2489 318 2519 Bede
325 2489 346 2518 li.
354 2489 372 2518 E.
378 2488 398 2523 V,
405 2492 421 2517 at
431 2488 459 2518 the
466 2489 503 2523 end,
510 2488 538 2525 IV,
546 2497 580 2524 1-2,
587 2488 632 2519 Will.
640 2488 657 2519 of
666 2489 754 2525 hlalmeab„

51 2529 116 2559 Simeon
124 2529 143 2558 of
148 2528 223 2564 Durham,
232 2531 270 2564 &c.;
280 2529 299 2559 ef.
306 2529 341 2558 Act.
350 2528 379 2558 SS,
388 2527 429 2557 Boll.
437 2528 474 2565 lilay
481 2527 508 2563 Vl,
516 2537 531 2566 p.
540 2537 573 2565 '12¹-
636 2527 642 2547 ⁴
652 2530 704 2560 added
711 2530 727 2560 in
734 2529 753 2561 ΤΔ

50 2568 56 2585 ⁵
67 2568 85 2599 E.
96 2578 137 2598 cure.
197 2568 203 2586 ⁶
213 2568 232 2598 T.
239 2569 372 2599 reuerentissimo.
431 2567 438 2585 ἵ
449 2568 469 2598 nl.
476 2568 567 2605 ingyrvum.
