1762 2803
154 124 213 188 384¹
345 125 424 177 sacua
440 122 556 185 litatum
572 124 664 187 aucte.

153 244 230 280 effectus
238 251 271 280 est.
316 239 403 290 Cumque
412 246 446 281 iter
453 259 519 282 versus
528 248 606 281 Romam
614 260 648 291 pro
656 247 711 291 pallio
719 248 804 282 habendo
812 248 857 282 arri-

154 303 212 342 peret,
230 304 248 332 et
266 300 358 342 quoddam
379 300 464 342 opidum¹
483 300 587 344 hospitandi
605 301 663 344 gratia
682 302 764 342 intraret,
783 301 857 344 opidani

154 351 248 386 hominem
255 351 367 396 incognitum
374 351 463 395 videntes,
471 358 490 387 et
497 354 572 387 auaritie
580 353 702 395 consulentes,
709 354 783 387 domum
791 354 857 388 irrum-

155 410 206 448 punt,
214 415 244 438 res
254 415 297 438 suas
307 405 399 448 diripiunt,
407 410 425 438 et
432 407 541 439 verberibus
550 406 611 449 ipsum
621 406 672 439 exire
684 407 800 449 compellunt.
824 406 857 440 ille

138 462 216 496 5autem
229 467 272 490 suas
287 457 361 491 iniurias
374 457 450 492 leuiter²
461 458 528 499 ferens,
539 459 569 493 via
580 469 616 502 qua
626 460 677 493 venit
688 460 796 502 regreditur.
819 459 858 493 Nee

155 520 212 552 mora,
220 520 277 544 vorax
287 510 361 544 flamma
372 510 446 554 opidum
457 522 566 546 consumere
576 513 629 555 cepit.
653 511 735 555 Cumque
746 511 794 555 ignis
801 511 858 546 vehe-

156 568 228 597 menter
236 569 357 606 excresceret‚
366 575 400 598 nec
407 565 498 598 euadendi
506 575 549 608 spes
559 565 619 608 aliqua
628 564 697 607 fuisset,
705 565 765 599 virum
774 571 857 599 sanctum

156 617 229 658 adeunt,
247 617 326 650 latentur
342 617 433 660 delictum,
448 623 466 651 et
483 618 555 652 veniam
573 623 644 662 petunt.
667 618 712 652 Mox
730 624 805 653 sanetus
822 618 858 653 illis

156 669 274 712 compatiens,
280 681 346 713 preces
354 671 378 704 ad
386 671 441 704 deum
449 671 505 705 fudit:
518 677 536 705 et
544 671 591 715 ignis
599 672 683 705 molestia
689 671 773 715 protinus
779 671 858 705 extincta

130 732 148 753 10
156 722 239 757 cessauit.
262 723 359 756 Restitutis
371 733 414 766 ergo
427 724 513 766 episcopo
526 725 581 757 rebus
597 723 645 765 suis;
661 729 773 766 acceptoque
786 734 797 757 a
810 734 858 767 papa

156 774 216 818 pallio,
225 776 299 809 domum
307 786 396 818 prospere
404 776 511 818 regreditur.
534 776 623 810 Pudicitie
631 775 688 810 virtus
698 781 768 810 tantum
777 776 858 810 domina-

156 830 209 862 batur
220 827 238 861 in
250 840 278 868 ec,
289 834 308 862 vt
320 840 375 862 nemo
386 828 405 862 in
417 829 508 863 audientia
519 829 567 863 illius
579 829 669 862 obcenum
680 830 757 863 verbum
770 828 859 873 proferre,

156 892 191 916 nec
200 887 253 926 turpe
263 882 330 915 factum
340 883 416 916 auderet
424 882 492 916 referre
497 882 508 916 ⁵.
532 883 575 916 Erat
583 882 633 915 enim
640 892 743 926 pauperum
751 882 858 922 consolator,

157 946 288 980 oppressorum
296 935 403 978 releuator⁴‚
411 935 484 970 unicum
492 935 563 970 afflictis
571 935 666 980 refugium.
711 929 750 970 Per
757 936 806 969 idem
814 946 858 979 quo-

132 999 149 1030 ¹5
158 1001 193 1034 que
201 995 274 1033 tempus
281 990 359 1023 Swanus
368 994 386 1024 et
392 990 484 1024 Turkillus
492 990 586 1023 Danorum
594 989 687 1033 principes
695 989 801 1023 nonnullam
810 993 859 1023 terre

157 1043 260 1086 Anglorum
270 1043 364 1083 maculam,
375 1042 490 1086 exigentibus
501 1053 564 1076 eorum
575 1042 658 1086 peccatis,
668 1042 779 1083 intulerunt3
791 1042 859 1076 Swano

157 1102 219 1130 tamen
237 1096 342 1129 terribiliter
358 1096 444 1129 diuinitus
463 1096 527 1137 occiso,
543 1096 636 1129 Turkillus
655 1095 734 1138 maligne
753 1095 859 1129 hereditatis

158 1149 279 1193 principatum
296 1148 376 1190 sortitus,
391 1149 457 1182 multas
472 1149 539 1192 Anglie
556 1148 659 1192 prouincias
677 1149 722 1183 cede
739 1153 758 1182 et
774 1148 859 1182 incendio

157 1202 245 1237 vastabat.
269 1202 311 1235 Rex
324 1212 403 1245 namque
417 1201 527 1235 Ethelredns
538 1201 617 1235 imbellis
629 1201 672 1245 quia
684 1201 785 1241 imbecillis,
797 1212 860 1234 mona-

131 1269 150 1290 20
158 1257 213 1289 chum
228 1257 289 1298 potius
308 1265 363 1298 quam
381 1255 457 1288 militem
476 1254 546 1288 actione
562 1254 695 1297 pretendebat,
714 1253 799 1287 homines
815 1265 860 1288 vero

158 1307 237 1350 regionis
245 1307 312 1341 diuitiis
320 1307 404 1350 corrupti,
412 1307 535 1350 voluptatibus
545 1306 623 1350 obligati,
633 1305 679 1340 nec⁶
690 1305 787 1350 quicquam
798 1312 860 1349 preter

158 1361 244 1405 eorporis,
253 1366 271 1394 et
282 1361 374 1404 singulare
386 1365 404 1394 et
416 1361 513 1404 priuatum,
522 1359 654 1403 comlm]odum
662 1359 759 1392 honestum
767 1359 861 1403 putabant.

159 1416 223 1457 ltaque
231 1415 308 1457 quisque
316 1416 360 1448 dum
370 1414 405 1448 sibi
413 1419 431 1447 et
438 1415 493 1448 rebus
501 1414 540 1447 suis
548 1414 605 1454 timet,
614 1423 678 1447 omnes
689 1418 793 1456 temperant
802 1413 860 1453 bello;

159 1479 213 1502 nemo
225 1479 258 1511 pro
270 1478 325 1501 causa
336 1467 417 1501 omnium
430 1472 524 1500 certamen
535 1465 616 1510 experiri
627 1465 737 1510 temptabat,
751 1476 793 1499 cum
805 1476 827 1499 ea
838 1466 861 1499 de

133 1532 151 1562 ²5
160 1521 225 1555 causae
237 1522 344 1554 certandum
355 1525 410 1561 esset,
423 1525 441 1553 vt
453 1520 501 1563 quod
513 1520 590 1562 quisque
601 1530 655 1553 suum
667 1530 709 1552 esse
720 1519 781 1560 vellet,
792 1529 826 1562 pro
839 1529 861 1552 eo

160 1584 215 1617 quam
234 1573 342 1616 splendide⁷
360 1578 455 1616 pugnaret.
482 1572 504 1605 In
525 1577 575 1605 tanto
596 1572 649 1615 igitur
669 1582 731 1605 rerum
750 1571 861 1613 discrimine,

161 1625 255 1668 Elpbegus
263 1626 326 1658 hostes
335 1625 385 1658 adire
394 1625 463 1658 solebat
471 1629 489 1658 et
496 1624 574 1658 verbum
581 1624 618 1657 vite
626 1625 652 1657 eis
661 1623 772 1667 predicabat,
780 1623 862 1667 captiuos

160 1680 202 1713 dato
216 1677 277 1722 precio
291 1677 397 1720 redimebat,
409 1682 427 1710 et
440 1688 487 1721 quos
499 1677 557 1710 fames
570 1676 690 1720 opprimebat,
704 1676 785 1710 studiose
798 1676 862 1710 alebat.

160 1731 214 1765 Vnde
226 1736 313 1775 quantum
324 1741 335 1764 a
346 1731 395 1764 fideli
407 1731 474 1774 populo
486 1730 578 1764 colebatur
589 1735 607 1763 et
620 1730 745 1770 venerabatur,
757 1735 827 1763 tantum
839 1730 862 1763 ab

133 1796 153 1825 30
160 1785 229 1820 infideli
238 1785 401 1828 contempnebatur
408 1788 426 1818 et
434 1783 555 1818 deridebatur.
578 1783 615 1818 Sed
624 1783 689 1817 beatus
698 1782 732 1824 ille,
741 1783 812 1817 malens
820 1793 862 1817 cum

161 1839 234 1873 domino
250 1838 348 1879 Belzebub,
362 1849 417 1881 quam
432 1848 473 1872 cum
489 1837 574 1881 phariseo
590 1836 641 1870 rabbi
658 1837 723 1877 vocari,
738 1847 775 1870 non
794 1837 863 1870 destitit

161 1891 212 1935 operi
225 1892 298 1935 incepto
311 1901 386 1935 operam
398 1891 447 1933 dare,
459 1890 524 1924 fideles
539 1890 558 1924 in
571 1890 608 1934 fide
622 1889 730 1931 confortare,
741 1889 825 1923 infideles
839 1889 862 1923 ad

161 1946 217 1980 fidem
225 1955 296 1980 vocare.
342 1937 443 1989 Quendam
454 1955 534 1987 namque
546 1943 632 1978 Edrieum
644 1954 677 1977 rex
689 1942 744 1977 totius
756 1942 807 1986 regni
821 1954 863 1986 pre·

161 1999 228 2032 fectum
243 2003 335 2036 statuerat,
348 1998 441 2031 hominem
455 1997 518 2030 humili
533 1996 608 2040 quidem
623 2006 696 2039 genere,
710 1996 743 2029 sed
758 1995 787 2029 cui
802 1996 863 2039 lingua

134 2057 153 2089 35
162 2050 234 2083 diuitias
249 2060 269 2083 ac
285 2049 396 2082 nobilitatem
413 2053 561 2092 comparauerat,
581 2048 676 2081 callentem
692 2047 772 2091 ingenio,
787 2057 863 2081 suauem

137 2096 139 2100 ’
162 2103 239 2145 eloquio,
255 2106 272 2135 et
289 2102 320 2145 qui
336 2111 401 2135 omnes
417 2101 504 2135 mortales
520 2105 560 2134 tum
575 2099 643 2134 inuidia
658 2104 712 2143 atque
727 2099 809 2143 perfidia,
824 2104 863 2134 tum

162 2154 248 2198 superbia
263 2160 281 2187 et
296 2153 402 2187 crudelitate
416 2158 539 2196 superauerat.
563 2152 624 2185 Huius
639 2152 693 2194 igitur
708 2152 789 2193 fratrem,
804 2153 864 2195 primo

163 2206 252 2242 nobilitati
265 2206 405 2241 Cantuariorum
420 2206 439 2239 in
454 2205 546 2250 presentia
561 2205 610 2248 regis
625 2205 703 2248 gratuito
718 2206 863 2244 maledicentem,

162 2261 228 2296 deinde
236 2272 258 2294 ea
266 2272 302 2304 que
309 2260 406 2304 unicuique
415 2271 438 2293 ex
446 2259 546 2293 hereditate
555 2257 776 2302 prouenissent,violenta
783 2258 864 2292 domina-

134 2324 155 2355 40
163 2316 212 2349 tione
221 2314 345 2356 inuadentem,
353 2314 418 2346 eadem
430 2312 514 2345 nobilitas
523 2311 619 2354 interfecit,
627 2312 708 2355 edesque
716 2312 755 2345 eius
765 2311 864 2345 succendit.

163 2367 219 2403 Cuius
232 2367 306 2401 sratera
319 2377 362 2410 rege
374 2365 461 2400 vltionem
476 2364 565 2409 postulat,
581 2365 660 2408 denegat
673 2374 707 2398 rex
718 2364 813 2408 postulata,
825 2364 865 2397 iure

162 2422 237 2456 fratrem
255 2420 295 2454 eius
313 2424 431 2463 peremptum
449 2418 559 2462 pronuntiat.
586 2418 680 2451 Presectus
698 2417 759 2461 itaque
777 2417 865 2461 palatium

163 2474 266 2517 egreditur;
281 2472 347 2506 iunctis
361 2483 424 2506 secum
437 2472 501 2512 decem
514 2470 587 2505 milibus
598 2469 685 2512 virorum,
696 2469 771 2504 fratrem
784 2469 864 2504 occisum

183 2537 216 2567 ιΤ,
224 2537 287 2574 opidum
295 2537 378 2574 quoddam.
418 2534 452 2565 ΙΕ.
460 2535 521 2564 leniter.
561 2533 790 2564 ³Boll.nedum...efserre.
831 2533 865 2563 1Ε.

164 2577 246 2607 reuelator.
287 2576 397 2606 ³Boll.lraud.
438 2574 607 2611 ¹‘Bolhearemagis
647 2573 821 2611 ladsplendidissime.
