1762 2803
267 138 313 194 bt
328 136 428 190 aaran
443 138 590 193 barbanu.
736 139 778 194 285

78 258 128 293 tione
135 258 154 292 in
162 258 213 293 illum
220 259 279 301 torsit,
287 265 305 293 et
312 259 347 293 ait:
360 259 397 293 ‘Tu
405 258 496 303 pontificis
506 268 581 293 manum
592 258 650 292 audes
660 263 741 301 tangere,
749 256 780 300 qui

78 312 168 356 virginem
174 312 246 347 deitatis
254 322 331 346 munere
339 312 428 347 arratam¹
437 323 474 346 non
480 312 555 347 timuisti
563 311 670 356 preripere?
688 310 780 354 Sponsam

79 366 178 400 conditoris
193 366 219 401 tui
232 365 348 401 adulterasti:
366 371 384 401 et
398 365 477 400 amicum
492 366 556 411 sponsi
571 365 632 410 aliquo
647 370 679 400 tuo
693 362 781 407 obsequio

78 418 173 454 existimas
184 431 240 464 posse
252 418 331 464 placari?
354 418 401 453 Nolo
413 418 482 453 amicus
493 430 535 455 esse
547 420 575 455 cui
587 418 671 454 Christus
682 417 736 452 fuerit
747 416 781 450 ini-

78 473 147 508 micus!
169 473 252 508 Territus
269 484 313 518 ergo
328 474 427 508 verborum
441 473 521 508 tonitruo
536 485 575 516 rex,
591 472 670 517 pedibus
689 470 798 509 Dunstani5

78 526 206 570 prosternitur,
222 527 283 561 scelus
298 526 383 561 flebiliter
400 526 471 568 fatetur,
489 526 562 561 veniam
581 525 674 560 humiliter
690 530 781 568 precatur.

79 579 133 621 Quod
148 584 168 613 vt
182 578 227 614 vidit
245 578 334 624 pontifex,
352 579 432 624 expauit,
449 579 581 624 perfusumque
600 588 663 623 regem
682 576 781 618 lachrimis,

79 632 173 666 lachrimis
186 638 204 666 et
217 632 258 676 ipse
271 633 354 674 madens,
366 634 389 666 de
402 638 451 667 terra
464 633 536 667 leuauit.
560 632 645 676 Denique
658 643 699 667 cum
710 630 781 675 magni-

79 685 161 719 tudinem
174 686 245 729 peccati
256 685 378 730 exposuisset,
390 691 408 720 et
420 691 505 730 paratum
516 686 567 720 illum
578 686 601 720 ad
613 696 687 720 omnem
699 684 781 718 satisfac-

79 737 148 772 tionem
156 739 272 781 reddidisset,
280 744 389 783 septennem
399 738 416 774 ei
426 739 546 783 penitentiam
556 738 632 772 indixit:
643 743 663 772 vt
670 738 689 771 in
697 742 735 771 toto
746 737 781 770 hoc
790 748 810 769 ιο

79 791 142 836 spacio
150 802 236 827 coronam
244 792 296 836 regni
303 802 339 826 non
346 797 432 837 gestaret,
438 791 525 827 ieiunium
531 793 550 826 in
558 792 674 826 hebdomada
681 791 781 825 biduanum

79 844 194 888 transigeret,
209 845 306 879 thesauros
321 855 366 879 suos
382 845 496 889 pauperibus
515 845 565 889 large
581 844 706 888 dispergeret;
725 853 783 887 super

80 898 114 932 hec
124 899 219 933 sacrandis
229 900 264 933 deo
277 898 379 941 virginibus
391 897 522 933 monasterium
535 896 624 942 Septonie
636 896 726 936 fundaret,
738 906 782 940 qua-

80 951 129 984 tinus
137 951 168 994 qui
175 962 231 985 vnam
238 962 273 995 per
281 956 377 994 peccatum
388 952 423 985 deo
430 950 521 994 virginem
531 950 641 991 abstulisset,
649 950 713 993 plures
722 948 739 982 ei
749 958 783 992 per

79 1004 132 1048 plura
146 1003 203 1037 seculi
215 1003 309 1038 volumina
322 1009 441 1048 aggregaret;
458 1003 534 1038 clericos
545 1003 600 1038 etiam
611 1002 659 1037 male
671 1001 746 1036 actionis
759 1002 782 1035 de
792 1013 809 1045 ¹5

80 1057 163 1090 ecclesiis
173 1057 291 1100 propelleret,
302 1057 434 1090 monachorum
442 1056 515 1099 agmina
525 1056 660 1097 introduceret;
672 1055 729 1089 iustas
740 1055 783 1088 deo·

80 1119 116 1153 que
124 1114 209 1152 acceptas
217 1110 268 1153 leges
276 1109 378 1142 sancciret²
385 1114 404 1143 et
411 1119 445 1153 per
453 1119 518 1143 omnes
525 1109 574 1143 fines
581 1107 633 1152 regni
641 1107 715 1152 populis
723 1112 783 1140 custo·

80 1161 158 1196 diendas
173 1162 273 1196 mandaret.
297 1161 346 1195 Nihil
362 1161 411 1196 enim
424 1167 463 1196 erat
476 1159 526 1206 'quod
541 1161 603 1195 minus
616 1166 647 1195 aut
660 1160 736 1205 segnius
749 1170 783 1194 rex

80 1215 170 1259 impleret,
178 1225 233 1258 quam
241 1225 252 1249 a
259 1220 330 1249 rectore
337 1215 374 1249 vite
382 1225 416 1249 sue
423 1220 531 1259 preceptum
539 1215 609 1249 fuisset.
632 1214 700 1259 Elapso
707 1214 782 1248 tandem

80 1268 193 1313 septennalis
207 1268 308 1312 penitentie
319 1269 403 1309 termino,
415 1269 530 1312 congregatis
541 1268 626 1302 omnibus
637 1268 704 1311 Anglie
716 1267 811 1310 princi-10

80 1322 140 1365 pibus,
153 1321 245 1366 episcopis
258 1327 276 1355 et
290 1321 391 1364 abbatibus,
404 1321 490 1366 imposuit
504 1321 542 1365 regi
556 1331 641 1355 coronam
657 1331 718 1354 coram
732 1319 782 1353 omni

81 1374 197 1408 multitudine
208 1374 271 1418 populi
282 1374 391 1417 Anglorum,
403 1374 473 1408 cunctis
484 1374 583 1408 letantibus
594 1379 612 1408 ct
623 1374 678 1408 deum
690 1374 709 1407 in
720 1378 783 1407 sancto

81 1427 178 1461 Dunstano
191 1427 312 1461 laudantibus.
334 1427 427 1462 ³Puerun1
435 1438 479 1461 vero
490 1438 514 1461 ex
523 1427 625 1471 peccatrice
636 1427 728 1470 quondam
740 1436 783 1469 pro·

81 1480 169 1523 genitum,
179 1490 231 1514 sacro
243 1480 293 1514 fonte
305 1485 434 1523 regeneratum
445 1480 519 1523 leuauit,
529 1480 640 1514 Edwardum
650 1479 701 1513 illum
712 1478 783 1513 vocauit

81 1538 100 1567 et
111 1533 130 1566 in
142 1532 200 1565 filium
212 1532 247 1566 sibi
259 1532 356 1576 adoptauit.
376 1533 494 1566 ‘Willelmus
505 1539 567 1567 tamen
577 1532 624 1566 libro
634 1532 715 1566 secundo
723 1530 784 1565 Ponti·
793 1543 811 1573 ²5

81 1585 136 1620 ficum
141 1584 153 1627 ³,
161 1589 179 1619 et
188 1585 243 1620 etiam
252 1584 328 1620 historie
335 1585 423 1621 nonnulle
430 1591 521 1628 asserunt,
529 1586 622 1631 Edgarum
630 1595 653 1620 ex
662 1584 721 1631 prima
726 1594 784 1619 vxore

81 1639 168 1684 genuisse
176 1638 294 1681 Edwardum,
301 1650 324 1673 ex
332 1640 413 1674 secunda
421 1639 546 1681 Ethelredum,
554 1644 572 1674 et
580 1639 654 1673 tandem
662 1640 685 1673 de
690 1638 784 1673 Wilfritha

81 1692 168 1735 genuisse
182 1691 268 1725 Editham
278 1692 368 1734 virginem
382 1698 469 1727 sanctam.
493 1692 546 1726 Hanc
557 1691 608 1725 enim
621 1691 734 1725 Wilfritham
746 1701 784 1724 non

81 1755 126 1779 vere
138 1743 301 1787 sanctimonialem,
311 1743 358 1780 sicut
370 1744 432 1790 opinio
443 1744 525 1789 vulgaris
536 1744 606 1787 delirat,
616 1743 650 1779 sed
659 1744 725 1779 timore
736 1743 785 1788 regis

83 1797 156 1841 Edgari,
170 1807 211 1831 eam
224 1798 286 1831 illicite
301 1798 453 1842 concupiscentis,
468 1799 543 1843 proprio
558 1797 633 1832 arbitrio
649 1808 691 1832 esse
706 1797 784 1831 velatam
793 1811 813 1840 ³0

82 1854 158 1885 constat.
180 1848 235 1884 Vnde
252 1849 318 1893 legitur
336 1851 391 1893 quod,
408 1861 449 1885 cum
468 1852 517 1894 apud
533 1850 640 1885 Wiltoniam
660 1860 693 1885 rex
708 1850 785 1890 veniret,

81 1903 174 1947 quandam
189 1902 270 1946 puellam
284 1902 304 1936 in
319 1903 412 1937 communi
430 1903 492 1937 habitu
510 1903 666 1948 speciosissimam
680 1900 751 1944 videns,
766 1908 785 1936 et

82 1955 221 1999 concupiscens,
228 1965 263 1999 pro
273 1955 304 1989 illa
313 1955 367 1989 misit.
390 1956 431 1998 Que
441 1956 509 1990 timens
520 1956 586 2000 pudori
595 1966 634 1996 suo,
642 1961 715 2000 raptum
722 1954 784 1989 velum

82 2019 93 2042 a
108 2009 187 2052 quadam
199 2007 332 2042 sanctimoniali
346 2008 400 2052 capiti
413 2019 447 2042 suo
459 2008 552 2052 imposuit,
565 2008 621 2042 etsie
633 2009 657 2042 ad
670 2019 734 2051 regem
747 2007 785 2041 luit.

83 2062 143 2104 Quam
153 2060 218 2095 videns
230 2060 260 2095 ille
272 2060 306 2096 ait:
320 2061 385 2105 ‘quam
398 2061 457 2096 subito
470 2061 612 2096 sanctimonialis
623 2061 688 2097 effecta
698 2063 739 2096 esl’
762 2060 785 2095 Et
794 2070 813 2102 35

55 2152 58 2159 ,
83 2114 142 2149 ablato
151 2113 198 2156 velo,
206 2113 293 2149 renitenti
302 2113 340 2148 vim
349 2114 413 2157 intulit,
426 2119 444 2150 et
455 2115 556 2150 secundum
568 2115 616 2159 quod
628 2114 733 2158 predicitur,
744 2124 785 2158 sep·

83 2174 158 2203 tennem
173 2167 292 2212 penitentiam
308 2168 350 2212 egit.
377 2168 410 2202 llla
427 2178 506 2213 quoque,
521 2174 574 2214 partu
592 2167 683 2213 explicito,
697 2166 785 2212 voluptati

83 2221 196 2261 renuntians,
210 2221 295 2264 religiose
309 2221 355 2255 vixit
370 2227 469 2265 sanctaque
488 2223 591 2256 celebratur
605 2222 653 2265 apud
667 2220 785 2255 Wiltoniam⁸

83 2279 102 2307 et
109 2272 198 2307 asseritur
203 2273 214 2307 ¹.
258 2272 264 2292 ⁷
271 2266 311 2306 Illis
319 2272 368 2307 enim
375 2274 440 2307 diebus
448 2273 510 2308 multis
516 2274 535 2308 in
541 2273 586 2308 locis
594 2273 669 2307 abiectis
677 2272 748 2306 clericis
757 2272 785 2306 in-

84 2326 165 2360 solenter
181 2324 291 2366 viuentibus,
309 2326 395 2360 monachi
411 2326 535 2361 instituuntur.
563 2326 609 2360 Nam
626 2325 686 2360 clerici
703 2325 814 2366 laborem4o

84 2379 134 2413 chori
145 2378 241 2422 fugientes,
250 2383 268 2412 et
278 2378 326 2412 bona
335 2379 412 2413 ecclesie
424 2390 459 2423 pro
469 2379 519 2414 libito
531 2391 565 2414 suo
576 2378 638 2413 illicite
650 2383 785 2419 consumentes,

83 2431 167 2473 vicarios,
182 2442 248 2474 parum
263 2431 286 2464 ad
299 2430 367 2464 victum
382 2431 477 2473 habentes,
490 2431 530 2465 loco
543 2431 572 2465 sui
587 2430 725 2465 constituerunt.
748 2431 786 2464 Sed

84 2495 126 2519 cum
138 2484 201 2528 sepius
214 2483 301 2518 admoniti
314 2494 352 2517 non
365 2484 505 2527 corrigerentur,
517 2494 551 2518 rex
562 2484 667 2527 prebendas
678 2484 786 2518 clericorum

104 2547 138 2578 1Ελ
146 2548 321 2585 aratam;T.arratam.
351 2545 385 2577 ²13.
393 2547 473 2577 sanctiret.
500 2546 638 2578 'chinoBeli
667 2547 691 2566 Μ
701 2547 758 2583 added,
766 2546 785 2578 cf.

84 2589 120 2619 Chr.
130 2589 211 2619 Bromton.
233 2588 258 2619 ⁵r.
267 2588 334 2625 Regum.
357 2586 502 2618 ⁶E.Wilthoniam.
524 2586 585 2618 'From
593 2587 775 2627 lligdenPolychr.Vl.
