1762 2803
111 139 152 168 122
300 126 380 178 naono
395 123 511 186 tanente
526 123 619 186 flantia

109 246 143 279 sub
162 246 211 279 bulla
230 251 292 280 nostra
311 246 396 280 duximus
417 245 551 288 remittendum,
573 246 677 280 discretioni
697 252 758 280 vestre
779 257 813 290 per

109 299 208 343 apostolica
219 299 287 343 scripta
298 300 412 341 mandantes,
424 298 509 343 quatinus
522 299 546 332 ad
560 299 701 333 wintoniensem
717 299 813 334 ecclesiam

109 352 231 396 personaliter
245 351 335 386 accedatis
348 357 366 385 et
381 350 476 395 inquiratis
492 352 567 387 sollicite
582 352 598 386 si
613 364 647 396 per
662 352 749 387 miracula
767 353 814 386 facta

109 406 129 438 in
140 406 180 449 ipsa
191 405 308 438 wintoniensi
319 405 395 439 ecclesia
404 404 506 439 mirificauit
516 406 601 439 dominus
612 411 695 439 sanctum
705 415 764 440 suum.
791 406 814 438 Et

92 458 126 498 5si
137 459 189 493 vobis
200 457 301 492 constiterit
312 458 399 492 miracula
410 458 461 502 paria
474 459 503 493 vel
518 458 588 493 maiora
603 458 632 493 his
647 470 683 503 que
698 458 815 493 continentur

110 512 129 545 in
145 521 233 555 processu
248 511 337 555 predicto,
352 513 375 545 ad
388 512 523 545 inuocationem
538 512 618 546 nominis
635 512 677 546 dicti
694 512 752 546 sancti
767 512 815 546 facta

111 574 152 597 esse
167 564 186 597 in
201 563 241 606 ipsa
257 563 374 596 wintoniensi
393 564 475 606 ecclesia,
495 564 570 607 negocio
589 565 726 608 supersedeatis
744 566 815 603 eodem,

110 616 163 650 nobis
178 616 227 661 quod
244 616 352 650 inueneritis
368 616 433 650 litteris
449 617 516 651 vestris
532 617 611 652 fideliter
626 618 737 651 intimantes.
764 617 815 651 Alio-

111 670 160 712 quin,
179 680 221 704 cum
239 669 338 704 verisimile
357 670 386 712 sit,
403 670 459 703 immo
477 670 555 703 dubitari
574 681 611 703 non
630 672 696 704 debeat
715 670 759 714 quin
775 671 815 714 ipse

84 733 102 753 10
111 722 162 756 Beda
177 722 196 756 in
211 721 313 766 Anglorum
329 722 404 756 historia
419 722 475 756 multa
490 722 572 757 retulerit
588 724 611 757 de
626 723 699 766 auditu,
723 727 741 756 et
760 723 815 757 etiam

111 787 153 810 esse
167 775 246 820 potuerit
261 780 285 818 vt,
298 787 339 810 curn
355 776 433 810 duorum
452 783 556 811 sanctorum
574 776 687 820 pontificum,
703 776 762 810 Birini
781 776 815 810 sci-

111 830 153 862 licet
168 834 187 862 et
202 828 276 869 Bertini,
292 839 369 872 corpora
384 829 402 861 in
417 829 488 871 prefata
503 829 581 862 ecclesia
596 830 619 862 de
638 828 754 870 Doreestret,
770 829 816 863 sicut

111 892 135 916 ex
147 881 187 925 ipso
199 891 287 925 processu
297 881 393 925 colligitur,
403 881 477 915 fuerunt
485 881 577 925 tumulata,
587 883 636 926 quod
648 882 698 916 Beda
708 883 731 916 de
741 881 816 916 Bertino

113 934 191 978 scripsit,
203 934 256 968 fuerit
271 935 294 968 de
310 935 372 968 Birino
385 940 485 979 receptum,
498 935 572 970 nomine
585 935 694 979 scriptorum
706 934 817 979 negligentia

86 998 104 1027 15
112 988 188 1021 viciato:
206 987 294 1030 sepedicti
306 986 363 1021 sancti
375 987 526 1031 gloriosissimum
540 998 607 1032 corpus
620 988 745 1031 pronuncietis
756 988 816 1031 requi-

113 1051 176 1074 escere
187 1039 206 1073 in
222 1040 315 1083 sepedicta
329 1040 437 1074 Dorcestre¹
454 1041 531 1074 ecclesia
547 1052 583 1083 que
599 1041 657 1084 ipsius
673 1040 731 1074 sancti
747 1039 817 1074 meritis

113 1098 139 1126 tot
155 1098 284 1136 tantorumque
305 1081 433 1127 miraculorum
456 1093 527 1136 fulgore
550 1093 631 1127 noscitur
653 1094 752 1135 illustrata,
781 1093 817 1137 ipsi

112 1145 172 1180 abbati
189 1150 207 1179 et
226 1146 323 1179 conuentui
340 1145 423 1179 tribuatis
442 1146 548 1179 auctoritate
567 1151 630 1180 nostra
648 1146 741 1179 licentiam
756 1147 817 1191 ipsum

113 1209 179 1241 corpus
198 1198 217 1231 in
235 1198 295 1232 locum
314 1198 373 1241 magis
391 1199 478 1232 idoneum
496 1199 624 1233 transferendi.
652 1200 720 1232 Datum
740 1199 818 1232 Reatine

85 1264 104 1283 20
112 1251 166 1284 nonis
183 1251 258 1293 augusti,
275 1251 391 1294 pontificatus
409 1251 467 1285 nostri
484 1261 532 1284 anno
549 1251 630 1285 decimo!
682 1244 818 1285 Executionem

113 1304 166 1337 huius
181 1303 230 1337 bulle
246 1314 336 1347 nusquam
353 1304 435 1352 reperire
454 1304 514 1348 potui;
534 1304 577 1338 noui
595 1309 662 1346 tamen,
678 1304 724 1339 sicut
742 1304 761 1338 in
779 1305 818 1338 loco

112 1357 143 1391 illo
155 1356 214 1397 didici,
228 1367 293 1400 corpus
305 1356 363 1391 sancti
376 1356 433 1390 Birini
446 1356 547 1400 gloriosum
559 1358 582 1391 de
595 1357 635 1391 loco
645 1357 675 1391 vbi
688 1357 708 1391 in
718 1362 819 1391 memorata

113 1410 190 1445 ecclesia
210 1409 309 1453 antiquitus
328 1410 388 1444 fuerat
408 1410 506 1454 sepultum,
527 1420 569 1443 curn
589 1420 656 1453 magno
678 1410 753 1452 honore,
773 1410 819 1444 sicut

113 1461 225 1496 intuentibus
249 1462 311 1506 liquet,
333 1473 375 1497 esse
394 1463 507 1496 translatum.
541 1462 590 1496 Obiit
608 1468 669 1496 autem
688 1463 742 1497 tertio
761 1473 819 1496 nonas

87 1526 104 1555 ²5
114 1516 223 1550 decembris.

213 1655 228 1692 il
241 1649 274 1690 Da
285 1665 355 1690 snucro
368 1649 474 1691 Bouirncio
486 1665 572 1691 nrrscoro
584 1666 607 1690 nr
618 1657 724 1691 ittARTYRE².

149 1740 220 1774 Anctus
239 1739 288 1774 enim
305 1739 412 1782 Bonifacius‚
427 1750 496 1784 genere
514 1737 592 1783 Anglus‚
612 1751 653 1774 cum
672 1741 753 1784 quinque
771 1746 820 1775 esset

170 1804 259 1828 annorum
279 1794 308 1826 dei
327 1793 404 1826 seruicio
423 1804 444 1827 se
463 1794 560 1837 subiugare
579 1794 661 1836 studens,
680 1793 787 1837 presbiteris
803 1800 821 1828 et

115 1846 185 1881 clericis
197 1845 302 1889 predicandi
311 1845 368 1889 gratia
380 1845 525 1888 aduenientibus,
535 1846 583 1890 cepit
594 1857 635 1879 curn
647 1847 673 1880 eis
686 1847 709 1881 de
722 1847 821 1881 celestibus

115 1900 206 1944 loquendo
223 1904 306 1941 tractare,
321 1904 340 1933 et
356 1910 389 1933 sue
405 1899 505 1933 infirmitati
522 1899 541 1932 in
559 1900 640 1933 futurum
658 1899 702 1944 quid
717 1901 821 1944 proficeret,

115 1953 207 1986 indefessa
222 1957 284 1986 mente
299 1952 417 1996 interrogare.
447 1953 500 1994 Quod
516 1953 625 1995 intelligens,
640 1958 692 1996 pater
707 1953 746 1986 eius
761 1953 821 1987 abbati

88 2016 107 2044 3⁰
115 2005 212 2039 Wlfhardo
224 2003 243 2037 in
254 2004 370 2046 monasterio,
383 2005 444 2048 lingua
455 2005 558 2048 Anglorum
569 2005 702 2038 ‘Exancestre'
710 2010 779 2047 vocato,
788 2006 822 2038 sub

116 2057 211 2092 monastici
226 2057 296 2090 ordinis
308 2056 404 2100 disciplina
419 2068 461 2091 eurn
474 2058 549 2091 tradidit
562 2058 683 2092 educandum.
706 2058 789 2101 Cumque
803 2058 822 2091 in

116 2111 166 2144 omni
179 2110 274 2143 sanctitate
286 2114 304 2144 et
314 2110 402 2143 virtutum
417 2109 503 2144 exercitio
518 2120 577 2143 annos
592 2109 715 2143 adolescentie
728 2109 823 2153 attigisset,

116 2162 209 2197 ardentior
224 2161 275 2196 illum
290 2160 359 2205 ingenii
374 2162 402 2196 sui
413 2163 497 2196 voluntas
509 2162 601 2196 accendit:
621 2162 644 2196 de
655 2162 731 2195 fratrum
748 2172 822 2195 suorum

117 2216 189 2250 licentia
197 2214 329 2249 monasterium
337 2216 405 2249 dictum
414 2215 539 2258 Huntscelless,
554 2216 584 2249 vbi
594 2214 704 2249 venerabilis
714 2215 823 2249 Winbertus

90 2272 108 2301 35
117 2269 173 2302 abbas
194 2267 265 2311 prefuit,
284 2268 381 2310 admissus,
400 2268 477 2301 fratrum
503 2268 595 2302 consortio
623 2273 759 2301 annumeratur.
788 2268 823 2301 Vbi

118 2332 154 2355 non
177 2330 253 2366 paruam
277 2320 377 2355 litterarum
401 2331 488 2366 sacraque
513 2321 603 2365 scripture
621 2320 705 2354 noticiam
724 2326 823 2363 assecutus,

119 2374 251 2417 omnibusque*
266 2375 372 2418 exemplum
392 2375 439 2409 bene
460 2375 534 2409 viuendi
554 2375 640 2418 prebens,
658 2374 743 2408 fratribus
763 2375 824 2409 timori

118 2427 187 2471 pariter
201 2427 302 2462 habebatur
317 2433 335 2462 et
350 2428 413 2470 amori,
429 2433 447 2463 et
462 2438 517 2471 quem
531 2427 593 2461 diuina
609 2426 717 2461 dilectione⁵
732 2427 823 2462 habebant

120 2480 195 2522 socium,
210 2486 273 2514 mutuo
286 2480 385 2525 apostolice
403 2481 531 2514 admonitionis
548 2480 618 2513 honore
635 2479 720 2523 amplecti
737 2481 825 2514 curabant

139 2548 145 2565 ¹
155 2549 173 2577 T.
179 2548 283 2577 dorkecestre.
324 2548 330 2565 ²
340 2549 420 2586 Abridged
428 2550 467 2578 from
475 2550 502 2578 the
509 2550 545 2578 Vita
554 2537 576 2585 by
583 2548 669 2585 Willibald,
676 2549 692 2577 in
699 2550 734 2579 Act.
744 2549 773 2580 SS.
783 2549 823 2579 Boll.

120 2589 159 2618 lune
167 2589 179 2619 Ι,
188 2597 203 2625 ρλ
211 2595 245 2624 453,
286 2587 502 2625 ³al.Nutscelle,Nuscelle.
543 2587 659 2626 ⁴T.oin.que.
697 2589 744 2619 ⁶Vit.
752 2589 824 2620 lectione.
