1762 2803
288 124 333 180 Dc
349 121 448 176 &aaut
463 124 610 180 Donatum.
754 125 795 169 281

98 244 161 278 eterni.
196 238 260 280 'Huic
275 245 349 279 Edredo
364 244 453 279 successit
469 245 559 287 Edwius',
572 245 620 279 filius
636 244 729 278 Edmundi
744 246 798 288 regis,

98 301 145 331 etate
157 297 231 342 quidem
242 298 314 333 iuuenis
326 303 344 333 et
355 298 405 333 nulla
418 298 506 342 regnandi
519 298 577 343 gratia
588 298 666 343 pollens.
689 297 724 340 Qui
738 309 799 342 neque

98 349 138 393 ipse
143 352 223 396 sapiens,
228 362 289 396 neque
295 352 400 396 sapientum
406 351 481 386 consilio
487 352 612 397 acquiescens,
618 352 651 386 sed
658 351 703 386 alter
709 351 799 391 Roboam,

99 403 191 448 despectis
202 405 302 440 maioribus
313 410 362 447 natu,
374 416 473 450 puerorum
486 405 561 441 consilia
573 405 681 442 sectabatur.
704 404 799 449 Optimum

99 459 205 499 reputabat²
213 469 305 502 quemque
317 458 372 491 rebus
384 458 468 502 spoliare,
479 458 579 502 locupletes
590 458 711 503 proscribere,
722 458 817 498 exuere-5

99 509 144 543 dare
152 511 244 550 ccclesias,
250 511 347 545 detrahere
354 511 443 555 religioni,
450 511 469 544 in
478 510 580 546 ciuitatibus
588 511 694 546 exactiones
701 521 799 551 exercere;

99 561 174 596 libidine
189 564 262 605 ardens,
277 563 317 598 sine
332 563 468 598 intermissione
483 564 565 598 estuabat
580 565 603 599 ad
617 563 690 598 coitum.
720 563 749 598 Ob
765 563 799 597 hoc

100 614 207 652 Dunstanus
218 617 300 662 grauiter
311 617 397 660 offensus,
410 618 516 662 frequenter
529 629 571 653 eum
583 617 649 653 acriter
660 617 678 652 in
690 617 735 652 locis
747 628 799 662 opor·

99 669 149 702 tunis
164 670 260 714 increpare
276 672 334 715 cepit:
350 671 380 704 ille
396 671 522 715 increpantem
537 672 597 705 ridere
611 676 629 704 et
642 672 699 704 multa
712 671 738 704 illi
752 671 799 704 mala

99 721 165 756 minari
180 734 217 758 non
232 723 296 759 timuit.
319 724 418 769 Postquam
433 729 495 759 autem
506 723 615 759 industriam
630 734 682 758 suam
699 723 744 758 nihil
758 734 828 768 pre-10

99 775 161 809 valere
172 776 247 819 videret,
259 777 333 811 omnino
347 777 428 812 decreuit
440 777 480 811 eius
490 777 580 821 colloquio
592 776 727 817 abstinendum,
737 776 800 821 sicque

99 828 122 860 ad
137 831 268 864 monasterium
283 841 337 864 suum
352 841 449 873 regressus
464 835 497 863 est.
520 830 564 863 Erat
578 836 639 864 autem
654 829 673 863 in
688 830 800 863 monasterio

100 881 156 915 turris
171 887 258 924 extructa,
272 893 327 926 quam
342 883 422 917 necdum
434 882 470 917 vlla
484 882 503 916 in
519 892 606 926 supremo
622 881 716 916 cacumine
731 887 800 916 tectura

100 933 200 968 claudebat.
223 936 306 978 Cumque
318 935 398 979 populus
411 935 488 975 trabem,
501 934 556 968 totius
570 933 632 978 operis
648 934 801 975 sustentatricem,

100 987 177 1021 summis
189 989 246 1022 muris
258 988 350 1032 applicare
361 988 485 1028 contenderet,
495 992 573 1032 repente
584 986 642 1032 ruptis
652 986 726 1021 funibus
736 987 801 1021 eadem
811 1001 828 1032 15

100 1040 162 1073 trabes
173 1041 259 1075 deorsum
271 1051 325 1075 ruere
336 1040 389 1085 cepit.
413 1040 487 1075 Clamor
497 1040 564 1085 ingens
576 1040 596 1074 fit
606 1039 662 1074 totius
673 1040 741 1084 populi,
750 1040 801 1074 Dun-

101 1096 174 1126 stanum
182 1093 251 1128 iteratis
258 1094 334 1128 vocibus
341 1094 481 1138 perstrepentis.
503 1094 529 1127 At
537 1094 646 1128 Dunstanus
655 1093 745 1127 eleuatam
757 1094 802 1128 dex·

100 1149 159 1179 teram
174 1147 258 1181 machine
273 1147 385 1191 opposuit,e
398 1147 473 1191 regione
489 1147 542 1191 signo
557 1147 616 1181 crucis
629 1147 700 1181 trabem
714 1146 802 1191 depingit.

101 1197 184 1232 Necdum
199 1205 262 1234 sancta
279 1210 345 1234 manus
361 1205 434 1234 sanctos
449 1205 564 1234 contraxerat
579 1198 651 1245 digitos,
666 1209 707 1234 cum
725 1209 746 1234 ea
765 1209 802 1244 que

100 1263 178 1295 vergere
189 1258 263 1297 ceperat
274 1254 341 1296 trabes,
353 1264 390 1287 non
402 1253 480 1287 vinculis
492 1253 570 1295 astricta,
583 1264 620 1287 non
633 1252 722 1287 machinis
735 1253 801 1294 leuata,
810 1266 830 1287 ιο

102 1304 147 1338 nec³
154 1305 190 1339 vllo
200 1306 274 1340 humani
283 1305 350 1351 ingenii
358 1311 446 1351 apparatu
456 1311 562 1348 sustentata,
570 1306 593 1340 ad
601 1306 661 1340 locum
671 1305 739 1350 dequo
747 1317 801 1341 ruere

101 1364 175 1400 ceperat
188 1360 287 1393 reuehitur,
336 1353 449 1393 Translatus
463 1359 521 1393 hostis
533 1359 619 1402 antiquus
632 1358 651 1392 in
664 1359 746 1402 speciem
758 1359 802 1399 ursi,

102 1409 163 1443 hiante
174 1410 220 1444 rictu
229 1416 311 1445 orantem
319 1412 424 1455 aggreditur
432 1411 556 1452 Dunstanum,
563 1410 671 1454 iniectisque
678 1411 752 1454 vngulis
759 1421 803 1454 pas-

101 1462 183 1504 toralem,
198 1475 253 1507 quam
270 1475 326 1498 manu
341 1464 420 1505 tenebat,
434 1463 506 1508 virgam
524 1462 652 1508 complectitur
666 1469 721 1507 atque
740 1463 763 1497 ad
781 1475 802 1498 se

101 1516 175 1550 trahere
190 1523 270 1552 conatur.
293 1517 318 1552 At
335 1517 448 1559 Dunstanus,
461 1517 524 1552 diuino
539 1517 604 1562 spiritu
619 1516 689 1551 fortiter
701 1517 802 1558 roboratus,
812 1531 830 1560 ²5

102 1573 201 1604 retractum
212 1571 235 1605 ad
246 1582 266 1605 se
277 1570 361 1604 baculum
372 1570 426 1615 erigit
436 1570 455 1604 in
466 1570 551 1613 sublime,
559 1570 659 1615 lugientem
668 1569 741 1604 beluam
749 1569 803 1604 diris·

102 1621 148 1656 sime
159 1623 211 1665 cedit,
223 1635 257 1658 nec
268 1623 319 1667 prius
328 1629 432 1658 monstrum
443 1624 525 1658 cedendo
533 1623 610 1665 desistit,
618 1634 672 1667 quam
683 1623 776 1667 flagellum
784 1622 802 1657 in

102 1679 153 1718 tergo
161 1675 210 1709 illius
218 1676 277 1710 tribus
284 1676 303 1709 in
311 1676 393 1720 partibus
402 1676 535 1710 comminutum
546 1675 635 1720 apparuit.
679 1669 746 1709 Victus
753 1676 803 1709 enirn

102 1726 121 1761 in
134 1739 155 1762 se
168 1728 256 1771 diabolus,
268 1728 287 1763 in
299 1729 339 1763 aliis
351 1729 439 1764 victorem
455 1741 509 1764 suum
521 1729 596 1764 vincere
609 1728 674 1772 querit.
698 1729 745 1763 Nam
759 1740 803 1773 rege

102 1782 172 1824 presato
188 1783 261 1825 (eodem
276 1794 312 1826 quo
327 1788 444 1817 consecratus
460 1783 519 1817 fuerat
534 1783 570 1826 die)
583 1782 602 1817 in
618 1787 682 1826 turpes
697 1782 803 1816 concubitus
812 1794 832 1823 30

103 1834 175 1876 publice
184 1835 274 1875 deuoluto‚
283 1835 356 1868 nemine
364 1840 425 1868 tamen
437 1846 479 1868 eum
488 1836 599 1878 redarguere
607 1844 662 1876 aus03
674 1835 714 1879 pari
722 1835 804 1868 omnium

102 1891 145 1920 voto
159 1887 266 1921 Dunstanus
279 1887 414 1931 compellatur⁴,
426 1887 457 1931 qui
467 1898 530 1931 regem
542 1888 601 1930 adeat,
612 1886 674 1921 diuina
687 1887 804 1931 humanaque

103 1939 173 1974 ratione
184 1941 255 1985 regium
268 1946 351 1985 stuprum
365 1946 475 1985 compescat,
487 1941 584 1975 mulierem
593 1940 695 1975 adulteram
708 1939 803 1984 suspendii

103 1993 244 2028 comminatione
252 1994 344 2037 percellat.
367 1994 407 2035 Quo
417 1994 470 2036 sacto,
478 2005 540 2038 regem
548 2005 559 2028 a
569 1993 646 2028 mechali
654 1993 707 2027 thoro
714 1992 804 2027 violenter

102 2046 190 2081 abstraxit
198 2046 293 2091 positaque
301 2045 320 2080 in
328 2045 387 2091 capite
395 2045 435 2081 eius
443 2057 515 2090 corona,
523 2058 584 2082 coram
592 2045 730 2091 archiepiscopo
738 2045 804 2080 Odone
812 2056 831 2088 35

104 2100 184 2134 adduxit.
206 2100 269 2145 ltaque
290 2099 372 2133 mulieris
391 2099 472 2134 animum
491 2100 575 2134 diabolus
592 2100 671 2144 instigat,
689 2099 739 2144 regis
757 2099 804 2134 iram

103 2153 170 2188 mulier
182 2154 255 2195 exaltat,
268 2153 322 2187 ambo
335 2152 410 2187 exilium
426 2153 523 2188 Dunstano
538 2153 633 2188 intentant.
655 2153 726 2187 Omnes
741 2163 804 2187 mona-

105 2208 180 2240 chorum
194 2206 277 2246 ecclesie,
286 2211 363 2249 vrgente
376 2206 426 2250 regis
438 2206 503 2248 edicto,
516 2206 555 2240 suis
568 2207 624 2240 rebus
635 2205 770 2250 spoliabantur3
786 2213 804 2240 et

105 2260 201 2304 descriptis
216 2258 300 2293 omnibus
316 2268 357 2292 cum
374 2258 415 2303 ipse
429 2259 544 2304 proscriptus
559 2259 628 2299 ruisset,
643 2258 692 2291 inter
706 2257 804 2292 lachrimas

104 2314 235 2347 monachorum
247 2316 265 2347 et
275 2311 353 2356 gemitus
368 2322 470 2356 pauperum
485 2312 546 2346 audita
558 2317 586 2346 est
598 2312 617 2346 in
632 2311 677 2345 atrio
691 2310 754 2355 templi
767 2322 804 2346 vox
812 2322 832 2353 40

104 2367 209 2409 plaudentis
217 2365 288 2406 diaboli,
296 2364 347 2408 quasi
355 2376 391 2398 von
402 2365 498 2399 iuuencule
511 2365 577 2400 acriter
585 2370 640 2409 atque
651 2364 721 2399 minute
732 2365 805 2399 cachin-

104 2419 169 2454 nantis.
192 2419 252 2462 Quem
263 2417 369 2453 Dunstanus
379 2428 445 2453 seuera
454 2418 513 2453 fronte
525 2417 632 2463 suspiciens,
641 2417 702 2460 ‘nihil‚
710 2417 740 2461 ait,
748 2428 805 2463 super

104 2474 158 2508 exilio
169 2485 211 2507 meo
222 2472 324 2518 gratuleris,
336 2471 422 2516 quoniam
434 2472 475 2516 plus
489 2477 517 2506 est
529 2473 578 2516 quod
590 2483 621 2506 me
633 2472 723 2506 redeunte
737 2472 804 2515 doleas,

104 2538 159 2572 quam
167 2527 252 2571 quicquid
264 2537 294 2560 me
306 2526 391 2560 exulante
402 2525 454 2560 letari
461 2526 533 2560 valcas.¹
557 2525 598 2567 Quo
610 2525 663 2568 dicto,
671 2526 763 2570 malignus
775 2526 805 2560 ille

143 2585 178 2615 1Ε,
185 2586 262 2616 edwinus.
309 2584 355 2614 loru.
362 2585 378 2613 in
386 2585 404 2614 T.
411 2584 442 2614 Vit.
490 2584 572 2615 ³nlnon.
621 2584 655 2615 ⁴15.
663 2585 766 2623 compellitur.
