1762 2803
120 155 162 185 100
204 171 206 177 ‚
309 142 388 195 mute
404 138 520 200 tecente
536 138 628 200 tinctu.

140 274 182 318 [Ms.
191 274 231 309 Tibi
240 275 297 309 adds:
417 259 516 293 Narratio*-

141 326 184 378 (Vir
199 333 332 375 sanctissimus)
346 332 419 367 nomine
434 332 520 376 Equicius
533 343 575 367 cum
589 334 607 366 in
623 331 724 375 iu(uentnte
737 342 770 366 sua
783 329 820 364 acri

118 386 227 428 cert)amine
242 386 301 420 carnis
317 386 401 428 fatigatus
417 397 428 419 a
444 385 485 428 (deo
502 384 592 419 continuis
608 385 701 428 precilbus
719 383 821 418 remedium

118 443 209 483 quereret,
223 444 276 472 nocte
290 439 375 482 (quadam
389 437 494 479 assistente)
509 437 574 481 angelo
589 437 689 471 eunuchari
705 447 725 471 se
738 436 783 470 uidit
796 436 821 478 (et

119 503 192 526 omnem
208 495 278 525 motum
293 491 323 532 ex)
339 490 447 534 genitalibus
463 490 550 524 membris
565 489 639 524 abscidi.
668 490 737 533 (Atque
753 500 777 522 ex
792 489 821 529 eo)

101 560 109 589 5
119 551 202 588 tempore
213 543 237 578 ita
249 543 319 578 alienus
329 542 388 577 extitit
398 553 409 577 a
420 542 548 587 (temptacione
559 552 580 577 ac
592 542 615 586 sil
624 552 689 576 sexum
698 552 735 575 non
746 542 822 575 haberet

119 599 138 632 in
150 609 231 640 corpore.
259 590 354 642 (Quadam
367 597 396 630 die
410 596 560 638 sanctimonialis)
572 596 651 640 quedam
665 601 725 630 ortum
739 595 822 639 ingressa

119 657 137 685 et
152 650 249 693 lactulcam
264 649 385 693 conspiciens,
397 649 513 694 concup)iuit,
526 660 604 693 eamque
619 648 672 692 signo
686 648 746 682 crucis
759 648 823 690 belne-

119 703 180 735 dicere
188 702 256 743 oblital,
261 702 314 734 auide
322 702 427 742 momordit,
434 707 452 734 et
460 703 540 745 arreplta
548 713 558 735 a
566 702 638 735 diabolo
646 700 742 745 pro)rsus²
752 699 822 735 cecidit.

121 755 165 788 Mox
180 755 229 786 enim
244 759 264 786 ut
280 755 341 798 pa(ter
357 753 444 796 Equicius
462 754 541 796 portam)
557 753 664 787 monasterii
680 758 708 787 est
723 754 822 796 ingressus,

92 823 111 844 10
120 807 212 851 di(abolus
224 817 247 841 ex
260 806 300 840 eius
314 817 346 840 ore
357 807 454 848 clama)uit,
465 806 538 839 dicens:
551 807 556 824 ‘
563 805 602 849 Ego
615 804 659 849 quid
673 805 719 839 secl?
735 805 823 839 sedebam

121 859 306 905 (super'lactucamz
326 859 383 903 nelnit
402 860 433 894 illa
450 865 468 894 et
485 860 582 894 momordit
603 859 644 894 me’
673 858 714 902 [Cui
730 857 782 903 graui
797 858 823 891 in-

120 913 243 957 digna]cione‚
254 918 274 946 nt
285 914 382 947 abcederet
394 913 422 947 uir
434 914 463 946 dei
476 914 565 956 (precepit
576 919 594 947 et
606 913 665 947 locum
676 912 703 954 in)
714 913 744 947 dei
756 912 823 946 famula

120 967 168 1001 ultra
177 977 213 1000 non
223 965 311 1010 haberet.
334 966 387 1008 Quod
395 967 420 1000 ita
427 965 501 1009 iactum)
511 965 563 1009 esd]

220 1086 235 1123 ‘ii
249 1079 282 1119 DE
294 1096 364 1119 sancTo
377 1078 442 1119 KEmo
453 1095 541 1119 Episcopo
553 1096 576 1119 ET
588 1086 724 1120 CONFESSORE⁴·

155 1158 226 1194 Anctus
238 1159 288 1194 enim
301 1159 371 1194 Kebius
383 1159 406 1193 de
417 1164 473 1203 gente
485 1158 639 1193 Cornubiensium
653 1158 711 1192 extitit
723 1157 823 1200 oriundus,

94 1234 111 1262 15
177 1215 228 1254 pater
236 1211 281 1251 eius,
290 1210 378 1244 Salomon
390 1210 469 1251 nomine,
479 1210 566 1253 princeps
577 1209 643 1243 milicie
655 1209 693 1243 fuit.
716 1209 823 1243 Cumenim

121 1270 196 1298 sanctus
204 1263 274 1296 Kebius
286 1269 359 1306 septem
367 1268 416 1296 esset
426 1273 521 1303 annorum,
529 1262 594 1297 litteris
605 1262 687 1303 traditus,
695 1262 759 1306 viginti
770 1262 824 1296 annis

121 1318 139 1349 in
154 1317 228 1359 regione
240 1327 273 1349 sua
284 1316 389 1349 liberalibus
401 1315 503 1358 disciplinis
516 1315 589 1349 deditus
602 1314 640 1349 fuit.
663 1315 748 1350 Transito
763 1320 823 1350 autem

122 1367 173 1410 mari,
190 1369 239 1411 apud
256 1368 353 1401 Hillarium
367 1367 506 1411 pictauensem⁵
521 1368 628 1411 episcopum
644 1378 678 1411 per
693 1367 825 1411 qninquaginta

121 1431 180 1455 annos
195 1431 277 1462 manens,
294 1432 347 1454 cecos
367 1420 481 1462 illuminauit,
497 1420 581 1464 leprosos
600 1420 700 1461 mundanit,
716 1420 824 1463 paraliticos,

94 1480 187 1516 zomutos⁷
206 1479 224 1509 et
243 1475 359 1508 demoniacos
379 1474 455 1508 sanauit.
479 1472 502 1507 Et
517 1474 574 1518 gradu
594 1473 694 1518 episcopali
709 1474 732 1507 ab
748 1473 824 1508 Hillario

122 1533 202 1571 accepto,
217 1527 320 1561 admonitus
334 1531 362 1560 cst
375 1528 397 1560 ab
410 1527 476 1570 angelo
487 1526 506 1560 in
518 1537 570 1560 suam
582 1527 660 1570 patriam
672 1537 760 1561 remeare.
784 1527 824 1568 Quo

122 1591 164 1614 cum
183 1580 302 1624 peruenisset,
323 1586 396 1624 rogatus
416 1586 444 1613 est
458 1586 478 1614 vt
493 1580 534 1623 ipse
549 1580 620 1613 veniret
639 1591 717 1623 regnum
732 1579 824 1614 Cornubie

123 1638 252 1674 suscepturus:
268 1638 378 1675 potestatem
393 1637 455 1666 tamen
470 1633 527 1666 seculi
544 1631 637 1674 presentis
653 1631 728 1666 omnino
742 1633 825 1676 accipere

123 1684 187 1719 renuit.
232 1677 290 1717 Venit
301 1689 362 1718 autem
375 1689 416 1728 post
428 1684 462 1718 hec
476 1695 518 1718 cum
530 1685 595 1718 decem
607 1684 702 1728 discipulis
714 1684 752 1717 suis
764 1691 782 1718 et
793 1686 825 1717 de-

96 1753 113 1782 25
123 1739 194 1772 scendit
201 1737 220 1771 in
228 1744 301 1781 pratum
309 1737 370 1780 regis⁰
382 1737 464 1778 Ethelici,
473 1737 571 1771 tentorium
583 1747 637 1771 suum
646 1736 688 1771 illuc
696 1738 779 1772 tendens.
803 1738 826 1772 Et

123 1790 172 1824 misit
179 1801 212 1823 rex
220 1791 282 1824 videre
291 1791 322 1833 qui
330 1795 393 1823 essent
404 1790 429 1823 illi
441 1789 472 1832 qui
483 1789 502 1823 in
513 1795 586 1833 pratum
597 1800 650 1824 sunm
658 1791 773 1825 descendere
783 1802 826 1835 pre-

122 1848 247 1887 sumpserunt.
271 1843 294 1876 Et
305 1853 391 1876 reuersus
403 1842 481 1879 nuncius
493 1841 549 1876 dixit:
562 1842 658 1877 ‘Monachi
670 1844 723 1877 sunt.’
747 1843 770 1878 Et
783 1855 826 1878 con·

122 1897 184 1931 sestim
192 1896 272 1931 surrexit
280 1907 313 1930 rex
321 1906 363 1930 cum
372 1896 422 1930 omni
433 1896 501 1930 familia
512 1906 550 1937 sua,
559 1896 659 1930 monachos
667 1895 733 1930 eiicere
744 1897 767 1931 de
777 1902 826 1931 terra

123 1960 161 1983 sua.
185 1949 208 1981 Et
219 1950 303 1991 protinus
315 1949 379 1983 cecidit
390 1950 413 1982 de
424 1960 472 1991 equo
482 1959 516 1982 suo
527 1949 546 1982 ln
556 1951 590 1991 via,
603 1955 621 1982 et
632 1955 716 1982 mortuus
728 1955 756 1983 est
767 1961 832 1993 equus·

96 2015 115 2042 30
123 2001 168 2042 eius
179 2006 197 2034 ct
208 2012 262 2035 cecus
273 2000 330 2034 sactus
342 2006 371 2035 est
383 2011 416 2034 rex
428 2005 446 2034 et
457 2000 525 2034 familia
536 2000 576 2034 eius
587 2006 629 2035 tota.
652 2001 753 2035 Prostrauit
764 2008 825 2036 autem

124 2063 144 2088 se
160 2063 193 2086 rex
208 2054 227 2086 in
241 2054 305 2086 faciem
318 2064 370 2087 suam
383 2059 402 2086 et
415 2053 465 2086 dedit
480 2063 548 2096 corpus
563 2058 581 2086 et
596 2052 677 2086 animam
692 2064 744 2088 suam
760 2055 795 2088 deo
809 2060 827 2088 et

124 2112 187 2141 sancto
199 2106 258 2139 Kebio
270 2117 325 2140 seruo
339 2106 383 2141 eius.
407 2106 430 2140 Et
442 2105 503 2140 statim
516 2116 550 2150 per
562 2105 663 2140 orationem
675 2105 709 2140 viri
720 2105 750 2141 dei
761 2117 826 2142 omnes
875 2126 877 2129 ·

144 2185 149 2202 ¹
160 2185 206 2214 From
213 2184 257 2214 Vinc,
266 2185 305 2215 Bell.
314 2185 367 2215 XXII.
376 2186 405 2221 61;
416 2185 435 2214 cl.
444 2185 481 2221 Leg,
489 2185 527 2214 Aur.
535 2195 549 2222 p.
557 2186 591 2215 611.
644 2185 650 2203 ²
660 2186 680 2216 at
689 2187 767 2223 protinus.

144 2224 150 2240 ³
161 2224 221 2252 Collect
228 2224 244 2251 in
251 2223 270 2252 T.
276 2234 280 2251 :

145 2263 203 2300 Simile
211 2271 235 2296 est
242 2276 307 2304 regnum
315 2266 384 2296 celorum
392 2276 450 2303 sagene
458 2267 506 2296 misse
514 2267 530 2295 in
537 2276 580 2296 mare
588 2271 617 2298 etc.

144 2310 205 2337 added:
219 2308 237 2335 ln
251 2308 336 2336 dorsetana
348 2306 429 2344 prouincia
441 2307 457 2336 in
470 2307 566 2337 monasterio
579 2307 675 2338 Schlrebnrn
690 2307 769 2340 luthwara
782 2308 827 2347 uirgo

124 2347 190 2386 quiescit
197 2351 213 2376 et
221 2346 281 2377 coliturv

146 2385 193 2421 Deus
198 2392 223 2429 qui
228 2392 273 2420 beate
278 2391 335 2427 uirgini
341 2395 368 2419 tue
373 2390 467 2429 Iu(thware)
474 2401 508 2420 curn
514 2390 609 2427 uirginitatis
615 2392 664 2428 gloria
669 2392 733 2422 martirii
739 2393 826 2433 (coronam)

124 2431 203 2462 contulisti
209 2442 212 2461 z
224 2431 293 2460 concede
301 2430 379 2467 propicius
387 2434 403 2459 ut
411 2430 524 2460 intercessione
531 2431 571 2466 (eius
577 2432 600 2465 etl
606 2431 665 2460 auxilio
671 2442 680 2460 a
686 2432 746 2462 cunctis
752 2441 828 2463 exuamur

124 2470 697 2540 ⁹⁶1³⁰ll5²lllltttltttttllil}flttffilssldeldltdltll
758 2512 794 2541 ll
811 2520 827 2540 a

124 2533 234 2587 substantially
240 2550 267 2579 the
274 2558 322 2585 same,
331 2549 391 2585 though
399 2549 465 2592 varying
472 2519 583 2586 ii'languagi;
594 2533 622 2579 tire
633 2550 691 2580 former
698 2521 827 2582 is⁹iilivinmReaes

124 2589 129 2607 ⁵
140 2590 158 2620 E.
165 2590 277 2628 pictancnsem.
338 2588 344 2605 ⁰
354 2588 372 2617 os
377 2588 495 2626 Ethelicheaun,
504 2589 513 2618 i.
521 2598 535 2620 e.
543 2589 629 2629 Eddlogan,
638 2590 654 2618 in
660 2591 723 2621 Gwent.
