1762 2803
249 72 296 127 mc
310 69 412 122 &aaut
426 69 509 130 dilue.
704 84 733 126 33

31 202 80 237 tione
88 196 162 239 domini,
169 193 261 240 passione,
270 191 404 228 resurrectione
412 195 430 226 et
438 189 553 233 ascensione,
561 190 585 225 de
592 189 669 235 spiritus
676 189 735 225 sancti

32 256 110 290 aduentu
118 256 136 285 et
144 247 268 294 apostolorum
276 245 364 280 doctrina.
380 243 495 279 De¹terrore
503 243 557 279 futuri
564 243 625 278 iudicii
633 249 651 278 et
658 243 734 278 horrore

32 319 79 353 pene
87 302 178 340 iehenne²
184 312 205 336 ac
213 298 309 335 dulcedine
317 298 369 344 regni
377 297 451 333 celestis
459 297 516 332 multa
523 296 604 333 carmina
610 296 692 333 faciebat.
712 296 734 333 In

32 360 97 405 quibus
105 356 189 391 homines
196 354 219 387 ab
230 362 293 387 amore
303 351 395 386 scelerum
404 351 519 392 abstrahere,
526 356 545 384 et
555 351 579 385 ad
589 351 706 385 dilectionem
716 355 735 385 et

32 410 123 448 solertiam
135 409 183 443 bone
195 405 271 441 actionis
286 403 366 439 excitare
381 404 461 439 curabat.
489 402 534 438 Erat
549 403 599 438 enim
613 402 643 437 vir
657 403 752 444 multum5

32 463 126 508 religiosus
134 465 152 495 et
160 458 239 502 humilis,
247 463 266 492 et
276 457 366 491 aduersus
376 455 417 490 illos
424 455 455 500 qui
463 466 522 499 praue
532 465 587 500 agere
597 455 686 498 solebant,
694 455 735 490 zelo

33 517 93 561 magni
104 510 183 550 serboris
195 520 289 547 accensus.
316 509 339 544 Et
353 509 422 544 iactum
435 514 500 552 estut,
514 508 545 554 qui
557 508 637 554 simplici
652 519 673 544 ac
688 519 735 553 pura

32 574 93 604 mente
107 565 241 610 tranquillaque
253 563 351 598 deuotione
366 562 441 596 domino
460 560 556 603 seruierat,
568 561 624 596 etiam
636 561 734 606 tranquilla

32 613 735 661 monemundomrelinquensadeiusvisionemveniret³,i11aquelinguaque

32 681 57 709 tot
68 672 153 708 salutaria
158 672 214 705 verba
222 670 241 704 in
252 670 326 703 laudem
338 668 437 702 conditoris
447 673 581 711 composuerat,
589 667 652 701 vltima
660 678 734 711 quoque
745 682 763 704 ro

32 726 87 762 verba
94 725 113 760 in
121 723 194 759 laudem
201 722 265 766 ipsius,
273 721 328 756 sese⁴
336 725 354 755 et
365 719 450 765 spiritum
461 731 515 754 suum
526 720 545 754 in
557 731 623 754 manus
634 719 674 755 eius
685 731 735 754 com-

32 778 140 818 mendando,
148 776 246 812 clauderet.
270 774 305 818 Qui
317 774 372 809 etiarn
384 773 468 819 prescius
479 772 507 808 sui
519 772 580 809 obitus
591 772 675 809 extitisse
687 772 734 809 sere-

32 834 89 867 batur.
133 823 184 866 Cum
196 829 245 864 enirn
257 834 320 863 sancta
331 827 388 862 Hilda
399 827 462 862 multis
473 827 527 861 annis
538 827 611 871 prefato
623 827 735 862 monasterio

32 883 135 928 prefuisset,
148 882 216 927 placuit
229 881 303 916 domino
315 886 398 915 sanctam
411 880 451 915 eius
466 880 547 914 animam
562 880 617 923 longa
628 879 735 915 infirmitate

33 936 92 971 carnis
100 934 205 975 examinari,
213 939 238 976 vt,
246 933 296 968 iuxta
308 933 414 977 exemplum
426 932 509 977 apostoli,
517 933 575 967 virtus
583 932 622 967 eius
630 932 649 967 in
657 932 734 967 infirmi-
744 943 762 973 15

32 995 69 1023 tate
82 989 206 1032 perficeretur.
229 987 265 1021 Per
278 997 312 1021 sex
327 986 383 1030 igitur
394 986 491 1021 continuos
503 997 562 1021 annos
575 987 640 1021 eadem
651 986 736 1021 molestia

32 1042 114 1076 laborare
122 1051 159 1075 non
167 1040 257 1075 cessabat.
279 1039 345 1084 inquo
355 1044 394 1074 toto
405 1045 489 1084 tempore
499 1050 594 1084 nunquam
605 1040 647 1085 ipsa
654 1040 683 1075 vel
692 1052 736 1075 con-

33 1093 85 1128 ditori
96 1105 130 1128 suo
141 1093 209 1137 gratias
220 1104 281 1137 agere,
292 1093 321 1128 vel
332 1093 451 1128 commissum
464 1093 500 1127 sibi
511 1103 587 1137 gregem
599 1099 618 1127 et
629 1093 703 1137 publice
716 1099 735 1129 et

33 1147 117 1191 priuatim
129 1147 194 1181 docere
202 1146 353 1190 pretermittebat.
369 1146 416 1181 Nam
423 1156 456 1180 suo
462 1145 549 1192 predocta
557 1146 735 1192 exemplomonebat

33 1210 102 1243 omnes,
115 1205 134 1236 et
148 1200 167 1235 in
182 1200 240 1235 salute
256 1205 331 1244 accepta
349 1200 431 1245 corporis
446 1200 520 1235 domino
534 1200 684 1245 obtemperanter
696 1211 735 1235 ser·
744 1212 763 1234 πο

34 1252 126 1294 uiendum,
141 1259 160 1287 et
178 1252 196 1287 in
216 1253 301 1287 aduersis
317 1264 379 1287 rerum
394 1253 435 1288 siue
453 1252 590 1287 infirmitatibus
608 1253 734 1288 membrorum

33 1305 110 1338 fideliter
117 1305 191 1340 domino
197 1306 279 1350 agendas
287 1305 355 1351 gratias
363 1316 411 1340 esse.
434 1305 518 1351 Septimo
523 1305 578 1351 igitur
584 1315 617 1341 sue
623 1305 735 1342 infirmitatis

33 1368 86 1399 anno,
94 1369 184 1392 conuerso
192 1359 215 1393 ad
223 1359 308 1393 interna⁶
316 1360 384 1400 dolore,
391 1360 415 1393 ad
423 1359 472 1393 diem
478 1358 561 1393 vltimum
569 1360 660 1403 peruenit.
682 1359 736 1394 Hora

33 1415 93 1444 autem
101 1410 161 1446 exitus
168 1411 207 1445 eius
215 1422 313 1456 acorpore,
318 1411 337 1446 in
343 1412 378 1446 alio
386 1411 459 1457 longius
467 1412 527 1456 posito
536 1412 649 1447 monasterio
657 1413 736 1457 quedam

33 1462 175 1498 sanctimonialis
183 1465 251 1499 femina
257 1466 264 1484 ⁶
271 1465 340 1499 audiuit
348 1466 408 1500 subito
416 1465 435 1500 in
443 1476 486 1500 aere
494 1470 557 1500 notum
565 1476 654 1510 campane
662 1476 736 1510 sonum,
744 1481 763 1511 ²5

34 1525 69 1558 quo
84 1516 107 1549 ad
122 1516 214 1551 orationes
233 1518 308 1552 excitari
326 1518 409 1552 solebant
424 1528 466 1553 cum
482 1518 531 1563 que'
545 1528 608 1552 earum
624 1517 659 1553 de³
674 1519 735 1553 seculo

34 1566 97 1601 suisset
105 1574 190 1611 euocata;
202 1570 313 1613 apertisque,
320 1576 341 1604 vt
351 1571 386 1604 sibi
395 1571 497 1612 videbatur,
505 1570 569 1612 oculis,
579 1571 656 1614 aspexit,
663 1571 736 1605 detecto

34 1618 98 1653 domus
110 1620 195 1663 culmine,
208 1621 267 1656 susam
283 1623 365 1668 desuper
380 1623 439 1658 lucem
453 1624 515 1658 omnia
529 1623 641 1668 replenisse;
653 1623 735 1668 viditque

34 1671 113 1707 animam
124 1674 194 1717 prefate
206 1676 235 1711 dei
243 1675 311 1711 famule
320 1676 340 1711 in
351 1676 392 1721 ipsa
403 1676 443 1711 lucc
456 1676 584 1712 comitantibus
595 1687 616 1712 ac
627 1676 736 1713 ducentibus

33 1725 101 1769 angelis
110 1727 133 1760 ad
141 1727 201 1762 celum
208 1728 257 1764 ferri.
281 1729 304 1764 Et
315 1730 377 1764 statim
389 1740 482 1774 exurgens
492 1729 550 1764 nimio
560 1735 632 1765 terrore
638 1730 736 1776 perterrita
745 1738 764 1768 30

33 1777 171 1815 adabbatissarn
177 1782 233 1816 currit
239 1783 347 1826 queprei'uit
353 1783 736 1818 monasterioeodemannoasanctaHilda

34 1836 136 1865 constructo
144 1834 218 1867 nomine
226 1835 365 1869 Haconos⁹—et
373 1836 471 1869 tresdecim
480 1835 580 1869 miliaribus
585 1836 599 1854 ¹⁰
606 1847 617 1869 a
624 1837 736 1870 monasterio

35 1881 90 1916 Hilde
97 1884 293 1930 distabat—nuncians,
304 1888 377 1923 beatam
386 1887 467 1930 Hildam,
475 1887 547 1923 illarum
558 1888 640 1922 omnium
651 1894 736 1930 matrem,

34 1934 69 1968 iam
80 1946 91 1969 a
102 1938 164 1972 seculo
173 1939 269 1983 migrasse,
277 1946 300 1982 et,
309 1951 330 1975 se
340 1946 452 1985 aspectante,
460 1951 501 1975 curn
509 1940 550 1975 luce
559 1940 651 1976 immensa
658 1941 736 1977 ducibus

35 1988 103 2031 angelis
112 1990 134 2023 ad
143 1996 206 2026 eterna
213 1993 280 2037 gaudia
287 1993 399 2029 ascendisse.
410 1993 507 2029 Venerunt
513 1999 574 2029 autem
582 1994 661 2029 diluculo
670 1994 735 2031 fratres
744 2003 763 2034 35

34 2049 45 2073 a
52 2039 91 2075 loco
95 2042 126 2076 vbi
134 2043 219 2080 defuncta
227 2052 271 2089 erat,
277 2047 317 2082 eius
323 2047 393 2082 obitum
401 2047 514 2083 nunciantes.
539 2040 612 2083 Eadem
618 2047 674 2083 etiam
682 2055 736 2084 nocte

35 2092 104 2128 cuidam
112 2095 177 2140 virgini
185 2098 245 2132 obitus
253 2099 301 2134 iliius
309 2100 328 2134 in
336 2100 408 2135 visione
416 2101 506 2145 apparuit,
513 2111 550 2145 que
557 2100 638 2135 animam
646 2101 687 2136 eius
694 2112 736 2136 cum

35 2146 104 2188 angelis
117 2149 139 2182 ad
153 2149 213 2185 celum
226 2152 316 2188 eleuatam
329 2154 431 2198 conspexit.
454 2154 504 2189 Obiit
518 2159 579 2189 autem
590 2153 654 2198 quinto
664 2154 736 2190 decimo

34 2197 121 2233 kalendas
128 2202 236 2238 decembris.

54 2283 108 2317 1Βιέῐ.
118 2287 190 2320 ltemde.
228 2293 388 2331 'Bedgehennalis
424 2294 560 2326 ⁵T.E.venerat.
598 2295 737 2333 ‘Bedsignando

35 2330 73 2354 sese.
113 2326 262 2362 ⁵Bed.interanea.
304 2333 489 2372 ‘BednomineBegu
533 2335 569 2366 1Ε.
577 2332 645 2373 que2’l'.
653 2337 736 2372 quiscorr.

35 2364 51 2418 ff
57 2366 197 2438 E‘lugl}¹a1¹3sstliisquis
208 2380 263 2402 eorum
270 2395 274 2404 .
282 2394 297 2403 ..
306 2377 387 2405 euocatus.
437 2374 443 2392 ⁵
452 2374 471 2405 E.
479 2375 500 2405 de
506 2374 544 2405 hoc.
593 2376 599 2394 ⁹
609 2375 649 2406 Bed.
657 2375 737 2406 Hacanos.
