1762 2803
87 148 89 154 ,
127 120 173 175 380
318 118 398 172 mooe
413 117 530 180 tommo
544 117 637 179 analio.

128 248 208 284 persona
215 238 243 273 vir
251 238 281 272 dei
292 248 359 282 papam
371 238 421 273 adire
430 238 519 283 disposuit
527 250 531 274 :
543 237 680 283 assumptisque
688 247 751 272 secum
759 242 830 272 tantum
838 283 840 286 ι

128 292 195 334 tribus;
207 290 249 335 quia
259 292 319 335 palam
331 302 368 325 non
376 298 445 337 posset,
454 298 507 327 noctu
516 292 561 328 clam
569 291 687 327 transfretare
695 295 776 335 temptat.
799 289 831 324 Bis

129 345 178 380 enim
186 356 236 379 mare
245 346 345 389 ingressus,
351 345 369 379 vi
375 351 473 381 ventorum
482 346 510 381 bis
517 346 602 390 repulsus
610 350 643 380 est.
667 344 762 389 Dispersis
769 349 831 379 autem

129 398 247 434 familiaribus
266 398 304 433 suis
318 410 365 434 vnus
384 400 475 442 audacior,
494 398 610 435 Cantuariam
625 399 706 441 veniens,
723 398 741 432 in
758 408 831 432 camera

111 465 120 493 5
128 451 185 495 ipsius
193 451 326 494 archiepiscopi
334 458 388 485 nocte
396 464 417 486 se
425 453 500 497 recepit,
506 459 524 486 et
531 458 573 495 post
581 462 651 494 cenam,
660 452 755 495 quiescere
760 451 831 492 volens,

128 514 186 549 puero
197 503 253 538 dixit:
267 503 328 539 ‘Vade
342 510 360 539 et
372 505 436 540 claude
448 505 515 540 ostium
527 504 573 547 aule,
583 509 603 539 vt
614 505 697 539 securius
708 503 831 538 dormiamus!

129 557 210 592 Veniens
222 557 263 591 illuc
275 567 322 602 puer
330 569 372 592 curn
382 558 455 602 lumine,
464 563 526 603 aperto
537 557 582 591 ostio
589 557 634 593 vidit
643 557 801 601 archiepiscopum
812 556 830 590 in

128 611 195 654 angulo
207 611 273 644 sedere
285 611 355 646 solum:
367 616 386 646 et
396 611 476 655 territus,
484 616 550 656 putans
561 621 582 645 se
593 610 683 645 fantasma
690 610 764 653 vidisse,
773 609 832 644 rediit.

130 663 153 698 Et
167 663 245 698 veniens
262 663 305 698 illuc
320 664 402 708 clericus,
417 664 477 699 virum
494 664 528 707 dei,
543 664 589 698 sieut
603 675 650 707 puer
665 664 742 706 dixerat,
757 663 831 698 inuenit.

102 729 121 750 ro
130 716 239 750 Conuocatis
251 727 295 760 ergo
307 718 384 751 ecclesie
395 717 486 758 fratribus,
498 717 541 759 quid
553 716 587 750 sibi
601 716 691 750 acciderat
703 716 799 760 exposuit;
814 721 832 750 et

129 768 191 803 statim
198 768 222 802 ad
229 780 294 813 regem
301 770 388 814 perrexit.
412 770 447 813 Qui
452 769 511 803 audita
519 769 644 812 dissimulauit,
650 769 685 804 nisi
694 769 735 814 quia
743 768 832 804 iocando¹

129 823 261 866 improperauit
273 822 290 857 ei
302 833 358 866 quare
369 829 437 857 terram
450 833 501 857 suam
515 824 601 857 deserere
612 822 705 864 voluisset,
717 828 803 866 tanquam
815 822 831 857 si

129 876 180 920 ipsos
188 876 234 910 duos
242 876 297 910 simul
305 881 353 910 terra
361 887 426 920 capere
437 886 473 910 non
481 880 548 920 posset.
591 868 751 921 Archiepiscopus
759 886 831 921 quoque

130 929 260 964 eboracensis²
275 941 339 973 pacem
354 930 402 964 inter
417 941 480 974 regern
496 935 514 964 et
528 930 588 963 virum
601 929 631 963 dei
645 929 745 964 reformare
758 929 832 963 studuit„

105 996 122 1023 15
130 983 184 1016 Vnde
196 982 249 1015 mittit
260 987 334 1015 sanctus
346 984 369 1015 ad
381 993 475 1015 romanum
487 982 598 1024 pontificem,
610 987 696 1025 tanquam
709 992 776 1024 rogans
788 992 831 1015 con·

130 1033 237 1067 suetudines
251 1033 290 1068 illas
303 1034 411 1068 confirmari.
434 1034 474 1076 Que
486 1039 523 1068 tarn
536 1034 595 1068 subita
606 1033 641 1068 viri
654 1033 734 1074 mutatio,
746 1045 782 1077 que
794 1038 832 1067 tam

130 1086 230 1121 constantis
245 1087 373 1129 inconstancia,
389 1093 407 1122 vt
422 1088 477 1122 modo
492 1092 563 1132 rogaret
582 1086 665 1122 enormia
683 1087 793 1130 confirmari,
809 1088 832 1122 ad

130 1150 208 1184 quorum
221 1150 332 1174 consensum
346 1151 384 1174 non
397 1141 456 1185 potuit
470 1141 521 1185 prius
536 1140 629 1175 inclinari?
653 1139 743 1174 Nimirum
759 1140 832 1174 maioris

130 1192 204 1228 arbitrio
215 1193 287 1237 reliquit
296 1195 345 1238 quod
357 1204 391 1238 per
402 1204 422 1228 se
434 1205 471 1228 non
482 1193 598 1238 presumpsit,
605 1199 625 1229 vt
636 1205 647 1229 a
658 1204 679 1229 se
690 1194 762 1238 culpam
773 1199 833 1228 trans·

104 1258 123 1279 κο
132 1247 194 1288 ferret,
207 1252 225 1279 et
238 1246 313 1280 domino
325 1258 359 1280 suo
372 1248 488 1281 satisfaceret.
511 1248 548 1281 Sed
559 1247 607 1282 beati
619 1258 667 1292 pape
678 1247 742 1292 religio
755 1247 832 1281 circum·

131 1298 190 1333 ueniri
200 1310 237 1332 non
249 1300 313 1343 potuit,
320 1300 352 1344 qui
362 1306 455 1334 certamen
466 1300 597 1344 archiepiscopi
606 1299 690 1344 cognouit
698 1305 716 1333 et
724 1299 833 1343 porrigentis

131 1363 197 1398 preces
202 1358 273 1387 coactas
279 1353 358 1398 agnouit.
389 1346 434 1388 Rex
441 1353 489 1389 enim
495 1353 569 1389 clericos
574 1353 680 1396 homicidas,
687 1354 741 1397 sures,
747 1353 832 1394 latrones,

131 1413 162 1441 aut
173 1407 213 1441 aliis
224 1407 297 1451 flagitiis
308 1408 384 1448 deditos,
397 1409 419 1441 ad
431 1408 512 1442 seculare
525 1407 610 1442 iudicium
624 1408 712 1448 trahebat,
723 1413 742 1441 vt
755 1406 832 1441 conuicti

133 1460 220 1504 [οῐῆοἰο]Β
231 1461 353 1503 priuarentur,
365 1467 383 1494 et
395 1461 460 1504 priuati
472 1461 521 1495 curie
532 1463 653 1495 traderentur.
676 1461 833 1502 Archiepiscopus

105 1524 123 1554 25
132 1522 177 1546 vero
185 1512 260 1546 clericos
272 1512 349 1545 infames
357 1522 394 1546 non
402 1512 437 1547 nisi
445 1513 493 1556 apud
501 1512 632 1547 ecclesiasticos
640 1511 709 1546 iudices
717 1511 833 1557 permittebat

133 1564 243 1606 conueniri4,
251 1565 281 1598 vbi
293 1565 380 1599 conuicti⁵
388 1565 447 1600 officio
459 1567 589 1610 spoliarentur:
603 1566 645 1610 quia
654 1568 699 1599 ‘non
710 1566 777 1599 iudicat
787 1566 834 1599 deus

133 1619 161 1653 bis
176 1618 195 1651 in
205 1619 224 1651 id
237 1618 297 1662 ipsum
305 1620 315 1661 ¹,
323 1619 352 1653 vel
365 1630 389 1652 ne
397 1619 443 1653 forte
456 1620 522 1663 duplici
534 1630 582 1663 pena
592 1620 662 1653 multati
675 1620 724 1653 laicis
735 1619 832 1652 infamibus

133 1672 236 1706 conditione
256 1672 362 1706 viderentur
380 1672 488 1715 inferiores;
511 1674 544 1708 sed
562 1674 578 1707 si
593 1678 635 1717 post
649 1673 798 1715 degradationem
814 1672 834 1706 in

133 1724 206 1768 flagitiis
214 1725 346 1766 inuenirentur,
354 1736 365 1757 a
373 1726 450 1759 seculari
458 1725 516 1759 iudice
523 1726 630 1770 punirentur
636 1726 648 1758 ⁰.
670 1725 722 1758 Talia
729 1725 778 1758 enim
786 1725 833 1758 iram

106 1791 125 1821 30
133 1776 182 1823 regis
194 1777 322 1812 accendebant.
346 1778 395 1812 Nihil
408 1778 457 1812 enim
468 1790 479 1812 a
489 1778 528 1813 viro
540 1779 569 1813 dei
579 1779 609 1814 vel
623 1778 657 1813 dici
668 1778 698 1812 vel
711 1776 750 1812 fieri
763 1783 835 1822 poterat

133 1832 182 1875 quod
194 1843 231 1864 non
243 1831 313 1865 malicia
324 1832 424 1865 infelicium
436 1832 529 1866 hominurn
541 1834 661 1876 deprauaret:
673 1832 718 1865 adeo
731 1830 804 1875 quidem
816 1835 835 1865 vt

133 1884 172 1929 regi
185 1884 318 1927 persuaderent
331 1886 380 1927 quod
393 1885 409 1918 si
422 1885 554 1928 archiepiscopi
566 1891 646 1928 potestas
659 1885 772 1929 procederet,
785 1882 835 1928 regia

133 1937 212 1983 dignitas
223 1942 273 1971 esset
283 1937 403 1981 proculdubio
414 1938 499 1981 peritura
512 1944 530 1972 et
542 1938 558 1972 is
571 1939 645 1973 demum
658 1938 729 1972 futurus
741 1942 790 1971 esset
801 1948 835 1970 rex

133 2001 189 2034 quem
201 1991 261 2024 clerus
273 1990 355 2033 eligeret,
363 1997 381 2024 et
389 1991 476 2034 quamdiu
486 1990 566 2033 placeret
576 1991 714 2034 archiepiscopo
722 1995 835 2033 regnaturus.

107 2056 125 2087 35
135 2043 215 2077 Proinde
228 2053 262 2077 rex
275 2043 326 2077 citari
339 2043 381 2077 fecit
395 2042 557 2087 archiepiscopum,
570 2048 589 2076 vt
602 2042 631 2076 die
646 2047 712 2077 statuto
726 2042 774 2086 apud
789 2041 835 2075 Nor-

134 2097 229 2138 thamptoir
237 2096 276 2139 regi
284 2096 405 2139 responderet
413 2097 436 2130 de
441 2095 476 2129 hiis
482 2107 517 2139 que
523 2095 557 2129 sibi
566 2096 624 2130 forent
631 2095 736 2130 obiicienda.
778 2088 835 2129 Facta

135 2149 189 2194 igitur
199 2149 288 2190 contione,
296 2149 374 2184 trahitur
385 2149 404 2183 in
416 2160 489 2184 causam
501 2149 649 2194 archiepiscopus
657 2150 705 2194 quod
714 2149 736 2183 ad
745 2149 836 2193 quandam

135 2202 184 2247 regis
192 2201 294 2236 citationem
301 2214 322 2237 se
329 2203 348 2237 in
356 2204 431 2248 propria
439 2214 518 2248 persona
526 2214 562 2237 non
571 2203 678 2239 exhibuerit⁴
694 2202 730 2245 Qui
738 2202 779 2237 licet
787 2202 836 2236 suffi-

136 2257 214 2291 cientem
226 2257 352 2299 responsalem
364 2267 384 2290 se
392 2257 465 2291 misisse
473 2256 582 2300 probauerit,
590 2262 652 2290 tamen
659 2266 757 2300 procerum
765 2260 783 2290 et
790 2266 837 2299 pon-

107 2323 128 2353 40
135 2310 205 2344 tifieum
211 2308 276 2342 iudicio
285 2319 328 2342 mox
336 2309 397 2342 omnia
403 2310 442 2343 eius
450 2310 498 2342 bona
505 2308 579 2342 mobilia
586 2314 629 2342 sunt
636 2309 740 2350 confiscata,
748 2308 783 2341 nisi
791 2307 837 2341 sorte

135 2361 186 2405 regia
194 2361 290 2395 clementia
298 2361 352 2396 vellet
360 2367 463 2406 temperare
475 2361 567 2405 iudicium,
574 2364 623 2406 quod
634 2367 673 2397 est:
686 2362 705 2395 in
712 2360 838 2396 misericordia

136 2415 185 2460 regis
193 2414 247 2449 esse⁷
255 2415 279 2449 de
287 2414 337 2449 omni
348 2415 411 2450 mobili
419 2426 458 2450 suo.
478 2417 523 2450 Cum
531 2426 576 2450 vero
580 2416 661 2450 audisset
666 2427 686 2450 se
692 2414 790 2449 iudicatum
798 2413 824 2448 sic
832 2426 837 2448 :

136 2469 210 2512 ‘Quale
218 2467 281 2512 inquit,
289 2468 313 2502 sit
324 2467 410 2502 iudicium
421 2469 460 2511 hoc,
468 2480 499 2503 me
508 2468 563 2503 etiam
571 2474 643 2504 tacente
654 2468 716 2504 secula
726 2474 768 2513 post
778 2468 838 2503 futura

155 2546 270 2575 ¹E.iocundo.
328 2543 364 2581 φρ,
375 2544 404 2581 Ep.
412 2545 513 2574 ebroicensis.
574 2544 621 2575 ³om.
677 2543 712 2574 4Τ.
720 2543 738 2574 E.
746 2544 837 2573 conuenire.

135 2583 141 2603 ⁶
152 2585 169 2616 E.
177 2584 261 2615 coniuncti.
322 2583 328 2600 ⁶
339 2583 357 2613 E.
364 2589 467 2621 punerentur.
527 2582 533 2600 ⁷
544 2583 563 2621 Q.
574 2584 651 2614 iudicatus
659 2586 688 2615 est.
