1762 2803
171 166 217 221 Da
233 164 332 218 &aucto
347 164 453 227 baanae
468 164 586 226 aiaton.
701 178 730 221 43

32 295 92 326 autem
101 288 150 322 sama
159 286 193 321 viri
202 286 231 321 dei
239 286 262 320 ad
270 297 325 320 aures
333 287 383 330 regis
393 285 469 320 Henrici
477 286 546 331 Anglie
552 286 673 330 peruenisset,
681 285 731 320 misit

30 341 106 377 nuncios
114 340 223 382 Cartusiam,
228 345 247 374 vt
254 350 296 374 eum
306 340 388 383 priorem
393 338 499 380 Withamie,
507 339 526 373 in
534 340 641 384 episcopatu
648 337 732 372 bathoni-

31 397 75 441 ensi,
84 394 209 431 constitueret.
232 393 268 436 Qui
275 392 337 428 statim
345 392 431 428 fratribus
439 392 475 429 ait.-
487 393 520 428 ‘In
528 393 589 428 medio
596 398 658 428 vestre
665 391 732 428 sancti·

30 452 70 486 tatis
85 456 122 484 tarn
142 448 173 482 diu
188 452 314 488 conuersatus‚
330 446 404 481 monitis
423 452 441 481 et
460 446 551 490 exemplis
566 446 634 480 vestris
653 446 733 487 adiutus,

30 513 123 547 nunquam
130 501 185 546 [uel]¹
194 511 228 544 per
234 510 291 534 vnum
299 500 348 534 diem
356 499 437 534 animam
445 510 506 534 meam
514 499 607 534 custodire
614 498 659 533 sciui
667 511 672 533 z
683 498 733 533 vnde
742 508 751 538 5

32 557 87 593 miror
93 555 184 600 quomodo
193 554 216 588 ad
223 554 316 598 regendas
324 553 401 587 aliorum
409 552 481 587 animas
489 552 536 587 mitti
543 553 616 596 longius
622 551 733 586 debuissem.

32 609 114 652 Qualiter
121 606 219 640 instituere
229 616 296 639 nouam
307 607 383 640 domum
393 606 502 646 sufficerem,
513 605 544 649 qui
556 605 673 649 antiquorum
683 603 733 638 insti·

31 668 69 698 tuta
81 670 155 696 seruare
166 657 253 703 nequiuit
276 657 357 693 Puerilia
366 663 409 693 sunt
419 658 454 693 ista
462 668 497 702 que
506 658 565 701 audio,
573 663 591 692 et
601 669 636 692 nec
644 656 734 691 delibera·

32 715 84 751 tionis
96 718 146 747 tante
159 711 221 757 spacio
233 710 348 756 aliquatenus
360 711 424 756 digua¹
446 711 531 746 Tandem
542 722 593 754 vero,
604 711 646 746 licet
655 711 733 745 multum

32 769 118 809 renitens,
129 765 180 811 prior
190 765 292 800 Withamie
302 764 360 799 factus
372 770 406 798 est.
451 757 530 799 Factum
542 770 571 799 est
583 769 675 799 autemut
688 764 734 798 defi·
744 776 762 798 ιο

33 820 106 855 cerent²
117 814 202 862 sumptus
211 819 234 852 ad
242 817 314 851 edificia
321 818 456 851 construenda:
468 822 486 851 et
494 817 569 852 mittens
577 817 633 862 Hugo
641 816 699 852 semel
707 822 735 851 at·

34 885 68 919 que
74 872 140 908 iterum
146 871 212 906 fratres
218 871 241 906 ad
247 881 315 915 regem,
322 870 378 915 [cum]
383 871 390 890 ⁸
396 870 441 905 nihil
447 877 510 916 preter
515 871 649 915 promissiones
655 876 673 905 et
677 871 734 905 verba

33 930 153 971 reportarent,
165 924 272 969 assumpto*
284 924 364 969 quodam
376 923 432 959 fratre
443 924 519 959 nomine
533 924 615 959 Gerardo
628 925 651 958 ad
665 924 734 958 curiam

33 980 124 1024 proiectus
137 983 170 1012 est.
194 977 244 1019 Quos
256 988 290 1011 rex
304 976 383 1021 benigne
401 976 502 1021 excipiens,
514 978 582 1012 blanda
597 977 674 1019 locutus,
686 977 734 1011 bona

34 1031 129 1075 pollicitus,
142 1041 216 1064 causam
230 1029 322 1064 dilationis
337 1039 435 1071 excusans,
448 1030 526 1063 celerius
542 1030 604 1063 omnia
621 1029 734 1073 perficienda
744 1042 762 1072 15

33 1083 147 1128 promittens,
155 1087 241 1126 sumptus
248 1087 310 1116 tamen
318 1092 355 1115 non
364 1082 444 1124 contulit,
452 1093 486 1117 nec
494 1082 567 1127 quando
575 1087 625 1117 esset
636 1082 735 1118 collaturus

35 1136 100 1170 certius
108 1135 204 1170 intimauit.
226 1136 278 1170 Tune
286 1135 441 1170 iraterGerardus
451 1145 515 1179 regem
523 1136 587 1170 durius
594 1135 643 1180 cepit
651 1146 734 1179 arguere,

33 1190 80 1223 inter
95 1195 155 1223 cetera
168 1189 243 1223 dicens:
261 1188 337 1223 ‘Totum
348 1188 401 1222 vobis
416 1199 494 1233 regnum
506 1194 594 1231 vestrum,
606 1188 680 1223 domine
695 1199 734 1230 rex,

35 1242 116 1286 quietum
130 1243 175 1276 cedo
188 1247 206 1276 et
219 1242 242 1276 ad
257 1247 339 1276 nostram
351 1241 413 1286 potius
426 1242 559 1277 cartusiensem
573 1241 670 1277 heremum
682 1242 735 1277 vobis

33 1289 141 1331 valefaciens
149 1306 193 1330 mox
201 1296 270 1331 redibo.
294 1295 363 1330 Putatis
368 1305 401 1330 vos
407 1295 485 1340 gratiam
493 1295 546 1330 nobis
552 1294 641 1330 exhibere
648 1295 664 1330 si
671 1302 734 1330 vestro
745 1311 764 1332 ro

34 1359 68 1381 nos
80 1348 110 1381 vel
125 1359 173 1392 pane
189 1348 302 1388 sustentetis,
317 1358 358 1382 curn
374 1358 396 1381 eo
411 1348 485 1391 penitus
500 1358 537 1381 non
553 1351 641 1392 egemus?
663 1348 736 1383 Verum

35 1399 108 1434 melius⁵
114 1400 167 1434 nobis
173 1405 201 1434 est
207 1401 230 1434 ad
236 1410 281 1434 saxa
287 1405 391 1434 nostrarum
398 1400 497 1444 confugere
501 1400 584 1445 Alpium,
589 1411 644 1445 quam
650 1401 674 1435 ad
680 1401 736 1435 talem

35 1452 127 1485 hominem
132 1453 201 1487 habere
206 1453 310 1487 conssictum
317 1453 348 1496 qui
353 1458 412 1487 totum
418 1454 467 1497 quod
473 1462 507 1496 pro
512 1463 546 1487 sua
551 1453 666 1496 suggeriturl
672 1452 736 1493 salute,

35 1509 122 1548 tanquam
129 1505 222 1549 perditum
230 1505 332 1539 arbitratur.
352 1505 425 1540 Habeat
431 1505 497 1550 igitur⁷
506 1505 558 1540 citius
566 1505 673 1549 amissurus,
681 1511 699 1540 et
707 1505 736 1540 cui

36 1558 93 1592 nescit
104 1558 175 1603 ingrato
185 1558 288 1601 relicturus,
297 1569 342 1604 opes
350 1570 396 1603 quas
408 1565 478 1593 tantum
490 1564 549 1601 amat3
561 1570 596 1594 nec
605 1559 690 1594 Christus
701 1559 737 1593 hiis
746 1574 764 1604 ²5

36 1610 124 1653 dignatur,
132 1622 166 1645 nec
175 1611 272 1656 quisquam
283 1613 342 1645 bonus
353 1611 468 1654 christianus,
475 1611 591 1656 participari.¹
615 1612 657 1646 Hee
666 1616 684 1647 et
691 1612 736 1646 satis

35 1662 106 1696 duriora
122 1663 204 1698 Gerardo
223 1671 353 1709 prosequente,
363 1669 415 1699 tanto
425 1664 465 1700 vice
480 1665 530 1709 regis
542 1664 597 1709 Hugo
612 1665 694 1700 suffirsus
708 1670 737 1700 est

36 1716 107 1756 rubore,
114 1722 134 1751 vt
141 1723 190 1751 totus
198 1718 333 1752 inhorresceret
339 1724 357 1752 et
365 1718 397 1753 vix
404 1718 530 1752 confusionem
539 1718 600 1752 cordis
607 1717 636 1752 sui
644 1718 736 1754 toleraret.

38 1766 123 1803 Monebat
130 1769 205 1804 fratrem
213 1771 315 1805 modestius
323 1771 380 1811 effari,
387 1771 455 1805 talibus
465 1781 542 1816 parcere
553 1777 584 1804 aut
595 1771 670 1815 penitus
677 1772 737 1806 silere.

38 1818 105 1855 Verum
113 1821 144 1866 [is]
149 1822 161 1865 ⁸,
166 1828 186 1858 vt
193 1829 233 1858 erat
241 1823 353 1858 conscientie
360 1824 444 1868 purioris,
452 1823 489 1858 iam
497 1823 550 1858 dictis
556 1824 591 1858 alia
597 1830 652 1868 atque
657 1825 692 1860 alia
698 1825 737 1869 qui·
746 1836 766 1865 3⁰

38 1872 72 1906 bus
79 1874 182 1917 principem
192 1875 292 1920 corrigeret
303 1882 334 1910 aut
346 1876 428 1910 erudiret
435 1876 547 1920 superaddit.
571 1876 696 1911 intereavero
704 1887 738 1911 rex

37 1934 71 1957 nec
81 1927 163 1960 vultum⁹
173 1928 251 1962 mutauit
262 1939 296 1963 nec
307 1929 384 1963 verbum
396 1928 458 1971 edidit,
466 1929 522 1963 immo
530 1928 595 1964 tacitus
603 1934 621 1963 et
629 1929 738 1974 tranquillus

39 1976 128 2013 dicentem
136 1980 228 2023 sustinuit,
233 1991 329 2026 quousque
334 1981 421 2017 uniuersa
428 1993 463 2026 que
471 1988 534 2017 mente
542 1989 651 2027 conceperat
657 1993 689 2017 ore
695 1994 737 2027 par·

38 2030 106 2065 turiret.
129 2033 198 2068 Habito
208 2039 250 2079 post
258 2035 292 2069 hec
300 2034 411 2079 aliquamdiu
420 2035 497 2074 silentio,
506 2035 567 2080 priore
574 2036 645 2070 vultum
653 2045 687 2079 pre
695 2047 738 2071 con·

38 2080 108 2118 fusione
116 2086 237 2130 deprimente,
245 2098 278 2122 rex
285 2098 386 2122 conuersus
397 2088 420 2122 ad
432 2087 531 2133 Hugonem
539 2087 575 2123 ait:
587 2088 686 2133 ‘Nunquid
695 2089 739 2133 [et]⁸
747 2099 766 2130 35

38 2139 56 2167 tu
64 2136 113 2171 abire
122 2139 205 2183 disponis
213 2146 231 2174 et
239 2141 305 2174 cedere
316 2140 369 2174 nobis
380 2151 458 2184 regnum
468 2147 552 2175 nostrum
558 2142 575 2175 i'
599 2141 623 2176 Et
631 2142 739 2185 complexus

38 2195 85 2229 eum,
93 2200 134 2224 cum
142 2191 245 2226 iuramento
252 2193 287 2227 ait:
300 2193 347 2226 ‘Per
358 2192 435 2227 salutem
447 2193 509 2228 anime
516 2204 563 2236 mee,
571 2193 615 2228 dum
623 2193 692 2236 vixero,
700 2200 739 2229 tua

38 2246 78 2272 mco
83 2251 140 2285 regno
146 2254 183 2278 non
188 2245 277 2280 discedes.
293 2245 362 2280 Tecum
368 2245 492 2290 enlmpartiar
497 2245 572 2281 consilia
578 2246 670 2289 salutaria,
677 2253 738 2282 tecum

40 2295 56 2323 et
62 2294 121 2329 studia
129 2296 190 2332 anime
196 2308 237 2333 mee
243 2298 358 2333 necessaria?
381 2298 404 2332 Et
410 2299 485 2333 mittens
490 2299 585 2334 confestim
594 2307 684 2344 sumptus,
692 2311 739 2345 opus

38 2352 78 2400 cum
85 2356 157 2383 summa
165 2350 251 2385 instantia
258 2351 347 2395 compleri
354 2350 412 2385 iussit.
465 2344 550 2396 Contigit
557 2352 607 2386 enim
615 2363 679 2396 regern
688 2352 738 2387 Hen-
747 2364 767 2392 40

39 2403 94 2431 rreum
102 2411 143 2434 cum
151 2403 219 2447 magna
224 2403 283 2439 classe
291 2414 329 2447 sua,
335 2408 374 2438 orta
379 2408 488 2447 tempestate
495 2403 514 2439 in
521 2404 568 2438 mari
574 2415 622 2448 pene
630 2405 739 2448 naufragari.

40 2446 122 2491 Apss'ma
135 2455 184 2489 enim
192 2456 254 2499 vigilia
262 2457 321 2490 noctis
330 2466 381 2490 mare
391 2456 523 2497 intumescens,
531 2456 644 2490 seuientibus
650 2456 663 2475 ¹⁰
672 2458 738 2499 ventis,

39 2506 94 2535 naues
102 2514 150 2540 nunc
158 2507 213 2543 astris
225 2508 312 2552 inserere,
321 2520 370 2544 nunc
380 2508 491 2553 immergere
502 2508 563 2543 abisso
573 2509 673 2544 laborabat.
696 2509 739 2544 Rex

39 2566 150 2620 ,¹0mduE.
188 2577 311 2609 ⁹E.deficeret.
351 2578 439 2609 ³T.E.et.
475 2577 603 2616 *asssumpta
640 2578 739 2610 tatsatius.

54 2608 143 2648 al.gentur‚
183 2616 272 2649 'Vitsibi
312 2618 359 2649 'orn
399 2617 511 2649 ’Vitvultua
552 2617 564 2637 ¹⁹
574 2618 695 2651 n1.turentibus.
