1762 2803
126 105 169 186 328
316 128 528 192 attentamur
543 128 636 192 tonitr.

125 250 209 286 fatentur.
232 250 397 292 Curruntomnes
411 251 434 284 ad
448 251 493 292 tarn)
505 250 575 294 grande
587 249 711 295 spectaculum
724 254 742 283 et
755 248 828 283 ueniam

126 305 219 349 postulant
230 303 335 348 ignorancie
346 309 365 337 et
376 302 441 337 delicti
461 302 543 347 Corpore
551 302 719 338 autemhonorifice
727 302 745 337 in
752 302 829 337 ecclesia

126 359 203 402 sepulto,
211 356 316 391 infamatrix
323 358 363 391 eius
371 367 382 390 a
390 357 469 392 demone
479 356 571 402 arripitur,
579 362 597 392 et
608 355 668 391 scelus
677 365 730 391 suum
739 355 829 390 confitens

126 411 150 445 ad
160 412 265 456 sepulcrum
275 409 351 455 uirginis
361 409 439 444 ueniens
450 410 542 445 liberatur,
564 410 595 444 Ad
603 409 654 444 cuius
664 409 754 443 tumulum
765 409 828 453 populi

109 476 118 505 5
127 464 208 507 undiquc
215 463 309 497 conssuunt
317 468 335 497 et
343 464 401 497 multa
408 463 496 498 miracula
504 463 562 508 liunt].

213 569 228 607 ‘li
241 561 274 603 Dr
286 579 356 603 sancro
368 561 473 603 chuanno
485 577 571 603 briscono
583 578 605 602 ar
616 577 738 603 connessonn.

149 644 163 667 1.
175 634 223 668 Text
231 632 250 667 in
259 633 279 667 E.
285 633 302 668 ¹:

160 697 221 737 Ancte
233 702 361 740 perpetueque
373 695 462 730 memorie
475 695 584 737 Richardus,
595 695 668 730 natione
679 695 774 740 Anglicus,
782 694 829 739 Wy-

182 749 303 795 gomfiensis]
316 749 401 792 diocesis,
412 748 456 783 viiia
467 759 503 793 que
515 759 525 783 a
536 753 592 792 puteo
603 748 646 783 salis
658 748 726 783 ibidem
733 748 789 784 Wike
800 748 829 783 vei

127 803 202 847 Wyeh.²
213 803 321 847 appellatur,
334 802 440 846 parentibus
455 802 557 835 secundum
573 802 629 836 seculi
644 807 711 836 statum
726 813 763 835 non
778 802 830 845 igno-

128 855 199 899 bilibus,
212 860 265 899 patre
277 854 374 897 Richardo‚
386 859 444 889 matre
455 864 499 889 vero
511 853 569 888 Alicia
580 853 659 896 nomine,
667 853 726 888 extitit
737 853 830 888 oriundus.

101 921 120 943 ro
129 909 165 952 Qui
180 908 251 945 iuuenis
265 908 347 948 choreas,
360 906 443 953 tripudia,
456 912 474 941 et
486 918 534 941 vana
548 907 669 942 consimilium
684 908 830 952 spectaculorum

128 973 197 1006 genera
212 962 238 995 sic
251 962 359 996 detestando
369 961 455 1005 fugiebat,
467 966 486 996 vt
497 972 532 996 nec
545 962 641 997 blandiciis
654 972 689 997 nec
702 968 830 996 coetaneorum

127 1016 218 1056 suasione,
232 1021 294 1048 contra
309 1021 393 1049 naturam
408 1014 467 1056 etatis,
481 1015 503 1049 ad
517 1026 539 1049 ea
552 1014 600 1050 flecti
613 1020 684 1060 poterat
696 1014 753 1059 ve[i}³
765 1015 830 1051 induci.

128 1067 247 1110 Omnesque*
262 1072 359 1101 coetaneos
378 1072 396 1101 et
414 1067 548 1111 condiscipulos
567 1078 610 1101 suos
629 1067 681 1101 breui
695 1073 779 1112 tempore
794 1073 830 1101 tam

128 1118 235 1153 eruditionis
253 1130 309 1163 quam
324 1119 468 1153 conuersationis
487 1124 505 1152 et
524 1129 596 1153 morum
615 1119 718 1154 maturitate
737 1120 831 1163 precessit.

102 1171 241 1217 15Fraterque⁶
255 1172 314 1216 ipsius
332 1173 398 1212 senior,
418 1171 436 1206 in
455 1171 536 1207 custodia
554 1170 601 1206 infra
620 1176 686 1207 etatem
705 1171 792 1213 existens,
808 1173 831 1207 ad

128 1225 203 1269 plenam
218 1229 284 1259 etatem
300 1235 353 1260 suam
368 1225 391 1260 de
407 1225 488 1259 custodia
504 1225 573 1266 exiens,
586 1227 646 1261 nudus
661 1231 679 1261 et
694 1236 765 1270 pauper
777 1226 832 1260 nimis

128 1284 197 1312 terram
212 1288 264 1312 suam
278 1278 384 1322 ingreditur,
406 1277 476 1312 Videns
492 1277 546 1322 igitur
559 1278 663 1312 Richardus
678 1278 738 1312 fratris
753 1289 832 1323 pauper-

128 1337 190 1375 tatem,
200 1341 242 1366 cum
253 1331 297 1365 nihil
305 1331 382 1366 haberet
388 1332 438 1365 vnde
449 1329 594 1375 s[ibi]⁶posset⁷
606 1331 710 1371 subuenire,
719 1331 801 1375 seipsum
812 1332 831 1365 in

129 1385 242 1418 seruientem
261 1384 297 1418 sibi
312 1384 395 1417 tradidit:
414 1385 445 1417 vbi
461 1394 495 1427 per
510 1390 594 1427 tempora
608 1395 646 1417 non
661 1384 733 1417 modica
747 1385 766 1417 in
782 1385 832 1417 omni

103 1452 122 1472 ιο
130 1436 221 1480 patientia,
229 1441 336 1480 paupertate
345 1441 363 1470 et
370 1435 472 1470 deiectione
484 1446 554 1480 magna,
563 1446 612 1470 nunc
620 1437 643 1470 ad
655 1441 741 1479 aratrum,
749 1447 798 1470 nunc
809 1438 832 1471 acl

130 1489 196 1534 bigam,
208 1500 257 1523 nunc
269 1489 292 1523 ad
305 1489 341 1523 aha
353 1488 459 1524 huiusmodi
470 1499 527 1533 opera
538 1499 603 1524 manus
617 1489 697 1532 mittens,
709 1488 802 1524 humiliter
814 1495 832 1524 et

131 1544 214 1576 modeste
230 1541 309 1576 seruiuit.
331 1541 386 1576 Vnde
399 1543 455 1575 frater
469 1553 512 1576 eum
524 1542 543 1575 in
556 1547 606 1575 tanta
618 1541 724 1576 affectione⁸
735 1542 833 1586 recollegit,

131 1596 180 1638 quod
193 1599 249 1629 totam
261 1594 382 1629 hereditatem
394 1605 446 1628 suam
460 1594 495 1628 sibi
510 1605 543 1628 sua
559 1600 607 1629 carta
620 1594 738 1630 confirmauit.
767 1595 833 1629 Postea

131 1658 174 1681 cum
187 1646 291 1681 Richardus
304 1651 360 1680 totam
375 1647 495 1680 hereditatem
510 1648 585 1690 pacifice
601 1639 714 1689 obtinuisset,
726 1646 779 1681 amici
794 1648 833 1683 eius

104 1717 122 1747 ²5
132 1700 214 1734 carnales
226 1699 250 1733 de
258 1699 337 1743 quadam
349 1698 404 1733 nobili
416 1704 434 1733 et
445 1710 535 1743 generosa
546 1699 608 1743 puella
621 1699 638 1732 ei
651 1699 834 1744 matrimonialhterP

131 1754 235 1798 copulanda
246 1758 324 1788 tractare
335 1758 428 1798 ceperunt.
451 1753 504 1796 Quod
514 1763 555 1787 cum
566 1753 622 1787 frater
632 1753 671 1788 eius
682 1751 807 1797 intellexisset,
816 1760 834 1789 et

130 1807 167 1840 iam
181 1806 294 1841 Richardum
308 1807 374 1841 dictam
388 1806 469 1841 nobilem
482 1807 561 1851 puellam
575 1817 617 1841 curn
629 1806 691 1842 multis
704 1808 757 1842 bonis
770 1817 834 1851 recep-

130 1865 202 1895 turum:
215 1860 238 1894 dc
244 1859 339 1895 collatione
345 1865 394 1894 terre
400 1870 432 1894 sue
439 1859 521 1904 penituit,
526 1864 545 1894 et
551 1858 598 1904 cepit
604 1859 711 1895 contristari,
731 1860 834 1895 Richardus

131 1918 192 1947 autem
204 1913 238 1946 hoc
250 1912 359 1956 intelligens,
369 1913 415 1947 dixit
426 1912 476 1946 fratri
487 1924 531 1946 suo:
544 1913 601 1954 ‘Nora
609 1912 716 1948 charissime
727 1913 788 1955 frater,
796 1924 833 1948 non

103 1983 123 2012 30
131 1970 208 2009 propter
216 1965 250 1998 hoc
260 1966 344 1999 turbetur
352 1975 383 1999 cor
390 1970 452 2007 tuum;
464 1975 507 1999 nam
518 1965 564 2000 adeo
576 1965 648 1999 curialis
655 1971 675 1999 vt
684 1965 734 1999 suisti
745 1976 788 2010 erga
799 1976 834 2009 me,

132 2030 163 2053 ero
177 2024 195 2052 et
209 2028 243 2061 ego
257 2028 301 2061 erga
315 2022 339 2052 te.
370 2017 418 2052 Ecce
435 2018 511 2052 restituo
524 2017 558 2052 tibi
572 2022 639 2052 terram
653 2023 671 2052 et
684 2023 758 2061 cartam,
770 2019 803 2053 sed
817 2025 835 2053 et

132 2072 217 2115 puellam,
229 2071 245 2104 si
257 2070 291 2105 sibi
303 2077 322 2105 et
335 2071 399 2105 amieis
410 2071 449 2105 suis
460 2070 560 2115 placuerit:
576 2081 670 2115 nunquam
682 2070 731 2106 enim
743 2083 764 2107 os
775 2071 834 2117 ipsius

131 2123 247 2159 deosculatus
260 2125 312 2158 sum!
335 2124 436 2159 Confestim
448 2124 504 2169 igitur
515 2124 588 2168 reliquit
600 2124 704 2159 Richardus
717 2130 754 2159 tam
766 2130 834 2160 terram

132 2188 188 2220 quam
200 2177 283 2219 puellam,
291 2182 309 2211 et
321 2187 386 2212 omnes
398 2177 471 2220 amicos,
483 2183 501 2212 et
512 2178 536 2211 ad
547 2177 628 2211 studium
639 2177 763 2212 vniuersitatis
774 2178 835 2223 primo

105 2234 124 2263 ³5
133 2229 211 2271 Oxonie,
218 2229 284 2262 deinde
291 2229 371 2263 Parisios
377 2240 397 2263 se
403 2231 499 2272 transtulit,
504 2230 534 2264 vbi
541 2229 627 2273 Logieam
633 2229 723 2265 addidicit.
739 2231 835 2275 Tantaque

133 2283 166 2317 fuit
174 2281 209 2317 sibi
216 2281 341 2316 addiscendi¹⁰
347 2282 424 2326 affectio,
432 2284 480 2327 quod
489 2283 512 2317 de
520 2283 569 2318 victu
577 2287 607 2317 aut
614 2281 723 2318 vestimento
731 2294 796 2329 parum
804 2289 835 2318 aut

152 2352 158 2370 ¹
168 2352 197 2381 Ed,
206 2351 223 2379 in
230 2350 249 2380 Α.
260 2351 289 2380 85.
300 2350 340 2380 Boll.
349 2350 387 2388 Apr.
398 2351 411 2387 1,
421 2361 436 2388 p,
446 2352 475 2388 278
486 2352 528 2389 (and,
536 2352 614 2388 modified,
623 2352 639 2381 in
647 2353 715 2390 Surius).
736 2352 771 2383 MS.
778 2353 796 2382 T.
804 2355 835 2382 and

132 2391 196 2421 Tanner
206 2390 246 2419 have
255 2399 265 2419 a
275 2389 338 2418 shorter
346 2390 386 2427 Life,
393 2390 421 2418 but
430 2391 457 2419 the
466 2399 509 2419 same
516 2391 588 2420 miracles
595 2393 626 2420 and
638 2392 715 2421 Narratio.
736 2392 770 2420 The
777 2397 811 2420 text
819 2392 835 2421 in

133 2431 150 2462 E.
156 2432 169 2460 is
174 2429 250 2467 abridgcd
257 2430 284 2467 [by
289 2429 370 2467 Capgrave
376 2431 388 2469 t)
394 2429 434 2459 from
441 2430 468 2458 the
473 2429 509 2458 Vita
516 2430 537 2468 by
545 2430 618 2469 Raduiph
626 2430 711 2469 (Bocking)
719 2431 737 2459 oi
742 2430 836 2460 chichester

132 2471 148 2501 in
160 2470 194 2500 MS.
202 2469 260 2499 Sloane
269 2478 307 2507 1772
315 2469 420 2507 [imperseetly
427 2470 452 2499 ed.
459 2470 475 2498 in
483 2470 523 2500 Boii.
535 2480 550 2508 p.
558 2470 601 2510 282),
608 2471 661 2501 which
668 2481 702 2500 was
708 2471 772 2500 written
780 2480 801 2500 on
809 2471 836 2501 the

132 2511 247 2542 canonization.
266 2510 284 2539 T.
292 2510 305 2538 is
312 2509 344 2539 abr.
352 2509 404 2550 partly
410 2510 449 2539 from
457 2510 484 2539 the
490 2510 639 2541 canonization-bull
647 2510 665 2540 oi
670 2510 725 2541 Urban
734 2510 761 2549 1v,
767 2510 804 2547 Jan.
810 2520 835 2549 aa,

133 2553 176 2582 1262.
202 2549 314 2587 ²SirWycha.
339 2549 405 2580 ³E.ve.
430 2548 562 2588 ⁴8011.qu0que.
582 2550 745 2581 'Bothninterim
770 2550 804 2582 ⁶E.
813 2560 836 2583 se.

131 2590 224 2631 'Epossit
251 2589 377 2621 tneffectimre.
402 2589 574 2623 tumammonialem,
609 2590 836 2629 ¹⁰Bollrom.sibi;discendi.
