1762 2803
161 127 207 182 bt
222 123 322 178 aaran
339 123 440 181 abuma
456 122 640 184 archiepiscopo.
706 137 751 179 399

51 247 100 283 enim
118 246 179 291 palam
197 245 246 291 quod
262 255 316 279 eausa
334 249 384 278 esset
399 243 463 279 mortis
478 244 619 288 archiepiscopi,
631 249 649 278 et
666 243 751 287 quicquid

52 303 118 336 lactum
129 300 162 334 suit
173 304 250 344 propter
261 308 303 333 eum
315 297 382 332 fartum
394 301 455 340 esset;
470 307 507 331 non
519 296 568 342 quod
580 295 621 343 ipse
633 295 753 337 mandauerit,

52 354 95 390 sed¹
103 353 203 387 familiares
210 352 255 394 eius,
262 351 348 385 videntes
356 351 484 391 turbationem,
492 350 577 385 iniuriam
585 350 625 384 eius
632 350 753 384 vindicabant.

51 409 103 442 Tune
115 405 216 439 iniunctum
225 410 253 439 est
261 403 278 438 ei
286 415 296 438 a
304 403 369 448 legatis
380 403 428 447 quod
440 402 530 438 inueniret
542 404 630 438 ducentos
641 402 708 437 milites
719 412 754 446 per

52 469 120 494 annum
126 459 217 501 integrum
228 456 332 500 sumptibus
343 455 382 489 suis
393 455 412 489 in
420 460 469 489 terra
478 455 650 494 Hierosolimorum,
657 455 771 498 vnicuique5

53 510 104 545 militi
112 514 204 544 trecentos
211 518 277 543 aureos
285 506 402 552 assignando.
424 507 522 543 Secundo:
534 508 583 552 quod
591 518 648 552 praua
656 511 723 542 statuta
731 508 754 540 dc

53 562 163 603 Cbrendofi,
174 567 193 595 et
204 572 269 595 omnes
281 561 340 595 malas
351 561 505 596 consuetudines²
515 562 534 595 in
546 560 628 596 ecclesiis
640 561 704 596 diebus
715 560 755 594 suis

53 617 164 650 introductas
170 616 274 656 dimitteret,
280 619 298 649 et
306 624 342 658 que
350 614 397 648 male
405 619 447 648 ante
454 619 527 659 tempus
533 624 586 649 suurn
594 613 698 658 [luerunt]³,
705 612 755 647 iuxta

54 670 139 704 mandata
150 667 218 702 domini
229 678 278 711 pape
289 672 307 702 et
319 667 447 711 religiosorum
459 667 540 701 virorum
551 667 627 701 consilia
638 673 755 711 temperaret.

54 722 127 755 Tertio:
139 721 188 764 quod
196 720 273 754 ecclesie
281 719 404 753 cantuariensi
414 719 433 753 in
443 720 497 755 terris
508 724 526 754 et
538 719 577 754 aliis
589 718 755 754 cuncta⁴restitue
766 731 784 752 ιο

55 780 87 815 ret,
94 780 113 807 et
120 774 169 818 quod
177 773 263 807 omnibus
271 772 337 816 quibus
344 778 421 816 propter
430 772 587 816 archiepiscopum
597 772 657 807 suerat
668 771 756 813 offensus,

55 836 119 872 pacem
137 830 155 860 et
172 835 254 861 amorem
273 835 294 861 ac
309 824 437 870 possessiones
452 825 543 861 redderet.
572 825 653 868 Quarto:
670 826 725 870 quod,
740 825 757 860 si

55 880 140 914 domiuus
147 889 196 924 papa
207 879 224 913 ei
235 880 336 921 mandaret,
343 878 390 913 iret³
397 878 416 913 in
429 879 530 923 Hispanias
537 880 560 913 ab
567 879 680 913 liberandam
688 884 756 913 terram

56 934 79 967 de
90 932 175 966 manibus
186 942 306 976 paganorum.
329 932 450 966 iniunxerunt
458 932 475 966 ei
483 932 572 967 secretius
582 931 650 967 ieiunia
661 936 679 966 et
690 932 757 966 elemo-

56 986 111 1026 sinas,
120 991 138 1019 et
146 985 181 1019 alia
188 986 272 1029 quedam.
294 985 324 1019 Ad
333 986 366 1019 hec
376 985 437 1019 omnia
445 996 479 1019 rex
487 986 566 1029 benigne
575 995 672 1019 assensum
680 985 758 1028 prebuit,
768 997 784 1025 ¹5

57 1040 80 1072 ita
92 1044 111 1072 vt
123 1037 184 1081 palam
197 1037 276 1071 diceret:
293 1037 355 1078 ‘Ecce
368 1037 436 1071 domini
450 1037 509 1081 legati,
521 1048 587 1081 corpus
599 1047 660 1071 meum
672 1037 690 1070 in
702 1047 757 1070 manu

56 1095 117 1126 vestra
132 1094 172 1125 est:
189 1089 275 1134 quicquid
290 1088 340 1124 enim
355 1089 457 1125 iusseritis⁸
469 1097 544 1135 paratus
556 1102 597 1125 sum
611 1091 682 1125 facere.²
703 1091 758 1125 Vnde

57 1144 113 1186 multi,
122 1143 161 1178 eius
172 1143 292 1178 humilitatem
300 1143 384 1178 videntes
396 1149 414 1178 et
425 1144 548 1186 deuodonem,
555 1144 586 1178 vix
598 1150 682 1189 poterant
694 1144 757 1178 lachri-

57 1207 97 1231 mas
108 1196 207 1231 continere.
230 1196 351 1230 Deduxerunt
359 1207 401 1230 eum
409 1197 463 1241 legati
471 1204 523 1232 extra
531 1197 598 1231 ostium
605 1197 682 1232 ecclesie
690 1208 694 1232 :
707 1202 725 1231 et
733 1196 757 1231 ibi

58 1250 110 1284 ilexis
118 1250 196 1294 genibus
203 1250 303 1291 absolutus,
311 1250 330 1283 in
338 1250 435 1284 ecclesiam
443 1250 556 1284 introductus
564 1256 598 1284 est.
621 1250 689 1284 lurauit
697 1256 758 1284 autem
768 1263 787 1284 ιο

58 1313 91 1335 rex
103 1302 196 1336 Henricus
210 1301 259 1335 filius
274 1313 324 1341 suus,
336 1302 351 1335 si
364 1308 417 1345 pater
431 1313 475 1336 suus
486 1304 589 1341 decederet,
600 1312 621 1336 se
633 1302 705 1336 omnia⁷
717 1312 759 1345 pre-

58 1354 106 1388 dicta
116 1355 261 1388 obseruaturom.
307 1347 383 1398 Elapsis
394 1359 455 1389 autem
463 1359 504 1398 post
512 1355 546 1388 hec
554 1354 633 1398 quinque
644 1354 703 1394 annis,
711 1354 760 1387 filius

59 1417 102 1441 suus
114 1406 212 1448 Henricus,
223 1406 268 1441 inito
279 1417 321 1441 eum
332 1417 376 1450 rege
388 1406 501 1442 Francorum
512 1408 579 1450 sedere,
587 1407 676 1442 aduersus
687 1412 760 1451 patrem

59 1459 144 1494 intestina
152 1461 199 1494 bella
206 1461 268 1494 mouit.
284 1460 338 1495 Vnde
346 1466 399 1505 pater
406 1460 458 1504 quasi
466 1460 484 1494 in
493 1460 621 1504 desperatione
629 1459 704 1504 positus,
710 1470 761 1495 mare

59 1513 153 1547 transiuit:
169 1518 187 1547 et
198 1518 218 1547 vt
231 1513 378 1547 cantuariensem
395 1513 491 1547 ecelesiam
508 1513 558 1553 vidit,
570 1524 613 1547 mox
630 1512 761 1547 incredibiliter
770 1526 789 1556 ²5

60 1565 168 1607 humiliatus,
177 1565 231 1600 nudis
242 1565 322 1610 pedibus
332 1571 350 1600 et
361 1570 423 1609 preter
434 1566 514 1600 tunicam
526 1566 619 1610 quandam
627 1565 682 1600 vilem
694 1566 762 1600 nudato

60 1623 97 1649 toto
109 1629 192 1662 corpore,
204 1619 265 1662 palam
281 1618 374 1652 ciuitatem
388 1618 468 1659 intrauit,
482 1627 523 1651 cum
536 1617 620 1661 suspiriis
632 1622 650 1652 et
665 1617 762 1660 gemitibus

60 1671 141 1704 tumbam
153 1670 232 1706 martiris
243 1670 292 1713 adiit,
299 1676 318 1705 et
329 1676 367 1705 tota
378 1671 408 1705 die
418 1676 436 1705 et
447 1676 501 1706 nocte
512 1670 595 1705 ieiunusfl
603 1676 621 1706 et
631 1670 709 1716 peruigil
720 1677 763 1706 ante

60 1723 153 1758 martirem
165 1724 291 1769 pernoctauit:
311 1731 329 1759 et
343 1725 411 1759 ibidem
426 1736 437 1759 a
452 1724 529 1769 singulis
544 1725 629 1759 fratribus
644 1724 763 1768 quadraginta

61 1777 189 1820 percussiones
204 1777 322 1822 disciplinalis
337 1778 388 1822 virge
406 1778 481 1822 accepit.
512 1777 582 1812 Eadem
597 1788 670 1822 quoque
684 1777 714 1812 die
729 1788 762 1812 rex
771 1788 792 1818 30

61 1829 158 1864 Scotorum
166 1836 229 1874 captus
236 1836 265 1865 est
272 1831 313 1865 sine
320 1841 383 1874 pugna
389 1842 433 1864 casu
443 1830 522 1871 fortuito,
530 1831 553 1864 ab
563 1831 643 1864 exercitu
653 1841 687 1864 suo
697 1840 762 1874 parum

62 1882 161 1925 digressus.
182 1883 271 1916 Videntes
279 1888 340 1916 autem
348 1882 377 1916 alii
386 1888 423 1916 tam
431 1882 492 1916 subito
502 1892 543 1916 cum
554 1892 598 1926 rege
609 1892 682 1916 manum
694 1882 762 1917 domini

61 1933 144 1976 validam,
152 1934 242 1969 siluerunt
250 1934 335 1969 uniuersi
390 1927 440 1970 Cum
449 1934 497 1970 enirn
509 1939 582 1969 sanctus
590 1934 671 1969 Thomas
682 1934 764 1970 Senonis

62 1994 111 2022 esset
120 1994 162 2033 post
174 1994 283 2022 nocturnum
294 1989 374 2023 officium
383 1988 442 2023 subito
451 1988 533 2032 cogitans
545 1989 568 2022 de
581 1999 624 2033 rege
635 1993 653 2023 et
665 1987 707 2023 liliis
718 1987 764 2031 eius,

63 2046 80 2074 et
91 2041 185 2084 potissime
197 2043 220 2076 de
232 2041 353 2086 primogenito
365 2041 409 2082 eius,
421 2046 439 2076 et
450 2042 473 2075 de
484 2041 562 2085 quodam
571 2041 606 2076 alio
617 2041 640 2076 de
652 2053 688 2086 quo
700 2049 764 2086 postea
773 2051 791 2082 ‚35

63 2093 155 2129 nesciebat
170 2106 193 2130 an
211 2096 234 2131 de
250 2095 343 2130 Richardo
361 2105 383 2129 an
400 2096 423 2129 de
439 2094 519 2129 Galsrido
534 2094 590 2129 fratre
605 2095 666 2130 eiuslz
685 2094 708 2130 Et
723 2107 765 2130 cum

63 2147 173 2190 aliquamdiu
192 2150 215 2182 de
235 2149 269 2183 hiis
288 2148 381 2192 cogitaret,
400 2147 530 2192 dispositiones
548 2147 633 2182 altissimi
651 2159 707 2192 super
724 2148 765 2182 illos

63 2200 110 2233 scire
123 2200 237 2241 desiderans,
248 2201 310 2235 ecce¹⁰
321 2201 368 2234 laeta
379 2199 423 2234 est¹¹
435 2210 472 2234 vox
486 2200 509 2234 ad
523 2210 565 2233 eum
579 2200 605 2234 sic
616 2199 692 2234 dicens:
704 2199 766 2234 ‘Mors

63 2250 102 2285 tulit
116 2262 153 2287 vna
166 2253 218 2295 duos,
230 2253 271 2287 tulit
286 2253 348 2293 altera,
362 2253 395 2287 sed
408 2251 461 2294 male,
474 2253 557 2297 patrem!
579 2251 633 2287 Vnde
645 2259 663 2287 et
676 2264 717 2287 cras
732 2253 766 2288 hoc

64 2303 146 2339 referens
161 2306 241 2340 addidit:
257 2306 327 2340 ‘Proeh
341 2307 397 2348 dolor,
413 2306 506 2340 Henricus
521 2312 589 2347 noster,
600 2311 699 2350 antequam
715 2313 767 2350 pater
774 2319 794 2349 4⁰

64 2357 92 2391 vel
108 2358 174 2393 iratres
188 2359 222 2401 sui,
238 2360 335 2394 morietur!
358 2359 381 2394 Et
397 2359 464 2394 sactum
479 2364 508 2394 est
522 2359 558 2394 ita:
576 2370 612 2395 vna
628 2370 669 2395 eum
685 2359 767 2394 Gallrido

84 2461 209 2501 ¹Q.sedquod.
288 2463 384 2493 lominT.
460 2463 582 2495 ’om.inT.E.
662 2463 767 2494 ⁴ominTa.

65 2498 189 2540 ⁵T.quodiret.
250 2503 371 2534 ‘Emiseritis
433 2501 467 2535 1Τ.
476 2504 547 2542 singula.-
558 2504 576 2535 Ε.
584 2503 667 2534 seomnia.
732 2503 767 2534 ¹E.

65 2540 132 2596 ieiuniis,
148 2583 162 2612 Τ
208 2543 577 2583 ⁹add:somnoindulgerenonpotuit,cs.Q.
649 2544 660 2563 ¹⁰
670 2544 688 2574 T.
697 2544 716 2574 Et
724 2553 766 2574 ecce.

87 2591 141 2613 ΟΠῌῙΙ
162 2605 166 2614 ι
