1762 2803
128 99 176 140 1208
324 97 404 150 saone
419 96 536 159 tuumne
552 97 646 158 flantia

132 228 175 252 ecce
189 213 230 261 ego,
243 228 285 251 ecce
301 229 340 262 ego,
348 217 422 252 domina
437 219 489 252 mea!
515 219 575 261 Quam
591 219 683 253 abbatissa
698 230 739 254 cum
755 222 834 260 maxima

134 270 246 305 exultatione
254 272 362 316 suscipiens,
370 277 388 306 et
396 272 463 316 gratias
471 272 571 307 immensas
580 272 614 307 deo
623 283 686 317 agens,
695 272 762 309 Edithe
769 275 835 320 virgini

133 324 227 359 uiuentem
240 325 324 365 reddidit,
337 331 355 358 et
367 331 436 359 retento
449 336 512 359 secum
524 325 616 360 volumine
629 326 653 359 ad
666 326 730 361 cellam
743 329 835 371 propriam

134 378 228 412 remeauit.
273 371 376 412 Dimissis¹
386 379 460 412 tandem
472 377 491 411 in
499 378 566 421 Anglia
574 378 635 412 Athea
643 384 661 412 et
673 378 724 423 Luge
733 380 809 424 virgine,
817 390 836 418 vt

117 438 125 468 5
135 432 249 466 monasteriis
257 436 363 475 preessent;
375 436 469 475 assumpta
477 441 540 466 secum
547 431 626 475 Brigida,
632 431 651 465 in
660 432 769 468 Hiberniam
777 439 836 472 trans-

134 484 218 518 fretauit:
231 489 248 517 et
254 484 385 517 monasterium
392 483 500 523 Celliscliuii,
506 490 525 518 vt
530 484 645 528 premittitur,
650 489 746 527 vastatum,
754 487 835 524 debonis

134 548 145 571 a
153 547 196 581 rege
205 537 298 581 Athuipho
306 537 340 572 sibi
348 537 416 572 collatis
424 538 443 571 in
454 541 521 571 statum
533 536 631 581 pristinum
643 539 757 573 restaurauit.
785 533 835 577 Cum

134 596 194 624 autem
204 591 295 634 quoddam
303 590 434 624 monasterium
441 590 528 633 visitaret,
536 596 554 625 et
563 602 600 624 non
608 591 697 625 haberent
705 592 785 636 virgines
793 595 836 637 quid

135 643 151 676 ei
160 644 182 676 ad
191 649 254 686 potum
262 644 326 677 darent
334 643 369 677 nisi
375 654 447 686 aquarn,
453 648 471 677 et
476 644 602 678 desiderarent
610 644 645 678 sibi
652 644 719 687 aliquid
728 645 794 679 melius
802 658 836 691 pro

108 702 126 722 10
135 695 261 729 benedictione
269 696 347 737 addere;
359 695 404 729 inito
412 696 487 729 consilio
495 707 539 730 vasa
546 695 629 730 laticibus
637 696 693 740 plena
704 702 747 730 ante
755 704 836 734 sanctam

134 747 224 791 virginem
240 748 349 791 deserentes,
365 753 385 782 vt
403 749 433 783 ilia
448 749 565 784 benediceret
580 749 700 792 postularunt.
730 750 770 792 Quo
785 751 840 793 facto,

135 812 191 846 aquas
206 802 225 835 in
239 803 303 836 vinum
317 802 468 836 iocundissimum
483 802 615 837 transmutauit.
640 795 698 837 Facta
712 803 737 837 in'
747 803 837 840 Hibernia

135 855 215 890 siccitate
228 865 299 899 magna,
311 867 352 891 cum
366 866 439 891 sorores
452 857 548 900 penuriam
559 866 605 900 aque
618 861 728 900 paterentur,
740 857 836 894 cisternam

136 909 228 951 quandam
241 920 296 951 prece
312 921 346 942 sua
356 909 435 952 repleuit
446 920 498 952 aqua,
510 921 546 952 que
557 915 595 941 toto
607 909 692 942 siccitatis
703 915 787 953 tempore
799 922 837 944 om-

109 967 126 998 Ι5
135 962 189 995 nibus
197 961 319 1005 indigentibus
325 961 427 996 abundauit.
469 954 520 997 Cum
526 962 549 996 ad
557 962 648 1006 quoddam
657 962 787 996 monasterium
796 973 836 998 cum

135 1014 228 1048 sororibus
236 1014 314 1048 transire
322 1015 382 1056 vellet,
388 1014 470 1059 repperit
478 1014 560 1056 fluuium,
565 1014 596 1058 qui
604 1026 638 1049 nec
644 1025 713 1059 pueros
721 1021 836 1051 transeuntes

134 1067 236 1111 impedire²
249 1067 322 1110 solebat,
335 1068 381 1102 vltra
395 1068 469 1102 modum
482 1074 545 1110 preter
559 1067 632 1102 solitum
647 1067 806 1108 intumescentem,
818 1075 837 1104 vt

135 1120 189 1155 etiam
201 1120 271 1165 equites
283 1120 361 1155 transire
374 1132 412 1155 non
425 1125 506 1165 possent.
530 1120 641 1165 stupefactis
655 1121 737 1154 intanto
752 1121 835 1166 prodigio

135 1174 228 1208 sororibus
243 1175 268 1208 ait
280 1174 331 1218 virgo
343 1180 415 1209 sancta:
433 1174 492 1216 ‘Quid
504 1181 532 1208 est
546 1174 586 1215 hoc,
599 1175 640 1215 filie,
654 1174 703 1218 quod
714 1174 771 1209 voluit
784 1175 836 1210 nobis

108 1241 127 1260 20
135 1227 220 1261 dominus
228 1227 246 1260 in
254 1227 307 1270 signo
315 1228 349 1260 hoc
357 1228 495 1261 demonstrare?
517 1227 567 1261 Vere
575 1227 615 1261 dico
622 1227 680 1269 vobis,
687 1227 749 1271 aliqua
759 1228 811 1270 culpa
819 1228 837 1261 in

135 1280 188 1314 nobis
200 1284 233 1321 est,
241 1284 317 1323 propter
326 1290 380 1323 quarn
391 1281 437 1313 deus
448 1279 524 1323 impedit
536 1279 570 1313 iter
581 1285 670 1314 nostrum.
693 1278 809 1324 Inquiramus
820 1285 837 1314 et

135 1339 272 1377 perscrutemur
278 1333 399 1367 conscientias
407 1339 484 1375 nostras,
491 1333 507 1366 si
515 1333 558 1377 quid
564 1333 633 1376 peccati
638 1332 755 1377 agnoscimus
762 1333 837 1367 abscon-

135 1386 192 1420 ditum
200 1385 219 1419 in
229 1386 283 1419 corde
293 1387 366 1420 nostro.¹
390 1385 431 1420 Hec
442 1396 483 1419 curn
494 1385 575 1428 dixisset,
584 1385 662 1429 procidit
672 1396 693 1419 se
703 1397 740 1420 vna
750 1386 773 1419 ad
781 1387 837 1429 pedes

136 1440 181 1480 eius,
193 1440 268 1473 dicens:
281 1439 371 1472 ‘Domina
384 1449 431 1481 mea,
439 1439 526 1472 confiteor
538 1438 571 1472 tibi
584 1449 645 1472 coram
659 1438 733 1473 domino
743 1444 837 1483 peccatum

109 1501 127 1530 25
136 1502 203 1525 meum.
227 1492 275 1524 Dum
288 1493 418 1535 egrederemur
431 1493 454 1524 de
465 1491 581 1532 monasterio,
593 1492 631 1525 vidi
643 1502 698 1534 cepas
711 1497 729 1525 et
740 1491 792 1524 allia³
803 1502 838 1535 que

136 1543 237 1587 concupiui,
246 1548 264 1575 et
272 1544 315 1576 inde
323 1553 399 1577 sumens
408 1543 452 1575 mihi
463 1542 528 1585 aliqua,
537 1548 599 1575 contra
609 1543 730 1576 obedientiam
739 1543 838 1586 exportaui.

137 1596 182 1630 Iube
194 1595 238 1640 quid
253 1595 285 1630 tibi
300 1595 394 1640 placuerit,
406 1601 424 1630 et
439 1595 513 1639 iniunge
529 1595 601 1639 qualem
612 1595 693 1631 volueris
708 1595 837 1640 penitentiam:

136 1649 214 1684 sufferre
222 1648 271 1682 enim
279 1653 341 1692 presto
353 1658 393 1682 sum
404 1648 534 1692 quantamlibet
542 1647 658 1682 afflictionem
666 1648 744 1683 illatam’
768 1648 801 1682 Cui
808 1648 837 1681 illa

136 1703 216 1746 benigne
224 1703 329 1746 respondit:
342 1702 404 1736 ‘Vade
416 1707 433 1735 et
444 1713 513 1745 repone
523 1702 553 1736 vbi
563 1701 627 1745 cepisti
635 1714 662 1743 ea,
671 1707 689 1735 et
696 1702 736 1736 redi
743 1708 785 1746 post
793 1701 838 1735 hoc⁴

108 1767 128 1796 30
136 1757 159 1790 ad
171 1758 216 1789 nos)
238 1755 291 1797 Quod
303 1766 344 1789 cum
356 1754 434 1796 iecisset,
446 1754 515 1789 riuulus
526 1756 655 1789 detumescens
666 1755 685 1788 in
697 1756 769 1789 alueum
781 1754 837 1794 redit,

135 1809 221 1851 viamque
236 1809 312 1842 liberam
325 1808 462 1841 transeuntibus
476 1808 534 1841 virtus
549 1808 670 1842 confessionis
686 1809 732 1842 mira
747 1807 838 1842 celeritate

136 1860 231 1906 separauit.
274 1853 297 1894 ln
304 1860 414 1894 monasterio
420 1859 499 1903 Brigide,
506 1859 594 1904 discipule
601 1860 716 1901 Modwenne,
722 1872 757 1904 que
764 1858 838 1894 cenobio

136 1919 241 1949 constructo
252 1915 350 1948 multarum
358 1913 450 1957 virginum
462 1918 520 1947 mater
528 1913 592 1947 effecta
600 1914 664 1956 iuerat,
673 1913 769 1947 duodecim
778 1911 839 1945 erant⁶

136 1978 210 2002 sorores
221 1979 257 2012 que
265 1967 331 2002 ceteris
339 1967 480 2011 quiescentibus,
488 1965 543 2000 flante
552 1966 602 2000 boria
610 1966 666 2001 nimio
678 1966 745 2011 frigore
753 1964 813 2000 attrite
820 1964 838 1997 in

109 2030 128 2062 55
137 2021 249 2055 orationibus
261 2021 333 2054 deuotis
345 2019 483 2064 peruigilabant.
506 2020 588 2062 Quarum
602 2020 718 2054 afflictionem
731 2024 749 2053 et
761 2017 838 2054 vestium

137 2073 233 2116 penuriam
246 2073 357 2106 Modwenna
372 2072 496 2111 considerans,
511 2073 534 2104 ad
549 2073 604 2105 deum
616 2082 681 2115 preces
693 2083 735 2104 cum
748 2069 839 2104 lachrimis

137 2126 193 2160 fudit:
206 2130 224 2159 et
233 2125 279 2159 sacto
290 2135 349 2167 mane,
357 2123 414 2158 misse
422 2128 483 2158 sunta
494 2124 566 2158 domino
575 2124 671 2159 duodecim
678 2130 740 2159 vestes
748 2124 767 2158 in
779 2121 839 2156 stratis

136 2177 233 2222 virginum,
249 2177 273 2211 ita
288 2177 365 2221 singulis
380 2177 510 2212 conuenientes
525 2177 577 2221 quasi
592 2177 673 2212 humano
688 2178 748 2212 studio
764 2176 840 2210 fuissent

137 2236 248 2266 mensurate.
278 2230 329 2272 Quas
344 2232 387 2264 dum
402 2230 433 2265 ille
448 2229 559 2265 admirantes
575 2230 668 2275 suscipere
683 2234 790 2265 recusarent
808 2239 839 2262 ne-

109 2299 129 2328 40
138 2285 217 2320 scientes
231 2284 280 2318 vnde
295 2284 348 2318 allate
363 2283 444 2326 fuissent,
456 2290 543 2328 precepto
558 2289 619 2318 tamen
631 2283 706 2328 virginis
722 2288 784 2318 sancte
801 2280 839 2315 illas

138 2338 215 2371 induere
223 2341 284 2370 coacte
293 2342 340 2371 sunt.
384 2329 442 2370 Venit
450 2336 499 2370 enim
508 2337 618 2371 Modwenna
629 2337 652 2371 ad
664 2337 739 2371 domum
747 2335 839 2370 cuiusdam

138 2391 211 2424 Deneth
222 2389 302 2430 nomine,
310 2389 342 2432 qui
352 2390 432 2422 maxima
443 2399 486 2422 cura
497 2399 588 2432 pauperes
599 2401 620 2423 ae
631 2389 752 2433 peregrinos⁶
762 2385 839 2429 hospitio

142 2514 192 2544 41Ε.
200 2513 281 2544 Demissis.
311 2532 312 2535 =
346 2511 380 2543 ²E.
388 2512 484 2551 impendere.
546 2513 622 2545 ³T.alia.
686 2508 840 2551 ⁴T.hec;E.hoc,

139 2555 233 2585 lominT.
274 2554 306 2584 ⁵T.
316 2554 334 2584 E.
343 2554 560 2592 pauperibusacpercgrinis.
821 2566 823 2569 ⁴
