1762 2803
51 143 187 183 usuum]
211 121 676 181 memtrununuotmeetntenntt.
707 124 749 164 601

52 248 179 290 Perpendentes
189 252 246 279 autem
257 246 334 288 nepharii
345 245 391 286 regis
400 245 511 285 ferocitatem,
522 253 555 276 non
566 244 622 277 solum
631 242 686 280 vicini,
694 252 753 275 verum

52 298 107 332 eciam
118 297 176 330 accole
188 296 242 329 tocius
250 296 345 337 Estanglie,
353 305 391 328 eum
400 294 513 328 luminaribus
523 293 554 337 [et]
562 293 670 327 oblacionutn
679 292 723 325 votis
731 292 754 325 ad

52 347 140 380 basilicam
155 346 181 379 sui
195 346 240 387 regis
255 351 272 379 et
289 345 363 378 martiris
378 345 466 377 Edmundi
480 344 557 376 vnanimi
572 343 672 383 deuocione,
686 341 754 383 vigiliis,

52 395 118 429 ieiuniis
126 401 143 428 et
151 395 259 429 oracionibus
268 394 368 435 insistendo,
376 395 476 428 cateruatim
484 404 503 427 se
514 394 607 433 conserunt¹
616 394 667 426 deum
678 403 708 434 per
717 391 754 425 eius

52 446 112 480 merita
120 446 194 488 rogaturi
202 447 281 489 quatinus
288 445 346 488 iugum
354 444 426 479 durum1
437 444 547 489 captiuitatis,
556 445 602 488 quod
611 444 644 478 iam
656 454 686 487 per
694 444 754 477 decem
762 451 771 481 5

52 507 107 529 annos
120 503 137 529 et
149 497 222 539 amplius
235 496 299 537 Anglia
312 497 421 538 gemebunda
434 502 546 536 contraxerat,
560 495 623 538 potenti
636 495 754 528 virtutecon-

53 552 124 586 tereret,
132 548 244 589 Ayeluynum
249 547 304 580 eciam
309 547 414 579 monachum
420 545 574 588 rogauerunt-qui
579 551 626 578 tante
631 545 731 578 deuocionis
737 550 754 577 et

53 595 152 628 dileccionis
167 596 224 638 gracia
236 596 282 639 apud
296 606 335 628 eum
350 596 459 637 vigebat-ut
473 595 496 627 ad
511 596 607 638 sepulcrum
620 596 657 628 eius
670 596 754 628 accedens

52 646 164 678 necessitates
177 652 194 678 et
207 645 295 688 angustias
309 656 349 678 suas
362 655 420 677 coram
435 655 456 677 eo
469 645 555 686 allegaret,
569 650 586 677 et
601 651 618 677 ut
634 644 670 687 ipse
685 650 754 677 sanctus

52 702 135 729 nocturna
148 695 254 729 reuelacione
267 705 314 728 more
326 695 376 728 solito
389 705 424 727 non
437 695 492 727 solum
504 694 543 727 uile
555 704 656 736 responsum
668 693 708 726 dare
720 703 754 726 non
765 704 782 725 ro

54 746 133 787 differret,
145 751 171 779 set
182 746 237 779 eciam
245 747 290 780 viam
302 745 391 779 leuaminis
403 751 419 778 et
431 744 497 778 consilii
509 743 608 778 salubrioris
616 743 715 784 remedium,
723 743 755 777 im-

53 802 131 838 petraret.
155 790 199 828 Cum
211 796 262 838 igitur
272 798 366 830 monachus
380 796 407 828 ille
419 796 494 837 quadam
506 801 556 828 nocte
568 795 624 836 sopori
637 806 655 828 se
668 794 754 827 dedisset:

53 850 123 878 sanctus
133 846 236 878 Edmundus
247 845 301 879 astitit
312 846 327 879 ei
339 846 390 879 niuea
399 846 444 878 stola
456 844 565 888 prefulgidus,
577 844 625 877 vultu
639 843 709 883 hillaris,
721 853 755 877 ser-

53 905 103 928 mone
115 894 203 936 iocundus,
212 895 282 929 dicens:
300 895 359 929 ‘Vade
369 896 391 928 atl
401 906 459 937 regern
471 896 553 936 Suanum,
564 895 597 927 hec
610 894 633 928 illi
644 905 665 928 ex
676 904 705 927 ore
717 904 755 927 meo

53 945 135 979 mandata
146 946 243 988 perferens:
258 946 337 989 “thuid
348 957 399 980 vexas
410 946 489 988 pusillum
500 956 568 987 gregem
578 956 641 986 meum,
652 945 756 987 imponendo
766 955 782 985 ¹5

54 994 111 1037 iugum
123 996 169 1038 quod
181 997 213 1029 sub
226 997 272 1030 nullo
285 1003 351 1030 traxere
363 998 434 1039 regum?
450 995 547 1038 Vectigales
559 1007 596 1030 esse
609 1007 698 1040 nunquam
711 996 755 1029 didi·

53 1052 118 1085 cerunt,
131 1047 213 1079 tributum
226 1049 292 1080 soluere
305 1058 413 1090 nequaquam
427 1053 556 1088 consueuerant,
570 1057 602 1079 nec
615 1047 715 1090 requisitum
728 1048 755 1079 vel

53 1097 157 1137 persolutum
170 1097 201 1129 fuit
215 1104 254 1139 post
269 1107 297 1129 me
312 1097 369 1139 aliquo
383 1107 441 1129 eorum
457 1104 538 1137 tempore.
560 1095 573 1129 tl
588 1097 700 1139 Quapropter,
714 1096 755 1128 dum

53 1145 97 1186 licet,
106 1145 187 1179 iniustam
197 1146 302 1181 sentenciam
312 1146 386 1189 corrige:
399 1157 421 1180 ne
431 1146 479 1184 torte,
487 1155 525 1179 cum
534 1144 612 1185 uolueris,
620 1145 690 1180 minime
700 1145 756 1179 liceat.

55 1195 120 1237 Quodsi
132 1207 171 1229 mea
183 1196 248 1230 monita
259 1208 294 1230 non
306 1196 394 1237 reuereris,
402 1205 419 1230 et
430 1197 452 1229 ab
464 1197 496 1230 hac
508 1195 619 1230 infestacione
628 1203 645 1230 te
657 1196 709 1230 cicius
721 1207 755 1229 non
764 1208 784 1228 ro

54 1256 148 1288 remoueas,
156 1258 208 1289 prope
216 1258 309 1289 cognosces
320 1249 366 1290 quod
374 1248 407 1279 deo
417 1247 503 1289 michique
514 1247 604 1289 displices:
617 1247 657 1289 quia
666 1246 756 1289 Estanglie

53 1306 81 1328 me
97 1297 203 1330 defensorem
218 1297 309 1340 experieris
324 1298 449 1332 attrectatus.¹''
470 1297 525 1338 lgitur
539 1296 637 1339 Ayeluinus
652 1296 711 1330 diuino
726 1297 755 1330 ad·

54 1345 130 1379 monitus
149 1347 217 1379 oraculo
233 1347 320 1389 imperatis
335 1347 461 1388 obsecundans,
477 1346 553 1380 laborem
571 1345 637 1380 itineris
654 1346 756 1388 aggreditur.

54 1396 133 1428 Tandem
143 1397 191 1438 apud
201 1398 336 1439 Geynesburghe
350 1408 407 1438 regem
419 1399 495 1430 Suanum
509 1397 600 1438 reperiens,
612 1408 633 1428 ex
646 1402 694 1439 parte
702 1396 756 1428 sancti

54 1445 149 1488 Edmundi,
168 1446 227 1480 humili
243 1447 326 1490 premissa
344 1448 453 1487 salutacione,
469 1447 562 1489 legacionis
580 1458 611 1480 sue
629 1458 699 1481 eausam
717 1458 756 1490 pro·
766 1459 784 1488 25

54 1496 135 1538 sequitur,
147 1497 236 1531 miscendo
249 1497 373 1532 duris'blanda
385 1505 411 1531 set
426 1506 443 1532 et
458 1498 554 1532 mitissimis
569 1499 683 1532 demulcendo
696 1509 757 1541 aspera

54 1547 155 1580 mandatum
168 1548 243 1580 martiris
256 1549 325 1589 indicat,
341 1549 420 1581 videlicet
434 1559 456 1581 ne
471 1549 544 1580 cultores
557 1558 597 1580 suos
609 1549 684 1590 pondere
699 1548 757 1581 tributi

54 1603 141 1637 presumat
149 1608 224 1630 onerare.
247 1600 269 1630 At
278 1598 305 1630 ille
313 1600 363 1631 velud
371 1598 417 1640 aspis
425 1598 478 1631 surda
488 1608 528 1630 aure
538 1608 570 1630 nec
580 1597 640 1630 audire
650 1598 757 1640 dignabatur,

54 1654 86 1677 nec
102 1646 211 1688 respondere,
227 1654 252 1680 set
267 1649 371 1681 monachum
388 1647 487 1681 lacessitum
505 1647 602 1690 obprobriis
617 1654 634 1681 ct
650 1648 757 1681 contumeliis

55 1701 130 1737 spretum
146 1707 156 1730 a
172 1704 264 1740 conspectu
280 1708 311 1731 suo
326 1698 372 1732 iubet
387 1698 446 1740 arceri,
462 1698 534 1732 iurando
549 1704 647 1732 contestans
662 1699 709 1742 quod
724 1699 757 1733 nisi
766 1708 785 1738 30

54 1746 126 1779 celerius
139 1747 244 1789 ab[s]cedat‚
253 1749 346 1791 ignominia
354 1749 431 1782 sedatum
443 1760 485 1782 suus
496 1759 536 1781 eum
548 1749 651 1781 Edmundus
659 1749 735 1792 recipiet,
743 1749 757 1782 si

55 1802 112 1828 tamen
124 1798 184 1829 mortis
195 1798 286 1830 discrimen
299 1800 366 1831 euadat.
390 1800 463 1840 Insuper
474 1805 490 1830 et
501 1805 561 1830 sancto
571 1799 665 1831 Edmundo
677 1799 758 1840 probrose

55 1845 128 1879 detraxit
141 1853 157 1880 et
171 1847 218 1880 illurn
232 1848 255 1880 nil
267 1848 364 1881 sanctitatis
376 1848 439 1881 habere
453 1847 526 1881 dicebat.
549 1848 646 1891 Ayelwinus
658 1848 709 1891 igitur
722 1849 755 1881 ani-

54 1895 164 1930 maduertens
179 1909 237 1939 regem
253 1899 339 1932 tirannum
354 1910 385 1932 nec
401 1900 452 1931 deum
467 1899 527 1931 timere
542 1909 574 1932 nec
587 1905 665 1932 sanctum
679 1901 757 1939 reuereri,

54 1944 107 1978 tristis
120 1947 213 1980 admodum
225 1948 270 1981 viam
281 1959 351 1990 carpere
364 1948 409 1990 cepit
421 1948 491 1982 domum
502 1955 597 1982 reuertens.
617 1949 630 1982 'll
644 1948 677 1991 Qui
690 1960 728 1981 eum
740 1950 757 1982 in
766 1960 785 1990 35

55 1995 140 2030 territorio
151 1997 258 2031 lincolniensi
270 1999 354 2032 frueretur
366 1999 442 2041 hospicio
452 2005 470 2032 et
481 2005 520 2041 post
531 1999 607 2031 laborem
618 2010 679 2042 sopore
690 1999 758 2042 placido

55 2054 74 2077 se
89 2053 185 2080 recrearet:
204 2055 273 2081 sanctus
289 2050 393 2081 Edmundus
409 2049 488 2091 apparuit
503 2049 523 2089 ei,
537 2049 606 2082 dicens:
626 2050 683 2092 ‘Quid
697 2050 758 2083 timore

55 2094 156 2138 sollicitaris,
169 2097 210 2139 quid
225 2108 290 2130 merore
304 2099 400 2131 tribularis?
423 2100 451 2131 An
466 2099 518 2131 verba
533 2109 572 2131 mea
586 2099 649 2133 oblitus
664 2099 758 2143 periculum

55 2144 181 2188 desperacionis
194 2147 291 2183 incurristi?
315 2151 369 2192 Surge
382 2160 423 2192 ergo
436 2148 507 2184 festinus
518 2156 535 2183 et
549 2149 581 2184 iter
595 2156 643 2184 tuum
654 2152 757 2193 aggredere:

55 2196 95 2236 quia
106 2197 206 2241 priusquam
218 2199 282 2242 peracti
293 2207 348 2233 metas
361 2199 426 2233 itineris
438 2201 517 2242 attingas,
529 2201 551 2234 de
565 2211 604 2242 rege
616 2204 675 2235 Suano
686 2203 758 2236 celebris
767 2211 787 2241 40

55 2244 101 2278 sama
115 2253 132 2280 tc
143 2256 160 2282 et
173 2255 212 2282 tuos
225 2250 347 2292 compatriotas
362 2250 469 2285 exhillcrabit
481 2251 580 2285 uniuersos.¹
603 2253 637 2294 Qui
652 2253 758 2288 reuelacione

55 2297 144 2331 roboratus
159 2300 248 2340 euigllans,
264 2300 296 2333 iter
311 2312 360 2333 suum
377 2301 435 2343 arripit
449 2308 489 2334 ante
506 2302 540 2335 diei
558 2304 681 2344 crepusculum,
696 2304 758 2345 partlm

55 2345 135 2380 affamine
153 2349 207 2381 sancti
225 2350 313 2382 Edmundi
331 2352 378 2391 fisus,
395 2351 458 2392 partim
476 2351 528 2384 minis
541 2352 604 2385 tiranni
619 2353 665 2395 regis
680 2353 758 2395 pauidus.

57 2396 134 2439 Cumque
149 2399 181 2432 iter
195 2406 264 2441 ageret:
284 2401 348 2434 audiuit
364 2407 402 2444 post
417 2411 436 2434 se
451 2402 559 2445 quorundam
576 2411 653 2435 murmur
669 2404 758 2435 Danorum

56 2447 177 2489 equitancium.
199 2451 216 2484 Α
223 2451 285 2493 quibus
294 2451 338 2486 insra
345 2453 397 2486 breue
409 2458 515 2489 consecutus,
524 2458 540 2486 et
550 2453 640 2493 salutatus,
649 2463 691 2486 vnus
699 2463 757 2486 eorum
766 2460 785 2490 ⁴5

56 2497 98 2531 dixit
108 2499 134 2534 ei:
151 2501 210 2534 ‘Heus
223 2503 279 2541 sodes,
293 2507 334 2536 tune
347 2513 366 2536 es
376 2502 404 2535 ille
418 2502 502 2544 presbiter
513 2513 564 2546 quern
577 2502 699 2536 nudiustertius
711 2502 758 2545 apud

364 2574 368 2592 ¹
379 2573 399 2604 cI.
407 2574 449 2605 dure.
