1762 2803
221 83 267 138 Ut
281 80 381 135 &tutto
398 79 558 139 adduntur.
696 95 740 137 433

39 206 137 242 missarum
145 204 280 249 solempnitate,
288 203 312 238 ait
320 203 430 248 episcopus:
439 203 510 238 ‘Hodie
518 213 580 238 coram
588 201 623 236 deo
631 202 689 236 tribus
696 202 741 237 viris

39 270 105 294 manus
120 258 211 300 imposui:
228 268 307 300 quorum
322 257 359 290 duo
372 258 395 290 ad
408 257 532 300 episcopalem
546 255 652 299 pertingent
665 254 742 298 apicem,

39 310 103 345 tertius
116 314 177 344 autem
190 320 225 354 per
239 308 309 343 lubrica
324 308 438 353 voluptatum
454 308 578 343 blandimenta
593 306 692 342 miserabili
705 307 742 341 line

39 365 130 399 tabescet!
152 363 205 396 Tune
214 364 332 396 Ethelstanus
340 362 459 405 interrogauit
467 368 551 395 sanctum
559 362 659 395 antistitem
667 362 743 405 propin-

39 427 95 461 quum
105 425 159 449 suum
169 415 244 450 dicens:
257 415 316 449 ‘Num
328 425 362 459 ego
373 424 405 448 ero
417 414 521 459 pontifext'
544 414 578 449 Cui
589 414 632 447 illc:
645 414 696 448 ‘Non
709 413 759 455 erits

40 470 72 504 tibi
79 480 123 513 pars
131 469 150 502 in
158 470 222 503 ordine
230 468 272 511 11103
284 479 345 512 neque
352 468 371 501 in
380 468 414 502 hac
421 474 473 502 veste
481 468 512 502 diu
521 477 654 512 permansurus
665 469 696 501 es!
719 466 743 500 Et

40 523 106 557 lactum
122 526 150 555 est
165 522 199 557 ita:
217 532 260 555 nam
275 526 317 565 post
329 521 423 555 modicum
437 522 460 555 ad
474 521 544 555 lubrica
557 520 614 555 seculi
629 520 693 564 lapsus
708 526 742 554 est.

42 569 170 610 Ethelwoldus
188 575 263 609 tandem
282 573 395 608 Glastoniam
414 573 458 608 adiit
476 579 494 608 et
514 574 548 608 sub
563 574 629 607 abbate
646 574 743 608 Dunstano

40 628 122 663 habitum
136 627 256 662 monasticum
270 626 357 672 suscepit.
379 626 450 671 Vigiliis
466 632 484 661 et
499 626 611 661 orationibus
624 625 711 661 insistens
724 632 742 661 et

41 681 150 717 abstinentia
162 681 245 726 seipsum
257 681 352 722 edomans,
364 691 439 724 semper
450 680 473 714 ad
485 680 542 714 ardua
554 680 641 714 virtutum
654 680 742 715 anelabat.
752 691 770 713 ro

41 735 77 778 Qui
92 745 133 770 cum
146 735 170 769 ab
182 734 268 769 omnibus
281 738 378 775 amaretur,
392 738 410 768 et
422 734 445 768 ab
460 734 526 768 abbate
541 734 621 768 decanus
636 734 742 768 monasterii

41 788 186 829 constitueretur,
192 788 262 822 nullum
270 787 353 822 elationis
361 787 463 832 perieulum
471 786 553 827 incurrit,
559 787 592 820 sed
599 791 649 820 tante
655 787 743 821 subiectis

41 842 114 886 prebuit
125 841 232 875 humilitatis
243 841 356 884 exemplum,
367 845 386 874 vt
398 839 503 884 quotidiano
516 848 603 873 manuum
615 849 671 882 opere
683 845 743 874 ortum

41 895 143 928 excolendo
158 895 254 935 laboraret,
270 899 288 927 et
307 893 393 927 fratribus
411 893 434 926 ad
449 892 548 936 prandium
566 902 621 935 poma
636 903 657 926 ae
675 892 744 926 diuersi

41 947 114 992 generis
122 947 215 991 legumina
222 950 334 991 prepararet.
367 938 455 979 Audiens
460 949 521 979 autem
527 954 560 978 rex
567 942 651 979 Edredus
659 944 744 979 sanctita·
754 957 771 986 ¹5

41 1006 79 1034 tem
92 999 147 1033 huius
159 1000 199 1041 viri,
212 999 299 1034 instinctu
314 998 378 1033 matris
393 1008 427 1032 sue
441 997 523 1042 Edgiue¹
536 997 610 1031 tradidit
622 998 639 1032 ei
651 998 744 1042 quendam

41 1054 101 1088 locum
108 1053 218 1088 Abendonia
226 1052 305 1095 nomine,
311 1063 347 1096 quo
355 1051 447 1085 modicum
455 1050 555 1095 antiquitus
561 1050 663 1085 habebatur
671 1062 744 1085 monas-

42 1107 113 1148 terium,
121 1107 154 1140 sed
162 1113 205 1141 tunc
213 1107 317 1150 neglectum
325 1117 346 1139 ac
354 1104 465 1139 destitutum.
485 1104 566 1138 Contulit
574 1104 590 1137 ei
598 1115 631 1137 rex
639 1106 662 1138 ad
670 1116 744 1149 repara-

42 1159 111 1194 tionem
126 1159 222 1193 domorum
237 1159 261 1193 de
276 1158 362 1193 thesauro
377 1168 416 1199 suo,
432 1168 452 1192 ac
468 1161 527 1192 mater
542 1156 582 1191 eius
597 1157 665 1201 largius
680 1157 745 1192 solatia

43 1223 141 1246 munerum
156 1212 184 1246 ei'
199 1211 271 1257 direxit.
295 1211 361 1245 Factus
376 1215 438 1245 autem
453 1210 510 1244 abbas
525 1209 559 1244 loci
574 1209 628 1252 illius,
644 1211 744 1245 monachos
754 1225 773 1246 ro

43 1263 166 1308 congregauit,
177 1270 195 1297 et
206 1264 225 1296 in
238 1274 306 1307 magna
316 1263 354 1296 vite
362 1259 460 1296 ‘sanctitate
471 1262 512 1294 illos
525 1262 577 1295 rexit.
630 1255 689 1295 Venit
701 1273 745 1305 ergo

44 1328 76 1351 rex
88 1317 167 1361 quadam
178 1316 207 1350 die
219 1316 242 1350 ad
254 1315 385 1350 monasterium
398 1319 416 1349 et
428 1325 504 1348 mensus
515 1319 543 1348 est
555 1313 616 1348 omnia
626 1313 745 1359 fundamenta

44 1368 149 1403 monasterii
156 1368 231 1413 propria
238 1379 305 1410 manu;
317 1367 424 1411 rogauitque
433 1378 475 1401 eum
486 1367 543 1401 abbas
554 1371 574 1401 vt
584 1376 625 1401 cum
634 1367 673 1401 suis
681 1378 744 1402 secum

44 1422 135 1467 prandere
150 1421 261 1466 dignaretur.
283 1420 354 1455 Annuit
366 1431 411 1463 rex;
430 1424 448 1454 et
461 1419 514 1454 iussit
528 1418 596 1454 abbas³
607 1419 693 1455 habunde
704 1431 745 1465 pro·

44 1474 103 1520 pinan‘
115 1475 200 1509 omnibus
211 1474 332 1508 idromcllum.
359 1473 467 1507 Hauserunt
479 1484 523 1517 ergo
536 1473 615 1507 ministri
628 1478 665 1508 tota
679 1474 715 1516 die,
728 1480 746 1509 et
755 1488 773 1518 ²5

44 1528 74 1562 vix
86 1528 146 1572 liquor
156 1529 197 1572 ipse
208 1529 231 1562 ad
242 1537 348 1561 mensuram
360 1527 426 1571 palme,
435 1526 529 1561 inebriatis
541 1526 631 1566 omnibus,
639 1527 747 1561 imminutus

44 1587 77 1616 est.
123 1574 147 1615 ln
159 1582 199 1616 eius
210 1592 290 1625 namque
301 1579 442 1624 congregatione
454 1585 493 1614 erat
505 1579 561 1614 frater
573 1579 646 1624 quidam
660 1580 747 1615 Elstanus

45 1634 124 1674 nomine,
136 1634 216 1678 simplex
228 1640 246 1668 et
257 1645 323 1677 magne
337 1633 440 1667 obedientie
452 1632 490 1667 vir:
506 1643 562 1676 quem
573 1633 630 1667 abbas
641 1633 694 1667 iussit
705 1643 748 1677 pre-

45 1686 108 1720 uidere
122 1687 190 1720 cibaria
203 1686 292 1720 artificum
306 1685 418 1718 monasterii.
441 1685 477 1726 Qui
491 1685 572 1728 quotidie
585 1694 651 1718 carnes
666 1686 715 1719 coxit
730 1691 748 1719 et

45 1738 133 1782 operariis
141 1738 217 1773 sedulus
227 1737 343 1780 ministrauit,
352 1737 412 1771 focum
422 1737 526 1771 accendens
537 1741 555 1771 et
565 1746 632 1781 aquam
642 1742 747 1782 apportans.
756 1751 776 1781 3⁰

46 1792 118 1825 Accidit
131 1798 192 1826 autem
203 1797 223 1826 vt
234 1792 292 1825 abbas
303 1792 382 1834 quadam
394 1790 424 1823 die
435 1791 487 1823 illum
498 1791 573 1824 fratrem
587 1791 637 1824 iuxta
649 1792 748 1825 caldariam

46 1844 148 1879 sementem
160 1849 239 1879 stantem
250 1843 340 1887 aspiceret
352 1848 371 1876 et
381 1842 452 1877 videret
462 1842 524 1876 omnia
533 1852 577 1876 vasa
589 1843 657 1876 munda
667 1853 688 1877 ac
696 1844 748 1887 paui-

46 1904 127 1932 mentum
140 1904 245 1942 scopatum;
257 1897 310 1931 hilari
318 1896 369 1931 vultu
377 1896 422 1931 dixit
432 1897 454 1930 ad
465 1907 507 1930 eum
516 1908 521 1931 :
533 1896 561 1930 ί0
568 1895 593 1930 mi
602 1895 658 1931 irater
666 1896 747 1939 Elstane,

47 1950 93 1986 hanc
109 1951 232 1986 obedientiam
247 1950 303 1984 michi
318 1950 388 1984 furatus
403 1960 429 1990 es,
441 1959 496 1993 quam
512 1959 541 1983 me
555 1948 650 1993 ignorante
665 1960 747 1985 exerces.

46 2004 84 2038 Sed
95 2004 111 2038 si
121 2004 163 2038 talis
171 2005 225 2038 miles
233 2014 254 2038 es
263 2004 330 2038 Christi
339 2003 411 2047 qualem
422 2008 441 2036 te
453 2002 541 2044 ostendis,
549 2002 600 2036 mitte
611 2013 685 2037 manum
696 2009 747 2037 tuam
756 2016 775 2046 35

46 2056 65 2090 ln
71 2057 178 2091 bullientem
186 2068 258 2102 aquam,
265 2062 283 2091 et
288 2068 345 2091 vnum
352 2056 431 2090 frustum
439 2056 462 2090 de
470 2055 512 2090 imis
520 2055 575 2090 michi
581 2055 661 2100 impiger
667 2057 747 2091 attrahe.¹

47 2109 82 2152 Qui
94 2109 155 2144 statim
167 2111 208 2145 sine
220 2121 271 2144 mora
283 2109 357 2144 mittens
369 2120 444 2143 manum
456 2120 508 2143 suam
521 2109 544 2142 ad
555 2108 613 2142 imum
624 2108 695 2151 lebetis,
707 2110 749 2144 abs·

46 2164 101 2197 traxit
116 2164 194 2198 frustum
210 2163 306 2205 semidam,
322 2174 369 2207 aque
385 2173 422 2196 non
440 2163 523 2197 sentiens
540 2162 624 2196 calorem.
647 2163 683 2196 Hic
698 2169 749 2207 post-

47 2217 122 2249 modum
133 2217 190 2250 abbas
202 2216 283 2258 effectus,
290 2217 314 2250 ad
322 2217 400 2259 gradum
412 2215 535 2259 episcopalem
545 2214 634 2249 Wiltonie
644 2216 749 2258 promoueri

47 2269 118 2302 meruit.
164 2263 211 2303 Erat
226 2280 306 2313 namque
321 2268 447 2302 Ethelwoldus
464 2266 582 2302 ecclesiarum
598 2278 618 2300 ac
634 2267 749 2302 diuersorum
757 2282 778 2311 40

48 2333 124 2366 operum
133 2324 227 2358 edificator
238 2323 321 2358 eximius.
344 2322 430 2357 Tetendit
441 2323 484 2365 erg'o
494 2322 511 2356 ei
521 2320 624 2356 communis
633 2322 750 2357 aduersarius

48 2375 110 2411 solitas
123 2388 157 2411 sue
169 2376 287 2421 malignitatis
300 2376 383 2418 insidias,
394 2380 414 2410 vt
427 2387 476 2417 eum,
490 2374 505 2409 si
517 2374 553 2409 vllo
568 2374 623 2408 modo
636 2380 706 2419 posset,
718 2387 750 2410 en·

48 2428 144 2473 tingueret.
168 2430 215 2464 Nam
231 2430 310 2474 quadam
326 2429 356 2464 die
371 2430 415 2463 dum
429 2428 458 2462 vir
473 2428 503 2461 dei
518 2427 536 2461 in
549 2433 641 2461 structura
654 2428 751 2469 laboraret,

49 2481 114 2527 ingens
126 2483 185 2527 postis
200 2494 257 2527 super
272 2494 314 2517 eum
330 2482 400 2524 cecidit,
413 2487 431 2516 et
444 2482 463 2515 in
479 2482 570 2525 quandam
586 2481 658 2516 foueam
673 2483 751 2518 deiecit:

134 2546 139 2564 ¹
150 2547 168 2577 E.
176 2547 238 2584 edgine.
395 2567 398 2574 .
418 2546 435 2576 “.
556 2545 562 2562 ³
573 2555 603 2576 om.
611 2545 628 2574 in
635 2547 666 2576 Vit.
