<?xml version="1.0" encoding="UTF-8"?>
<!DOCTYPE html PUBLIC "-//W3C//DTD XHTML 1.0 Transitional//EN"
    "http://www.w3.org/TR/xhtml1/DTD/xhtml1-transitional.dtd">
<html xmlns="http://www.w3.org/1999/xhtml" xml:lang="en" lang="en">
 <head>
  <title>
</title>
<meta http-equiv="Content-Type" content="text/html;charset=utf-8" />
  <meta name='ocr-system' content='tesseract 3.04.00' />
  <meta name='ocr-capabilities' content='ocr_page ocr_carea ocr_par ocr_line ocrx_word'/>
</head>
<body>
  <div class='ocr_page' id='page_1' title='image "./MN5111ucmf_0/MN5111ucmf_0_0842.png"; bbox 0 0 1762 2803; ppageno 0'>
   <div class='ocr_carea' id='block_1_1' title="bbox 125 108 650 172">
    <p class='ocr_par' dir='ltr' id='par_1_1' title="bbox 125 108 650 172">
     <span class='ocr_line' id='line_1_1' title="bbox 125 108 650 172; baseline 0.01 -16"><span class='ocrx_word' id='word_1_1' title='bbox 125 116 183 157; x_wconf 43' lang='grc' dir='ltr'>’πρὸ</span> <span class='ocrx_word' id='word_1_2' title='bbox 331 113 411 165; x_wconf 74' lang='lat' dir='ltr'>mona</span> <span class='ocrx_word' id='word_1_3' title='bbox 426 109 542 172; x_wconf 70' lang='lat' dir='ltr'>termut</span> <span class='ocrx_word' id='word_1_4' title='bbox 557 108 650 172; x_wconf 69' lang='lat' dir='ltr'>analio.</span> 
     </span>
    </p>
   </div>
   <div class='ocr_carea' id='block_1_2' title="bbox 113 231 847 2501">
    <p class='ocr_par' dir='ltr' id='par_1_2' title="bbox 113 231 847 2501">
     <span class='ocr_line' id='line_1_2' title="bbox 140 231 841 277; baseline -0.004 -9"><span class='ocrx_word' id='word_1_5' title='bbox 140 236 224 269; x_wconf 86' lang='lat' dir='ltr'>referens</span> <span class='ocrx_word' id='word_1_6' title='bbox 236 246 256 268; x_wconf 91' lang='lat' dir='ltr'>se</span> <span class='ocrx_word' id='word_1_7' title='bbox 268 235 391 269; x_wconf 81' lang='lat' dir='ltr'>indubitanter</span> <span class='ocrx_word' id='word_1_8' title='bbox 403 235 478 268; x_wconf 87' lang='lat' dir='ltr'>credere</span> <span class='ocrx_word' id='word_1_9' title='bbox 490 234 539 277; x_wconf 90' lang='lat' dir='ltr'>quod</span> <span class='ocrx_word' id='word_1_10' title='bbox 553 233 598 267; x_wconf 86' lang='lat' dir='ltr'>nihil</span> <span class='ocrx_word' id='word_1_11' title='bbox 610 234 627 267; x_wconf 92' lang='lat' dir='ltr'>ei</span> <span class='ocrx_word' id='word_1_12' title='bbox 640 232 701 267; x_wconf 90' lang='lat' dir='ltr'>diuina</span> <span class='ocrx_word' id='word_1_13' title='bbox 714 231 773 276; x_wconf 87' lang='lat' dir='ltr'>pietas</span> <span class='ocrx_word' id='word_1_14' title='bbox 787 233 841 266; x_wconf 89' lang='lat' dir='ltr'>dene-</span> 
     </span>
     <span class='ocr_line' id='line_1_3' title="bbox 139 286 842 331; baseline -0.009 -9"><span class='ocrx_word' id='word_1_15' title='bbox 139 292 191 331; x_wconf 82' lang='lat' dir='ltr'>garet</span> <span class='ocrx_word' id='word_1_16' title='bbox 200 298 256 331; x_wconf 85' lang='lat' dir='ltr'>quem</span> <span class='ocrx_word' id='word_1_17' title='bbox 264 298 274 321; x_wconf 89' lang='lat' dir='ltr'>a</span> <span class='ocrx_word' id='word_1_18' title='bbox 282 298 339 330; x_wconf 88' lang='lat' dir='ltr'>puero</span> <span class='ocrx_word' id='word_1_19' title='bbox 350 287 368 319; x_wconf 92' lang='lat' dir='ltr'>in</span> <span class='ocrx_word' id='word_1_20' title='bbox 380 296 446 328; x_wconf 85' lang='lat' dir='ltr'>magna</span> <span class='ocrx_word' id='word_1_21' title='bbox 457 286 514 328; x_wconf 86' lang='lat' dir='ltr'>gratia</span> <span class='ocrx_word' id='word_1_22' title='bbox 526 292 621 328; x_wconf 85' lang='lat' dir='ltr'>acceptum</span> <span class='ocrx_word' id='word_1_23' title='bbox 633 286 713 319; x_wconf 89' lang='lat' dir='ltr'>haberet.</span> <span class='ocrx_word' id='word_1_24' title='bbox 736 286 788 317; x_wconf 89' lang='lat' dir='ltr'>Tunc</span> <span class='ocrx_word' id='word_1_25' title='bbox 801 286 842 317; x_wconf 90' lang='lat' dir='ltr'>Odo</span> 
     </span>
     <span class='ocr_line' id='line_1_4' title="bbox 140 337 842 385; baseline -0.004 -10"><span class='ocrx_word' id='word_1_26' title='bbox 140 348 189 375; x_wconf 85' lang='lat' dir='ltr'>terre</span> <span class='ocrx_word' id='word_1_27' title='bbox 199 340 301 385; x_wconf 88' lang='lat' dir='ltr'>procumbit</span> <span class='ocrx_word' id='word_1_28' title='bbox 311 339 382 383; x_wconf 83' lang='lat' dir='ltr'>deoque</span> <span class='ocrx_word' id='word_1_29' title='bbox 392 350 433 373; x_wconf 92' lang='lat' dir='ltr'>cum</span> <span class='ocrx_word' id='word_1_30' title='bbox 445 338 538 373; x_wconf 81' lang='lat' dir='ltr'>lachrimis</span> <span class='ocrx_word' id='word_1_31' title='bbox 547 349 612 382; x_wconf 83' lang='lat' dir='ltr'>preces</span> <span class='ocrx_word' id='word_1_32' title='bbox 622 337 692 374; x_wconf 87' lang='lat' dir='ltr'>fundit:</span> <span class='ocrx_word' id='word_1_33' title='bbox 705 343 723 373; x_wconf 89' lang='lat' dir='ltr'>et</span> <span class='ocrx_word' id='word_1_34' title='bbox 732 348 810 381; x_wconf 83' lang='lat' dir='ltr'>surgens</span> <span class='ocrx_word' id='word_1_35' title='bbox 820 338 842 372; x_wconf 87' lang='lat' dir='ltr'>ab</span> 
     </span>
     <span class='ocr_line' id='line_1_5' title="bbox 141 391 841 435; baseline -0.004 -7"><span class='ocrx_word' id='word_1_36' title='bbox 141 394 222 429; x_wconf 85' lang='lat' dir='ltr'>oratione</span> <span class='ocrx_word' id='word_1_37' title='bbox 233 394 307 427; x_wconf 75' lang='lat' dir='ltr'>calicem</span> <span class='ocrx_word' id='word_1_38' title='bbox 318 392 356 427; x_wconf 92' lang='lat' dir='ltr'>vini</span> <span class='ocrx_word' id='word_1_39' title='bbox 366 392 465 434; x_wconf 79' lang='lat' dir='ltr'>benedixit,</span> <span class='ocrx_word' id='word_1_40' title='bbox 477 391 615 435; x_wconf 78' lang='lat' dir='ltr'>dominolque]l</span> <span class='ocrx_word' id='word_1_41' title='bbox 624 392 718 435; x_wconf 79' lang='lat' dir='ltr'>porrexit:</span> <span class='ocrx_word' id='word_1_42' title='bbox 733 402 788 435; x_wconf 91' lang='lat' dir='ltr'>quem</span> <span class='ocrx_word' id='word_1_43' title='bbox 800 402 841 425; x_wconf 92' lang='lat' dir='ltr'>cum</span> 
     </span>
     <span class='ocr_line' id='line_1_6' title="bbox 123 445 842 489; baseline -0.004 -7"><span class='ocrx_word' id='word_1_44' title='bbox 123 460 131 489; x_wconf 80' lang='lat'>5</span> <span class='ocrx_word' id='word_1_45' title='bbox 140 449 221 489; x_wconf 89' lang='lat' dir='ltr'>bibisset,</span> <span class='ocrx_word' id='word_1_46' title='bbox 230 447 319 480; x_wconf 80' lang='lat' dir='ltr'>redditam</span> <span class='ocrx_word' id='word_1_47' title='bbox 331 446 366 480; x_wconf 91' lang='lat' dir='ltr'>sibi</span> <span class='ocrx_word' id='word_1_48' title='bbox 378 446 502 479; x_wconf 80' lang='lat' dir='ltr'>omnimodam</span> <span class='ocrx_word' id='word_1_49' title='bbox 513 445 605 479; x_wconf 90' lang='lat' dir='ltr'>medelam</span> <span class='ocrx_word' id='word_1_50' title='bbox 616 445 712 489; x_wconf 86' lang='lat' dir='ltr'>persensit.</span> <span class='ocrx_word' id='word_1_51' title='bbox 722 447 723 450; x_wconf 74' lang='grc'>’</span> <span class='ocrx_word' id='word_1_52' title='bbox 737 445 791 479; x_wconf 85' lang='lat' dir='ltr'>Facta</span> <span class='ocrx_word' id='word_1_53' title='bbox 798 456 842 479; x_wconf 90' lang='lat' dir='ltr'>vero</span> 
     </span>
     <span class='ocr_line' id='line_1_7' title="bbox 140 491 842 543; baseline -0.004 -9"><span class='ocrx_word' id='word_1_54' title='bbox 140 500 292 543; x_wconf 86' lang='lat' dir='ltr'>peregrinatione,</span> <span class='ocrx_word' id='word_1_55' title='bbox 306 500 329 533; x_wconf 87' lang='lat' dir='ltr'>ad</span> <span class='ocrx_word' id='word_1_56' title='bbox 342 500 416 532; x_wconf 89' lang='lat' dir='ltr'>domum</span> <span class='ocrx_word' id='word_1_57' title='bbox 428 509 469 532; x_wconf 91' lang='lat' dir='ltr'>cum</span> <span class='ocrx_word' id='word_1_58' title='bbox 481 499 547 541; x_wconf 84' lang='lat' dir='ltr'>gaudio</span> <span class='ocrx_word' id='word_1_59' title='bbox 559 509 647 532; x_wconf 89' lang='lat' dir='ltr'>reuersus</span> <span class='ocrx_word' id='word_1_60' title='bbox 660 503 694 531; x_wconf 90' lang='lat' dir='ltr'>est.</span> <span class='ocrx_word' id='word_1_61' title='bbox 743 491 842 532; x_wconf 71' lang='lat' dir='ltr'>2Audiens</span> 
     </span>
     <span class='ocr_line' id='line_1_8' title="bbox 140 549 843 594; baseline -0.004 -8"><span class='ocrx_word' id='word_1_62' title='bbox 140 558 201 586; x_wconf 86' lang='lat' dir='ltr'>autem</span> <span class='ocrx_word' id='word_1_63' title='bbox 213 561 246 585; x_wconf 83' lang='lat' dir='ltr'>rex</span> <span class='ocrx_word' id='word_1_64' title='bbox 258 550 324 594; x_wconf 86' lang='lat' dir='ltr'>quein</span> <span class='ocrx_word' id='word_1_65' title='bbox 333 550 362 585; x_wconf 87' lang='lat' dir='ltr'>via</span> <span class='ocrx_word' id='word_1_66' title='bbox 373 560 408 594; x_wconf 88' lang='lat' dir='ltr'>per</span> <span class='ocrx_word' id='word_1_67' title='bbox 419 550 492 584; x_wconf 88' lang='lat' dir='ltr'>beatum</span> <span class='ocrx_word' id='word_1_68' title='bbox 507 550 592 584; x_wconf 92' lang='lat' dir='ltr'>Odonem</span> <span class='ocrx_word' id='word_1_69' title='bbox 601 555 653 593; x_wconf 83' lang='lat' dir='ltr'>gesta</span> <span class='ocrx_word' id='word_1_70' title='bbox 665 550 746 591; x_wconf 70' lang='lat' dir='ltr'>fuerant,</span> <span class='ocrx_word' id='word_1_71' title='bbox 759 549 843 593; x_wconf 86' lang='lat' dir='ltr'>quamuis</span> 
     </span>
     <span class='ocr_line' id='line_1_9' title="bbox 140 602 842 649; baseline -0.001 -10"><span class='ocrx_word' id='word_1_72' title='bbox 140 606 181 649; x_wconf 92' lang='lat' dir='ltr'>ipse</span> <span class='ocrx_word' id='word_1_73' title='bbox 196 605 260 646; x_wconf 87' lang='lat' dir='ltr'>malus,</span> <span class='ocrx_word' id='word_1_74' title='bbox 273 605 331 638; x_wconf 90' lang='lat' dir='ltr'>bonos</span> <span class='ocrx_word' id='word_1_75' title='bbox 347 609 410 638; x_wconf 83' lang='lat' dir='ltr'>tamen</span> <span class='ocrx_word' id='word_1_76' title='bbox 425 605 444 638; x_wconf 91' lang='lat' dir='ltr'>in</span> <span class='ocrx_word' id='word_1_77' title='bbox 459 615 516 648; x_wconf 87' lang='lat' dir='ltr'>regno</span> <span class='ocrx_word' id='word_1_78' title='bbox 532 615 565 638; x_wconf 93' lang='lat' dir='ltr'>suo</span> <span class='ocrx_word' id='word_1_79' title='bbox 581 603 649 638; x_wconf 87' lang='lat' dir='ltr'>habere</span> <span class='ocrx_word' id='word_1_80' title='bbox 664 614 685 637; x_wconf 88' lang='lat' dir='ltr'>se</span> <span class='ocrx_word' id='word_1_81' title='bbox 700 602 785 647; x_wconf 82' lang='lat' dir='ltr'>glorians,</span> <span class='ocrx_word' id='word_1_82' title='bbox 801 613 842 638; x_wconf 86' lang='lat' dir='ltr'>cum</span> 
     </span>
     <span class='ocr_line' id='line_1_10' title="bbox 140 656 843 701; baseline -0.003 -9"><span class='ocrx_word' id='word_1_83' title='bbox 140 659 229 693; x_wconf 85' lang='lat' dir='ltr'>electione</span> <span class='ocrx_word' id='word_1_84' title='bbox 244 660 298 692; x_wconf 90' lang='lat' dir='ltr'>totius</span> <span class='ocrx_word' id='word_1_85' title='bbox 315 658 392 692; x_wconf 85' lang='lat' dir='ltr'>ecclesie</span> <span class='ocrx_word' id='word_1_86' title='bbox 404 657 497 691; x_wconf 91' lang='lat' dir='ltr'>constituit</span> <span class='ocrx_word' id='word_1_87' title='bbox 513 658 565 691; x_wconf 87' lang='lat' dir='ltr'>illurn</span> <span class='ocrx_word' id='word_1_88' title='bbox 577 658 627 692; x_wconf 88' lang='lat' dir='ltr'>sedis</span> <span class='ocrx_word' id='word_1_89' title='bbox 639 668 674 701; x_wconf 90' lang='lat' dir='ltr'>que</span> <span class='ocrx_word' id='word_1_90' title='bbox 686 668 735 691; x_wconf 90' lang='lat' dir='ltr'>nunc</span> <span class='ocrx_word' id='word_1_91' title='bbox 747 656 843 691; x_wconf 87' lang='lat' dir='ltr'>Saresberl</span> 
     </span>
     <span class='ocr_line' id='line_1_11' title="bbox 113 710 843 757; baseline 0 -13"><span class='ocrx_word' id='word_1_92' title='bbox 113 724 132 745; x_wconf 89' lang='lat' dir='ltr'>ro</span> <span class='ocrx_word' id='word_1_93' title='bbox 140 712 244 747; x_wconf 91' lang='lat' dir='ltr'>nominatur</span> <span class='ocrx_word' id='word_1_94' title='bbox 263 713 375 757; x_wconf 88' lang='lat' dir='ltr'>episcopum.</span> <span class='ocrx_word' id='word_1_95' title='bbox 405 711 488 745; x_wconf 81' lang='lat' dir='ltr'>Excurso</span> <span class='ocrx_word' id='word_1_96' title='bbox 508 712 587 755; x_wconf 89' lang='lat' dir='ltr'>denique</span> <span class='ocrx_word' id='word_1_97' title='bbox 606 711 658 745; x_wconf 91' lang='lat' dir='ltr'>breui</span> <span class='ocrx_word' id='word_1_98' title='bbox 677 712 766 755; x_wconf 85' lang='lat' dir='ltr'>temporis</span> <span class='ocrx_word' id='word_1_99' title='bbox 781 710 843 754; x_wconf 88' lang='lat' dir='ltr'>spacio</span> 
     </span>
     <span class='ocr_line' id='line_1_12' title="bbox 140 764 843 810; baseline -0.003 -11"><span class='ocrx_word' id='word_1_100' title='bbox 140 772 211 800; x_wconf 90' lang='lat' dir='ltr'>mortuo</span> <span class='ocrx_word' id='word_1_101' title='bbox 220 767 342 800; x_wconf 78' lang='lat' dir='ltr'>cantuariensi</span> <span class='ocrx_word' id='word_1_102' title='bbox 350 767 493 809; x_wconf 78' lang='lat' dir='ltr'>archiepiscopo,</span> <span class='ocrx_word' id='word_1_103' title='bbox 499 767 522 799; x_wconf 89' lang='lat' dir='ltr'>ab</span> <span class='ocrx_word' id='word_1_104' title='bbox 530 765 614 799; x_wconf 88' lang='lat' dir='ltr'>omnibus</span> <span class='ocrx_word' id='word_1_105' title='bbox 622 766 714 810; x_wconf 87' lang='lat' dir='ltr'>episcopis</span> <span class='ocrx_word' id='word_1_106' title='bbox 723 766 764 799; x_wconf 92' lang='lat' dir='ltr'>Odo</span> <span class='ocrx_word' id='word_1_107' title='bbox 775 764 843 798; x_wconf 88' lang='lat' dir='ltr'>electus</span> 
     </span>
     <span class='ocr_line' id='line_1_13' title="bbox 140 817 843 861; baseline -0.003 -10"><span class='ocrx_word' id='word_1_108' title='bbox 140 824 173 852; x_wconf 89' lang='lat' dir='ltr'>est.</span> <span class='ocrx_word' id='word_1_109' title='bbox 197 817 244 859; x_wconf 81' lang='lat' dir='ltr'>Quia</span> <span class='ocrx_word' id='word_1_110' title='bbox 258 818 307 851; x_wconf 91' lang='lat' dir='ltr'>enim</span> <span class='ocrx_word' id='word_1_111' title='bbox 322 829 385 861; x_wconf 88' lang='lat' dir='ltr'>regern</span> <span class='ocrx_word' id='word_1_112' title='bbox 401 828 500 861; x_wconf 88' lang='lat' dir='ltr'>prauorum</span> <span class='ocrx_word' id='word_1_113' title='bbox 513 828 555 852; x_wconf 90' lang='lat' dir='ltr'>esse</span> <span class='ocrx_word' id='word_1_114' title='bbox 569 828 641 852; x_wconf 88' lang='lat' dir='ltr'>morum</span> <span class='ocrx_word' id='word_1_115' title='bbox 655 818 743 858; x_wconf 85' lang='lat' dir='ltr'>sciebant,</span> <span class='ocrx_word' id='word_1_116' title='bbox 757 827 791 850; x_wconf 93' lang='lat' dir='ltr'>nec</span> <span class='ocrx_word' id='word_1_117' title='bbox 803 817 843 849; x_wconf 90' lang='lat' dir='ltr'>eius</span> 
     </span>
     <span class='ocr_line' id='line_1_14' title="bbox 140 869 843 915; baseline -0.003 -11"><span class='ocrx_word' id='word_1_118' title='bbox 140 870 257 915; x_wconf 88' lang='lat' dir='ltr'>peruersitati</span> <span class='ocrx_word' id='word_1_119' title='bbox 270 871 305 905; x_wconf 88' lang='lat' dir='ltr'>vlla</span> <span class='ocrx_word' id='word_1_120' title='bbox 316 870 459 905; x_wconf 85' lang='lat' dir='ltr'>contradictione</span> <span class='ocrx_word' id='word_1_121' title='bbox 474 871 549 914; x_wconf 88' lang='lat' dir='ltr'>obuiare</span> <span class='ocrx_word' id='word_1_122' title='bbox 564 870 667 904; x_wconf 82' lang='lat' dir='ltr'>audebant:</span> <span class='ocrx_word' id='word_1_123' title='bbox 683 871 787 914; x_wconf 86' lang='lat' dir='ltr'>sperabant,</span> <span class='ocrx_word' id='word_1_124' title='bbox 802 869 843 903; x_wconf 91' lang='lat' dir='ltr'>ideo</span> 
     </span>
     <span class='ocr_line' id='line_1_15' title="bbox 141 922 843 967; baseline -0.001 -10"><span class='ocrx_word' id='word_1_125' title='bbox 141 924 226 958; x_wconf 92' lang='lat' dir='ltr'>Odonem</span> <span class='ocrx_word' id='word_1_126' title='bbox 237 923 329 957; x_wconf 86' lang='lat' dir='ltr'>robustius</span> <span class='ocrx_word' id='word_1_127' title='bbox 340 935 374 967; x_wconf 91' lang='lat' dir='ltr'>pre</span> <span class='ocrx_word' id='word_1_128' title='bbox 386 924 452 957; x_wconf 89' lang='lat' dir='ltr'>ceteris</span> <span class='ocrx_word' id='word_1_129' title='bbox 462 929 551 965; x_wconf 90' lang='lat' dir='ltr'>acturum,</span> <span class='ocrx_word' id='word_1_130' title='bbox 559 924 660 967; x_wconf 88' lang='lat' dir='ltr'>superbum</span> <span class='ocrx_word' id='word_1_131' title='bbox 668 934 731 967; x_wconf 84' lang='lat' dir='ltr'>regem</span> <span class='ocrx_word' id='word_1_132' title='bbox 740 922 843 956; x_wconf 85' lang='lat' dir='ltr'>humiliatu-</span> 
     </span>
     <span class='ocr_line' id='line_1_16' title="bbox 116 975 843 1021; baseline 0 -12"><span class='ocrx_word' id='word_1_133' title='bbox 116 987 132 1017; x_wconf 75' lang='lat'>¹5</span> <span class='ocrx_word' id='word_1_134' title='bbox 141 988 187 1018; x_wconf 90' lang='lat' dir='ltr'>rum,</span> <span class='ocrx_word' id='word_1_135' title='bbox 199 977 249 1021; x_wconf 84' lang='lat' dir='ltr'>regia</span> <span class='ocrx_word' id='word_1_136' title='bbox 263 982 327 1020; x_wconf 82' lang='lat' dir='ltr'>stupra</span> <span class='ocrx_word' id='word_1_137' title='bbox 341 978 488 1021; x_wconf 82' lang='lat' dir='ltr'>dampnaturunr,</span> <span class='ocrx_word' id='word_1_138' title='bbox 500 977 543 1020; x_wconf 88' lang='lat' dir='ltr'>quia</span> <span class='ocrx_word' id='word_1_139' title='bbox 554 981 573 1009; x_wconf 90' lang='lat' dir='ltr'>et</span> <span class='ocrx_word' id='word_1_140' title='bbox 585 976 680 1010; x_wconf 80' lang='lat' dir='ltr'>sanctitate</span> <span class='ocrx_word' id='word_1_141' title='bbox 692 981 731 1010; x_wconf 90' lang='lat' dir='ltr'>erat</span> <span class='ocrx_word' id='word_1_142' title='bbox 743 975 843 1015; x_wconf 72' lang='lat' dir='ltr'>laudabilis</span> 
     </span>
     <span class='ocr_line' id='line_1_17' title="bbox 141 1029 843 1073; baseline -0.001 -10"><span class='ocrx_word' id='word_1_143' title='bbox 141 1030 231 1073; x_wconf 85' lang='lat' dir='ltr'>sapientia</span> <span class='ocrx_word' id='word_1_144' title='bbox 242 1029 360 1070; x_wconf 87' lang='lat' dir='ltr'>admirabilis,</span> <span class='ocrx_word' id='word_1_145' title='bbox 375 1035 393 1064; x_wconf 88' lang='lat' dir='ltr'>et</span> <span class='ocrx_word' id='word_1_146' title='bbox 406 1029 508 1063; x_wconf 88' lang='lat' dir='ltr'>constantia</span> <span class='ocrx_word' id='word_1_147' title='bbox 520 1029 617 1072; x_wconf 87' lang='lat' dir='ltr'>singularis</span> <span class='ocrx_word' id='word_1_148' title='bbox 623 1029 634 1063; x_wconf 78' lang='lat'>².</span> <span class='ocrx_word' id='word_1_149' title='bbox 658 1029 731 1063; x_wconf 86' lang='lat' dir='ltr'>Electus</span> <span class='ocrx_word' id='word_1_150' title='bbox 745 1029 805 1071; x_wconf 89' lang='lat' dir='ltr'>itaque</span> <span class='ocrx_word' id='word_1_151' title='bbox 821 1029 843 1062; x_wconf 88' lang='lat' dir='ltr'>ad</span> 
     </span>
     <span class='ocr_line' id='line_1_18' title="bbox 141 1080 844 1124; baseline -0.001 -10"><span class='ocrx_word' id='word_1_152' title='bbox 141 1081 317 1124; x_wconf 87' lang='lat' dir='ltr'>archiepiscopatum</span> <span class='ocrx_word' id='word_1_153' title='bbox 329 1081 480 1123; x_wconf 84' lang='lat' dir='ltr'>cantuariensem,</span> <span class='ocrx_word' id='word_1_154' title='bbox 492 1080 549 1115; x_wconf 85' lang='lat' dir='ltr'>dixit:</span> <span class='ocrx_word' id='word_1_155' title='bbox 562 1080 648 1114; x_wconf 86' lang='lat' dir='ltr'>‘Nouerit</span> <span class='ocrx_word' id='word_1_156' title='bbox 659 1086 695 1115; x_wconf 87' lang='lat' dir='ltr'>tota</span> <span class='ocrx_word' id='word_1_157' title='bbox 707 1081 805 1122; x_wconf 85' lang='lat' dir='ltr'>Britannia,</span> <span class='ocrx_word' id='word_1_158' title='bbox 814 1090 844 1113; x_wconf 89' lang='lat' dir='ltr'>me</span> 
     </span>
     <span class='ocr_line' id='line_1_19' title="bbox 141 1132 844 1178; baseline -0.003 -10"><span class='ocrx_word' id='word_1_159' title='bbox 141 1134 192 1168; x_wconf 89' lang='lat' dir='ltr'>nullo</span> <span class='ocrx_word' id='word_1_160' title='bbox 203 1144 284 1178; x_wconf 83' lang='lat' dir='ltr'>unquam</span> <span class='ocrx_word' id='word_1_161' title='bbox 295 1139 348 1177; x_wconf 88' lang='lat' dir='ltr'>pacto</span> <span class='ocrx_word' id='word_1_162' title='bbox 363 1144 496 1168; x_wconf 89' lang='lat' dir='ltr'>consensurum</span> <span class='ocrx_word' id='word_1_163' title='bbox 509 1138 528 1167; x_wconf 93' lang='lat' dir='ltr'>vt</span> <span class='ocrx_word' id='word_1_164' title='bbox 539 1133 558 1167; x_wconf 95' lang='lat' dir='ltr'>in</span> <span class='ocrx_word' id='word_1_165' title='bbox 570 1133 649 1167; x_wconf 87' lang='lat' dir='ltr'>clericali</span> <span class='ocrx_word' id='word_1_166' title='bbox 660 1133 723 1168; x_wconf 90' lang='lat' dir='ltr'>habitu</span> <span class='ocrx_word' id='word_1_167' title='bbox 735 1132 844 1167; x_wconf 90' lang='lat' dir='ltr'>constitutus</span> 
     </span>
     <span class='ocr_line' id='line_1_20' title="bbox 141 1186 844 1231; baseline -0.001 -9"><span class='ocrx_word' id='word_1_168' title='bbox 141 1188 218 1222; x_wconf 87' lang='lat' dir='ltr'>ecclesie</span> <span class='ocrx_word' id='word_1_169' title='bbox 230 1187 327 1222; x_wconf 85' lang='lat' dir='ltr'>Cantuarie</span> <span class='ocrx_word' id='word_1_170' title='bbox 338 1187 448 1231; x_wconf 87' lang='lat' dir='ltr'>presideam,</span> <span class='ocrx_word' id='word_1_171' title='bbox 459 1188 488 1221; x_wconf 90' lang='lat' dir='ltr'>cui</span> <span class='ocrx_word' id='word_1_172' title='bbox 502 1187 563 1221; x_wconf 92' lang='lat' dir='ltr'>nullus</span> <span class='ocrx_word' id='word_1_173' title='bbox 577 1192 631 1221; x_wconf 85' lang='lat' dir='ltr'>antea</span> <span class='ocrx_word' id='word_1_174' title='bbox 643 1186 675 1231; x_wconf 88' lang='lat' dir='ltr'>qui</span> <span class='ocrx_word' id='word_1_175' title='bbox 690 1187 791 1221; x_wconf 88' lang='lat' dir='ltr'>monachus</span> <span class='ocrx_word' id='word_1_176' title='bbox 807 1197 844 1221; x_wconf 88' lang='lat' dir='ltr'>non</span> 
     </span>
     <span class='ocr_line' id='line_1_21' title="bbox 115 1240 844 1285; baseline 0 -11"><span class='ocrx_word' id='word_1_177' title='bbox 115 1253 134 1276; x_wconf 83' lang='lat'>20</span> <span class='ocrx_word' id='word_1_178' title='bbox 142 1241 200 1276; x_wconf 81' lang='lat' dir='ltr'>fuerat</span> <span class='ocrx_word' id='word_1_179' title='bbox 206 1241 262 1275; x_wconf 88' lang='lat' dir='ltr'>scitur</span> <span class='ocrx_word' id='word_1_180' title='bbox 268 1241 393 1285; x_wconf 63' lang='lat' dir='ltr'>presedisselst</span> <span class='ocrx_word' id='word_1_181' title='bbox 410 1240 473 1274; x_wconf 86' lang='lat' dir='ltr'>Missis</span> <span class='ocrx_word' id='word_1_182' title='bbox 478 1241 597 1284; x_wconf 82' lang='lat' dir='ltr'>igiturarege</span> <span class='ocrx_word' id='word_1_183' title='bbox 603 1241 674 1275; x_wconf 91' lang='lat' dir='ltr'>nunciis</span> <span class='ocrx_word' id='word_1_184' title='bbox 682 1241 731 1285; x_wconf 90' lang='lat' dir='ltr'>apud</span> <span class='ocrx_word' id='word_1_185' title='bbox 737 1240 844 1274; x_wconf 88' lang='lat' dir='ltr'>floriacense</span> 
     </span>
     <span class='ocr_line' id='line_1_22' title="bbox 141 1292 845 1336; baseline 0 -10"><span class='ocrx_word' id='word_1_186' title='bbox 141 1293 278 1335; x_wconf 87' lang='lat' dir='ltr'>monasterium,</span> <span class='ocrx_word' id='word_1_187' title='bbox 292 1294 348 1327; x_wconf 86' lang='lat' dir='ltr'>abbas</span> <span class='ocrx_word' id='word_1_188' title='bbox 361 1304 402 1327; x_wconf 89' lang='lat' dir='ltr'>cum</span> <span class='ocrx_word' id='word_1_189' title='bbox 415 1294 508 1327; x_wconf 88' lang='lat' dir='ltr'>nonnullis</span> <span class='ocrx_word' id='word_1_190' title='bbox 520 1293 607 1327; x_wconf 84' lang='lat' dir='ltr'>fratribus</span> <span class='ocrx_word' id='word_1_191' title='bbox 620 1304 710 1336; x_wconf 84' lang='lat' dir='ltr'>prospere</span> <span class='ocrx_word' id='word_1_192' title='bbox 720 1292 805 1336; x_wconf 86' lang='lat' dir='ltr'>Angliam</span> <span class='ocrx_word' id='word_1_193' title='bbox 818 1292 845 1326; x_wconf 91' lang='lat' dir='ltr'>in-</span> 
     </span>
     <span class='ocr_line' id='line_1_23' title="bbox 141 1344 845 1390; baseline -0.001 -11"><span class='ocrx_word' id='word_1_194' title='bbox 141 1346 228 1390; x_wconf 86' lang='lat' dir='ltr'>greditur,</span> <span class='ocrx_word' id='word_1_195' title='bbox 245 1351 263 1379; x_wconf 93' lang='lat' dir='ltr'>et</span> <span class='ocrx_word' id='word_1_196' title='bbox 280 1346 340 1379; x_wconf 93' lang='lat' dir='ltr'>Odoni</span> <span class='ocrx_word' id='word_1_197' title='bbox 357 1346 431 1378; x_wconf 82' lang='lat' dir='ltr'>habitu⁴</span> <span class='ocrx_word' id='word_1_198' title='bbox 449 1345 542 1390; x_wconf 84' lang='lat' dir='ltr'>religionis</span> <span class='ocrx_word' id='word_1_199' title='bbox 559 1351 622 1379; x_wconf 85' lang='lat' dir='ltr'>sancte</span> <span class='ocrx_word' id='word_1_200' title='bbox 638 1345 709 1387; x_wconf 88' lang='lat' dir='ltr'>tradito,</span> <span class='ocrx_word' id='word_1_201' title='bbox 722 1357 763 1379; x_wconf 89' lang='lat' dir='ltr'>cum</span> <span class='ocrx_word' id='word_1_202' title='bbox 776 1344 845 1378; x_wconf 88' lang='lat' dir='ltr'>honore</span> 
     </span>
     <span class='ocr_line' id='line_1_24' title="bbox 142 1397 844 1444; baseline -0.001 -12"><span class='ocrx_word' id='word_1_203' title='bbox 142 1397 250 1444; x_wconf 83' lang='lat' dir='ltr'>regreditur.</span> <span class='ocrx_word' id='word_1_204' title='bbox 272 1398 328 1432; x_wconf 77' lang='lat' dir='ltr'>²Mox</span> <span class='ocrx_word' id='word_1_205' title='bbox 336 1409 416 1442; x_wconf 88' lang='lat' dir='ltr'>namque</span> <span class='ocrx_word' id='word_1_206' title='bbox 425 1403 511 1442; x_wconf 87' lang='lat' dir='ltr'>suscepto</span> <span class='ocrx_word' id='word_1_207' title='bbox 520 1398 580 1441; x_wconf 88' lang='lat' dir='ltr'>pallio,</span> <span class='ocrx_word' id='word_1_208' title='bbox 589 1403 651 1432; x_wconf 84' lang='lat' dir='ltr'>contra</span> <span class='ocrx_word' id='word_1_209' title='bbox 658 1399 775 1432; x_wconf 82' lang='lat' dir='ltr'>senissimum</span> <span class='ocrx_word' id='word_1_210' title='bbox 782 1408 844 1442; x_wconf 88' lang='lat' dir='ltr'>regem</span> 
     </span>
     <span class='ocr_line' id='line_1_25' title="bbox 143 1450 845 1496; baseline -0.003 -10"><span class='ocrx_word' id='word_1_211' title='bbox 143 1462 219 1487; x_wconf 88' lang='lat' dir='ltr'>seuerus</span> <span class='ocrx_word' id='word_1_212' title='bbox 226 1451 310 1496; x_wconf 85' lang='lat' dir='ltr'>insurgit,</span> <span class='ocrx_word' id='word_1_213' title='bbox 318 1451 405 1486; x_wconf 88' lang='lat' dir='ltr'>mulieres</span> <span class='ocrx_word' id='word_1_214' title='bbox 413 1452 511 1494; x_wconf 89' lang='lat' dir='ltr'>adulteras,</span> <span class='ocrx_word' id='word_1_215' title='bbox 518 1462 564 1496; x_wconf 90' lang='lat' dir='ltr'>quas</span> <span class='ocrx_word' id='word_1_216' title='bbox 572 1452 636 1495; x_wconf 89' lang='lat' dir='ltr'>plures</span> <span class='ocrx_word' id='word_1_217' title='bbox 644 1452 727 1494; x_wconf 89' lang='lat' dir='ltr'>habebat,</span> <span class='ocrx_word' id='word_1_218' title='bbox 735 1463 746 1485; x_wconf 90' lang='lat' dir='ltr'>a</span> <span class='ocrx_word' id='word_1_219' title='bbox 754 1450 845 1485; x_wconf 85' lang='lat' dir='ltr'>liminibus</span> 
     </span>
     <span class='ocr_line' id='line_1_26' title="bbox 116 1505 845 1549; baseline 0.001 -12"><span class='ocrx_word' id='word_1_220' title='bbox 116 1517 134 1547; x_wconf 82' lang='lat'>²5</span> <span class='ocrx_word' id='word_1_221' title='bbox 143 1509 205 1539; x_wconf 88' lang='lat' dir='ltr'>sancte</span> <span class='ocrx_word' id='word_1_222' title='bbox 213 1505 290 1539; x_wconf 90' lang='lat' dir='ltr'>ecclesie</span> <span class='ocrx_word' id='word_1_223' title='bbox 298 1506 425 1548; x_wconf 85' lang='lat' dir='ltr'>sequestrauit.</span> <span class='ocrx_word' id='word_1_224' title='bbox 449 1505 487 1538; x_wconf 88' lang='lat' dir='ltr'>Sed</span> <span class='ocrx_word' id='word_1_225' title='bbox 498 1515 540 1538; x_wconf 90' lang='lat' dir='ltr'>cum</span> <span class='ocrx_word' id='word_1_226' title='bbox 549 1515 582 1538; x_wconf 89' lang='lat' dir='ltr'>nec</span> <span class='ocrx_word' id='word_1_227' title='bbox 591 1505 617 1538; x_wconf 91' lang='lat' dir='ltr'>sic</span> <span class='ocrx_word' id='word_1_228' title='bbox 625 1505 700 1549; x_wconf 88' lang='lat' dir='ltr'>quidem</span> <span class='ocrx_word' id='word_1_229' title='bbox 711 1505 752 1539; x_wconf 82' lang='lat' dir='ltr'>illas</span> <span class='ocrx_word' id='word_1_230' title='bbox 762 1516 773 1538; x_wconf 87' lang='lat' dir='ltr'>a</span> <span class='ocrx_word' id='word_1_231' title='bbox 782 1510 845 1548; x_wconf 89' lang='lat' dir='ltr'>stupro</span> 
     </span>
     <span class='ocr_line' id='line_1_27' title="bbox 144 1556 845 1600; baseline 0.001 -10"><span class='ocrx_word' id='word_1_232' title='bbox 144 1558 242 1600; x_wconf 85' lang='lat' dir='ltr'>prohibere</span> <span class='ocrx_word' id='word_1_233' title='bbox 261 1557 356 1600; x_wconf 88' lang='lat' dir='ltr'>potuisset,</span> <span class='ocrx_word' id='word_1_234' title='bbox 371 1557 514 1600; x_wconf 89' lang='lat' dir='ltr'>comprehensas</span> <span class='ocrx_word' id='word_1_235' title='bbox 532 1556 585 1591; x_wconf 89' lang='lat' dir='ltr'>iussit</span> <span class='ocrx_word' id='word_1_236' title='bbox 600 1557 618 1591; x_wconf 93' lang='lat' dir='ltr'>in</span> <span class='ocrx_word' id='word_1_237' title='bbox 634 1557 679 1591; x_wconf 86' lang='lat' dir='ltr'>sacle</span> <span class='ocrx_word' id='word_1_238' title='bbox 697 1558 782 1592; x_wconf 89' lang='lat' dir='ltr'>candenti</span> <span class='ocrx_word' id='word_1_239' title='bbox 797 1558 845 1592; x_wconf 90' lang='lat' dir='ltr'>serro</span> 
     </span>
     <span class='ocr_line' id='line_1_28' title="bbox 144 1608 845 1653; baseline 0.001 -11"><span class='ocrx_word' id='word_1_240' title='bbox 144 1608 220 1652; x_wconf 88' lang='lat' dir='ltr'>turpari,</span> <span class='ocrx_word' id='word_1_241' title='bbox 232 1609 294 1653; x_wconf 91' lang='lat' dir='ltr'>sicque</span> <span class='ocrx_word' id='word_1_242' title='bbox 307 1610 330 1643; x_wconf 93' lang='lat' dir='ltr'>de</span> <span class='ocrx_word' id='word_1_243' title='bbox 340 1620 397 1652; x_wconf 83' lang='lat' dir='ltr'>regno</span> <span class='ocrx_word' id='word_1_244' title='bbox 407 1609 509 1652; x_wconf 84' lang='lat' dir='ltr'>Anglorum</span> <span class='ocrx_word' id='word_1_245' title='bbox 520 1609 591 1652; x_wconf 78' lang='lat' dir='ltr'>expelli.</span> <span class='ocrx_word' id='word_1_246' title='bbox 615 1609 687 1643; x_wconf 89' lang='lat' dir='ltr'>Deinde</span> <span class='ocrx_word' id='word_1_247' title='bbox 697 1610 780 1643; x_wconf 85' lang='lat' dir='ltr'>dulcibus</span> <span class='ocrx_word' id='word_1_248' title='bbox 792 1611 845 1644; x_wconf 91' lang='lat' dir='ltr'>simul</span> 
     </span>
     <span class='ocr_line' id='line_1_29' title="bbox 144 1661 846 1706; baseline 0.001 -10"><span class='ocrx_word' id='word_1_249' title='bbox 144 1662 207 1696; x_wconf 89' lang='lat' dir='ltr'>verbis</span> <span class='ocrx_word' id='word_1_250' title='bbox 219 1673 239 1696; x_wconf 87' lang='lat' dir='ltr'>ac</span> <span class='ocrx_word' id='word_1_251' title='bbox 251 1663 351 1696; x_wconf 89' lang='lat' dir='ltr'>terroribus</span> <span class='ocrx_word' id='word_1_252' title='bbox 364 1672 426 1706; x_wconf 85' lang='lat' dir='ltr'>regem</span> <span class='ocrx_word' id='word_1_253' title='bbox 438 1661 532 1696; x_wconf 87' lang='lat' dir='ltr'>admonuit</span> <span class='ocrx_word' id='word_1_254' title='bbox 543 1666 563 1696; x_wconf 91' lang='lat' dir='ltr'>vt</span> <span class='ocrx_word' id='word_1_255' title='bbox 576 1672 586 1695; x_wconf 88' lang='lat' dir='ltr'>a</span> <span class='ocrx_word' id='word_1_256' title='bbox 597 1666 647 1696; x_wconf 88' lang='lat' dir='ltr'>tanta</span> <span class='ocrx_word' id='word_1_257' title='bbox 659 1673 679 1696; x_wconf 89' lang='lat' dir='ltr'>se</span> <span class='ocrx_word' id='word_1_258' title='bbox 691 1662 784 1706; x_wconf 90' lang='lat' dir='ltr'>impietate</span> <span class='ocrx_word' id='word_1_259' title='bbox 797 1673 846 1697; x_wconf 88' lang='lat' dir='ltr'>com·</span> 
     </span>
     <span class='ocr_line' id='line_1_30' title="bbox 144 1715 845 1760; baseline 0 -10"><span class='ocrx_word' id='word_1_260' title='bbox 144 1720 212 1760; x_wconf 88' lang='lat' dir='ltr'>pescat,</span> <span class='ocrx_word' id='word_1_261' title='bbox 221 1727 244 1749; x_wconf 91' lang='lat' dir='ltr'>ne</span> <span class='ocrx_word' id='word_1_262' title='bbox 253 1716 283 1750; x_wconf 90' lang='lat' dir='ltr'>dei</span> <span class='ocrx_word' id='word_1_263' title='bbox 290 1716 330 1749; x_wconf 87' lang='lat' dir='ltr'>irati</span> <span class='ocrx_word' id='word_1_264' title='bbox 338 1716 436 1750; x_wconf 86' lang='lat' dir='ltr'>vindictam</span> <span class='ocrx_word' id='word_1_265' title='bbox 442 1726 499 1759; x_wconf 88' lang='lat' dir='ltr'>supra</span> <span class='ocrx_word' id='word_1_266' title='bbox 506 1726 527 1749; x_wconf 91' lang='lat' dir='ltr'>se</span> <span class='ocrx_word' id='word_1_267' title='bbox 535 1715 587 1750; x_wconf 89' lang='lat' dir='ltr'>citius</span> <span class='ocrx_word' id='word_1_268' title='bbox 593 1716 708 1759; x_wconf 68' lang='lat' dir='ltr'>experiatur,</span> <span class='ocrx_word' id='word_1_269' title='bbox 720 1717 761 1750; x_wconf 90' lang='lat' dir='ltr'>ideo</span> <span class='ocrx_word' id='word_1_270' title='bbox 769 1717 818 1760; x_wconf 92' lang='lat' dir='ltr'>quod</span> <span class='ocrx_word' id='word_1_271' title='bbox 827 1717 845 1750; x_wconf 90' lang='lat' dir='ltr'>in</span> 
     </span>
     <span class='ocr_line' id='line_1_31' title="bbox 117 1769 846 1814; baseline 0.001 -11"><span class='ocrx_word' id='word_1_272' title='bbox 117 1785 136 1814; x_wconf 77' lang='lat'>50</span> <span class='ocrx_word' id='word_1_273' title='bbox 144 1769 203 1803; x_wconf 88' lang='lat' dir='ltr'>altiori</span> <span class='ocrx_word' id='word_1_274' title='bbox 213 1770 270 1813; x_wconf 85' lang='lat' dir='ltr'>gradu</span> <span class='ocrx_word' id='word_1_275' title='bbox 279 1769 330 1803; x_wconf 82' lang='lat' dir='ltr'>ruina</span> <span class='ocrx_word' id='word_1_276' title='bbox 339 1769 362 1803; x_wconf 88' lang='lat' dir='ltr'>sit</span> <span class='ocrx_word' id='word_1_277' title='bbox 370 1769 448 1813; x_wconf 82' lang='lat' dir='ltr'>grauior,</span> <span class='ocrx_word' id='word_1_278' title='bbox 456 1773 475 1802; x_wconf 91' lang='lat' dir='ltr'>et</span> <span class='ocrx_word' id='word_1_279' title='bbox 482 1769 574 1803; x_wconf 85' lang='lat' dir='ltr'>infirmato</span> <span class='ocrx_word' id='word_1_280' title='bbox 585 1770 644 1812; x_wconf 85' lang='lat' dir='ltr'>capite</span> <span class='ocrx_word' id='word_1_281' title='bbox 655 1771 738 1803; x_wconf 91' lang='lat' dir='ltr'>membra</span> <span class='ocrx_word' id='word_1_282' title='bbox 748 1780 793 1804; x_wconf 88' lang='lat' dir='ltr'>sana</span> <span class='ocrx_word' id='word_1_283' title='bbox 805 1780 846 1804; x_wconf 85' lang='lat' dir='ltr'>esse</span> 
     </span>
     <span class='ocr_line' id='line_1_32' title="bbox 144 1821 845 1865; baseline -0.001 -10"><span class='ocrx_word' id='word_1_284' title='bbox 144 1827 242 1864; x_wconf 84' lang='lat' dir='ltr'>nequeant.</span> <span class='ocrx_word' id='word_1_285' title='bbox 265 1821 328 1864; x_wconf 85' lang='lat' dir='ltr'>ltaque</span> <span class='ocrx_word' id='word_1_286' title='bbox 334 1827 409 1865; x_wconf 86' lang='lat' dir='ltr'>propter</span> <span class='ocrx_word' id='word_1_287' title='bbox 416 1821 474 1853; x_wconf 90' lang='lat' dir='ltr'>sancti</span> <span class='ocrx_word' id='word_1_288' title='bbox 482 1821 536 1854; x_wconf 89' lang='lat' dir='ltr'>huius</span> <span class='ocrx_word' id='word_1_289' title='bbox 544 1821 665 1855; x_wconf 85' lang='lat' dir='ltr'>constantiam</span> <span class='ocrx_word' id='word_1_290' title='bbox 673 1823 678 1838; x_wconf 89' lang='lat'><em>‘</em></span> <span class='ocrx_word' id='word_1_291' title='bbox 683 1823 736 1855; x_wconf 84' lang='lat' dir='ltr'>boni&#39;</span> <span class='ocrx_word' id='word_1_292' title='bbox 744 1832 845 1864; x_wconf 86' lang='lat' dir='ltr'>cognomen</span> 
     </span>
     <span class='ocr_line' id='line_1_33' title="bbox 144 1873 846 1919; baseline 0 -11"><span class='ocrx_word' id='word_1_293' title='bbox 144 1873 219 1917; x_wconf 87' lang='lat' dir='ltr'>accepit,</span> <span class='ocrx_word' id='word_1_294' title='bbox 233 1885 254 1908; x_wconf 89' lang='lat' dir='ltr'>eo</span> <span class='ocrx_word' id='word_1_295' title='bbox 268 1874 317 1918; x_wconf 87' lang='lat' dir='ltr'>quod</span> <span class='ocrx_word' id='word_1_296' title='bbox 331 1885 341 1908; x_wconf 89' lang='lat' dir='ltr'>a</span> <span class='ocrx_word' id='word_1_297' title='bbox 353 1873 426 1908; x_wconf 84' lang='lat' dir='ltr'>tramite</span> <span class='ocrx_word' id='word_1_298' title='bbox 438 1873 520 1908; x_wconf 91' lang='lat' dir='ltr'>veritatis</span> <span class='ocrx_word' id='word_1_299' title='bbox 532 1885 565 1908; x_wconf 89' lang='lat' dir='ltr'>nec</span> <span class='ocrx_word' id='word_1_300' title='bbox 577 1874 643 1914; x_wconf 86' lang='lat' dir='ltr'>timore</span> <span class='ocrx_word' id='word_1_301' title='bbox 656 1885 690 1909; x_wconf 91' lang='lat' dir='ltr'>nec</span> <span class='ocrx_word' id='word_1_302' title='bbox 704 1876 762 1919; x_wconf 86' lang='lat' dir='ltr'>gratia</span> <span class='ocrx_word' id='word_1_303' title='bbox 775 1873 846 1908; x_wconf 82' lang='lat' dir='ltr'>deflecti</span> 
     </span>
     <span class='ocr_line' id='line_1_34' title="bbox 144 1921 846 1971; baseline 0 -10"><span class='ocrx_word' id='word_1_304' title='bbox 144 1927 223 1970; x_wconf 61' lang='lat' dir='ltr'>possett</span> <span class='ocrx_word' id='word_1_305' title='bbox 269 1921 299 1962; x_wconf 83' lang='lat' dir='ltr'>Eo</span> <span class='ocrx_word' id='word_1_306' title='bbox 317 1931 401 1971; x_wconf 84' lang='lat' dir='ltr'>tempore</span> <span class='ocrx_word' id='word_1_307' title='bbox 418 1927 492 1971; x_wconf 85' lang='lat' dir='ltr'>quidam</span> <span class='ocrx_word' id='word_1_308' title='bbox 511 1928 534 1962; x_wconf 88' lang='lat' dir='ltr'>de</span> <span class='ocrx_word' id='word_1_309' title='bbox 550 1928 599 1962; x_wconf 88' lang='lat' dir='ltr'>clero</span> <span class='ocrx_word' id='word_1_310' title='bbox 617 1928 750 1963; x_wconf 84' lang='lat' dir='ltr'>cantuariensis</span> <span class='ocrx_word' id='word_1_311' title='bbox 769 1928 846 1962; x_wconf 86' lang='lat' dir='ltr'>ecclesie</span> 
     </span>
     <span class='ocr_line' id='line_1_35' title="bbox 145 1979 846 2026; baseline 0 -11"><span class='ocrx_word' id='word_1_312' title='bbox 145 1991 253 2015; x_wconf 86' lang='lat' dir='ltr'>asseuerare</span> <span class='ocrx_word' id='word_1_313' title='bbox 261 1981 379 2023; x_wconf 85' lang='lat' dir='ltr'>conabantur,</span> <span class='ocrx_word' id='word_1_314' title='bbox 387 1991 454 2024; x_wconf 87' lang='lat' dir='ltr'>panem</span> <span class='ocrx_word' id='word_1_315' title='bbox 465 1986 483 2015; x_wconf 91' lang='lat' dir='ltr'>et</span> <span class='ocrx_word' id='word_1_316' title='bbox 493 1979 556 2015; x_wconf 90' lang='lat' dir='ltr'>vinum</span> <span class='ocrx_word' id='word_1_317' title='bbox 565 1992 600 2025; x_wconf 87' lang='lat' dir='ltr'>que</span> <span class='ocrx_word' id='word_1_318' title='bbox 611 1980 630 2015; x_wconf 91' lang='lat' dir='ltr'>in</span> <span class='ocrx_word' id='word_1_319' title='bbox 640 1981 691 2016; x_wconf 88' lang='lat' dir='ltr'>altari</span> <span class='ocrx_word' id='word_1_320' title='bbox 698 1986 797 2026; x_wconf 88' lang='lat' dir='ltr'>ponuntur,</span> <span class='ocrx_word' id='word_1_321' title='bbox 805 1986 846 2025; x_wconf 89' lang='lat' dir='ltr'>post</span> 
     </span>
     <span class='ocr_line' id='line_1_36' title="bbox 117 2034 846 2078; baseline 0.003 -12"><span class='ocrx_word' id='word_1_322' title='bbox 117 2048 135 2077; x_wconf 77' lang='lat'>35</span> <span class='ocrx_word' id='word_1_323' title='bbox 145 2035 301 2067; x_wconf 89' lang='lat' dir='ltr'>consecrationem</span> <span class='ocrx_word' id='word_1_324' title='bbox 313 2034 332 2067; x_wconf 92' lang='lat' dir='ltr'>in</span> <span class='ocrx_word' id='word_1_325' title='bbox 344 2034 400 2077; x_wconf 86' lang='lat' dir='ltr'>priori</span> <span class='ocrx_word' id='word_1_326' title='bbox 412 2035 512 2068; x_wconf 87' lang='lat' dir='ltr'>substantia</span> <span class='ocrx_word' id='word_1_327' title='bbox 524 2046 639 2078; x_wconf 88' lang='lat' dir='ltr'>permanere,</span> <span class='ocrx_word' id='word_1_328' title='bbox 650 2040 668 2069; x_wconf 91' lang='lat' dir='ltr'>et</span> <span class='ocrx_word' id='word_1_329' title='bbox 679 2036 756 2078; x_wconf 86' lang='lat' dir='ltr'>figuram</span> <span class='ocrx_word' id='word_1_330' title='bbox 768 2040 846 2069; x_wconf 87' lang='lat' dir='ltr'>tantum-</span> 
     </span>
     <span class='ocr_line' id='line_1_37' title="bbox 146 2086 846 2132; baseline 0 -12"><span class='ocrx_word' id='word_1_331' title='bbox 146 2087 200 2120; x_wconf 88' lang='lat' dir='ltr'>modo</span> <span class='ocrx_word' id='word_1_332' title='bbox 212 2097 254 2120; x_wconf 90' lang='lat' dir='ltr'>esse</span> <span class='ocrx_word' id='word_1_333' title='bbox 265 2088 347 2130; x_wconf 90' lang='lat' dir='ltr'>corporis</span> <span class='ocrx_word' id='word_1_334' title='bbox 359 2091 377 2121; x_wconf 91' lang='lat' dir='ltr'>et</span> <span class='ocrx_word' id='word_1_335' title='bbox 389 2086 483 2131; x_wconf 87' lang='lat' dir='ltr'>sanguinis</span> <span class='ocrx_word' id='word_1_336' title='bbox 495 2087 568 2130; x_wconf 87' lang='lat' dir='ltr'>Christi,</span> <span class='ocrx_word' id='word_1_337' title='bbox 579 2099 619 2123; x_wconf 72' lang='lat' dir='ltr'>nonv</span> <span class='ocrx_word' id='word_1_338' title='bbox 626 2098 691 2122; x_wconf 89' lang='lat' dir='ltr'>verum</span> <span class='ocrx_word' id='word_1_339' title='bbox 702 2087 770 2122; x_wconf 89' lang='lat' dir='ltr'>Christi</span> <span class='ocrx_word' id='word_1_340' title='bbox 780 2097 846 2132; x_wconf 87' lang='lat' dir='ltr'>corpus</span> 
     </span>
     <span class='ocr_line' id='line_1_38' title="bbox 145 2140 846 2186; baseline 0.001 -13"><span class='ocrx_word' id='word_1_341' title='bbox 145 2146 164 2173; x_wconf 90' lang='lat' dir='ltr'>et</span> <span class='ocrx_word' id='word_1_342' title='bbox 175 2141 287 2183; x_wconf 83' lang='lat' dir='ltr'>sanguinem.</span> <span class='ocrx_word' id='word_1_343' title='bbox 310 2140 393 2182; x_wconf 81' lang='lat' dir='ltr'>Quorum</span> <span class='ocrx_word' id='word_1_344' title='bbox 404 2141 434 2175; x_wconf 93' lang='lat' dir='ltr'>ille</span> <span class='ocrx_word' id='word_1_345' title='bbox 445 2151 540 2175; x_wconf 89' lang='lat' dir='ltr'>enormem</span> <span class='ocrx_word' id='word_1_346' title='bbox 551 2142 647 2185; x_wconf 86' lang='lat' dir='ltr'>perfidiam</span> <span class='ocrx_word' id='word_1_347' title='bbox 658 2142 753 2176; x_wconf 90' lang='lat' dir='ltr'>destruere</span> <span class='ocrx_word' id='word_1_348' title='bbox 765 2142 846 2186; x_wconf 86' lang='lat' dir='ltr'>cupiens,</span> 
     </span>
     <span class='ocr_line' id='line_1_39' title="bbox 146 2192 847 2237; baseline 0.003 -12"><span class='ocrx_word' id='word_1_349' title='bbox 146 2193 190 2226; x_wconf 93' lang='lat' dir='ltr'>dum</span> <span class='ocrx_word' id='word_1_350' title='bbox 203 2193 281 2234; x_wconf 85' lang='lat' dir='ltr'>quadam</span> <span class='ocrx_word' id='word_1_351' title='bbox 296 2192 324 2226; x_wconf 88' lang='lat' dir='ltr'>die</span> <span class='ocrx_word' id='word_1_352' title='bbox 338 2193 356 2225; x_wconf 92' lang='lat' dir='ltr'>in</span> <span class='ocrx_word' id='word_1_353' title='bbox 368 2199 468 2236; x_wconf 84' lang='lat' dir='ltr'>conspectu</span> <span class='ocrx_word' id='word_1_354' title='bbox 483 2194 547 2237; x_wconf 90' lang='lat' dir='ltr'>populi</span> <span class='ocrx_word' id='word_1_355' title='bbox 560 2195 636 2228; x_wconf 90' lang='lat' dir='ltr'>missam</span> <span class='ocrx_word' id='word_1_356' title='bbox 648 2195 753 2236; x_wconf 86' lang='lat' dir='ltr'>celebraret,</span> <span class='ocrx_word' id='word_1_357' title='bbox 766 2195 811 2228; x_wconf 84' lang='lat' dir='ltr'>susis</span> <span class='ocrx_word' id='word_1_358' title='bbox 825 2194 847 2227; x_wconf 87' lang='lat' dir='ltr'>ad</span> 
     </span>
     <span class='ocr_line' id='line_1_40' title="bbox 146 2242 847 2290; baseline 0 -11"><span class='ocrx_word' id='word_1_359' title='bbox 146 2244 201 2279; x_wconf 91' lang='lat' dir='ltr'>deum</span> <span class='ocrx_word' id='word_1_360' title='bbox 212 2243 304 2278; x_wconf 84' lang='lat' dir='ltr'>lachrimis</span> <span class='ocrx_word' id='word_1_361' title='bbox 316 2245 345 2278; x_wconf 90' lang='lat' dir='ltr'>dei</span> <span class='ocrx_word' id='word_1_362' title='bbox 357 2245 473 2279; x_wconf 88' lang='lat' dir='ltr'>clementiam</span> <span class='ocrx_word' id='word_1_363' title='bbox 484 2246 583 2289; x_wconf 86' lang='lat' dir='ltr'>postulauit</span> <span class='ocrx_word' id='word_1_364' title='bbox 592 2251 611 2281; x_wconf 92' lang='lat' dir='ltr'>vt</span> <span class='ocrx_word' id='word_1_365' title='bbox 622 2247 645 2281; x_wconf 90' lang='lat' dir='ltr'>ad</span> <span class='ocrx_word' id='word_1_366' title='bbox 658 2242 777 2290; x_wconf 79' lang='lat' dir='ltr'>expellendos</span> <span class='ocrx_word' id='word_1_367' title='bbox 789 2246 847 2281; x_wconf 80' lang='lat' dir='ltr'>homi-</span> 
     </span>
     <span class='ocr_line' id='line_1_41' title="bbox 118 2299 847 2345; baseline 0.003 -14"><span class='ocrx_word' id='word_1_368' title='bbox 118 2316 138 2344; x_wconf 74' lang='lat'>40</span> <span class='ocrx_word' id='word_1_369' title='bbox 147 2309 191 2332; x_wconf 91' lang='lat' dir='ltr'>num</span> <span class='ocrx_word' id='word_1_370' title='bbox 199 2309 272 2331; x_wconf 88' lang='lat' dir='ltr'>errores</span> <span class='ocrx_word' id='word_1_371' title='bbox 282 2299 385 2332; x_wconf 91' lang='lat' dir='ltr'>diuinorum</span> <span class='ocrx_word' id='word_1_372' title='bbox 394 2299 517 2332; x_wconf 88' lang='lat' dir='ltr'>misteriorum</span> <span class='ocrx_word' id='word_1_373' title='bbox 526 2300 627 2333; x_wconf 87' lang='lat' dir='ltr'>declararet</span> <span class='ocrx_word' id='word_1_374' title='bbox 634 2300 770 2345; x_wconf 88' lang='lat' dir='ltr'>proprietatem.</span> <span class='ocrx_word' id='word_1_375' title='bbox 793 2301 847 2335; x_wconf 89' lang='lat' dir='ltr'>Cum·</span> 
     </span>
     <span class='ocr_line' id='line_1_42' title="bbox 146 2350 846 2399; baseline 0 -13"><span class='ocrx_word' id='word_1_376' title='bbox 146 2362 182 2395; x_wconf 88' lang='lat' dir='ltr'>que</span> <span class='ocrx_word' id='word_1_377' title='bbox 190 2351 213 2384; x_wconf 87' lang='lat' dir='ltr'>ad</span> <span class='ocrx_word' id='word_1_378' title='bbox 221 2350 363 2385; x_wconf 81' lang='lat' dir='ltr'>confractionem</span> <span class='ocrx_word' id='word_1_379' title='bbox 369 2357 444 2386; x_wconf 85' lang='lat' dir='ltr'>ventum</span> <span class='ocrx_word' id='word_1_380' title='bbox 452 2351 521 2394; x_wconf 90' lang='lat' dir='ltr'>fuisset,</span> <span class='ocrx_word' id='word_1_381' title='bbox 528 2353 624 2387; x_wconf 84' lang='lat' dir='ltr'>confestim</span> <span class='ocrx_word' id='word_1_382' title='bbox 631 2354 678 2388; x_wconf 90' lang='lat' dir='ltr'>inter</span> <span class='ocrx_word' id='word_1_383' title='bbox 684 2365 749 2389; x_wconf 89' lang='lat' dir='ltr'>manus</span> <span class='ocrx_word' id='word_1_384' title='bbox 756 2352 846 2399; x_wconf 87' lang='lat' dir='ltr'>pontificis</span> 
     </span>
     <span class='ocr_line' id='line_1_43' title="bbox 146 2404 847 2450; baseline 0.004 -13"><span class='ocrx_word' id='word_1_385' title='bbox 146 2405 248 2446; x_wconf 83' lang='lat' dir='ltr'>fragmenta</span> <span class='ocrx_word' id='word_1_386' title='bbox 267 2404 349 2446; x_wconf 87' lang='lat' dir='ltr'>corporis</span> <span class='ocrx_word' id='word_1_387' title='bbox 368 2405 436 2438; x_wconf 87' lang='lat' dir='ltr'>Christi</span> <span class='ocrx_word' id='word_1_388' title='bbox 455 2406 563 2448; x_wconf 82' lang='lat' dir='ltr'>sanguinem</span> <span class='ocrx_word' id='word_1_389' title='bbox 582 2417 657 2441; x_wconf 89' lang='lat' dir='ltr'>manare</span> <span class='ocrx_word' id='word_1_390' title='bbox 676 2413 769 2450; x_wconf 90' lang='lat' dir='ltr'>ceperunt.</span> <span class='ocrx_word' id='word_1_391' title='bbox 792 2408 847 2441; x_wconf 84' lang='lat' dir='ltr'>Stans</span> 
     </span>
     <span class='ocr_line' id='line_1_44' title="bbox 145 2456 847 2501; baseline 0.001 -11"><span class='ocrx_word' id='word_1_392' title='bbox 145 2457 207 2500; x_wconf 82' lang='lat' dir='ltr'>itaque</span> <span class='ocrx_word' id='word_1_393' title='bbox 225 2456 308 2500; x_wconf 80' lang='lat' dir='ltr'>pontifex</span> <span class='ocrx_word' id='word_1_394' title='bbox 327 2461 345 2490; x_wconf 89' lang='lat' dir='ltr'>et</span> <span class='ocrx_word' id='word_1_395' title='bbox 362 2466 395 2499; x_wconf 90' lang='lat' dir='ltr'>pre</span> <span class='ocrx_word' id='word_1_396' title='bbox 411 2456 476 2500; x_wconf 87' lang='lat' dir='ltr'>gaudio</span> <span class='ocrx_word' id='word_1_397' title='bbox 492 2458 558 2492; x_wconf 86' lang='lat' dir='ltr'>uberes</span> <span class='ocrx_word' id='word_1_398' title='bbox 574 2458 672 2493; x_wconf 87' lang='lat' dir='ltr'>lachrimas</span> <span class='ocrx_word' id='word_1_399' title='bbox 688 2460 773 2501; x_wconf 84' lang='lat' dir='ltr'>lundens,</span> <span class='ocrx_word' id='word_1_400' title='bbox 789 2456 847 2493; x_wconf 91' lang='lat' dir='ltr'>innuit</span> 
     </span>
    </p>
   </div>
   <div class='ocr_carea' id='block_1_3' title="bbox 146 2529 848 2609">
    <p class='ocr_par' dir='ltr' id='par_1_3' title="bbox 146 2529 848 2609">
     <span class='ocr_line' id='line_1_45' title="bbox 165 2529 848 2570; baseline -0.001 -9"><span class='ocrx_word' id='word_1_401' title='bbox 165 2530 170 2547; x_wconf 87' lang='lat'>¹</span> <span class='ocrx_word' id='word_1_402' title='bbox 182 2530 199 2561; x_wconf 77' lang='lat' dir='ltr'>E.</span> <span class='ocrx_word' id='word_1_403' title='bbox 207 2529 277 2559; x_wconf 89' lang='lat' dir='ltr'>domino.</span> <span class='ocrx_word' id='word_1_404' title='bbox 339 2529 363 2546; x_wconf 61' lang='grc' dir='ltr'>Μ</span> <span class='ocrx_word' id='word_1_405' title='bbox 370 2531 421 2559; x_wconf 86' lang='lat' dir='ltr'>added</span> <span class='ocrx_word' id='word_1_406' title='bbox 429 2531 450 2568; x_wconf 87' lang='lat' dir='ltr'>by</span> <span class='ocrx_word' id='word_1_407' title='bbox 455 2530 498 2567; x_wconf 91' lang='lat' dir='ltr'>John</span> <span class='ocrx_word' id='word_1_408' title='bbox 505 2531 567 2569; x_wconf 79' lang='lat' dir='ltr'>ofTin,</span> <span class='ocrx_word' id='word_1_409' title='bbox 576 2533 613 2562; x_wconf 85' lang='lat' dir='ltr'>who</span> <span class='ocrx_word' id='word_1_410' title='bbox 621 2532 634 2561; x_wconf 89' lang='lat' dir='ltr'>is</span> <span class='ocrx_word' id='word_1_411' title='bbox 642 2533 740 2570; x_wconf 86' lang='lat' dir='ltr'>responsible</span> <span class='ocrx_word' id='word_1_412' title='bbox 747 2534 772 2563; x_wconf 88' lang='lat' dir='ltr'>lor</span> <span class='ocrx_word' id='word_1_413' title='bbox 778 2534 805 2562; x_wconf 88' lang='lat' dir='ltr'>the</span> <span class='ocrx_word' id='word_1_414' title='bbox 812 2531 848 2562; x_wconf 73' lang='lat' dir='ltr'>mis²</span> 
     </span>
     <span class='ocr_line' id='line_1_46' title="bbox 146 2569 830 2609; baseline 0.006 -10"><span class='ocrx_word' id='word_1_415' title='bbox 146 2570 196 2600; x_wconf 84' lang='lat' dir='ltr'>takes.</span> <span class='ocrx_word' id='word_1_416' title='bbox 257 2569 290 2599; x_wconf 62' lang='grc' dir='ltr'>ΒΤ.</span> <span class='ocrx_word' id='word_1_417' title='bbox 299 2570 316 2599; x_wconf 85' lang='grc' dir='ltr'>Ε.</span> <span class='ocrx_word' id='word_1_418' title='bbox 324 2570 414 2609; x_wconf 72' lang='lat' dir='ltr'>prendisse</span> <span class='ocrx_word' id='word_1_419' title='bbox 475 2571 616 2603; x_wconf 57' lang='lat' dir='ltr'>¹E.habitum.‘</span> <span class='ocrx_word' id='word_1_420' title='bbox 696 2593 698 2596; x_wconf 86' lang='lat'><em>.</em></span> <span class='ocrx_word' id='word_1_421' title='bbox 821 2580 830 2595; x_wconf 62' lang='lat'>=¹</span> 
     </span>
    </p>
   </div>
   <div class='ocr_carea' id='block_1_4' title="bbox 0 0 892 2803">
    <p class='ocr_par' dir='ltr' id='par_1_4' title="bbox 0 0 892 2803">
     <span class='ocr_line' id='line_1_47' title="bbox 0 0 892 2803; baseline 0 0"><span class='ocrx_word' id='word_1_422' title='bbox 0 0 892 2803; x_wconf 95' lang='lat' dir='ltr'> </span> 
     </span>
    </p>
   </div>
  </div>
 </body>
</html>
