1762 2803
146 161 189 214 3³².
338 147 417 202 intua
433 145 549 210 trumba
565 145 657 209 unalia.
688 166 690 169 v
725 158 727 161 ⁴

145 268 229 305 amabilis
244 268 320 311 ciuibus,
335 268 384 303 vtilis
399 268 482 310 ecclesie,
497 268 643 312 laudabilemque
658 268 714 303 vitam
733 273 797 303 sancto
812 268 849 303 fine

145 322 251 356 concludet.¹
275 321 315 363 Que
326 320 388 355 omnia
395 321 414 355 in
422 322 476 356 beato
485 322 576 356 Edwardo
588 322 683 366 completa,
691 320 718 355 rei
726 321 787 356 exitus
799 332 849 356 com-

145 375 234 418 probauit.
256 374 315 407 ¹Cum
326 378 387 407 autem
399 374 497 417 episcopus
507 376 531 408 de
542 373 648 417 posteritate
658 374 745 408 Edwardi
756 380 848 418 quereret,

146 425 241 470 respondit
256 430 330 460 sanctus
346 425 423 461 Petrus:
440 425 538 470 ‘Regnum
551 426 655 470 Anglorum
670 438 748 470 regnum
763 425 793 460 dei
809 432 848 469 est;

128 484 188 524 5post
200 479 255 512 istum
269 478 373 523 prouidebit
385 490 449 523 regern
459 481 482 513 ad
492 480 578 523 placitum
590 479 667 514 suum.’¹
711 472 778 515 Stabat
790 480 849 514 adhuc

146 531 221 575 spiritus
235 532 321 575 procelle,
334 537 352 565 et
367 532 441 565 exaltati
456 538 500 565 sunt
512 532 579 565 {luctus
592 531 637 574 eius,
651 532 781 575 externisque‘²
796 532 849 567 malis

146 583 223 620 accessit
238 583 297 619 ciuilis
316 584 412 627 discordia,
430 584 476 618 adeo
490 590 510 619 vt
525 584 566 628 quis
582 583 610 618 eui
628 584 724 628 [crederet
740 585 781 629 quis
801 585 850 628 cui]⁵

146 636 213 672 mentis
221 648 254 671 sue
262 642 333 672 secreta
341 638 468 680 committeret,
479 637 586 672 nesciretur.
610 637 667 672 Plena
676 643 715 673 erat
724 637 849 682 proditoribus

146 689 216 731 insula;
232 700 323 733 nusquam
333 695 372 724 tuta
384 691 437 733 fides,
447 700 538 734 nusquam
550 690 591 724 sine
603 690 705 734 suspitione
718 701 775 733 amor,
789 701 850 724 sermo

120 754 138 776 ιο
146 742 186 777 sine
200 742 320 777 simulatione.
343 742 426 777 Tandem
442 753 524 787 eousque
537 743 616 786 proditio
628 742 687 777 ciuilis
700 748 718 777 et
731 743 797 778 astutia
809 754 849 787 pro-

146 795 202 830 cessit
220 795 297 837 hostilis,
312 801 331 830 vt
346 795 431 830 defuncto
449 806 493 839 rege
513 795 618 837 Ethelredo,
636 806 703 840 magna
722 807 765 839 pars
784 796 850 836 insule,

146 847 232 892 legitimis
243 848 342 883 heredibus
352 848 445 891 abdicatis,
455 848 531 891 Canuto,
542 849 573 893 qui
585 859 663 893 regnum
674 849 772 890 inuaserat,
784 860 850 884 manus

147 902 224 934 darent:
236 906 370 945 peremptoque
378 900 499 935 inuictissimo
510 912 555 945 rege
567 901 671 944 Edmundo,
679 901 734 935 etiam
747 902 794 935 filios
804 901 850 944 eius,

147 956 207 989 adhuc
221 954 240 988 in
256 954 307 989 cunis
322 959 403 999 agentes,
417 955 499 989 barbaris
515 954 608 989 mitterent
623 954 738 989 occidendos,
761 954 850 990 Alsredus

121 1018 138 1049 15
148 1008 222 1041 demum
231 1006 317 1041 Edwardi
328 1007 385 1041 frater
396 1007 414 1042 in
425 1007 512 1050 Angliam
524 1011 644 1049 transuectus
652 1007 733 1042 inaudita
744 1007 850 1043 crudelitate

148 1062 171 1095 ab
186 1061 268 1095 hostibus
281 1060 388 1104 ciuibusque
400 1060 500 1104 perimitur.
522 1060 575 1094 Tunc
589 1060 692 1095 Edwardus
706 1060 755 1094 omni
769 1060 850 1095 humano

148 1113 246 1147 destitutus
255 1113 328 1155 auxilio,
340 1114 384 1147 exul
395 1113 459 1157 patrie,
468 1113 525 1157 regni,
537 1118 555 1147 et
566 1112 642 1147 honoris
653 1113 736 1148 viuebat:
750 1113 850 1157 Impiorum

148 1166 224 1201 insidias
232 1165 312 1208 timebat,
321 1171 339 1200 et
347 1176 371 1200 ne
379 1177 390 1199 a
397 1167 436 1200 suis
447 1167 563 1210 proderetur,
571 1167 601 1200 vel
610 1167 632 1199 ab
643 1166 727 1200 hostibus
737 1168 760 1200 ad
772 1172 850 1200 mortem

148 1223 245 1261 emeretur,
258 1218 359 1262 plurimum
371 1218 483 1252 formidabat.
506 1218 596 1252 Inuento⁴
608 1223 670 1252 autem
682 1218 757 1253 consilio
770 1218 850 1261 salutari,

121 1280 140 1302 20
149 1272 183 1305 deo
195 1270 322 1314 prosternitur,
332 1270 375 1304 talia
385 1272 525 1314 prosequendo:
538 1270 603 1313 ‘Ecce,
614 1270 677 1314 inquit,
687 1270 767 1312 domine,
776 1282 812 1304 non
823 1277 851 1305 est

148 1322 193 1359 mihi
209 1323 297 1357 auxilium
312 1323 331 1357 in
345 1334 380 1364 me,
394 1329 412 1357 et
425 1323 525 1358 necessarii
540 1323 577 1358 mei
592 1329 709 1358 recesserunt
723 1335 734 1358 a
749 1335 784 1365 me,
797 1325 851 1359 amici

148 1377 185 1412 mei
196 1382 214 1411 et
224 1376 303 1420 proximi
315 1377 352 1411 mei
362 1377 461 1412 aduersum
474 1387 504 1411 me
516 1376 711 1421 appropinquauerunt
724 1382 743 1411 et
755 1382 851 1412 steterunt.

150 1429 205 1464 Pater
217 1440 270 1464 meus
283 1435 325 1473 post
340 1430 406 1463 multos
422 1430 495 1463 labores
510 1430 566 1463 rebus
581 1429 667 1463 humanis
682 1430 773 1472 excessit;
786 1430 852 1465 iratres

148 1493 201 1517 meos
209 1481 307 1516 crudelitas
315 1483 430 1525 proditorum
437 1482 540 1523 absorbuit;
553 1487 630 1526 nepotes
640 1482 659 1516 in
670 1482 746 1516 exilium
754 1483 789 1517 acti
797 1488 851 1525 sunt3

123 1543 141 1573 25
150 1540 210 1568 mater
223 1534 279 1568 emuli
291 1535 349 1568 nostri
365 1535 434 1578 nuptiis
448 1536 515 1568 tradita
528 1539 561 1569 est.
584 1535 612 1569 lta
624 1536 674 1569 solus
686 1535 760 1569 relictus
773 1546 820 1576 sum,
834 1541 852 1570 et

150 1592 229 1630 querunt
240 1586 320 1620 animam
332 1597 397 1621 meam.
421 1587 459 1621 Sed
470 1587 508 1630 tibi,
520 1586 599 1630 domine,
611 1587 709 1621 derelictus
721 1598 762 1621 sum
775 1598 851 1631 pauper,

150 1640 220 1684 pupillo
231 1644 251 1672 tu
263 1639 300 1672 eris
313 1640 390 1672 adiutor.
412 1640 441 1672 Tu
456 1640 548 1682 quondam
561 1638 664 1680 Edwinum,
676 1640 730 1672 morti
742 1640 851 1684 expositum,

150 1692 228 1727 mirabili
241 1693 296 1726 modo
310 1697 328 1726 et
339 1692 376 1726 vite
389 1691 488 1726 reseruasti
501 1696 518 1725 et
530 1702 593 1735 regno.
615 1691 644 1731 Tu
655 1691 700 1725 illud
712 1691 780 1736 Anglie
795 1693 852 1727 decus
865 1691 867 1695 ’

151 1749 234 1779 sanctum
251 1744 358 1779 Oswaldum
375 1755 399 1779 ex
418 1744 472 1778 exule
489 1754 551 1788 regem
567 1744 639 1787 factum,
655 1756 689 1788 per
703 1744 776 1788 signum
793 1746 852 1780 crucis

123 1812 142 1840 30
151 1797 246 1832 reddidisti
261 1797 331 1831 cunctis
346 1797 429 1831 hostibus
444 1796 544 1831 fortiorem.
572 1797 592 1831 Si
607 1796 662 1840 igitur
676 1798 733 1831 fueris
747 1809 820 1832 mecum
834 1805 852 1833 et

150 1850 258 1886 custodieris
270 1861 306 1891 me,
318 1856 336 1885 et
348 1851 444 1886 reduxeris
456 1861 486 1885 me
495 1851 514 1884 in
525 1860 602 1894 regnum
613 1851 671 1894 patris
682 1850 724 1893 mei,
735 1851 771 1886 eris
779 1856 798 1885 tu
807 1852 852 1886 mihi

151 1914 226 1948 semper
239 1905 258 1938 in
272 1905 332 1947 deum,
346 1909 364 1937 et
376 1905 441 1938 beatus
454 1904 520 1938 Petrus
533 1905 627 1947 apostolus
642 1904 661 1937 in
676 1908 784 1948 patronum:
797 1904 852 1940 Cuius

150 1958 283 1992 sacratissimas
298 1957 384 2000 reliquias
396 1958 415 1990 in
428 1957 474 1991 vrbe
487 1957 552 1998 Roma,
564 1961 582 1990 te
598 1962 695 1998 annuente,
709 1963 727 1990 te
739 1963 820 2001 regente,
834 1964 852 1991 te

151 2008 253 2052 comitante,
272 2008 387 2043 visitaturum
405 2020 436 2043 me
454 2009 551 2052 promitto!
580 2008 651 2042 Exhinc
670 2009 720 2043 enim
739 2009 797 2043 factus
816 2010 852 2044 fide

124 2077 142 2107 55
151 2062 248 2105 robustior,
267 2073 300 2106 spe
319 2062 401 2105 alacrior,
417 2068 518 2106 expectans
537 2063 641 2106 expectauit
660 2063 759 2096 dominum.
783 2063 852 2098 Canuto

151 2121 212 2151 autem
227 2126 271 2160 rege
286 2115 342 2149 rebus
358 2115 444 2149 humanis
459 2120 551 2160 exempto,
566 2115 608 2150 filiis
624 2113 663 2149 eius
681 2116 778 2150 immatura
793 2122 853 2152 morte

151 2168 248 2213 prereptis,
256 2167 312 2210 Angli
320 2168 384 2202 danico
396 2169 438 2213 iugo
451 2168 522 2203 liberati
530 2168 642 2202 Edwardum
650 2168 668 2201 in
677 2178 740 2212 regern
751 2169 852 2213 elegerunt,

151 2226 219 2256 etcum
229 2220 310 2256 maximo
320 2221 390 2256 honore
400 2221 504 2256 consecrari
515 2226 534 2256 et
545 2220 608 2266 inungi
618 2220 706 2255 fecerunt.
727 2221 780 2256 Tunc
792 2233 853 2258 sacer·

151 2275 204 2307 dotes
218 2274 307 2316 sapientia
322 2279 340 2306 et
356 2274 450 2307 sanctitate
465 2274 563 2317 fulgebant,
577 2274 688 2307 monasteria
702 2276 752 2307 omni
765 2275 853 2318 religione

124 2340 144 2370 40
152 2326 249 2373 pollebant,
263 2325 341 2370 agebat⁶
354 2326 414 2360 clerus
427 2327 447 2361 in
459 2327 518 2361 officio
530 2338 569 2368 suo,
582 2327 672 2370 populusfl
687 2327 747 2360 stabat
761 2327 780 2361 in
795 2330 853 2372 gradu

152 2390 191 2414 suo.
213 2379 313 2413 Videbatur
328 2379 384 2413 etiarn
399 2384 449 2413 terra
463 2379 564 2422 secundior,
578 2390 609 2414 aer
624 2378 720 2421 salubrior,
735 2379 792 2413 maris
804 2382 854 2415 vnda

152 2431 237 2477 pacatior.
261 2431 323 2475 Reges
339 2431 388 2466 enim
407 2437 425 2466 et
444 2431 539 2476 principes
558 2443 592 2476 pro
610 2437 660 2465 tanta
676 2441 738 2465 rerum
753 2433 854 2469 mutatione

151 2485 271 2520 admiratione
283 2484 367 2529 perculsi,
380 2496 421 2519 cum
433 2489 482 2519 tanto
492 2497 536 2530 rege
547 2485 600 2521 fedus
611 2484 663 2527 inire,
675 2483 763 2521 amicitias
772 2485 854 2531 iungere,

154 2561 298 2592 HominTw.
332 2561 469 2599 ²E,eternisque.
502 2562 710 2599 ³SoT.Tw.;om.inE.
742 2562 854 2595 *Etnuenta

152 2600 264 2631 tothw.
304 2601 384 2639 ⁶T.etp.
