1762 2803
257 94 302 151 Bt
317 93 417 146 &anno
432 93 554 153 ncillam.
713 108 759 150 449

57 224 118 255 autem
134 219 157 252 ad
175 216 269 251 dominum
289 216 353 249 martir
367 215 397 250 dei
413 215 505 250 Foillanus
520 215 580 259 pridie
595 214 631 249 kal.
647 214 758 249 nouembris.

57 266 160 308 Admirans
178 275 240 305 autem
258 269 310 313 virgo
329 267 437 304 Geretrudis
455 275 524 304 tantam
542 268 577 303 viri
596 268 626 303 dei
643 279 720 312 moram,
735 269 758 303 ad

58 325 154 361 cenobium
169 335 206 369 quo
220 324 248 359 vir
263 328 338 358 sanctus
356 323 440 358 tenderat
456 322 534 358 nuncios
548 322 615 358 mittit:
635 321 664 358 cui
682 321 711 357 vir
730 321 759 357 dei

57 379 140 418 Vhanus
156 376 214 412 sancti
230 377 311 420 episcopi
326 375 387 416 frater,
403 375 445 409 talia
459 378 515 410 verba
530 377 612 410 remisiti
625 376 681 416 ‘Tua,
695 376 759 418 inquit,

57 431 108 473 virgo
127 429 276 473 prudentissima,
291 428 390 471 perspicax
408 427 474 462 viderit
493 428 582 463 industria
597 428 641 473 quid
661 428 776 473 portendat5

58 483 130 527 signum
152 493 189 516 non
205 483 274 526 absque
291 481 336 515 certi
353 491 408 515 causa
426 481 506 526 presagii
522 481 567 516 mihi
582 482 643 517 taliter
658 486 759 516 ostensum.

58 535 158 572 Assistenti
177 534 268 580 siquidem
283 534 328 568 mihi
343 533 361 568 in
377 532 478 568 orationum
497 534 583 569 instantia
601 535 658 569 affore
672 534 713 568 visa
730 539 759 568 est

58 589 142 623 columba
155 599 212 632 super
225 588 287 622 niuem
299 587 381 628 candida,
393 588 426 622 sed
438 587 507 622 fuluido
518 598 608 633 roseoque
619 587 709 633 sanguine
720 587 759 622 alas

59 642 137 687 perfusa,
146 653 167 676 ac
175 641 291 676 leni¹volatu
299 642 391 675 scandens
401 651 473 684 supera.
497 641 544 682 Quid
556 641 590 676 ista
602 641 711 685 significent,
723 646 759 682 tua,

59 697 111 729 beata
122 694 179 740 virgo,
189 693 288 740 prospiciat
300 694 384 737 solertia3
397 705 440 730 narn
450 695 474 729 de
486 694 536 730 chari
547 693 607 730 fratris
618 694 654 730 mei
665 693 788 740 presentiam

59 749 107 784 nulla
126 749 212 783 aliorsum
231 753 295 793 patent
312 748 387 782 inditia:
411 748 452 782 Hec
470 748 548 783 audiens
564 748 599 790 illa,
616 748 678 783 statim
692 747 760 791 vbique

59 802 137 835 nuncios
154 801 219 845 dirigit,
235 801 302 835 nullius
318 799 432 834 certitudinis
453 810 542 845 responsa
565 800 651 835 ferentes.
680 800 706 834 At
724 800 760 842 illa,

59 853 141 889 triduano
158 853 240 889 omnium
255 854 331 888 fratrum
347 859 365 888 et
378 853 542 889 sanctimonialium
557 853 625 888 indicto
640 853 713 896 ieiunio,
726 865 760 898 pre

60 908 144 940 omnibus
156 908 214 950 magis
225 918 246 940 se
258 906 320 949 affligit
332 906 398 947 inedia,
411 917 467 950 prece
479 906 535 940 instat
548 907 628 948 assidua,
640 906 725 950 quatinus
737 907 761 940 de

59 961 134 994 doctore
142 965 160 994 et
168 959 277 994 instructore
285 969 319 993 suo
327 969 337 994 a
345 959 380 993 deo
388 958 423 993 sibi
434 963 484 993 certa
495 959 582 994 darentur
589 958 658 993 inditia.
682 958 705 993 Et
710 968 761 1000 ecce,
772 974 788 1003 ¹5

59 1017 101 1058 post
114 1012 216 1057 vigiliarum
229 1012 332 1057 solempnia
343 1012 400 1047 astitit
412 1011 429 1047 ei
440 1012 517 1057 angelus
530 1023 541 1047 a
553 1012 588 1047 deo
600 1012 674 1056 missus,
686 1012 760 1048 dicens:

60 1067 127 1111 ‘Virgo
136 1067 243 1101 Geretrudis
254 1067 289 1100 deo
300 1067 371 1107 deuota,
378 1065 429 1107 vidit,
438 1076 493 1110 quem
504 1065 534 1109 pie
547 1066 597 1108 colis,
608 1066 705 1101 lachrimas
715 1070 762 1106 tuas,

59 1119 151 1155 orationes
162 1124 203 1154 tuas
214 1119 301 1163 suscepit.
324 1117 393 1153 Fidelis
401 1117 471 1153 domini
481 1129 548 1154 seruus
556 1118 654 1161 Foilianus,
661 1129 718 1164 super
725 1130 762 1164 quo

61 1173 136 1208 sollicita
144 1184 169 1214 es,
178 1184 233 1217 quem
244 1178 275 1207 tue
285 1172 348 1207 salutis
361 1172 498 1207 necessariuml
511 1178 529 1206 et
540 1173 624 1217 augende
636 1173 694 1216 gratie
704 1173 761 1207 uoluit

60 1226 99 1260 fore
110 1226 220 1266 ministrum,
229 1225 297 1269 [post]³
308 1231 403 1269 peractum
414 1224 493 1259 fideliter
504 1225 623 1259 commissum
635 1225 669 1259 sibi
681 1225 761 1259 officium
771 1237 790 1257 ιο

60 1278 131 1322 peregit
145 1278 193 1312 felici
208 1277 289 1311 martirio
303 1277 409 1320 temporalis
420 1276 458 1311 vite
470 1276 555 1319 stadium,
567 1283 586 1312 et
599 1277 710 1322 promeruit⁴
723 1277 761 1312 vite

61 1331 161 1374 perhennis
172 1330 261 1364 brauium.
284 1329 386 1373 Egrediens
396 1340 440 1373 ergo
452 1328 549 1373 diligenter
560 1331 634 1364 attende
645 1330 718 1375 signum
728 1330 760 1365 tibi

60 1394 94 1427 per
105 1394 135 1418 me
147 1388 248 1426 ostensum,
261 1388 279 1417 et
292 1383 311 1416 in
325 1383 364 1417 loco
376 1382 407 1417 vbi
421 1382 493 1426 signum
506 1383 580 1425 videris,
593 1394 660 1429 corpus
671 1382 721 1418 serui
732 1384 762 1418 dei

61 1436 155 1472 inuenies!
179 1437 259 1482 Egressa
274 1436 370 1471 confestim
385 1435 462 1481 virgine,
477 1436 552 1472 maximi
568 1436 672 1483 splendoris
688 1443 762 1473 ostensa

61 1496 89 1525 est
104 1491 129 1525 illi
142 1501 209 1526 corona
222 1501 279 1534 super
292 1495 398 1525 sanctorum
411 1501 494 1535 corpora,
509 1502 520 1524 a
534 1496 584 1525 terra
597 1492 620 1525 ad
633 1491 692 1526 celum
704 1502 762 1536 usque
772 1504 790 1533 ²5

61 1549 150 1588 porrecta.
178 1544 261 1579 inuentis
280 1544 335 1588 igitur
352 1544 371 1578 in
390 1544 430 1578 loco
448 1543 479 1577 illo
498 1544 611 1589 corporibus,
627 1544 763 1590 septuagesimo

61 1603 125 1632 octauo
136 1603 178 1642 post
191 1597 299 1643 martyrium
313 1597 385 1632 illorum
399 1598 434 1639 die,
446 1597 477 1642 qui
488 1603 517 1632 est
528 1598 619 1642 septimus
630 1599 712 1634 decimus
724 1599 764 1633 dies

62 1651 181 1685 kalendarum
190 1651 283 1693 februarii,
294 1662 330 1695 quo
341 1656 359 1685 et
370 1652 436 1685 beatus
447 1651 534 1692 Furseus,
545 1651 601 1685 frater
609 1651 655 1693 eius,
666 1651 720 1685 huius
727 1651 764 1688 vite

62 1703 104 1737 feeit
112 1704 180 1738 finem:
199 1696 274 1738 Accidit
284 1714 306 1738 eo
316 1709 401 1748 ternpore
409 1703 541 1744 Grimonldum,
547 1703 578 1747 qui
586 1708 624 1737 erat
632 1704 691 1738 maior
698 1705 764 1738 domus

62 1756 118 1800 regie,
130 1762 148 1791 et
161 1756 253 1791 Didonem
267 1756 393 1800 pictauensem
405 1755 513 1800 episcopum
524 1756 559 1790 illis
571 1756 653 1800 partibus
664 1757 763 1791 immorari.
773 1770 792 1798 32

63 1808 145 1854 Cumque
157 1808 221 1843 orandi
232 1809 290 1853 gratia
301 1814 405 1843 sanctorum
416 1808 554 1854 frequentarent
565 1808 633 1851 limina,
644 1809 675 1844 illo
686 1810 716 1844 die
727 1821 764 1855 quo

62 1863 110 1897 beati
124 1862 201 1897 Foillani
212 1861 340 1907 sociorumque
351 1862 391 1897 eius
402 1873 479 1907 corpora
490 1862 597 1907 sepelienda
611 1868 674 1897 essent
687 1863 763 1906 delata⁵‚

62 1917 145 1960 prefatus
163 1916 261 1960 episcopus
280 1923 322 1961 post
340 1915 443 1960 vigiliarum
462 1916 520 1951 officia
539 1927 581 1951 cum
599 1917 661 1961 sopori
681 1918 763 1951 membra

63 1969 150 2012 dedisset,
164 1970 206 2004 talia
221 1980 256 2014 per
266 1970 326 2004 visum
340 1969 410 2013 accepit
425 1969 494 2004 monita
509 1974 528 2004 vt
541 1970 645 2014 quantotius
659 1976 764 2005 occurreret

63 2023 86 2057 ad
95 2022 149 2057 Helie
157 2023 247 2067 prophete
255 2022 337 2067 corporis
345 2021 439 2067 obsequia.
462 2022 497 2065 Qui
507 2033 626 2067 consurgens,
633 2023 701 2057 audiuit
708 2035 764 2058 uoces
773 2036 792 2066 35

62 2076 180 2119 psallentium
192 2077 284 2119 deumque
295 2076 441 2111 collaudantium
464 2075 594 2110 Percunctatus
604 2081 665 2110 autem
676 2076 764 2119 quidhoc

63 2134 118 2171 esset,
126 2128 216 2173 comperit
226 2139 259 2163 eos
266 2129 348 2163 virorum
356 2128 386 2164 dei
394 2128 488 2173 obsequiis
498 2128 593 2170 inseruire,
602 2128 664 2173 sicque
675 2128 764 2164 intellexit

64 2183 112 2226 quod
120 2182 155 2216 sibi
165 2182 275 2227 imperatum
286 2182 310 2217 sit
321 2183 345 2217 de
355 2193 433 2226 corpore
446 2182 501 2217 Helie
512 2183 606 2226 prophete.
629 2181 726 2226 Sepultum
737 2189 765 2217 est

64 2239 125 2269 autem
136 2246 204 2279 corpus
216 2235 255 2269 eius
267 2245 309 2269 cum
321 2235 401 2269 maximo
413 2236 483 2270 honore
492 2236 511 2269 in
523 2235 635 2270 monasterio
644 2235 693 2279 quod
708 2235 765 2270 frater

64 2287 103 2323 eius
115 2288 193 2323 Vltanus
206 2289 297 2323 edificauit
311 2299 369 2333 super
380 2288 456 2324 fluuium
470 2289 500 2333 qui
515 2289 612 2323 Beruenna
626 2288 697 2332 dicitur,
710 2295 728 2324 et
741 2300 764 2324 ex
773 2303 793 2330 qo

65 2341 126 2376 exitu⁶
136 2342 171 2377 loci
179 2343 279 2377 ‘Fossas’⁷
288 2347 409 2386 nuncupatur.
431 2342 467 2376 Vbi
475 2353 534 2386 usque
542 2342 596 2376 hodie
604 2343 627 2376 ad
635 2342 764 2379 declarandum

65 2395 123 2429 sancti
131 2396 211 2429 martiris
222 2396 313 2438 meritum,
322 2407 356 2440 per
364 2397 452 2431 orationis
463 2397 502 2431 eius
513 2397 636 2431 interuentum
644 2397 767 2433 exaudiuntur

64 2459 130 2493 preces
138 2449 239 2492 humilium,
248 2454 265 2484 et
273 2449 394 2494 perficiuntur
402 2450 492 2485 desideria
500 2449 578 2484 fideliter
585 2449 706 2495 poscentium.

84 2526 89 2544 ¹
101 2529 118 2560 E.
127 2528 163 2560 leui.
194 2529 200 2548 ¹
210 2528 241 2560 Vit.
249 2529 276 2559 tibi
284 2538 313 2567 pro
321 2533 392 2567 tempore
399 2529 504 2560 necessarium
511 2533 569 2568 tueque
576 2539 589 2561 s.
597 2536 619 2560 et.
645 2529 651 2547 ³
662 2540 693 2560 om.
700 2530 716 2562 in
723 2531 741 2562 T.
749 2532 767 2562 ll.

65 2565 99 2599 ιΕ.
107 2569 196 2608 permeruit.
216 2569 263 2600 ³vit.
271 2570 388 2600 deferebantur.
408 2569 487 2600 ‘atsitu
508 2568 549 2600 lie.
556 2569 620 2608 Posses,
627 2580 666 2601 near
674 2571 738 2603 Namur.

402 2630 433 2664 ΕΗ
