1762 2803
318 125 398 177 tauta
414 122 530 185 taranta
545 121 638 186 analio.

127 244 196 280 curiam
209 244 277 280 domini
290 246 331 280 tui.¹’
354 244 377 279 Et
389 243 464 280 adiecit:
478 244 585 287 “Quantam
598 243 675 288 gloriam
689 242 756 279 donaui
770 242 830 285 Petro,

127 309 162 333 nec
174 297 206 333 tibi
218 299 309 333 minorem
322 299 386 332 dab0.”
415 298 438 332 Et
453 298 522 343 accepit
538 300 623 334 dominus
639 297 684 333 mire
699 297 830 342 magnitudinis

128 363 214 387 coronam
233 363 307 388 auream
321 357 340 386 et
355 351 410 396 capiti
424 351 464 386 eius
479 352 577 387 dilacerato
596 351 692 396 imposuit!
720 351 744 386 Et
762 351 831 386 addidit

128 406 194 440 frater:
207 405 267 440 ‘Scito
279 405 334 449 igitur
345 405 447 439 certissime
458 407 508 449 quod
518 405 599 440 Thomas
611 404 743 440 cantuariensis
754 404 831 439 antistes

111 470 120 499 5
129 460 164 493 hiis
173 459 237 492 diebus
247 458 318 492 occisus
329 464 362 492 est.
384 458 413 492 Tu
421 469 465 493 vero
476 458 524 493 dicta
534 469 575 493 mea
587 464 635 501 nota,
643 464 661 492 et
673 458 726 502 signa
737 459 831 501 tempora!

129 512 152 545 Et
165 511 200 543 hiis
213 510 265 544 dictis
278 510 377 554 disparuit:
394 516 413 544 et
429 511 486 545 abbas
503 511 589 545 Heraclio
600 510 710 555 patriarche,
721 509 752 554 qui
764 510 798 544 hee
812 509 831 542 in

129 563 195 607 Angiia
203 563 268 607 retulit,
277 574 312 607 per
319 563 404 598 ordinem
412 563 510 598 manauit

152 609 234 652 Sanctus
245 627 318 660 quoque
329 616 411 651 Thomas
422 617 441 650 in
453 617 507 651 exilio
519 618 578 651 adhuc
590 617 661 662 positus
673 617 728 651 talem
739 616 830 651 visionem

129 669 183 705 vidit:
200 670 335 714 ‘lispiciebam¹
347 670 411 714 inquit,
423 670 442 705 in
455 670 495 705 visu
510 671 580 705 noctis:
597 676 614 704 et
627 681 669 705 ecce
682 680 738 714 supra
749 676 831 704 montem

103 735 121 754 ro
130 724 182 757 ualde
190 724 284 757 excelsum
295 734 351 764 eram,
359 728 377 756 et
385 724 470 757 dominus
481 734 515 756 rex
522 723 625 766 Anglorum
636 723 655 755 in
662 723 725 756 infimo
734 723 820 756 deorsum
828 734 831 755 :

130 781 148 810 et
159 787 202 809 ecce
214 776 273 809 subito
281 775 367 809 uniuerse
379 775 413 809 celi
419 776 503 810 volucres
515 777 612 810 aduersum
625 786 689 819 regem
701 780 838 816 conuenerunt,-

131 829 192 873 ipsum
204 839 246 862 curn
257 829 349 873 vnguibus
362 829 400 863 suis
412 834 430 863 et
446 830 511 863 rostris
522 828 582 862 subito
596 833 613 862 et
626 828 660 862 cito
672 828 742 862 alarum
758 837 832 862 suarum

131 882 213 926 impetu¹
221 884 273 926 quasi
281 882 358 916 turbinis
366 882 481 916 vehementis
491 882 555 925 spiritu
565 882 680 926 impetentes.
703 881 780 925 Singula
788 881 832 915 mihi

131 936 172 970 visa
179 941 231 969 erant
238 935 263 968 ibi
270 935 365 969 volucrum
376 945 449 979 genera,
457 935 538 969 maxime
550 945 586 978 que
597 946 621 968 ex
632 939 685 978 raptu
692 934 762 977 viuunt,
770 944 833 978 regem

105 1005 123 1035 15
132 989 151 1023 in
162 999 230 1032 genere
242 999 275 1022 suo
287 988 397 1032 impotentia
421 987 476 1022 Cuius
488 988 602 1023 vestimentis
614 998 648 1032 per
657 988 753 1022 volucrum
762 999 833 1031 vngues

132 1048 150 1075 et
160 1046 220 1075 rostra
230 1042 326 1074 confestim
337 1041 444 1082 dilaceratis,
452 1052 486 1074 rex
497 1041 536 1074 sola
548 1040 622 1074 camisia
633 1041 664 1074 uix
675 1045 772 1083 coopertus
782 1040 834 1083 quasi

132 1093 192 1129 nudus
204 1092 308 1128 volucribus
322 1092 417 1137 expositus
431 1098 465 1136 est,
477 1098 495 1127 et
510 1093 599 1137 impetum
612 1093 673 1127 auium
690 1092 781 1127 sustinere
797 1102 834 1126 non

131 1147 195 1182 valens
206 1146 248 1180 hinc
259 1146 302 1180 inde
312 1146 445 1191 impellebatur.
468 1146 512 1181 Erat
523 1152 583 1182 autern
595 1157 606 1181 a
617 1152 669 1190 tergo
681 1146 730 1190 regis
742 1147 834 1190 quoddam

132 1200 247 1244 precipitium
258 1199 421 1243 profundissimum
434 1205 451 1233 et
463 1202 582 1235 teterrimum,
594 1200 628 1234 sibi
639 1199 765 1243 improuisum.
789 1199 834 1233 Cum

105 1268 124 1289 20
132 1258 193 1287 autent
203 1252 369 1297 appropinquasset
379 1264 413 1288 rex
420 1253 516 1298 precipitio
527 1254 550 1287 ab
562 1252 690 1297 impetentium
698 1252 717 1286 ui
725 1263 746 1287 se
753 1253 834 1294 trahens,

132 1316 179 1340 vnus
189 1307 213 1339 de
223 1306 291 1345 aulicis,
304 1317 359 1348 quem
372 1316 405 1339 rex
418 1305 518 1339 honoribus
530 1312 548 1339 et
559 1306 627 1339 diuitiis
642 1306 691 1339 inter
702 1305 754 1347 regni
765 1306 835 1347 primos

133 1362 217 1391 erexerat
236 1362 253 1390 et
272 1357 324 1400 quasi
343 1356 425 1401 seipsum
441 1357 535 1400 dilexerat,
547 1357 565 1392 in
581 1357 676 1392 volucrum
691 1357 769 1391 accessit
784 1356 835 1391 adiu-

133 1410 209 1445 torium:
222 1410 296 1444 camisia
303 1421 339 1454 qua
347 1410 423 1444 amictus
434 1416 473 1444 erat
484 1421 522 1450 rex,
530 1411 610 1455 spoliare
619 1411 709 1444 violenter
718 1414 835 1454 attemptans,

134 1474 175 1498 curn
181 1463 245 1498 auibus
253 1474 316 1506 regem
321 1463 370 1507 cepit
376 1463 382 1483 ²
389 1464 459 1508 pellere
465 1465 484 1497 in
490 1464 611 1507 precipitium.
625 1464 720 1498 Commota
725 1463 732 1482 ³
738 1469 780 1497 sunt
787 1464 836 1497 enim

108 1534 125 1563 ²⁵
133 1518 204 1552 viscera
212 1527 253 1550 mea
261 1527 317 1560 super
327 1528 376 1561 rege,
385 1527 419 1550 nec
430 1517 480 1560 potui
489 1517 508 1550 in
518 1517 588 1551 offensa
599 1517 633 1552 hac
646 1517 773 1552 miserationes
785 1527 836 1550 meas

134 1569 240 1604 continere:
254 1569 298 1613 quin
309 1570 332 1603 de
342 1568 409 1603 montis
420 1570 488 1603 vertice
499 1569 518 1603 in
529 1569 565 1604 ictu
577 1570 624 1604 oculi
639 1569 727 1604 descendi
738 1574 756 1603 et
767 1569 837 1603 framea

135 1624 189 1664 longa
201 1627 218 1654 et
230 1622 334 1654 acutissima
345 1622 441 1655 uniuersas
455 1622 489 1655 celi
500 1622 584 1654 volucres
596 1622 684 1665 dissipaui
695 1628 714 1655 et
724 1621 809 1665 dispersi,
818 1627 837 1654 et

134 1684 198 1719 regem
205 1673 288 1708 uestibus
297 1673 335 1707 suis
345 1674 436 1718 regalibus
447 1675 535 1708 decenter
545 1674 601 1714 indui,
610 1680 627 1708 et
635 1675 713 1709 aulicum
721 1674 771 1708 illum
780 1673 836 1718 quiin

135 1728 222 1763 auxilium
240 1728 334 1762 volucrum
353 1733 434 1768 venerat,
453 1727 519 1762 acriter
539 1727 645 1772 obiurgant!
709 1720 754 1762 Rex
776 1734 836 1761 autem

108 1793 127 1821 30
136 1780 229 1815 Henricus
240 1792 275 1823 per
286 1780 405 1824 quadraginta
417 1781 456 1813 dies
468 1781 528 1814 audita
535 1781 607 1814 Thome
617 1792 663 1815 nece
673 1781 721 1814 sedit
731 1791 811 1822 merens,
819 1787 837 1815 et

135 1834 248 1870 acerbiorem
260 1834 317 1868 multo
331 1835 373 1878 plus
389 1844 443 1878 quam
459 1840 572 1868 mortuorum
584 1834 626 1868 fecit
638 1834 720 1869 luctum:
736 1834 837 1878 lugentium

135 1888 186 1921 cibos
198 1887 283 1926 comedit,
291 1897 359 1930 equum
370 1897 408 1919 non
419 1887 513 1929 ascendit3
528 1886 578 1920 nulia
589 1896 650 1926 causa,
662 1887 711 1920 nulla
722 1887 836 1927 consultatio,

136 1939 185 1974 nulla
193 1939 267 1982 querela
274 1937 411 1982 ingrediebatur
418 1939 441 1972 ad
449 1949 497 1972 eum.
520 1938 601 1973 Sedebat
609 1940 705 1982 solitarius,
714 1938 837 1983 ingemiscens

136 2000 154 2027 et
160 1993 235 2041 dolens,
243 1991 306 2037 sepius
318 1992 352 2026 hoc
362 1991 441 2026 iterans:
453 1992 513 2034 ‘Heu,
521 1993 564 2034 heu,
572 1993 660 2027 accidisse
672 1993 718 2027 sict’
742 1993 765 2026 Et
777 1992 837 2026 statim

109 2057 127 2086 55
136 2047 213 2080 nuncios
225 2046 248 2079 ad
260 2056 327 2090 papam
339 2046 467 2080 Alexandrum
479 2046 534 2092 misit,
547 2051 564 2081 et
576 2046 670 2080 humiliter
680 2045 699 2080 in
711 2057 747 2090 quo
759 2047 839 2081 excessit

137 2099 232 2133 consessus
245 2105 278 2133 est.
300 2099 370 2133 Verum
384 2099 427 2144 quia
440 2099 531 2133 consessio
545 2110 579 2144 per
592 2099 660 2143 scripta
671 2099 711 2133 fieri
724 2109 839 2144 nequaquam

137 2154 189 2194 solet,
197 2152 248 2185 missi
259 2158 302 2186 sunt
313 2153 349 2185 duo
359 2152 467 2194 cardinales,
475 2153 506 2195 qui
514 2153 683 2186 excommunicatos
693 2153 811 2186 absoluerent
821 2158 839 2186 et

138 2204 186 2246 regis
195 2204 248 2236 saluti
255 2204 379 2246 prouiderent.
402 2204 423 2237 ln
436 2216 513 2247 quorum
525 2204 619 2247 presentia
630 2215 663 2237 rex
675 2205 727 2238 tactis
738 2204 839 2248 euangeliis

138 2255 203 2290 iurauit
211 2257 259 2299 quod
267 2266 327 2300 neque
335 2256 427 2290 mandauit
435 2267 495 2301 neque
502 2257 559 2291 voluit
567 2257 615 2300 quod
626 2257 774 2302 archiepiscopus
784 2258 840 2292 inter·

110 2321 130 2351 40
138 2311 228 2350 ficeretur,
237 2314 255 2342 et
266 2310 314 2352 quod
325 2309 385 2343 audita
397 2313 456 2343 morte
464 2309 504 2343 eius
512 2309 554 2353 plus
562 2309 618 2343 doluit
626 2321 681 2353 quarn
690 2310 756 2345 letatus
764 2315 797 2344 est.
817 2310 840 2343 Et

138 2361 206 2397 addidit
219 2373 243 2396 ex
258 2361 333 2406 propria
344 2362 437 2396 voluntate
450 2362 499 2406 quod
513 2362 536 2396 de
549 2368 607 2396 morte
620 2363 676 2406 patris
688 2364 717 2397 vel
731 2363 794 2398 matris
807 2374 841 2397 sue

138 2426 232 2460 nunquam
248 2420 319 2449 tantum
335 2415 396 2450 doluit.
424 2415 492 2449 iurauit
510 2415 564 2450 etiam
580 2417 628 2459 quod
644 2427 771 2460 quamcunque
788 2418 841 2460 peni·

138 2470 214 2504 tentiam
230 2468 247 2501 ei
262 2469 364 2502 cardinales
379 2469 501 2511 iniungerent,
516 2468 599 2511 plenarie
614 2474 741 2512 exequeretur.
764 2468 842 2502 Dicebat

239 2578 244 2596 ¹
255 2579 275 2609 al.
283 2590 313 2610 om.
391 2578 397 2597 ²
408 2579 426 2610 E.
434 2579 476 2618 cepit
484 2589 542 2618 regem.
592 2612 594 2617 ,
620 2581 626 2598 ³
636 2581 654 2610 E.
662 2586 740 2611 conmota.
