1762 2803
97 101 179 142 .402
258 101 259 104 ¹
326 88 406 146 tuoto
422 86 646 148 tenuataque.

137 201 210 244 Catalla
221 218 285 241 eorum
296 208 327 252 qul
335 212 377 242 sunt
386 207 405 241 in
413 207 462 251 regis
472 207 609 243 forisfaccione¹
621 218 658 242 non
670 207 750 241 detineat
761 206 838 241 eeclesia

136 262 167 297 uel
178 260 267 295 cimiteria
277 267 340 295 contra
352 261 441 295 iusticiam
455 261 509 306 regiS,
523 262 566 307 quia
577 262 635 307 ipsius
648 261 697 305 regis
709 266 752 295 sunt
766 260 805 295 siue
819 260 838 293 in

137 315 219 350 ecclesiis
229 315 268 349 siue
280 320 332 348 extra
342 315 408 349 fuerint
419 315 500 349 inuenta.
550 317 640 359 [Daraps]
654 308 724 348 Placita
736 316 760 348 de
772 315 838 348 debitis

137 377 172 412 que
181 367 217 400 lide
225 366 333 410 interposita
340 368 442 401 debeantur
450 368 480 401 uel
488 368 558 411 absque
568 366 709 411 interposicione
719 366 767 407 fidei,
775 365 838 400 sintin

120 421 186 463 5curia
197 419 251 463 regis.
297 419 365 463 [Telis]
379 412 422 454 Filii
433 420 542 455 rusticorum
554 433 591 455 non
602 422 671 455 debent
682 419 762 453 ordinari
770 419 839 463 absque

137 481 214 508 assensu
223 469 291 505 domini
299 471 322 506 de
331 471 382 507 cuius
390 476 440 507 terra
447 471 484 507 nati
492 483 534 508 esse
542 472 666 508 dinoscuntur.

137 552 144 573 t
189 544 839 592 EesuntconstitutionesquaseonstituitrexHenricusinNormannia

205 598 308 641 proscripto
312 600 365 632 beato
370 600 447 641 Thoma,
454 605 472 633 et
478 600 571 633 mandauit
578 599 680 633 iusticiariis
686 599 747 632 suiset
755 599 840 632 omnibus

137 648 250 692 principibus
259 655 276 683 et
284 650 357 693 populis
364 650 431 694 Anglie
439 650 525 685 iurandas
533 656 551 685 et
559 650 694 685 conseruandas
703 654 765 683 contra
772 660 839 693 papam

110 696 129 737 to
137 701 266 737 Alexandrum
274 709 292 736 et
297 703 388 737 Thomam
396 704 560 749 archiepiscopum.
605 696 629 740 Si
637 702 677 749 quis
689 703 775 737 inuentus
786 702 840 737 suerit

137 755 199 789 literas
215 755 277 790 ferens
296 756 365 790 domini
384 768 432 801 pape
450 758 480 791 uel
496 757 568 801 aliquod
586 758 692 791 mandatum
708 755 840 800 archiepiscopi

137 807 209 852 Thome
222 808 318 843 continens
330 809 446 843 interdictum
456 809 573 844 christianis³
586 809 605 843 in
615 808 687 854 Augila,
697 808 778 853 capiatur
788 813 807 842 et
817 808 840 843 de

138 872 160 896 eo
169 860 209 895 sine
217 861 306 895 dilacione
314 861 384 896 iusticia
391 863 423 896 fiat
430 862 476 896 sicut
482 864 505 897 de
513 863 599 896 traditore
607 862 656 906 regis
662 868 680 896 et
687 861 745 905 regni.
790 854 840 896 Nul-

138 914 167 946 lus
179 912 256 946 clericus
267 913 297 947 uel
307 914 408 947 monachus
419 915 449 948 uel
461 914 518 948 laicus
529 914 559 948 uel
568 914 644 948 alicuius
655 913 775 956 professionis
785 913 840 947 homo

112 976 130 1007 15
138 964 254 1011 permittatur
264 966 382 1000 transfretare
394 967 424 1000 uel
436 966 496 1001 redire
508 967 527 1000 in
538 966 630 1011 Angliam,
639 966 674 1000 nisi
685 967 709 1000 de
720 966 797 1000 transitu
807 977 841 1000 suo

140 1020 206 1053 habeat
221 1019 284 1054 literas
298 1019 369 1054 iusticie
379 1021 410 1054 uel
424 1021 447 1055 de
460 1020 520 1055 reditu
532 1031 565 1054 suo
579 1020 641 1054 literas
656 1019 724 1054 domini
739 1020 794 1063 regis.
821 1020 841 1054 Si

138 1071 179 1116 quis
187 1070 239 1105 aliter
246 1071 332 1106 inuentus
340 1072 394 1106 suerit
402 1084 464 1117 agens,
473 1072 555 1117 capiatur
565 1078 583 1107 et
590 1072 718 1108 incarceretur.
727 1110 729 1114 ⁸
760 1066 793 1107 Ne
801 1072 842 1117 quis

138 1124 219 1168 appellet
231 1126 254 1156 ad
265 1136 333 1168 papam
344 1126 375 1158 uel
386 1127 410 1159 ad
421 1126 585 1169 archiepiscopum.
631 1119 664 1159 Ne
674 1125 747 1168 aliquod
755 1126 840 1168 placitum

138 1181 222 1211 teneatur
229 1178 253 1210 de
261 1178 346 1211 mandato
354 1177 423 1211 domini
428 1189 476 1222 pape
484 1178 513 1212 uel
522 1177 659 1222 archiepiscopi,
666 1188 701 1212 nec
709 1176 781 1222 aliquod
790 1188 841 1212 man-

112 1242 130 1263 ιο
139 1230 200 1264 datum
216 1240 279 1264 eorum
294 1230 317 1264 ab
332 1230 369 1265 ullo
384 1230 459 1266 homine
471 1230 573 1276 accipiatur.
596 1231 617 1266 Si
632 1230 673 1275 quis
689 1230 741 1266 aliter
755 1230 842 1266 inuentus

138 1282 191 1318 fuerit
199 1294 262 1327 agens,
270 1284 352 1328 capiatur
362 1289 380 1319 et
391 1284 518 1320 incarceretur.
567 1277 600 1321 ⁴Si
610 1284 692 1328 episcopi
703 1285 732 1319 uel
740 1285 801 1319 clerici
811 1286 841 1319 uel

139 1337 214 1371 abbates
223 1337 252 1370 uel
260 1336 301 1371 laici
309 1337 399 1371 interdicti
407 1337 520 1372 sentenciam
528 1343 592 1372 tenere
601 1337 697 1379 uoluerint‚
705 1337 746 1371 sine
753 1338 842 1372 dilacione

139 1391 162 1425 de
174 1393 223 1423 terra
235 1390 323 1424 eiciantur
335 1396 353 1425 et
364 1396 402 1424 tota
415 1403 478 1425 eorum
489 1391 580 1435 cognacio,
592 1391 617 1425 ita
629 1391 677 1435 quod
689 1391 712 1425 de
723 1391 792 1425 catallis
804 1392 842 1426 suis

139 1441 194 1476 nichil
213 1452 276 1475 secum
292 1443 357 1484 ferant,
372 1448 400 1476 set
415 1444 477 1477 omnia
491 1443 509 1476 in
525 1454 580 1477 manu
595 1443 664 1477 domini
680 1443 728 1487 regis
740 1443 842 1479 saisientur.

113 1505 131 1535 ²5
141 1488 260 1530 Generaliter
268 1505 340 1538 quoque
351 1495 467 1529 interdictum
478 1501 507 1529 est
517 1496 566 1539 quod
577 1496 638 1530 nullus
650 1495 696 1529 ferat
707 1495 780 1539 aliquod
791 1507 842 1530 man-

140 1549 203 1582 datum
214 1546 275 1581 clerici
285 1548 315 1581 uel
326 1548 367 1582 laici
377 1550 400 1583 ad
411 1560 478 1593 papam
488 1550 518 1583 uel
528 1550 551 1583 ad
563 1549 731 1593 archiepiscopum
744 1549 759 1583 si
767 1550 807 1584 talis
815 1550 842 1584 in-

140 1605 206 1635 uentus
218 1600 277 1643 fuerit,
289 1600 418 1636 incarceretur.
462 1595 490 1636 Vt
505 1602 569 1636 catalla
584 1602 666 1636 omnium
679 1612 726 1646 pape
740 1602 768 1636 uel
784 1604 842 1637 archi-

140 1653 227 1696 episcopo
240 1653 348 1693 fauencium,
361 1659 379 1686 et
394 1664 458 1687 omnes
472 1654 600 1696 possessiones
614 1664 677 1688 eorum
691 1660 708 1687 et
720 1655 802 1688 omniurn
815 1656 842 1690 eis
871 1679 873 1681 -

140 1704 273 1750 pertinencium
284 1704 424 1750 cuius[eun]que
436 1707 503 1750 gradus
515 1706 545 1741 uel
557 1706 625 1741 ordinis
636 1705 666 1741 uel
677 1716 734 1741 sexus
743 1707 773 1742 uel
781 1708 842 1742 condi-

112 1769 131 1798 30
139 1756 196 1793 cionis
205 1757 246 1799 sint,
254 1758 349 1802 capiantur
356 1763 374 1793 et
382 1758 400 1792 in
408 1758 489 1793 dominio
497 1759 566 1793 domini
574 1759 622 1804 regis
631 1759 753 1793 confiscantur
759 1758 771 1794 ⁶.
815 1754 842 1795 Vt

139 1821 204 1847 omnes
218 1811 305 1856 [clericiP
318 1812 349 1855 qui
360 1812 443 1847 redditus
454 1812 522 1847 habent
533 1812 552 1847 in
564 1812 632 1857 Anglia
643 1811 680 1847 sint
692 1813 797 1848 summoniti
808 1825 843 1858 per

139 1875 203 1899 omues
212 1864 305 1898 comitatus
313 1870 332 1898 ut
343 1865 390 1899 infra
398 1871 436 1900 tres
446 1876 521 1900 menses
531 1866 606 1900 ueniant
614 1866 633 1900 in
643 1865 729 1909 Angliam
737 1865 753 1900 si
761 1867 842 1902 redditus

139 1927 182 1952 suos
194 1916 275 1960 diligunt,
283 1922 301 1951 et
312 1917 399 1962 deinceps
410 1918 429 1952 in
440 1918 508 1962 Anglia
520 1924 637 1961 remaneant3
651 1923 670 1952 et
681 1918 697 1952 si
708 1929 746 1952 non
757 1920 843 1955 uenerint

139 1970 162 2003 ad
176 1970 267 2012 prefixum
281 1971 385 2012 terminum,
397 1970 479 2004 redditus
492 1982 556 2004 eorum
568 1971 587 2004 in
600 1982 655 2004 manu
666 1970 736 2004 domini
748 1972 798 2015 regis
813 1983 843 2006 ca-

113 2034 131 2065 35
139 2022 217 2067 piantur.
261 2015 289 2056 Vt
302 2022 372 2057 denarii
383 2022 431 2057 beati
444 2022 492 2057 Petri
503 2034 540 2057 non
552 2024 651 2057 reddantur
662 2023 738 2058 ulterius
751 2034 804 2069 pape,
814 2030 843 2060 set

139 2075 237 2118 diligenter
245 2075 353 2119 colligantur
365 2081 383 2110 et
395 2081 491 2110 seruentur
504 2076 523 2110 in
535 2076 622 2111 thesauro
635 2075 703 2110 domini
715 2077 769 2121 regis,
780 2083 799 2113 et
811 2090 843 2112 ex-

140 2129 245 2173 pendantur
252 2130 276 2163 ad
284 2129 323 2164 eius
331 2135 439 2174 preceptum
444 2130 463 2173 ⁷.]

161 2222 197 2250 ¹al.
205 2222 289 2251 forisfacto.
361 2222 367 2239 ²
377 2223 430 2252 These
437 2224 479 2252 New
489 2223 606 2252 Constitutions
615 2233 642 2252 are
649 2224 700 2252 edin
708 2224 766 2260 Quadr.
775 2234 818 2263 1495
827 2226 843 2255 in

140 2260 228 2292 VitaWdl
234 2261 279 2290 Cant
287 2261 405 2300 (Robertsoul
412 2261 445 2301 53),
453 2263 484 2292 and
492 2262 532 2300 Rog
537 2262 634 2293 Wendover.
675 2262 680 2279 ³
691 2263 711 2293 al
719 2264 842 2296 christianitatis.

140 2303 146 2320 ⁴
157 2301 191 2329 The
199 2305 237 2329 next
244 2305 276 2330 two
284 2301 337 2338 points
344 2302 365 2331 al.
372 2306 432 2340 transp.
482 2303 517 2332 ⁶ul.
526 2303 639 2332 confiscentur.
690 2302 696 2319 ⁰
706 2313 736 2333 om.

160 2340 166 2357 ⁷
177 2340 214 2370 Ant.
223 2345 239 2370 et
246 2341 318 2370 Collect'
314 2351 330 2369 in
337 2341 365 2371 Τ..

161 2377 217 2423 Opem
225 2385 270 2414 nobis
278 2395 287 2414 o
294 2385 355 2414 Thomu
364 2386 436 2423 porrige:
447 2396 485 2424 rege
492 2390 559 2424 stantes,
567 2386 637 2417 iacentes
644 2387 698 2425 erige:
709 2397 768 2425 mores,
775 2393 819 2419 actus
826 2395 842 2420 et

140 2427 189 2475 uitam
196 2425 264 2462 corrige,
271 2429 287 2455 et
294 2425 310 2454 in
318 2426 361 2462 pacis
368 2435 398 2455 nos
405 2426 446 2455 uiam
453 2426 508 2463 dirige,
516 2436 550 2463 per.

145 2465 209 2500 'Deus
221 2479 250 2506 pro
260 2469 304 2497 cuius
316 2469 383 2497 ecelesia
394 2469 473 2506 gloriosus
485 2470 558 2507 pontifex
569 2470 638 2499 Thomas
652 2471 725 2507 gladiis
720 2472 805 2518 impiorum
817 2483 842 2502 oc

140 2509 197 2545 cubuit,
205 2512 263 2546 presta
269 2517 353 2546 quesumus
363 2512 381 2538 ut
391 2509 479 2547 omnesqui
490 2509 523 2540 eius
534 2509 617 2549 implorant
627 2510 709 2566 auxilium,
719 2511 802 2550 peticionis
812 2521 841 2542 suc

139 2551 224 2581 salutarem
231 2555 349 2587 consequantur
355 2549 432 2587 affectum,
440 2559 473 2587 per.
