1762 2803
123 160 186 204 342,
313 145 393 199 more
408 141 524 205 lencona
539 140 631 204 uomit.

122 271 183 301 autem
191 277 234 301 ceco
244 271 337 311 receptam
347 265 366 299 in
375 264 424 310 pelui
433 275 499 309 aquam
510 264 559 298 illam
568 263 627 306 tradit,
635 273 677 297 cum
688 273 725 307 qua
734 262 797 297 oculos
806 266 824 296 et

122 320 187 355 faciem
198 321 267 362 lauans,
275 321 335 354 visum
347 318 442 353 confestim
454 318 551 362 percipere
565 316 636 351 meruit.
681 309 735 352 Ciuis
750 316 824 360 quidam

122 373 248 407 lincolniensis
259 373 334 406 cecitate
340 381 445 414 percussus,
453 372 476 404 ad
488 372 575 414 palatium
586 370 634 412 regis
646 370 728 409 veniens,
740 380 787 412 aqua
798 369 824 401 lo·

122 425 177 459 tionis
185 435 272 458 manuum
280 424 320 458 eius
327 424 392 457 faciem
400 428 418 456 et
427 423 490 457 oculos
496 423 565 464 lauans,
571 432 614 455 mox
619 421 701 456 tenebris
707 421 825 464 diu[tu]rnisl

105 495 114 525 5
122 478 154 512 lux
162 477 235 521 optata²
243 477 329 511 succedit.
380 469 464 521 Quidam
472 476 537 509 cecusR
545 486 608 519 regem
616 474 667 509 adire
675 480 693 508 et
700 474 760 509 visum
768 475 791 508 ab
803 486 825 507 eo

123 530 219 575 percipere
231 531 315 570 monitus,
327 528 442 570 cubiculario,
456 534 474 562 et
485 529 516 562 ille
527 528 566 572 regi
578 528 629 562 rem*
640 528 708 572 pandit.
735 528 768 561 Cui
780 538 824 561 rex:

123 583 203 625 ‘Veniat
211 583 274 627 inquit.
297 583 343 625 Quis
354 594 388 625 ego
399 593 440 616 sum
451 582 482 625 qui
490 582 591 622 contrister,
599 587 618 615 et
626 593 662 616 non
670 581 731 625 potius
739 581 825 622 exultem,

122 637 138 672 si
154 636 200 671 mels
215 636 304 679 manibus,
318 635 360 670 licet
375 634 460 679 indignis,
473 634 584 679 promissum
598 634 707 670 beneficium
719 633 788 669 homini
800 633 825 668 illi

122 691 182 734 pietas
190 690 252 723 diuina
260 689 373 723 contulerit?¹
396 688 477 722 Vocatus
487 693 515 722 est
524 693 586 722 autem
594 688 627 729 vir,
636 693 654 722 et
664 700 674 722 a
682 699 726 732 rege
733 693 797 730 tactus,
808 693 826 721 et

97 760 115 780 10
123 743 210 788 signatus,
217 748 235 776 et
242 742 289 777 inter
294 754 359 776 manus
365 741 404 775 eius
409 742 431 775 ab
438 740 495 775 oculis
499 740 581 784 vtrisque
586 741 664 776 vbertim
671 741 746 785 sanguis
751 741 826 782 effluxit,

123 796 203 839 pupillas
211 796 308 836 serenauit,
314 800 332 829 et
340 800 431 828 tumorem
439 795 569 837 palpebrarum
577 795 667 837 deposuit.
691 794 713 827 Et
721 794 766 827 dixit
772 794 826 827 homo

123 849 164 882 ille:
188 848 256 881 ‘Video
266 853 290 889 te,
299 847 373 881 domine
384 846 410 879 mi
420 857 459 887 rex,
470 851 488 879 et
499 846 555 879 facies
565 851 596 879 tua
606 852 693 889 tanquam
703 846 759 880 facies
767 846 826 889 angeli

124 902 189 935 stantis
200 906 242 934 ante
254 901 295 934 me.’
338 893 384 934 Alia
397 904 458 933 autem
469 898 509 933 vice
521 898 713 939 dnolceci,cu1nvn0
724 898 827 940 monoculo,

124 964 171 998 aqua
186 952 258 986 lotionis
271 963 358 986 manuum
371 952 428 986 sancti
440 951 515 995 perfusi,
530 951 589 986 visum
605 952 700 996 percipere
716 957 827 986 meruerunt.

97 1023 116 1053 15
126 1000 210 1042 Sedebat
217 1006 313 1049 aliquando
321 1016 355 1039 rex
362 1006 385 1039 ad
393 1016 482 1047 mensam,
491 1010 509 1039 et
516 1016 527 1038 a
535 1005 592 1038 latere
600 1005 638 1039 eius
648 1016 710 1039 comes
721 1005 827 1039 Godwinus.

125 1058 187 1093 Huius
195 1060 231 1092 duo
239 1059 271 1092 filii
279 1059 338 1092 adhuc
346 1058 403 1103 pueri,
413 1058 505 1092 Haraldus
513 1064 531 1092 et
538 1058 618 1101 Tostius,
626 1059 711 1093 ludentes
720 1069 781 1093 coram
795 1059 827 1100 eis,

124 1122 166 1146 cum
174 1122 221 1145 Vnus
229 1123 252 1145 ex
260 1112 295 1145 illis
302 1112 387 1153 amarius,
392 1122 447 1154 quam
456 1112 553 1154 expetebat
560 1112 598 1144 ludi
604 1112 690 1153 suauitas,
696 1112 828 1146 insurrexisset

124 1165 143 1197 in
152 1165 234 1203 alterum,
242 1164 305 1197 ludum
313 1170 386 1197 vertunt
396 1164 415 1196 in
425 1174 511 1206 pugnam.
535 1164 558 1196 Et
569 1175 611 1197 ecce
624 1164 717 1198 Haraldus
728 1165 828 1198 vehemen-

124 1217 160 1250 tius
166 1216 184 1248 in
193 1216 268 1249 fratrem
274 1217 352 1257 irruens,
360 1216 429 1260 capillis
437 1217 476 1249 eius
483 1221 579 1259 vtramque
589 1227 663 1249 manum
671 1217 740 1258 inserit,
749 1223 828 1261 prostra·

98 1285 117 1307 20
125 1275 205 1312 tumque,
214 1268 249 1302 nisi
257 1268 310 1303 citius
318 1269 426 1312 eriperetur,
434 1269 501 1302 virtute
509 1268 594 1311 superior
601 1269 714 1304 suffocasset.
736 1269 788 1303 Tunc
795 1280 829 1304 rex

124 1332 190 1356 versus
198 1322 221 1355 ad
231 1322 301 1363 ducem,
309 1321 345 1355 ait:
358 1320 454 1355 ‘Nihilne⁰
464 1320 536 1362 aliud,o
548 1321 643 1363 Godwine,
651 1322 686 1355 nisi
696 1321 799 1366 simplicem
809 1322 828 1356 in

125 1374 160 1409 hiis
168 1375 197 1408 vel
205 1375 268 1408 ludum
277 1385 376 1417 puerorum
384 1375 412 1408 vel
421 1385 502 1417 pugnam
511 1375 641 1418 contemplaris
647 1377 660 1409 l'
683 1375 706 1408 Et
713 1375 744 1409 ille
752 1387 756 1409 :
769 1375 829 1409 ‘Nihil

125 1428 179 1470 aliud,
191 1427 265 1461 domine
277 1428 312 1461 mi!
341 1428 393 1460 Tunc
405 1438 438 1461 rex
450 1427 506 1461 dixit:
521 1427 595 1471 ‘Longe
606 1427 655 1461 aliud
667 1438 708 1462 mea
720 1428 765 1462 mihi
776 1439 829 1462 mens

125 1481 211 1523 loquitur,
218 1486 237 1514 et
245 1481 280 1514 hiis
288 1481 332 1523 quid
340 1481 421 1513 futurum
428 1481 451 1513 sit
457 1480 524 1523 pueris,
530 1491 563 1523 per
568 1480 603 1513 hoc
609 1480 653 1513 mihi
658 1482 726 1514 bellum
732 1482 829 1514 reuelatur.

99 1550 117 1580 25
127 1533 224 1567 Emensis⁷
235 1533 303 1576 quippe
314 1533 414 1576 puerilibus
426 1533 479 1567 annis
488 1544 529 1567 cum
538 1533 557 1567 in
567 1533 627 1567 virum
638 1539 716 1577 vterque
727 1534 830 1577 profecerit,

126 1585 213 1619 tandem⁸
224 1586 314 1619 aduersus
325 1585 405 1619 inuicem
417 1585 463 1618 liuor
473 1590 570 1628 vtrumque
582 1586 657 1619 aduret:
676 1591 694 1619 et
703 1586 784 1629 primum
796 1586 830 1620 cir-

127 1638 255 1671 cumuentione
264 1638 371 1682 insidiisque
379 1638 456 1682 priuatis
462 1639 514 1681 quasi
520 1638 584 1670 ludere
591 1638 708 1681 videbuntur,
716 1640 739 1671 ad
746 1639 830 1673 Vltimum
853 1639 854 1642 ’

126 1691 190 1724 sortior
197 1690 318 1723 infirmiorem
326 1690 432 1733 proscribet,
440 1690 560 1724 rebellantem
566 1695 675 1733 prosternet,
683 1696 701 1724 et
709 1691 775 1734 prioris
783 1702 830 1725 mor-

127 1750 165 1778 tem
173 1749 216 1787 post
224 1742 316 1777 modicum
324 1754 404 1787 sequens
416 1742 491 1777 alterius
503 1742 596 1777 calamitas
607 1743 697 1787 expiabit!
721 1744 761 1786 Que
770 1744 831 1779 omnia

100 1811 119 1840 30
127 1797 153 1831 sic
160 1797 255 1840 completa,
262 1797 373 1840 totaAnglia
379 1802 431 1838 teste,
438 1796 554 1839 proba[n]tur
559 1797 569 1829 ⁹.
586 1797 632 1829 Nam
639 1797 713 1831 Tostius
719 1798 742 1831 ab
749 1797 831 1831 Haraldo

127 1850 204 1892 fugatus,
217 1860 258 1883 cum
270 1850 324 1893 paulo
337 1854 379 1893 post
390 1849 409 1882 in
421 1860 498 1892 regnum
510 1849 600 1883 successit
605 1849 617 1868 ¹⁰
629 1849 720 1884 Edwardo
733 1850 831 1892 Haraldus,

127 1913 163 1936 vna
171 1912 211 1935 cum
219 1913 263 1946 rege
273 1902 370 1946 Norwegie
380 1902 454 1935 Tostius
463 1902 590 1946 prosternitur,
599 1907 617 1936 et
629 1907 677 1936 totus
688 1903 727 1937 sere
739 1903 832 1937 exercitus

127 1955 203 1989 deletur.
227 1955 297 1988 Eodem
303 1967 352 1988 anno
359 1956 451 1988 Haraldus
458 1956 469 1974 ¹¹
478 1956 517 1998 ipse
526 1966 583 1998 regno
591 1956 679 1998 spoliatus
687 1956 795 1999 Anglorum,
801 1962 832 1991 aut

127 2008 196 2042 misere
208 2008 296 2051 occubuit,
309 2014 344 2051 aut,
354 2013 374 2043 vt
385 2009 460 2052 quidam
471 2013 541 2052 putant,
553 2008 654 2052 penitentie
665 2013 736 2043 tantum
747 2016 832 2044 seruatus

100 2077 119 2107 35
128 2061 190 2095 euasit.
211 2054 832 2105 Godwinusenim¹²euminmensaregiassideret¹⁸,vnusministro·

128 2124 168 2148 rum
174 2114 754 2159 inobicemaliquemvnopedeimmoderatiusimpingens‚pene
760 2116 832 2160 lapsum

128 2167 209 2201 incurrit.
237 2167 296 2208 Quem
308 2172 369 2201 tamen
381 2167 428 2211 [pes]
435 2168 446 2186 '⁴
457 2168 504 2201 alius
515 2173 564 2201 recto
573 2178 638 2211 gressu
649 2168 757 2211 procedens,
766 2169 832 2203 iterum

128 2272 177 2306 inter
185 2282 205 2305 se
213 2271 333 2315 loquentibus,
339 2277 357 2306 et
365 2273 413 2316 quod
422 2283 456 2316 pes
464 2272 507 2316 pedi
515 2271 621 2306 subuenerit
627 2272 764 2316 gratulantibus,
770 2284 833 2308 comes

101 2340 121 2369 40
129 2325 181 2369 quasi
189 2325 269 2358 ludendo
277 2325 336 2358 intulit
344 2338 347 2359 :
360 2326 401 2359 ‘Sic
409 2331 437 2359 est
445 2326 501 2359 frater
508 2326 583 2359 fratrem
593 2325 688 2366 adiuuans,
696 2330 714 2359 et
724 2326 770 2360 alter
781 2327 833 2361 alteri

129 2379 148 2411 in
156 2377 266 2410 necessitate
277 2378 400 2411 subueniens.’
424 2379 447 2412 Et
456 2378 480 2411 ait
490 2389 524 2412 rex
535 2379 559 2412 ad
570 2379 648 2411 ducem:
660 2378 712 2411 ‘Hoc
724 2389 777 2412 meus
788 2380 834 2413 mihi

129 2429 208 2472 fecisset,
220 2429 235 2464 si
248 2430 348 2466 Godwinus
359 2431 393 2466 hoc
404 2431 530 2475 permisisset.¹
557 2431 588 2466 Ad
600 2431 647 2465 hanc
657 2441 721 2466 vocem
733 2431 834 2468 Godwinus

149 2485 182 2514 ¹E.
191 2485 255 2514 diurnis.
289 2484 421 2522 ²S.optatalux.
456 2486 548 2516 ³E.secus.
586 2485 619 2515 ⁴S.
627 2495 660 2514 rem
668 2485 706 2522 regi.
737 2485 787 2516 ὅΤκν.
796 2491 834 2517 tres.

129 2523 162 2552 ῦΤ.
171 2524 188 2552 Ε.
197 2524 239 2552 Nihil
247 2524 316 2559 te5Tw.
325 2526 407 2559 Nichllne;
419 2526 435 2555 S.
444 2526 493 2555 Nihil.
538 2525 572 2555 ἵΕ,
580 2525 650 2554 emersis.
696 2524 834 2556 ⁸om.inT.Tw.

129 2563 164 2592 9Τ,
172 2563 189 2591 E.
197 2564 276 2600 probatur.
337 2564 348 2581 ¹⁰
359 2565 393 2595 Tw.
401 2565 509 2596 successisset.
571 2565 581 2583 ¹¹
592 2564 610 2594 E.
618 2564 697 2594 heraldus.
753 2565 833 2596 ¹²aLom.

130 2602 141 2619 ¹³
153 2602 170 2632 E.
178 2603 264 2633 assederet.
325 2604 377 2634 Mom.
