1762 2803
110 81 155 165 aa
253 164 254 168 ,
308 110 388 163 uoto
403 106 519 172 trauca
534 109 627 173 auctir.

109 228 162 274 nigro
180 228 250 275 capillo,
264 229 310 265 facie
328 230 430 274 macilenta,
444 241 490 266 naso
508 232 580 266 adunco
598 230 687 277 pertenui,
699 228 811 265 venerabilis

109 282 165 317 simul
181 288 199 318 et
214 282 301 318 terribilis
315 288 396 328 aspectu.
426 284 497 320 Habuit
512 290 573 320 autem
592 295 654 319 secum
673 285 692 318 in
710 284 811 318 ministerio

111 335 198 370 Iacobum
209 336 310 379 diaconum,
318 337 378 371 virum
385 338 448 382 vtique
455 338 565 373 industrium
575 344 594 372 et
602 338 682 372 nobilem
693 337 712 371 in
725 337 810 372 Christo:

111 389 142 432 qui
152 400 211 433 usque
223 390 246 422 ad
257 394 340 433 tempora
352 389 402 424 Bede
414 390 521 435 permansit.
566 384 682 425 Martirizato
693 395 754 424 autem
766 400 810 433 rege

94 451 102 480 5
112 441 189 475 Edwino
199 442 312 485 turbatisque
322 444 383 485 rebus,
392 443 485 485 Paulinus,
493 449 588 487 assumpta
599 453 662 477 secum
673 442 737 486 regina
749 441 812 474 Ethel-

111 494 173 537 burga,
185 492 239 528 rediit
250 493 337 528 Canciam
348 495 421 539 nauigio
427 496 439 537 ¹,
450 501 504 540 atque
515 496 538 530 ab
551 495 633 529 Honorio
644 494 781 538 archiepiscopo
793 499 811 528 et

110 556 154 590 rege
163 546 245 581 Edbaldo
254 547 354 582 honorifice
362 554 459 593 susceptus
468 555 501 583 est.
512 548 568 583 Venit
575 553 636 582 autem
643 547 686 581 illuc
694 548 741 581 duce
747 546 813 588 Basso,

112 599 169 633 milite
184 600 233 644 regis
249 600 321 635 Edwini
333 601 438 645 fortissimo,
449 603 519 637 habens
532 612 595 636 secum
607 600 715 635 Eanssedam
727 600 783 635 filiam
794 605 812 633 et

112 653 223 688 lossridum²
230 654 287 688 filium
296 655 374 698 Edwini,
381 666 454 690 necnon
462 661 480 690 et
485 655 523 689 Yffi
531 655 588 689 filium
596 654 665 689 Osiridi
672 654 704 688 filii
712 654 757 696 eius,
766 663 813 697 quos

86 712 177 750 inpostea
191 710 250 742 mater
265 712 316 742 metu
331 708 409 743 Edbaldi
425 713 443 743 et
458 708 539 743 Oswaldi
554 718 618 752 regum
637 707 686 742 misit
700 708 719 741 in
735 706 812 741 Galliam

113 760 221 794 nutriendos
234 763 272 804 regi
285 761 395 804 Dagoberto‚
406 763 438 806 qui
453 768 492 795 erat
507 762 576 796 amicus
592 763 643 803 eius,
660 760 690 805 q'ui
705 761 725 794 in
738 759 814 794 infantia

113 813 180 846 mortui
188 817 236 846 sunt.
258 813 324 846 Attulit
334 813 407 847 autem³
414 824 477 848 secum
484 824 529 848 vasa
539 813 622 857 preciosa
633 813 704 848 Edwini
714 813 762 856 regis
771 823 814 856 per-

113 866 172 910 plura,
180 872 198 900 et
210 877 282 900 crucem
294 877 380 911 magnam
388 878 462 901 auream
473 873 492 901 et
503 865 578 900 calicem
589 877 670 909 aureum,
679 876 715 909 que
725 865 814 899 hactenus

114 919 132 951 in
147 920 224 954 ecclesia
236 919 302 952 Cancie
318 925 426 953 conseruata
440 924 570 954 monstrantur.
599 920 645 962 Quia
660 930 704 954 vero
717 918 814 953 Romanus

89 984 105 1013 15
114 973 177 1015 presul
185 971 269 1006 roffensis
279 972 302 1006 ab
310 971 405 1007 Honorio*
413 972 473 1007 Rome
482 972 551 1007 missus
559 973 656 1016 absorptus
663 972 722 1006 fuerat
730 971 815 1005 fluctibus

113 1024 167 1056 italici
180 1024 254 1065 maris⁵,
266 1025 359 1066 Paulinus,
372 1025 461 1059 inuitante
474 1025 562 1067 Honorio,
575 1026 700 1069 episcopatum
715 1023 813 1058 roffensem

114 1078 199 1120 suscepit,
208 1081 227 1109 et
238 1076 325 1119 quamdiu
333 1075 379 1109 vixit
390 1077 453 1110 tenuit.
476 1076 498 1110 In
510 1087 546 1120 qua
557 1076 635 1111 ecclesia
646 1076 727 1110 moriens
738 1076 815 1119 pallium

114 1139 168 1163 suum
181 1128 258 1172 reliquit.
281 1129 388 1173 Reliquerat
401 1135 462 1164 autem
476 1130 494 1164 in
510 1130 588 1164 ecclesia
605 1128 712 1163 eboracensi
729 1128 814 1162 Iacobum

114 1182 211 1217 diaconum
223 1192 282 1225 suum,
290 1181 350 1217 virum
360 1181 422 1227 vtique
433 1182 577 1218 ecclesiasticum
588 1188 607 1217 et
618 1188 706 1224 sanctum,
715 1182 746 1226 qui
758 1182 815 1216 multo

88 1248 107 1270 20
114 1240 198 1279 tempore
209 1234 233 1268 ibi
245 1245 328 1278 manens,
340 1246 416 1279 magnas
427 1237 501 1280 antiquo
512 1237 560 1270 hosti
570 1237 637 1280 predas
648 1236 731 1269 docendo
742 1239 761 1268 et
772 1235 816 1278 bap·

114 1289 187 1322 tizando
194 1288 265 1332 eripuit.
308 1281 396 1323 Tandem
404 1294 478 1323 sanctus
485 1289 572 1323 Paulinus
579 1289 598 1322 in
607 1293 702 1323 senectute
707 1288 761 1328 bona,
767 1298 816 1321 anno

115 1340 184 1374 domini
199 1342 335 1374 sexcentesimo
351 1343 561 1385 quadragesimoquarto,
574 1348 627 1375 sexto
639 1342 681 1374 idus
694 1341 779 1382 octobris,
792 1341 815 1373 ad

115 1393 210 1427 dominum
221 1392 311 1436 migrauit,
319 1398 337 1427 et
348 1394 367 1428 in
379 1393 481 1428 Secretario
492 1394 541 1429 beati
549 1394 630 1434 Andree,
638 1394 687 1438 quod
698 1393 816 1428 Ethelbertus

116 1457 149 1480 rex
165 1446 184 1480 in
200 1445 272 1480 ciuitate
286 1445 361 1482 roffensi
378 1456 389 1481 a
405 1445 529 1482 fundamentis
541 1450 673 1487 construxerat,
686 1446 769 1489 sepultus
782 1450 816 1479 est.

89 1514 107 1544 ²5
116 1499 195 1543 “Elapso
204 1504 265 1532 autem
273 1499 329 1532 multo
337 1504 425 1543 tempore,
435 1499 546 1543 Gunduipho
557 1499 625 1533 ibidem
636 1499 759 1543 pontificante,
768 1499 817 1532 Lan-

115 1551 189 1586 srancus
207 1551 356 1596 archiepiscopus
370 1557 452 1587 veterem
466 1552 563 1587 ecclesiam
578 1552 626 1586 beati
640 1552 716 1586 Andree
735 1551 816 1586 funditus

116 1604 206 1638 destruxit
214 1614 317 1647 nouamque
326 1604 418 1638 basilicam
426 1604 542 1646 reedificauit,
547 1615 589 1639 ossa
595 1605 652 1639 sancti
659 1604 729 1639 Paulini
737 1606 760 1639 de
768 1610 817 1639 terra

116 1656 185 1690 leuauit
197 1660 215 1690 et
226 1654 245 1689 in
256 1655 324 1690 scrinio
334 1656 434 1691 honorifice
445 1656 544 1691 collocabit,
588 1649 647 1690 “Erat
661 1662 723 1690 autem
733 1662 817 1690 matrona

116 1709 195 1753 quedam
206 1708 255 1743 inter
264 1707 309 1743 alias
320 1719 356 1753 que
367 1708 392 1744 ibi
403 1710 479 1745 aderant
490 1708 594 1745 infirmitate
606 1711 687 1754 corporis
698 1710 726 1744 sui
738 1714 817 1754 grauata,

89 1778 109 1808 30
117 1764 150 1797 sed
158 1763 215 1796 multo
222 1761 355 1796 vehementiori
363 1762 439 1797 sceleris
447 1763 529 1807 pondere
536 1774 612 1807 pressa;
624 1774 660 1807 que
668 1763 691 1798 ad
699 1763 817 1807 sepulchrum

116 1816 175 1850 sancti
183 1815 255 1849 Paulini
262 1816 358 1859 accedens,
365 1821 428 1850 votum
436 1815 580 1860 deuotiissimle⁷
589 1816 679 1850 commisit
686 1817 735 1860 quod
744 1816 798 1860 (ipsa)
805 1814 817 1857 ⁸,

116 1870 132 1903 si
140 1871 162 1903 ab
170 1869 276 1904 infirmitate
286 1880 319 1903 sua
329 1869 399 1904 meritis
409 1870 457 1903 beati
468 1869 538 1903 Paulini
549 1869 622 1904 liberari
632 1874 738 1911 mereretur,
747 1868 817 1904 facinus

116 1922 135 1955 in
147 1933 183 1966 quo
195 1921 263 1955 misera
274 1922 359 1962 iacuerat,
371 1923 431 1965 quoad
442 1922 513 1956 viueret
523 1923 589 1955 iterum
601 1933 638 1955 non
650 1922 783 1956 committeret:
799 1926 818 1955 et

116 1975 200 2019 protinus
208 1974 281 2008 sanitati
288 1975 371 2008 restituta
379 1979 413 2008 est.
436 1974 477 2008 Non
485 1975 562 2009 multum
569 1985 614 2010 vero
623 1980 670 2019 post,
678 1973 725 2009 sicut
735 1975 786 2008 canis
795 1973 818 2007 ad

90 2043 108 2072 35
116 2027 210 2069 vomitum,
216 2027 314 2072 instigante
322 2027 394 2062 diabolo
402 2027 455 2063 rediit
462 2030 485 2062 ad
493 2034 593 2072 peccatum.
616 2028 662 2063 Cum
670 2034 730 2063 autern
738 2028 767 2062 vir
774 2038 818 2062 suus

117 2092 174 2125 super
186 2080 261 2114 crimine
276 2081 315 2114 lese
330 2080 430 2116 maiestatis
444 2080 567 2123 infamaretur,
580 2086 663 2116 matrona
677 2081 708 2116 illa
723 2081 818 2116 candelam

117 2135 157 2169 fieri
165 2134 212 2176 fecit,
219 2145 274 2177 quam
282 2135 305 2168 ad
313 2133 408 2168 ecclesiam
416 2135 474 2169 sancti
480 2135 556 2170 Andree
561 2135 634 2169 detulit:
647 2139 665 2169 et
670 2134 693 2169 ad
700 2134 819 2179 sepulchrum

118 2187 176 2219 sancti
188 2185 260 2219 Paulini
270 2186 350 2228 primum
361 2188 437 2229 gradum
448 2190 555 2228 ascendens,
565 2188 584 2222 vi
596 2189 674 2231 quadam
685 2188 759 2231 repulsa
770 2193 819 2220 retro

118 2238 166 2280 abiit,
179 2243 197 2272 et
211 2236 249 2272 fere
262 2238 285 2272 ad
297 2243 364 2272 terram
376 2238 444 2273 cecidit.
464 2239 486 2274 Et
501 2239 570 2274 mirans
585 2239 681 2274 estimabat
696 2240 744 2283 quod
759 2238 819 2283 aliquo

90 2307 110 2337 40
118 2291 201 2336 corporis
215 2290 243 2324 sui
256 2296 287 2324 aut
298 2291 366 2326 mentis
381 2291 453 2326 defectu
468 2292 502 2326 hoc
517 2292 632 2327 accidisset⁹:
644 2292 667 2326 ad
680 2292 757 2336 gradum
771 2292 819 2327 vnde

118 2345 193 2389 repulsa
201 2349 240 2378 erat
248 2344 306 2387 rediit,
318 2346 351 2379 sed
359 2346 409 2379 nullo
416 2346 512 2379 conamine
522 2346 622 2380 ascendere
633 2345 696 2390 potuit.
719 2344 776 2388 Quasi
786 2354 820 2389 per

139 2440 145 2460 ¹
156 2440 174 2470 E.
182 2439 245 2476 nauigio
253 2438 327 2469 Canciatu
335 2440 385 2469 rediit.
460 2440 466 2458 ²
477 2440 516 2471 Bed.
522 2440 615 2471 Vuscirean.
688 2439 693 2457 ³
705 2440 744 2470 Bed.
751 2447 819 2478 quoque.

118 2480 123 2497 ⁴
135 2481 174 2511 Bed.
182 2480 202 2510 ad
211 2479 300 2509 Honorium
307 2488 363 2517 papam
370 2489 380 2509 a
388 2480 431 2511 lusto
438 2480 561 2518 archiepiscopo.
592 2481 598 2498 ⁵
608 2481 626 2511 Ε,
634 2480 682 2511 italici
690 2480 737 2511 maris
743 2479 820 2510 fluctibus.

118 2520 159 2589 :nii
166 2520 206 2578 Vita„
210 2519 395 2589 (iEunatlcpleiifiipsgltllharton
403 2520 423 2549 ll.
472 2519 478 2537 ἵ
488 2521 507 2549 T.
514 2521 580 2558 deuote;
590 2521 608 2551 E.
616 2520 729 2566 deuotissime
773 2520 779 2537 ⁸
789 2528 819 2549 om.
