1762 2803
95 180 97 185 ¹
129 133 171 176 502
319 115 640 178 anathemaranatha.
706 129 728 173 [ι.
738 127 803 157 rena
811 129 828 158 1.

128 237 192 282 agitur.
215 237 295 272 Proinde
303 248 351 272 nunc
359 237 442 282 veniens,
450 237 468 272 id
476 236 508 272 tibi
519 237 595 284 iniungo
606 236 709 273 obedientie
717 238 765 283 quod
777 248 830 273 sanc-

128 292 251 325 timonialibus
265 293 287 325 ad
301 303 377 335 corpora
390 297 452 326 nostra
464 294 530 325 deuote
546 293 678 326 excubantibus
694 290 795 325 denuncies
807 292 830 326 de

129 356 160 379 me
167 350 191 385 vt,
200 355 241 379 cum
250 355 334 378 sororum
342 355 424 378 mearum
433 343 562 388 triumphalem
570 345 647 389 gloriam
655 344 747 378 celebrant
752 343 761 386 ¹,
769 345 830 387 proxi-

129 409 159 432 ma
167 397 251 441 sequenti
260 397 289 431 die
297 403 315 430 et
323 397 368 431 mihi
376 397 442 440 aliquid
450 398 574 431 venerationis
582 397 695 441 impendant,
704 397 746 440 quia
754 396 830 430 minime

113 450 157 488 5eis
169 450 243 493 expedit
253 455 272 483 vt
283 449 331 483 inter
342 461 407 484 omnes
419 450 468 493 quel
478 450 514 483 illic
526 455 609 494 pausant,
621 449 657 483 mei
669 455 739 483 tantum
751 448 831 482 nominis

130 502 233 538 reuerentia
245 502 294 536 nulla
306 502 339 536 sit)
362 503 446 547 Cumque
457 502 487 537 illa
497 503 521 537 de
532 504 606 537 nomine
617 502 657 537 eius
667 503 774 547 requireret,
782 502 831 537 iussa

130 562 158 590 est
170 568 181 590 a
194 556 264 599 virgine
276 557 356 590 frontem
368 557 408 591 eius
420 557 492 599 intueri,
504 562 524 590 vt
537 557 572 590 hoc
588 556 622 589 sibi
635 567 703 590 nomen
717 555 788 598 [tuisse]
804 555 832 589 111-

130 609 233 643 dubitanter
243 610 298 643 sciret
309 611 357 653 quod
368 610 404 643 illic
415 615 511 644 exaratum
521 609 622 643 inueniret!
645 609 707 643 Paruit
719 608 754 649 illa,
762 607 807 641 vidit
815 613 833 642 et

130 659 179 703 legit⁷
196 660 316 703 discretisque
335 660 411 703 syllabis
427 660 527 693 ‘Cordula'
546 660 630 693 distincte
649 658 738 702 scriptum
757 658 832 692 inuenit.

104 722 123 743 10
132 711 207 745 Famula
219 711 274 754 igitur
282 713 311 746 dei
323 714 345 746 ad
358 712 506 745 sanctimoniales
514 712 596 745 diuinum
607 712 700 745 oraculum
708 711 780 744 retulit:
793 721 832 745 cre-

131 763 201 797 (11111111Β
209 770 241 807 est,
250 775 271 799 ac
280 764 375 809 deinceps⁴
383 770 469 799 statutum
475 769 494 799 vt
503 774 543 798 curn
552 763 622 808 pridie⁵
630 769 733 798 sanctarum
742 763 833 807 virginum

132 816 228 852 celebritas
239 818 303 861 agitur,
312 828 393 861 sequens
405 817 445 852 dies
457 822 519 851 sancte
531 816 609 851 Cordule
621 816 706 851 laudibus
716 816 833 861 impendatur

132 895 136 904 .
145 896 149 905 .
158 895 162 904 .
171 869 246 903 Famula
254 869 282 903 dei
291 871 319 904 cui
327 871 361 904 hec
369 870 457 904 reuelatio
465 875 538 904 ostensa
546 875 579 911 est,
586 875 623 904 tam
631 870 709 903 celebris
714 870 751 904 vite
759 875 832 911 tamque

133 928 196 957 sancte
208 922 352 956 conuersationis
363 922 396 956 suit
403 927 423 957 vt
434 922 474 966 ipsa
482 933 515 965 pro
525 920 628 956 certissimo
635 921 717 971 ueritatis
729 921 834 955 testimonio

106 988 124 1019 15
134 975 217 1009 habenda
229 974 264 1009 sit.
273 1000 277 1009 .
286 986 341 1009 ,nam
352 980 394 1019 post
407 975 523 1010 sanctissime
530 974 567 1009 vite
579 974 619 1009 eius
631 985 705 1009 cursum
712 985 771 1018 usque
781 974 835 1007 hodie

133 1029 156 1063 ad
168 1028 258 1062 tumulum
270 1028 324 1062 eius⁸
335 1028 441 1072 frequenter
449 1028 531 1062 redditur
542 1028 604 1062 lumen
612 1028 665 1069 cecis,
673 1038 749 1072 gressus
761 1027 835 1068 claudis,

133 1081 162 1116 etfi
170 1080 238 1114 infirmi
246 1082 268 1115 ad
275 1091 329 1115 usum
336 1081 373 1116 vite
381 1086 495 1125 reparantur,
500 1087 518 1116 ct
526 1080 597 1116 obsessi
603 1082 626 1116 ab
634 1080 733 1115 immundis
741 1080 835 1125 spiritibus

134 1135 262 1168 emundantur.
276 1134 356 1177 Ideoque
365 1140 472 1177 competens
480 1135 520 1167 eius
528 1134 653 1167 testimonium
660 1133 698 1175 fuit,
704 1139 722 1166 et
730 1133 801 1177 nephas
807 1138 836 1167 est

135 1185 218 1219 dubitare
227 1186 275 1228 quod
284 1187 307 1218 de
318 1191 381 1219 sancta
391 1192 459 1227 sancte,
467 1187 490 1219 de
499 1197 567 1230 sponsa
579 1196 653 1230 sponse,
661 1187 685 1220 de
695 1185 761 1219 dilecta
771 1185 836 1219 dilecte

108 1253 126 1272 20
136 1250 169 1272 sue
177 1237 262 1272 dominus
271 1238 355 1282 dignatus
364 1244 392 1273 est
399 1239 603 1273 reuelare.-Gl0rietur
610 1239 676 1283 igitur⁷
682 1249 763 1283 superna
769 1238 836 1272 Hieru-

135 1292 197 1333 salem,
206 1296 224 1325 et
232 1292 305 1325 celestis
313 1292 343 1325 illa
351 1293 405 1334 curia,
413 1297 440 1325 tot
449 1292 534 1335 ingenuis
544 1292 614 1326 ciuibus
625 1292 715 1335 ampliata,
723 1291 754 1325 vbi
763 1302 799 1324 non
808 1296 837 1325 est

137 1354 203 1379 seruus
211 1350 241 1378 aut
249 1343 299 1388 liber,
307 1345 400 1379 masculus
408 1350 438 1379 aut
448 1344 521 1379 semina.
546 1344 638 1379 Glorietur
645 1344 744 1387 Britannia,
753 1344 837 1389 quamuis

136 1398 156 1431 in
168 1397 229 1431 Adam
241 1408 337 1440 generans,
345 1397 428 1442 virginee
439 1404 501 1432 tamen
512 1398 579 1432 indolis
586 1398 669 1432 secunda.
692 1397 784 1432 Glorietur
792 1397 837 1431 Ger-

136 1449 203 1491 mania⁷
211 1455 237 1483 tot
250 1449 382 1483 electissimos1⁵
392 1451 465 1483 occeani
475 1451 531 1484 flores
542 1450 634 1493 accipiens
639 1451 650 1484 ⁰.
673 1449 765 1484 Glorietur
773 1449 838 1489 Roma,

109 1513 127 1544 ²5
136 1512 235 1542 numerum
250 1502 341 1545 virginum
358 1513 413 1545 quem
428 1508 523 1546 acceperat
538 1504 624 1537 reddens.
652 1502 744 1536 Glorietur
759 1502 837 1540 Colonia,

137 1555 193 1589 talem
208 1555 257 1598 apud
273 1565 293 1589 se
308 1556 416 1589 thezaurum
434 1556 523 1591 retinens.
553 1556 646 1591 Glorietur
660 1557 713 1590 beata
728 1555 758 1589 illa
774 1554 838 1588 sancti·

140 1607 247 1641 monialium
255 1607 389 1651 congregatio¹⁰‚
394 1612 420 1641 tot
425 1613 529 1642 sanctarum
535 1608 631 1652 virginum,
638 1608 703 1653 quibus
710 1609 776 1642 deuote
782 1608 839 1642 tamu-

139 1661 200 1694 lantur
206 1659 222 1701 ¹¹,
238 1660 344 1703 patrociniis
361 1662 384 1694 de
399 1667 487 1703 perpetua
502 1662 561 1695 salute
578 1671 692 1703 presumens.
728 1660 840 1693 ‘Benedicta

138 1712 205 1756 igitur⁷
220 1712 278 1754 gloria
293 1711 361 1745 domini
377 1713 400 1745 de
419 1712 458 1746 loco
477 1719 540 1746 sancto
559 1712 615 1747 suo⁵.’
638 1713 677 1747 Vos
693 1718 755 1746 autern
773 1712 839 1746 sancti·

110 1778 130 1807 30
140 1764 235 1805 moniales,
241 1769 267 1798 tot
274 1764 368 1798 celestium
376 1776 490 1809 gemmarum
499 1766 666 1809 conseruatrices¹²‚
674 1765 725 1800 fideli
731 1765 744 1784 ¹³
752 1765 840 1809 obsequio

140 1817 221 1861 satagite,
234 1823 253 1853 vt
266 1818 282 1852 si
294 1819 317 1852 ad
331 1819 456 1860 centesimum,
468 1820 498 1853 vel
512 1819 648 1863 sexagesimum
661 1820 739 1854 fructum
750 1830 787 1852 non
798 1829 840 1862 per-

139 1871 213 1915 tingitis,
223 1871 288 1904 saltem
300 1876 342 1914 post
349 1871 425 1915 vestigia
437 1882 500 1905 earum
512 1872 573 1906 diuine
585 1872 710 1907 misericordie
720 1871 781 1917 spicas
793 1870 840 1905 colli-

139 1925 186 1969 gatis
193 1923 210 1958 ¹⁴.
239 1924 309 1959 Omnes
323 1925 378 1959 etiam
391 1925 410 1958 in
424 1925 516 1959 communi
531 1926 647 1960 sanctissima
662 1936 726 1960 earum
741 1923 841 1969 patrocinia

141 1977 242 2010 humillime
261 1977 370 2020 flagitemus,
388 1982 408 2011 vt
426 1978 469 2020 quia
487 1979 510 2012 ad
530 1979 616 2012 socialem
635 1989 677 2012 cum
696 1978 742 2021 ipsis
764 1976 841 2019 gloriam

110 2041 129 2072 55
140 2028 222 2073 aspirare
234 2038 268 2063 nec
280 2030 369 2063 audemus
381 2039 415 2063 nec
428 2040 533 2073 possumus,
543 2035 610 2073 tamen,
620 2031 663 2075 quia
676 2030 702 2064 ‘in
715 2031 769 2064 domo
784 2028 842 2075 patris

142 2081 248 2116 mansiones
264 2083 328 2116 multe’
344 2089 391 2125 sunt,
407 2094 470 2118 earum
485 2085 556 2118 meritis
570 2084 726 2129 patrocinantibus
741 2083 759 2118 iu
779 2082 842 2119 celesti

141 2136 258 2169 Hierusalem
271 2137 301 2169 vel
314 2137 414 2170 nouissime
428 2138 482 2171 sortis
494 2138 625 2180 municipatum
638 2138 737 2180 capiamus,
748 2140 842 2180 prestante

141 2187 214 2222 domino
226 2193 288 2222 nostro
301 2188 356 2223 lhesu
368 2189 445 2232 Christo,
457 2190 488 2234 qui
500 2201 542 2224 cum
555 2196 606 2233 patre
618 2196 636 2224 et
649 2189 714 2232 spiritu
725 2195 788 2224 sancto
799 2188 843 2223 viuit

142 2246 159 2275 et
168 2246 232 2283 regnat
237 2240 250 2260 ¹⁵
258 2242 303 2275 deus
311 2252 345 2284 per
353 2242 414 2275 omnia
421 2243 483 2275 secula
490 2242 601 2277 seculorum.
623 2243 689 2276 Amen.

162 2381 290 2412 ¹E.oelebrent.
327 2381 398 2419 tuqui.
429 2382 461 2413 ³13.
469 2383 582 2421 creditumque.
619 2382 720 2415 ⁴B.deinde.
752 2382 843 2414 ⁵ominB.

143 2421 203 2452 ⁶sc.in
211 2422 371 2451 Hersemonasterio¹
421 2421 453 2452 1Β,
462 2432 506 2459 εῑςο,
558 2424 589 2453 111.
597 2423 696 2454 lectissimos.
752 2423 844 2458 11111111).

142 2463 179 2492 111Ε.
188 2462 285 2498 aggregatio.
330 2461 341 2477 ¹¹
352 2461 370 2490 B.
379 2461 466 2491 famulatur,
515 2462 528 2481 ¹²
540 2463 557 2491 Β.
565 2464 663 2494 seruatrices.
711 2462 844 2500 ”aspectans

141 2501 237 2541 specialiter,
277 2500 288 2517 ¹⁴
299 2500 318 2530 Β.
325 2500 386 2538 legatis.
427 2501 438 2518 ¹⁵
449 2501 467 2531 Β,
475 2502 554 2538 gloriatur,
