1762 2803
109 115 155 170 Dr
170 114 270 167 sancto
286 113 402 174 nouenae
416 118 446 166 ue
460 113 644 175 brittannica.
698 118 727 169 65

24 233 97 270 feruore
114 236 186 272 feruido
204 237 271 272 deuote
290 246 399 281 suspensus,
417 241 437 271 vt
456 235 530 281 quidem
545 235 667 271 veridicorum
686 247 728 270 con·

24 290 137 325 studentium
150 291 270 326 relationibus
281 290 391 331 audiuimus,
401 289 421 324 in
432 295 480 324 etate
491 289 567 324 iuuenili
579 290 614 323 deo
626 289 729 323 cordialiter

25 344 103 386 deditus,
111 350 174 379 contra
182 343 241 379 illatas
249 344 284 379 sibi
292 343 374 385 iniurias,
380 344 440 378 minas
448 349 466 378 et
474 342 573 387 opprobria
581 342 635 384 mitis,
641 342 729 387 pacificus

25 402 44 431 et
63 398 142 441 quietus.
169 398 264 432 Leuitates
283 402 301 432 et
319 396 429 432 insolentias
447 396 534 430 continue
552 395 655 436 deelinauit,
670 395 729 438 magis

25 450 103 484 militare
117 451 194 493 cupiens
208 450 291 483 omnium
305 449 388 490 creatori,
401 459 456 493 quarn
470 447 539 482 friuolis
554 452 572 481 et
586 447 639 482 vanis
652 458 747 491 occupa-5

24 501 105 537 tionibus
115 508 189 546 ternpus
200 513 254 537 suurn
265 503 373 547 expendere
381 500 453 536 vitiose.
475 501 534 536 Tanta
544 500 631 535 virtutum
642 500 730 545 proximi·

24 560 61 589 tate
80 556 168 599 precipue
187 556 283 597 enutritus,
302 553 379 589 feliciter
401 559 455 588 natus
476 554 583 599 feliciusque
602 554 689 588 educatus
711 553 729 588 in

25 608 111 643 comitatu
130 607 237 644 eboracensi
253 607 304 643 iuxta
318 607 410 642 maritima
425 608 465 642 loca
480 607 553 642 occeani
570 606 731 642 commoditatibus

25 662 145 707 preuilegiata
155 667 173 697 et
184 673 220 697 non
232 662 311 696 multum
322 661 409 697 distantia
417 673 427 696 a
435 660 501 706 prefati
510 660 617 696 monasterii
628 660 731 701 situatione,

27 716 119 760 completo
133 716 208 750 biennio
219 716 238 750 in
251 716 323 750 Oxonia
334 715 451 749 festinantius
465 714 559 758 repedauit
575 715 597 748 ad
609 714 689 759 propria,
700 714 730 748 vbi
740 727 760 747 ro

27 768 87 812 magis
110 768 208 813 superfusa
226 768 312 803 vnctione
331 768 389 812 gratie
408 778 463 811 quam
482 767 582 811 magistrali
602 767 731 801 informatione

26 823 121 855 scientiam
137 821 252 866 perquisiuit.
275 820 321 855 lnde
336 825 431 854 senectam
443 820 522 854 induens
535 820 554 854 in
568 819 608 864 ipsa
621 829 654 854 sua
667 820 732 854 iuuen-

26 880 70 916 tute,
79 875 128 918 quod
140 874 183 908 etati
194 873 288 908 maturiori
298 873 356 907 defuit
367 873 518 917 supplementum
530 872 605 907 contulit
617 874 732 906 conuersatio

26 926 114 960 virtualis.
136 926 205 970 Sicque
217 932 294 970 propter
303 926 380 960 scientie
392 925 514 960 maturitatem
526 930 544 960 et
555 936 627 960 morum
637 924 731 960 landabili-

26 985 88 1020 tatem,
107 979 182 1024 quidam
200 979 287 1023 opinione
308 981 402 1013 mundana
423 979 510 1020 famosus,
529 979 597 1013 diuitiis
617 979 732 1013 abundanter
742 991 759 1019 ¹5

27 1033 115 1076 preditus,
127 1033 188 1076 ipsum
200 1043 256 1076 super
267 1031 315 1066 filios
326 1042 371 1066 suos
382 1032 491 1075 magistrum
503 1031 593 1075 disposuit
604 1036 623 1065 et
631 1032 731 1074 alumnum,

27 1096 64 1119 non
76 1086 136 1119 solum
145 1086 168 1119 ad
177 1085 301 1120 rudimentum
313 1085 433 1127 subditorum,
443 1085 500 1118 immo
511 1085 566 1119 etiam
574 1085 597 1119 ad
605 1083 731 1119 exclusionem

28 1138 118 1172 vitiorum.
152 1138 277 1172 Considerans
295 1137 350 1181 igitur
368 1137 456 1171 tenellam
474 1137 507 1171 lilii
528 1138 649 1171 substantiam
674 1137 733 1182 spinis

28 1191 155 1235 pungentibus
167 1190 244 1225 faciliter
254 1190 350 1234 perforari,
357 1190 425 1225 timens
437 1195 557 1235 exasperatos
568 1191 641 1225 aculeos
653 1191 733 1233 luscinio,

28 1244 136 1288 temporalis
147 1244 236 1278 vicesimo
245 1243 299 1278 etatis
309 1254 343 1277 sue
353 1254 402 1277 anno
413 1244 497 1288 religiose
505 1243 543 1278 vite
549 1243 633 1278 visitatus
643 1244 733 1284 incendio,
743 1256 762 1277 zo

29 1297 84 1341 pallio
91 1298 178 1331 virtutum
190 1302 306 1340 perornatus,
315 1296 334 1329 in
345 1296 414 1330 Christi
425 1297 539 1339 sempiterno
551 1296 626 1330 seruitio
637 1296 734 1340 proposuit

29 1350 111 1383 militare.
134 1349 211 1383 intuens
225 1348 279 1392 igitur
293 1348 403 1393 quotidianis
416 1348 491 1383 nutibus
506 1348 607 1389 oculorum,
618 1348 667 1383 inter
680 1359 733 1382 mun-

29 1401 86 1435 diales
94 1401 174 1435 diutinas
181 1402 223 1435 lites
232 1407 250 1435 et
258 1401 358 1436 discordias
367 1401 461 1442 seminari,
469 1401 608 1445 memorialique
618 1403 734 1446 prospiciens

30 1455 138 1488 certitudine
157 1454 205 1488 Abel
223 1459 241 1487 et
260 1454 313 1497 Cayn
328 1455 351 1488 ab
365 1453 413 1488 vno¹
432 1459 485 1497 patre
504 1454 582 1498 genitos,
597 1454 700 1489 columbam
716 1460 734 1489 et

30 1517 105 1541 coruum
121 1507 140 1541 in
156 1507 212 1541 archa
224 1506 298 1542 insimul
315 1512 456 1549 commorantes,
469 1507 528 1542 Ysaac
544 1514 563 1541 et
579 1507 664 1551 Esan(t)²
679 1508 733 1542 simul
743 1521 762 1550 ²5

30 1561 120 1600 ludentes,
133 1571 144 1594 a
156 1560 218 1594 radice
231 1560 294 1593 fontali
306 1560 413 1603 propaginis
426 1560 506 1593 humane
519 1560 611 1594 virtuosos
626 1565 644 1594 et
659 1560 735 1594 vitiosos

30 1613 110 1646 inuicem
122 1611 248 1654 commisceri3
261 1612 390 1657 presentisque
401 1612 438 1647 vite
450 1612 532 1647 militaris
543 1612 668 1647 blandimenta
679 1614 736 1648 noxia

31 1665 151 1700 considerans
159 1672 177 1699 et
185 1665 300 1700 transitoria:
310 1665 413 1700 mundiales
420 1665 734 1709 curasdespiciens³nronasterium

31 1717 105 1752 intrauit
124 1718 315 1762 brydlyngtoniense⁴.
337 1718 373 1751 Vbi
392 1729 434 1752 cum
452 1718 518 1762 gaudio
537 1724 630 1762 gratanter
648 1725 735 1764 receptus

32 1772 81 1805 velut
96 1771 172 1815 angelus
188 1772 252 1805 celitus
270 1772 355 1811 emissus,
370 1770 452 1805 habitum
470 1772 573 1816 suscipiens
592 1772 701 1816 regularem,
716 1773 764 1816 in3o

33 1834 103 1858 morum
111 1824 202 1868 probitate
211 1824 322 1870 splendidus
332 1824 402 1866 enituit,
410 1830 429 1858 et
436 1825 486 1858 velut
495 1825 543 1859 sacri
553 1825 634 1860 flaminis
645 1825 736 1860 caloribus

32 1877 151 1917 incalescens,
166 1877 251 1910 nobiliter
263 1877 321 1920 viguit
333 1876 351 1910 in
365 1877 481 1911 obseruantia
495 1878 580 1922 regulari.
603 1877 656 1923 lunta
668 1879 736 1913 etenim

33 1933 115 1964 tenorem
121 1930 164 1963 tube
173 1929 264 1964 dominice
272 1928 339 1964 deum⁶
345 1929 401 1964 totius
409 1929 475 1973 cordis,
481 1932 536 1966 totius
544 1936 563 1966 et
570 1930 631 1966 anime
639 1931 737 1966 viscerosis

33 1982 102 2017 viribus
117 1982 238 2026 amplexatus,
254 1989 316 2016 mente
331 1983 427 2026 suspirans
442 1984 465 2016 ad
480 1984 543 2024 celica,
556 1985 618 2018 omnia
632 1984 737 2028 postposuit

34 2035 88 2068 seculi
108 2034 187 2075 ruinosa,
205 2035 286 2079 vndique
305 2035 368 2070 diuina
386 2035 444 2079 gratia
462 2036 590 2079 perlustratus.
620 2037 664 2071 Erat
687 2038 765 2081 enim35

34 2085 112 2131 humitis,
128 2088 222 2131 obediens,
238 2087 325 2122 charitate
339 2088 469 2133 resplendens,
488 2090 577 2125 mundum
597 2097 737 2135 contempnens,

35 2140 142 2176 abstinentia
156 2141 230 2185 rigidus,
243 2141 311 2175 iustitia
326 2141 406 2184 indutus,
420 2142 531 2177 continentia
544 2143 659 2188 perspicuus,
670 2144 738 2188 vigiliis

35 2191 165 2237 frequentatus,
184 2193 296 2228 orationibus
315 2199 408 2236 strenuus,
423 2195 489 2239 spiritu
508 2196 596 2237 feruidus,
614 2197 677 2230 verbis
694 2208 738 2240 pro-

35 2245 88 2280 uidus
102 2252 121 2281 et
137 2252 225 2288 maturus,
240 2246 280 2291 spei
295 2246 382 2279 firmitate
396 2248 491 2290 gaudens3
503 2252 521 2281 et
536 2248 610 2282 domino
626 2249 667 2283 sine
682 2249 738 2283 inter·

36 2296 122 2332 missione
134 2299 248 2341 deseruiens,
261 2310 271 2334 a
283 2299 336 2333 vanis
348 2298 396 2332 ludis
407 2298 499 2332 abstinuit.
521 2299 575 2334 Vano
586 2301 651 2336 solatio
662 2301 738 2346 repletis
746 2313 766 2343 40

36 2348 74 2384 aliis
92 2357 155 2396 utpote
173 2352 234 2387 taliter
255 2351 365 2393 exercitatis,
384 2350 425 2396 ipse
444 2357 475 2386 aut
493 2353 607 2388 orationibus
628 2359 659 2388 ant
677 2354 738 2389 studio

37 2399 149 2447 frequentius
161 2404 263 2448 insudabat,
276 2406 362 2440 minimas
374 2405 467 2450 religionis
479 2406 606 2440 obseruantias
619 2407 669 2442 nullo
683 2409 738 2442 modo

37 2456 145 2500 transiliens,
160 2469 207 2503 quas
221 2458 240 2493 in
254 2458 319 2493 vltimo
334 2458 434 2504 spiramine
447 2458 486 2494 suis
498 2458 585 2494 fratribus
597 2461 739 2497 commendabat

38 2538 148 2613 ὗὲξεὲἑιὲξο
201 2542 306 2576 'alsmaelt
361 2544 485 2583 ’Edespioiea
541 2545 739 2585 ⁴E.brydlyngtoniensi.

57 2637 96 2665 VOL.
104 2642 123 2667 11.
324 2657 327 2663 ·
383 2644 395 2669 F
