1762 2803
248 100 293 157 be
308 99 410 154 sunna
425 99 557 168 collocuta.
712 115 753 161 195

51 226 110 266 batur,
122 234 133 258 a
144 224 185 259 loeo
196 223 228 258 illo
239 228 321 258 remotus
333 228 351 257 et
362 223 433 258 ablatus
447 224 514 259 iterum
529 227 571 268 post
586 222 678 258 modicum
690 222 709 258 in
721 234 755 258 sua

52 278 97 312 sede
106 277 203 320 reperitur.
227 276 275 310 Miro
283 277 343 318 modo,
351 276 403 320 quasi
411 287 474 311 ramus
482 275 559 320 arboris,
567 275 682 311 trahentibus
690 276 737 311 cedit
743 276 755 317 ¹,

52 330 140 364 dimissus
149 341 194 364 vero
205 330 256 364 velut
264 330 371 364 naturaliter
378 329 397 363 in
405 340 459 364 suum
470 329 527 363 resilit
533 330 540 349 l
547 330 613 364 locum.
641 329 684 363 Hiis
692 329 756 373 populi

52 382 124 417 accensi
141 382 242 423 virtutibus,
259 381 358 416 oratorium
377 381 395 416 in
414 381 522 416 memoriam
538 382 614 427 virginis
630 387 693 417 sancte
712 392 756 417 con·

52 441 150 476 struentes,
162 447 214 469 sacra
225 435 296 480 porticu
307 446 373 468 saxum
384 435 428 468 illud
438 436 552 469 collocarunt.
574 435 670 470 Accersito
681 436 773 471 tandem5

51 488 148 522 Theodoro
154 487 297 532 archiepiscopo,
303 498 344 521 cum
350 487 755 532 septuagintavirginibushabitumreligionis

52 540 138 584 suscepit,
147 546 165 575 et
173 541 196 575 de
204 551 295 575 consensu
303 541 367 574 matris
375 540 415 575 eius
422 540 532 576 Theodorus
543 552 584 575 eam
592 540 703 576 abbatissam
711 551 756 576 con-

52 594 135 628 secrauit.
157 594 214 638 Virgo
222 599 283 628 autem
291 598 354 628 saneta
361 593 433 628 virtutis
441 594 470 627 via
478 595 563 637 progredi
572 605 608 628 non
616 599 653 628 tam
662 594 755 628 sororibus

52 647 130 690 imperat
142 657 197 691 quam
210 652 305 687 monstrat,
319 646 410 690 exemplis
423 652 523 690 prouocat,
539 652 557 681 et
570 647 656 680 omnibus
668 646 756 681 humilior

52 700 157 744 apparebat.
180 699 264 734 Ministra
276 710 318 734 esse
332 699 411 734 malebat
424 709 479 744 quam
493 699 585 744 magistra,
599 699 688 744 prodesse
700 710 755 744 quam
764 713 784 736 ιο

52 763 133 797 preesse,
142 753 229 787 famulatu
239 763 294 798 quam
305 758 393 798 precepto
403 752 496 787 charitatis
506 752 615 798 obsequium
625 753 697 794 docere,
705 752 756 797 diligi

52 806 112 850 potius
121 817 176 850 quarn
185 806 245 841 timeri
255 807 353 851 satagebat,
361 806 399 851 iugi
412 806 523 840 abstinentia
533 811 551 840 et
560 805 631 851 vigiliis,
644 805 756 841 orationibus

52 859 130 894 assiduis
138 861 173 893 deo
181 860 251 893 seruire
258 860 347 894 studebat.
398 852 448 895 Cum
459 865 520 893 autem
531 865 585 894 nocte
593 860 671 903 quadam
680 861 756 894 ardente

52 913 121 947 lumine
132 912 243 947 orationibus
254 919 333 955 vacaret,
341 911 427 946 inimicus
438 912 512 956 generis
523 912 599 946 humani
610 912 705 947 candelam
716 912 756 946 eius

53 966 153 1000 exsufflans
161 966 234 1008 penitus
242 965 323 999 extinxit.
346 965 403 999 Cuius
410 964 482 999 insidiis
493 965 570 1009 angelus
578 964 647 998 domini
655 965 756 998 adueniens
765 977 784 1008 15

53 1017 126 1059 obstitit,
134 1017 207 1051 hostem
215 1018 287 1062 longius
295 1017 381 1061 excussit,
390 1018 478 1052 etlumen
486 1017 553 1064 legenti
563 1017 644 1053 restituit.
689 1010 756 1053 Victus

55 1082 99 1115 ergo
111 1072 202 1115 malignus
217 1071 236 1104 in
250 1082 302 1106 suam
317 1071 417 1116 perniciem
429 1071 474 1106 allas
486 1071 560 1106 molitur
572 1071 654 1114 insidias,
666 1081 756 1116 occupare

53 1124 142 1168 virginem
157 1123 262 1169 aggreditur
276 1124 402 1167 dormientem,
418 1135 472 1169 quam
487 1124 592 1168 vigilantem
610 1136 699 1169 superare
717 1136 756 1159 non

53 1183 129 1221 poterat.
153 1172 223 1212 Munita
231 1182 292 1212 tamen
300 1178 356 1212 armis
364 1178 407 1212 fidei
415 1184 433 1212 et
444 1178 537 1221 signaculo
545 1179 604 1212 crucis
615 1178 686 1222 signata
693 1178 755 1222 quies-

54 1230 110 1270 cebat,
119 1235 137 1264 et
144 1231 220 1274 angelus
228 1230 297 1264 domini
308 1231 415 1272 adueniens,
423 1230 520 1264 dormienti
531 1230 605 1271 assedit,
613 1235 631 1264 et
641 1230 755 1274 splendenti·
765 1244 784 1267 zo

54 1283 88 1316 bus
96 1282 211 1327 complexam
219 1283 253 1318 alis
261 1283 334 1318 obtexit
350 1282 455 1317 Exterritus
462 1282 497 1316 hoc
505 1287 581 1327 aspectu
588 1283 679 1324 inimicus,
686 1294 757 1327 pauore

54 1339 127 1369 coactus
135 1340 236 1370 retrorsum
244 1335 284 1377 ruit,
293 1341 360 1369 etcum
369 1336 461 1369 horrendo
469 1336 535 1369 eiulatu
546 1335 610 1379 procul
619 1335 692 1380 aufugit.
715 1336 757 1370 Hec

54 1386 103 1422 enim
111 1399 145 1432 per
153 1399 238 1433 soporem
247 1388 313 1423 dilecta
323 1389 358 1423 deo
368 1388 429 1423 anima
439 1389 570 1432 contemplans,
579 1389 651 1423 hostem
662 1388 716 1423 ruina
723 1399 758 1423 sua

53 1441 178 1476 tabescentem
185 1441 236 1476 vidit.
281 1434 332 1477 Cum
342 1441 392 1476 enim
402 1447 455 1476 nocte
466 1443 545 1486 quadam
555 1441 631 1476 orationi
641 1452 682 1476 cum
690 1441 758 1475 lachri-

54 1504 125 1528 marum
134 1494 225 1538 profluuio
232 1495 302 1528 intenta
310 1500 364 1535 esset,
372 1494 457 1539 apparuit
466 1494 483 1528 ei
492 1494 567 1539 spiritus
579 1499 654 1529 sanctus
664 1494 683 1528 in
693 1494 756 1538 specie
766 1504 785 1535 25

55 1547 143 1589 columbe,
152 1553 170 1581 et
180 1547 199 1581 in
209 1548 268 1592 capite
276 1548 316 1583 eius
325 1549 392 1582 sedere
402 1547 455 1592 cepit,
462 1548 496 1582 alis
507 1547 623 1592 applaudens
633 1553 691 1582 totum
702 1554 756 1592 caput

55 1601 104 1634 velut
112 1611 179 1633 corona
186 1601 277 1643 quedam³
284 1601 401 1644 astringebat,
409 1601 440 1633 diu
447 1600 550 1644 persistens
558 1606 576 1634 et
585 1600 695 1644 amplexans
702 1606 757 1644 eaput

55 1652 98 1696 eius,
106 1658 125 1688 vt
132 1663 166 1697 pre
174 1654 272 1697 splendore
279 1664 313 1698 per
320 1663 375 1688 vnam
383 1652 421 1688 sere
429 1653 493 1688 horam
500 1652 558 1688 videri
566 1663 603 1688 non
610 1657 679 1698 posset.
714 1646 758 1698 Ap-

56 1707 190 1751 propinquante
198 1706 227 1742 die
235 1706 295 1742 obitus
303 1706 338 1748 sui,
345 1706 414 1742 vocatis
424 1706 518 1742 sororibus
527 1706 566 1741 suis
576 1706 623 1742 inter
631 1711 692 1741 cetera
699 1706 744 1742 dixit
752 1718 757 1741 t

56 1759 133 1794 ‘Pacem
142 1764 160 1794 et
168 1760 307 1794 sanctimoniam
315 1759 363 1794 inter
369 1771 403 1794 vos
413 1760 484 1802 habete,
492 1760 605 1801 charissime,
613 1760 720 1795 charitatem
727 1759 757 1795 dei
766 1770 786 1800 ac

57 1818 74 1846 et
84 1812 164 1856 proximi
176 1817 253 1854 seruate,
261 1812 340 1847 inuicem
351 1824 408 1847 onera
417 1818 494 1857 portate,
504 1812 583 1847 inuicem
595 1813 671 1853 obedite,
682 1818 700 1847 et
711 1813 757 1847 deus

57 1865 107 1908 pacis
119 1877 139 1899 ac
153 1865 256 1899 dilectionis
269 1870 342 1899 maneat
354 1876 429 1909 semper
441 1876 483 1899 cum
498 1865 583 1900 omnibus
597 1865 659 1899 vobis!
682 1865 724 1900 Hiis
739 1871 758 1900 et

56 1918 160 1952 huiusmodi
167 1918 257 1961 peroratis
265 1918 371 1958 hortatibus,
377 1918 431 1951 tertio
439 1918 483 1951 Idus
491 1917 529 1951 iulii
537 1918 622 1961 migrauit
627 1918 650 1951 ad
657 1918 757 1959 dominum,

56 1975 74 2004 et
87 1970 105 2004 in
117 1970 228 2006 monasterio
241 1981 252 2004 a
265 1976 323 2004 matre
337 1981 369 2004 sua
381 1975 489 2013 constructo,
502 1976 520 2006 et
532 1972 560 2006 cui
572 1976 645 2015 preerat
658 1971 703 2015 ipsa,
715 1981 758 2006 cum

57 2034 123 2068 magno
135 2025 205 2059 honore
219 2024 291 2068 sepulta
306 2030 339 2058 est.
386 2016 439 2058 Huic
454 2023 472 2057 in
487 2023 577 2067 regimine
592 2023 680 2058 successit
695 2031 758 2058 saneta
767 2030 786 2061 35

56 2076 107 2121 virgo
116 2077 212 2122 Edburga3
223 2076 270 2122 que*
278 2087 320 2112 cum
328 2082 410 2112 sanctam
419 2075 528 2112 Mildredam
536 2078 559 2112 ad
567 2076 627 2113 locum
634 2077 758 2113 decentiorem

56 2131 156 2166 transferre
163 2132 224 2173 vellet,
229 2136 339 2175 congregato
347 2131 395 2165 clero
403 2135 420 2165 et
426 2136 489 2174 aperto
497 2131 616 2175 sarcophago,
620 2131 711 2175 virginem
716 2143 759 2167 cum

56 2184 137 2219 vestibus
145 2184 272 2220 mundissimis
279 2183 370 2228 integram
379 2189 396 2218 et
404 2184 529 2229 incorruptam
535 2184 631 2219 inueniunt
636 2191 655 2220 vt
660 2186 758 2220 dormienti

57 2237 132 2272 similior
146 2248 202 2281 quam
217 2243 289 2272 mortuo
305 2243 407 2282 appareret.
451 2231 528 2273 ³Pirate
541 2239 615 2273 tandem
629 2238 724 2273 Danorum
738 2239 758 2272 in

57 2288 135 2324 insulam
153 2291 283 2334 irrumpentes,
297 2290 371 2334 plebem
390 2290 462 2333 cedunt,
480 2289 555 2332 laniant,
570 2289 631 2325 omnia
649 2296 726 2332 vastant,
741 2296 787 2330 ε14ο

56 2342 137 2386 virgines
145 2348 218 2378 sanctas
225 2353 267 2377 cum
275 2354 308 2377 suo
316 2342 427 2384 monasterio
434 2342 495 2378 voraci
503 2343 578 2378 namma
585 2344 698 2385 comburunt,
706 2349 724 2379 et
732 2344 759 2379 sic

57 2395 80 2430 de
88 2396 200 2432 monasterio
207 2396 239 2430 illo
246 2396 317 2432 famoso
329 2396 406 2432 ecclesia
415 2397 488 2441 plebeia
496 2397 544 2432 sacta
554 2403 587 2433 est.
630 2391 690 2433 Anno
697 2403 758 2434 autem

76 2517 165 2550 ιΕεεᾱίῑ.
206 2517 391 2549 ²E.res11itinsuuml.
432 2517 540 2558 'Equedam
560 2519 641 2550 Gtssonda
685 2518 759 2559 ¹E.qui.

57 2555 63 2572 ³
73 2556 120 2589 From
127 2560 155 2590 the
161 2559 222 2589 Textus
228 2559 347 2590 Translationis.

395 2626 426 2651 02
