1762 2803
145 183 169 212 12
425 165 561 228 IDtflsssffllb.

143 291 168 320 De
182 294 237 319 sancto
251 291 312 319 Thoma
327 290 446 328 archiepiscopo
463 294 479 319 et

184 341 252 374 martyre

144 385 168 414 De
183 388 238 413 sancto
250 385 311 414 Thoma
322 384 399 413 monacho
410 394 419 414 a
431 384 479 414 Gallis

184 431 236 460 occiso

145 479 170 507 De
176 482 231 507 saneta
237 478 324 513 Walburga
330 478 391 514 virgine

145 526 169 553 De
176 529 231 553 sancto
238 524 312 553 Walleno
320 525 376 553 abbate

145 573 170 602 De
177 576 232 602 sancto
237 572 321 601 Walstano
328 572 420 601 consessore

118 627 119 630 ’
145 621 169 650 De
180 623 235 649 saneta
241 618 337 649 Wenesreda
343 619 405 657 virgine
415 622 431 648 et
440 629 479 649 mar·

185 671 220 703 tyre

145 715 169 743 De
177 718 232 743 sancta
238 714 328 750 Werburga
334 715 395 751 virgine

144 763 168 791 De
179 766 234 790 sancto
244 761 319 791 Wilsrido
330 763 404 799 episcopo
417 765 433 791 et
443 771 480 790 con-

184 808 245 836 sessore

145 857 169 886 De
176 859 232 886 saneto
240 855 312 893 Wyrone
322 851 414 893 quiescente
421 855 437 885 in
443 856 481 886 Tra·

185 905 225 933 ieeto
233 904 310 933 Inferiore

145 952 169 981 De
184 955 238 979 saneto
252 951 354 980 Willibrordo
372 950 447 988 episeopo
465 954 481 980 et

185 998 275 1028 consessore

512 289 537 318 De
544 292 599 318 saneto
604 287 690 318 Wilnenno
697 297 748 326 puero
755 292 771 317 et
778 293 847 326 martyre

512 337 536 366 De
544 339 599 366 sancto
605 335 693 365 Wilhelrno
702 336 777 374 episcopo
787 339 803 366 et
810 345 847 366 con·

551 384 611 413 sessore

511 431 536 460 De
543 434 598 460 sancto
605 429 691 459 Wilhelmo
698 434 767 467 martyre

512 479 536 506 De
544 482 598 507 saneto
606 477 713 515 Wynwaloeo
722 478 778 507 abbate
788 482 804 508 et
811 488 847 508 eon·

552 526 612 554 sessore

512 573 536 602 De
544 576 598 603 sancto
606 572 680 602 Wistano
687 582 724 610 rege
735 576 751 602 et
758 577 827 610 martyre

512 621 536 650 De
543 624 599 650 saneta
605 620 700 657 Withburga
706 621 767 658 virgine

512 669 537 698 De
544 671 598 698 sancta
604 668 661 697 Vrsula
668 669 729 705 virgine
736 672 752 697 et
759 672 827 705 martyre

512 716 536 744 De
541 714 676 744 sanctanssrilda
681 715 742 752 virgine
748 719 764 745 et
770 715 848 745 abbatissa

512 763 536 791 De
544 766 599 792 sancto
605 762 667 792 erieo
674 762 765 792 consessore

512 809 536 838 De
544 812 599 838 sancto
606 808 669 837 Wlsino
679 809 755 847 episeopo
764 813 780 838 et
787 809 848 838 conses-

531 866 568 886 sore

512 905 537 934 De
547 907 602 934 saneto
611 904 687 933 Vulstano
698 904 773 942 episeopo
784 909 800 934 et
811 914 847 934 con-

552 951 612 981 sessore

622 998 666 1028 Finis
673 997 732 1028 Tabnle
