<?xml version="1.0" encoding="UTF-8"?>
<!DOCTYPE html PUBLIC "-//W3C//DTD XHTML 1.0 Transitional//EN"
    "http://www.w3.org/TR/xhtml1/DTD/xhtml1-transitional.dtd">
<html xmlns="http://www.w3.org/1999/xhtml" xml:lang="en" lang="en">
 <head>
  <title>
</title>
<meta http-equiv="Content-Type" content="text/html;charset=utf-8" />
  <meta name='ocr-system' content='tesseract 3.04.00' />
  <meta name='ocr-capabilities' content='ocr_page ocr_carea ocr_par ocr_line ocrx_word'/>
</head>
<body>
  <div class='ocr_page' id='page_1' title='image "./MN5111ucmf_0/MN5111ucmf_0_0684.png"; bbox 0 0 1762 2803; ppageno 0'>
   <div class='ocr_carea' id='block_1_1' title="bbox 147 121 658 186">
    <p class='ocr_par' dir='ltr' id='par_1_1' title="bbox 147 121 658 186">
     <span class='ocr_line' id='line_1_1' title="bbox 147 121 658 186; baseline 0.01 -16"><span class='ocrx_word' id='word_1_1' title='bbox 147 127 175 170; x_wconf 85' lang='lat'>68</span> <span class='ocrx_word' id='word_1_2' title='bbox 242 153 246 167; x_wconf 44' lang='lat' dir='ltr'>i</span> <span class='ocrx_word' id='word_1_3' title='bbox 338 124 417 177; x_wconf 65' lang='lat' dir='ltr'>mutto</span> <span class='ocrx_word' id='word_1_4' title='bbox 433 121 549 185; x_wconf 57' lang='lat' dir='ltr'>stlfflilflfl</span> <span class='ocrx_word' id='word_1_5' title='bbox 565 122 658 186; x_wconf 57' lang='lat' dir='ltr'>angli&amp;</span> 
     </span>
    </p>
   </div>
   <div class='ocr_carea' id='block_1_2' title="bbox 121 243 856 2518">
    <p class='ocr_par' dir='ltr' id='par_1_2' title="bbox 121 243 856 2518">
     <span class='ocr_line' id='line_1_2' title="bbox 147 243 850 291; baseline -0.004 -10"><span class='ocrx_word' id='word_1_6' title='bbox 147 247 216 288; x_wconf 80' lang='lat' dir='ltr'>ethera,</span> <span class='ocrx_word' id='word_1_7' title='bbox 224 256 291 290; x_wconf 89' lang='lat' dir='ltr'>corpus</span> <span class='ocrx_word' id='word_1_8' title='bbox 301 246 352 281; x_wconf 89' lang='lat' dir='ltr'>velut</span> <span class='ocrx_word' id='word_1_9' title='bbox 363 244 449 280; x_wconf 83' lang='lat' dir='ltr'>exanime</span> <span class='ocrx_word' id='word_1_10' title='bbox 457 244 476 280; x_wconf 91' lang='lat' dir='ltr'>in</span> <span class='ocrx_word' id='word_1_11' title='bbox 484 245 560 281; x_wconf 86' lang='lat' dir='ltr'>mirifico</span> <span class='ocrx_word' id='word_1_12' title='bbox 572 252 630 291; x_wconf 86' lang='lat' dir='ltr'>raptu,</span> <span class='ocrx_word' id='word_1_13' title='bbox 641 250 731 290; x_wconf 88' lang='lat' dir='ltr'>appetens</span> <span class='ocrx_word' id='word_1_14' title='bbox 743 243 850 279; x_wconf 80' lang='lat' dir='ltr'>naturaliter</span> 
     </span>
     <span class='ocr_line' id='line_1_3' title="bbox 148 298 849 344; baseline -0.006 -9"><span class='ocrx_word' id='word_1_15' title='bbox 148 312 172 335; x_wconf 80' lang='lat' dir='ltr'>ex</span> <span class='ocrx_word' id='word_1_16' title='bbox 179 310 213 335; x_wconf 87' lang='lat' dir='ltr'>sua</span> <span class='ocrx_word' id='word_1_17' title='bbox 220 299 308 344; x_wconf 82' lang='lat' dir='ltr'>grauitate</span> <span class='ocrx_word' id='word_1_18' title='bbox 316 299 339 333; x_wconf 86' lang='lat' dir='ltr'>ad</span> <span class='ocrx_word' id='word_1_19' title='bbox 347 304 415 333; x_wconf 88' lang='lat' dir='ltr'>terram</span> <span class='ocrx_word' id='word_1_20' title='bbox 423 300 542 343; x_wconf 83' lang='lat' dir='ltr'>descendere,</span> <span class='ocrx_word' id='word_1_21' title='bbox 549 301 618 344; x_wconf 87' lang='lat' dir='ltr'>absque</span> <span class='ocrx_word' id='word_1_22' title='bbox 626 299 703 334; x_wconf 85' lang='lat' dir='ltr'>aliorum</span> <span class='ocrx_word' id='word_1_23' title='bbox 711 298 849 343; x_wconf 87' lang='lat' dir='ltr'>supportaminc</span> 
     </span>
     <span class='ocr_line' id='line_1_4' title="bbox 148 352 850 395; baseline -0.003 -9"><span class='ocrx_word' id='word_1_24' title='bbox 148 352 178 386; x_wconf 83' lang='lat' dir='ltr'>vix</span> <span class='ocrx_word' id='word_1_25' title='bbox 197 357 260 395; x_wconf 86' lang='lat' dir='ltr'>posset</span> <span class='ocrx_word' id='word_1_26' title='bbox 278 353 384 392; x_wconf 83' lang='lat' dir='ltr'>subsistere,</span> <span class='ocrx_word' id='word_1_27' title='bbox 402 352 510 386; x_wconf 90' lang='lat' dir='ltr'>obliuiosam</span> <span class='ocrx_word' id='word_1_28' title='bbox 529 353 625 387; x_wconf 88' lang='lat' dir='ltr'>incurrens</span> <span class='ocrx_word' id='word_1_29' title='bbox 640 353 708 387; x_wconf 89' lang='lat' dir='ltr'>viuacis</span> <span class='ocrx_word' id='word_1_30' title='bbox 727 353 788 387; x_wconf 90' lang='lat' dir='ltr'>anime</span> <span class='ocrx_word' id='word_1_31' title='bbox 807 362 850 385; x_wconf 90' lang='lat' dir='ltr'>con-</span> 
     </span>
     <span class='ocr_line' id='line_1_5' title="bbox 148 403 850 450; baseline -0.004 -11"><span class='ocrx_word' id='word_1_32' title='bbox 148 405 241 440; x_wconf 88' lang='lat' dir='ltr'>ditionem.</span> <span class='ocrx_word' id='word_1_33' title='bbox 271 404 310 438; x_wconf 89' lang='lat' dir='ltr'>Nec</span> <span class='ocrx_word' id='word_1_34' title='bbox 328 415 339 437; x_wconf 90' lang='lat' dir='ltr'>a</span> <span class='ocrx_word' id='word_1_35' title='bbox 357 403 449 439; x_wconf 90' lang='lat' dir='ltr'>mentibus</span> <span class='ocrx_word' id='word_1_36' title='bbox 468 405 571 440; x_wconf 85' lang='lat' dir='ltr'>mortalium</span> <span class='ocrx_word' id='word_1_37' title='bbox 593 406 736 450; x_wconf 85' lang='lat' dir='ltr'>subsequentem</span> <span class='ocrx_word' id='word_1_38' title='bbox 754 403 850 439; x_wconf 88' lang='lat' dir='ltr'>veritatem</span> 
     </span>
     <span class='ocr_line' id='line_1_6' title="bbox 130 451 851 504; baseline -0.003 -12"><span class='ocrx_word' id='word_1_39' title='bbox 130 470 138 499; x_wconf 83' lang='lat'>5</span> <span class='ocrx_word' id='word_1_40' title='bbox 148 459 200 493; x_wconf 88' lang='lat' dir='ltr'>stilus</span> <span class='ocrx_word' id='word_1_41' title='bbox 214 458 293 491; x_wconf 90' lang='lat' dir='ltr'>incultus</span> <span class='ocrx_word' id='word_1_42' title='bbox 308 468 389 501; x_wconf 85' lang='lat' dir='ltr'>congrue</span> <span class='ocrx_word' id='word_1_43' title='bbox 400 459 458 501; x_wconf 91' lang='lat' dir='ltr'>potuit</span> <span class='ocrx_word' id='word_1_44' title='bbox 470 459 572 493; x_wconf 83' lang='lat' dir='ltr'>absentare.</span> <span class='ocrx_word' id='word_1_45' title='bbox 617 451 705 504; x_wconf 81' lang='lat' dir='ltr'>Quadam</span> <span class='ocrx_word' id='word_1_46' title='bbox 717 457 746 491; x_wconf 90' lang='lat' dir='ltr'>die</span> <span class='ocrx_word' id='word_1_47' title='bbox 757 462 807 491; x_wconf 89' lang='lat' dir='ltr'>tante</span> <span class='ocrx_word' id='word_1_48' title='bbox 819 457 851 490; x_wconf 90' lang='lat' dir='ltr'>de-</span> 
     </span>
     <span class='ocr_line' id='line_1_7' title="bbox 147 508 851 556; baseline -0.004 -11"><span class='ocrx_word' id='word_1_49' title='bbox 147 510 226 545; x_wconf 87' lang='lat' dir='ltr'>uotionis</span> <span class='ocrx_word' id='word_1_50' title='bbox 242 510 320 545; x_wconf 87' lang='lat' dir='ltr'>sestiuali</span> <span class='ocrx_word' id='word_1_51' title='bbox 333 510 401 545; x_wconf 82' lang='lat' dir='ltr'>ferculo</span> <span class='ocrx_word' id='word_1_52' title='bbox 414 510 498 551; x_wconf 86' lang='lat' dir='ltr'>saciatus,</span> <span class='ocrx_word' id='word_1_53' title='bbox 510 511 529 546; x_wconf 91' lang='lat' dir='ltr'>in</span> <span class='ocrx_word' id='word_1_54' title='bbox 543 511 613 556; x_wconf 86' lang='lat' dir='ltr'>capella</span> <span class='ocrx_word' id='word_1_55' title='bbox 625 521 658 546; x_wconf 87' lang='lat' dir='ltr'>sua</span> <span class='ocrx_word' id='word_1_56' title='bbox 669 510 763 545; x_wconf 88' lang='lat' dir='ltr'>celebrare</span> <span class='ocrx_word' id='word_1_57' title='bbox 775 508 851 543; x_wconf 88' lang='lat' dir='ltr'>missam</span> 
     </span>
     <span class='ocr_line' id='line_1_8' title="bbox 149 562 851 610; baseline -0.003 -12"><span class='ocrx_word' id='word_1_58' title='bbox 149 564 249 610; x_wconf 87' lang='lat' dir='ltr'>proposuit,</span> <span class='ocrx_word' id='word_1_59' title='bbox 268 564 344 609; x_wconf 90' lang='lat' dir='ltr'>proprio</span> <span class='ocrx_word' id='word_1_60' title='bbox 363 565 457 608; x_wconf 90' lang='lat' dir='ltr'>capellano</span> <span class='ocrx_word' id='word_1_61' title='bbox 480 565 514 599; x_wconf 92' lang='lat' dir='ltr'>sibi</span> <span class='ocrx_word' id='word_1_62' title='bbox 537 565 636 600; x_wconf 86' lang='lat' dir='ltr'>assistente</span> <span class='ocrx_word' id='word_1_63' title='bbox 654 575 695 599; x_wconf 93' lang='lat' dir='ltr'>cum</span> <span class='ocrx_word' id='word_1_64' title='bbox 714 564 749 598; x_wconf 88' lang='lat' dir='ltr'>alio</span> <span class='ocrx_word' id='word_1_65' title='bbox 768 562 851 598; x_wconf 87' lang='lat' dir='ltr'>seculari.</span> 
     </span>
     <span class='ocr_line' id='line_1_9' title="bbox 150 616 851 657; baseline -0.006 -5"><span class='ocrx_word' id='word_1_66' title='bbox 150 618 248 652; x_wconf 88' lang='lat' dir='ltr'>Premissis</span> <span class='ocrx_word' id='word_1_67' title='bbox 262 628 307 651; x_wconf 90' lang='lat' dir='ltr'>vero</span> <span class='ocrx_word' id='word_1_68' title='bbox 323 619 399 652; x_wconf 87' lang='lat' dir='ltr'>secretis</span> <span class='ocrx_word' id='word_1_69' title='bbox 414 617 526 652; x_wconf 89' lang='lat' dir='ltr'>orationibus</span> <span class='ocrx_word' id='word_1_70' title='bbox 539 623 557 652; x_wconf 89' lang='lat' dir='ltr'>et</span> <span class='ocrx_word' id='word_1_71' title='bbox 572 618 721 652; x_wconf 87' lang='lat' dir='ltr'>meditationibus</span> <span class='ocrx_word' id='word_1_72' title='bbox 735 617 754 651; x_wconf 92' lang='lat' dir='ltr'>in</span> <span class='ocrx_word' id='word_1_73' title='bbox 773 616 851 657; x_wconf 87' lang='lat' dir='ltr'>silentio,</span> 
     </span>
     <span class='ocr_line' id='line_1_10' title="bbox 149 670 852 714; baseline -0.004 -9"><span class='ocrx_word' id='word_1_74' title='bbox 149 670 246 705; x_wconf 86' lang='lat' dir='ltr'>confestim</span> <span class='ocrx_word' id='word_1_75' title='bbox 258 670 378 706; x_wconf 86' lang='lat' dir='ltr'>sacerdotalia</span> <span class='ocrx_word' id='word_1_76' title='bbox 389 670 448 705; x_wconf 92' lang='lat' dir='ltr'>induit</span> <span class='ocrx_word' id='word_1_77' title='bbox 459 670 579 705; x_wconf 88' lang='lat' dir='ltr'>vestimenta:</span> <span class='ocrx_word' id='word_1_78' title='bbox 592 682 670 714; x_wconf 90' lang='lat' dir='ltr'>cumque</span> <span class='ocrx_word' id='word_1_79' title='bbox 682 671 765 714; x_wconf 87' lang='lat' dir='ltr'>an[h]elo</span> <span class='ocrx_word' id='word_1_80' title='bbox 777 674 852 713; x_wconf 86' lang='lat' dir='ltr'>pectore</span> 
     </span>
     <span class='ocr_line' id='line_1_11' title="bbox 121 722 851 766; baseline 0 -12"><span class='ocrx_word' id='word_1_81' title='bbox 121 733 140 754; x_wconf 86' lang='lat' dir='ltr'>ro</span> <span class='ocrx_word' id='word_1_82' title='bbox 149 722 222 757; x_wconf 87' lang='lat' dir='ltr'>celestis</span> <span class='ocrx_word' id='word_1_83' title='bbox 246 722 305 766; x_wconf 89' lang='lat' dir='ltr'>patrie</span> <span class='ocrx_word' id='word_1_84' title='bbox 326 724 481 765; x_wconf 86' lang='lat' dir='ltr'>contemplaretur</span> <span class='ocrx_word' id='word_1_85' title='bbox 502 723 623 765; x_wconf 88' lang='lat' dir='ltr'>dulcedinem,</span> <span class='ocrx_word' id='word_1_86' title='bbox 642 723 704 757; x_wconf 84' lang='lat' dir='ltr'>omnia</span> <span class='ocrx_word' id='word_1_87' title='bbox 728 724 751 757; x_wconf 87' lang='lat' dir='ltr'>ad</span> <span class='ocrx_word' id='word_1_88' title='bbox 771 722 851 756; x_wconf 84' lang='lat' dir='ltr'>officium</span> 
     </span>
     <span class='ocr_line' id='line_1_12' title="bbox 150 773 851 821; baseline -0.004 -11"><span class='ocrx_word' id='word_1_89' title='bbox 150 776 248 821; x_wconf 81' lang='lat' dir='ltr'>epistolare</span> <span class='ocrx_word' id='word_1_90' title='bbox 263 775 355 810; x_wconf 79' lang='lat' dir='ltr'>ordinarie</span> <span class='ocrx_word' id='word_1_91' title='bbox 367 776 488 820; x_wconf 89' lang='lat' dir='ltr'>perimpleuit.</span> <span class='ocrx_word' id='word_1_92' title='bbox 512 776 605 811; x_wconf 89' lang='lat' dir='ltr'>Secretius</span> <span class='ocrx_word' id='word_1_93' title='bbox 617 776 672 820; x_wconf 85' lang='lat' dir='ltr'>igitur</span> <span class='ocrx_word' id='word_1_94' title='bbox 683 775 778 820; x_wconf 85' lang='lat' dir='ltr'>proposuit</span> <span class='ocrx_word' id='word_1_95' title='bbox 790 773 851 818; x_wconf 88' lang='lat' dir='ltr'>capel-</span> 
     </span>
     <span class='ocr_line' id='line_1_13' title="bbox 150 827 852 874; baseline -0.006 -9"><span class='ocrx_word' id='word_1_96' title='bbox 150 832 192 865; x_wconf 92' lang='lat' dir='ltr'>lano</span> <span class='ocrx_word' id='word_1_97' title='bbox 211 836 236 873; x_wconf 80' lang='lat' dir='ltr'>vt,</span> <span class='ocrx_word' id='word_1_98' title='bbox 251 830 292 874; x_wconf 92' lang='lat' dir='ltr'>ipso</span> <span class='ocrx_word' id='word_1_99' title='bbox 311 830 349 864; x_wconf 92' lang='lat' dir='ltr'>solo</span> <span class='ocrx_word' id='word_1_100' title='bbox 368 841 430 864; x_wconf 90' lang='lat' dir='ltr'>secum</span> <span class='ocrx_word' id='word_1_101' title='bbox 449 836 562 874; x_wconf 84' lang='lat' dir='ltr'>remanente,</span> <span class='ocrx_word' id='word_1_102' title='bbox 581 830 684 865; x_wconf 89' lang='lat' dir='ltr'>secularem</span> <span class='ocrx_word' id='word_1_103' title='bbox 703 827 852 864; x_wconf 86' lang='lat' dir='ltr'>excluderetde</span> 
     </span>
     <span class='ocr_line' id='line_1_14' title="bbox 150 883 852 928; baseline -0.006 -9"><span class='ocrx_word' id='word_1_104' title='bbox 150 884 225 928; x_wconf 85' lang='lat' dir='ltr'>capella.</span> <span class='ocrx_word' id='word_1_105' title='bbox 248 885 288 925; x_wconf 79' lang='lat' dir='ltr'>Quo</span> <span class='ocrx_word' id='word_1_106' title='bbox 303 884 356 925; x_wconf 85' lang='lat' dir='ltr'>sacto,</span> <span class='ocrx_word' id='word_1_107' title='bbox 371 885 417 918; x_wconf 88' lang='lat' dir='ltr'>adeo</span> <span class='ocrx_word' id='word_1_108' title='bbox 432 895 520 919; x_wconf 85' lang='lat' dir='ltr'>accensus</span> <span class='ocrx_word' id='word_1_109' title='bbox 538 884 596 919; x_wconf 88' lang='lat' dir='ltr'>suerat</span> <span class='ocrx_word' id='word_1_110' title='bbox 613 884 632 918; x_wconf 93' lang='lat' dir='ltr'>in</span> <span class='ocrx_word' id='word_1_111' title='bbox 649 894 712 918; x_wconf 86' lang='lat' dir='ltr'>amore</span> <span class='ocrx_word' id='word_1_112' title='bbox 729 883 791 917; x_wconf 93' lang='lat' dir='ltr'>diuino</span> <span class='ocrx_word' id='word_1_113' title='bbox 810 887 852 926; x_wconf 88' lang='lat' dir='ltr'>post</span> 
     </span>
     <span class='ocr_line' id='line_1_15' title="bbox 150 934 852 981; baseline -0.003 -10"><span class='ocrx_word' id='word_1_114' title='bbox 150 935 273 971; x_wconf 87' lang='lat' dir='ltr'>lamentabilia</span> <span class='ocrx_word' id='word_1_115' title='bbox 296 936 375 980; x_wconf 85' lang='lat' dir='ltr'>suspiria</span> <span class='ocrx_word' id='word_1_116' title='bbox 396 942 415 971; x_wconf 90' lang='lat' dir='ltr'>vt</span> <span class='ocrx_word' id='word_1_117' title='bbox 436 942 512 981; x_wconf 89' lang='lat' dir='ltr'>propter</span> <span class='ocrx_word' id='word_1_118' title='bbox 533 937 645 981; x_wconf 84' lang='lat' dir='ltr'>singularem</span> <span class='ocrx_word' id='word_1_119' title='bbox 670 937 769 981; x_wconf 85' lang='lat' dir='ltr'>singultum</span> <span class='ocrx_word' id='word_1_120' title='bbox 792 934 852 978; x_wconf 87' lang='lat' dir='ltr'>magis</span> 
     </span>
     <span class='ocr_line' id='line_1_16' title="bbox 123 990 852 1035; baseline -0.003 -11"><span class='ocrx_word' id='word_1_121' title='bbox 123 991 238 1034; x_wconf 87' lang='lat' dir='ltr'>15lachrime</span> <span class='ocrx_word' id='word_1_122' title='bbox 260 995 402 1033; x_wconf 83' lang='lat' dir='ltr'>prorumperent</span> <span class='ocrx_word' id='word_1_123' title='bbox 421 1001 476 1034; x_wconf 86' lang='lat' dir='ltr'>quam</span> <span class='ocrx_word' id='word_1_124' title='bbox 495 991 551 1025; x_wconf 88' lang='lat' dir='ltr'>verba</span> <span class='ocrx_word' id='word_1_125' title='bbox 569 990 588 1025; x_wconf 93' lang='lat' dir='ltr'>in</span> <span class='ocrx_word' id='word_1_126' title='bbox 608 990 701 1035; x_wconf 91' lang='lat' dir='ltr'>publicum</span> <span class='ocrx_word' id='word_1_127' title='bbox 724 992 852 1035; x_wconf 86' lang='lat' dir='ltr'>personarent,</span> 
     </span>
     <span class='ocr_line' id='line_1_17' title="bbox 150 1043 853 1087; baseline -0.006 -8"><span class='ocrx_word' id='word_1_128' title='bbox 150 1049 226 1079; x_wconf 90' lang='lat' dir='ltr'>eatenus</span> <span class='ocrx_word' id='word_1_129' title='bbox 245 1043 294 1087; x_wconf 91' lang='lat' dir='ltr'>quod</span> <span class='ocrx_word' id='word_1_130' title='bbox 313 1048 389 1087; x_wconf 87' lang='lat' dir='ltr'>propter</span> <span class='ocrx_word' id='word_1_131' title='bbox 407 1044 501 1078; x_wconf 89' lang='lat' dir='ltr'>adurentis</span> <span class='ocrx_word' id='word_1_132' title='bbox 523 1043 625 1078; x_wconf 90' lang='lat' dir='ltr'>dilectionis</span> <span class='ocrx_word' id='word_1_133' title='bbox 645 1045 731 1079; x_wconf 88' lang='lat' dir='ltr'>ardorem</span> <span class='ocrx_word' id='word_1_134' title='bbox 752 1043 853 1078; x_wconf 74' lang='lat' dir='ltr'>inflamma·</span> 
     </span>
     <span class='ocr_line' id='line_1_18' title="bbox 150 1095 853 1139; baseline -0.004 -9"><span class='ocrx_word' id='word_1_135' title='bbox 150 1095 208 1130; x_wconf 85' lang='lat' dir='ltr'>tinum</span> <span class='ocrx_word' id='word_1_136' title='bbox 220 1095 270 1129; x_wconf 88' lang='lat' dir='ltr'>velut</span> <span class='ocrx_word' id='word_1_137' title='bbox 284 1096 329 1128; x_wconf 87' lang='lat' dir='ltr'>alter</span> <span class='ocrx_word' id='word_1_138' title='bbox 341 1096 453 1139; x_wconf 85' lang='lat' dir='ltr'>euangelista</span> <span class='ocrx_word' id='word_1_139' title='bbox 468 1096 560 1129; x_wconf 89' lang='lat' dir='ltr'>Iohannes</span> <span class='ocrx_word' id='word_1_140' title='bbox 573 1097 592 1129; x_wconf 92' lang='lat' dir='ltr'>in</span> <span class='ocrx_word' id='word_1_141' title='bbox 607 1097 648 1130; x_wconf 91' lang='lat' dir='ltr'>sinu</span> <span class='ocrx_word' id='word_1_142' title='bbox 662 1097 729 1129; x_wconf 84' lang='lat' dir='ltr'>Christi</span> <span class='ocrx_word' id='word_1_143' title='bbox 743 1098 810 1129; x_wconf 87' lang='lat' dir='ltr'>deuote</span> <span class='ocrx_word' id='word_1_144' title='bbox 823 1106 853 1127; x_wconf 89' lang='lat' dir='ltr'>re-</span> 
     </span>
     <span class='ocr_line' id='line_1_19' title="bbox 150 1146 852 1194; baseline -0.001 -12"><span class='ocrx_word' id='word_1_145' title='bbox 150 1148 244 1189; x_wconf 89' lang='lat' dir='ltr'>cumbens,</span> <span class='ocrx_word' id='word_1_146' title='bbox 263 1153 314 1181; x_wconf 83' lang='lat' dir='ltr'>tanto</span> <span class='ocrx_word' id='word_1_147' title='bbox 333 1148 448 1191; x_wconf 85' lang='lat' dir='ltr'>perfunditur</span> <span class='ocrx_word' id='word_1_148' title='bbox 466 1148 526 1183; x_wconf 86' lang='lat' dir='ltr'>imbre</span> <span class='ocrx_word' id='word_1_149' title='bbox 544 1148 676 1184; x_wconf 88' lang='lat' dir='ltr'>lachrimarum</span> <span class='ocrx_word' id='word_1_150' title='bbox 695 1149 744 1194; x_wconf 93' lang='lat' dir='ltr'>quod</span> <span class='ocrx_word' id='word_1_151' title='bbox 763 1146 852 1182; x_wconf 91' lang='lat' dir='ltr'>verbum¹</span> 
     </span>
     <span class='ocr_line' id='line_1_20' title="bbox 150 1200 853 1246; baseline -0.003 -10"><span class='ocrx_word' id='word_1_152' title='bbox 150 1202 198 1236; x_wconf 86' lang='lat' dir='ltr'>inter</span> <span class='ocrx_word' id='word_1_153' title='bbox 213 1201 293 1245; x_wconf 89' lang='lat' dir='ltr'>suspiria</span> <span class='ocrx_word' id='word_1_154' title='bbox 310 1201 420 1235; x_wconf 88' lang='lat' dir='ltr'>lachrimosa</span> <span class='ocrx_word' id='word_1_155' title='bbox 439 1213 476 1235; x_wconf 89' lang='lat' dir='ltr'>non</span> <span class='ocrx_word' id='word_1_156' title='bbox 492 1202 557 1236; x_wconf 90' lang='lat' dir='ltr'>valens</span> <span class='ocrx_word' id='word_1_157' title='bbox 576 1202 609 1237; x_wconf 82' lang='lat' dir='ltr'>fuit</span> <span class='ocrx_word' id='word_1_158' title='bbox 628 1202 739 1246; x_wconf 83' lang='lat' dir='ltr'>exprimere.</span> <span class='ocrx_word' id='word_1_159' title='bbox 761 1200 799 1235; x_wconf 86' lang='lat' dir='ltr'>Sed</span> <span class='ocrx_word' id='word_1_160' title='bbox 818 1201 853 1234; x_wconf 92' lang='lat' dir='ltr'>hoc</span> 
     </span>
     <span class='ocr_line' id='line_1_21' title="bbox 124 1253 853 1299; baseline -0.005 -8"><span class='ocrx_word' id='word_1_161' title='bbox 124 1270 142 1292; x_wconf 80' lang='lat'>20</span> <span class='ocrx_word' id='word_1_162' title='bbox 150 1267 192 1290; x_wconf 77' lang='lat' dir='ltr'>non¹</span> <span class='ocrx_word' id='word_1_163' title='bbox 200 1254 267 1296; x_wconf 87' lang='lat' dir='ltr'>virtuti,</span> <span class='ocrx_word' id='word_1_164' title='bbox 281 1255 314 1289; x_wconf 93' lang='lat' dir='ltr'>sed</span> <span class='ocrx_word' id='word_1_165' title='bbox 327 1254 428 1289; x_wconf 90' lang='lat' dir='ltr'>infirmitati</span> <span class='ocrx_word' id='word_1_166' title='bbox 441 1255 537 1299; x_wconf 89' lang='lat' dir='ltr'>temptauit</span> <span class='ocrx_word' id='word_1_167' title='bbox 550 1255 647 1298; x_wconf 89' lang='lat' dir='ltr'>ascribere,</span> <span class='ocrx_word' id='word_1_168' title='bbox 659 1256 725 1290; x_wconf 87' lang='lat' dir='ltr'>nolens</span> <span class='ocrx_word' id='word_1_169' title='bbox 738 1253 853 1298; x_wconf 89' lang='lat' dir='ltr'>capellanum</span> 
     </span>
     <span class='ocr_line' id='line_1_22' title="bbox 150 1306 853 1351; baseline -0.003 -9"><span class='ocrx_word' id='word_1_170' title='bbox 150 1307 268 1342; x_wconf 88' lang='lat' dir='ltr'>assistentem</span> <span class='ocrx_word' id='word_1_171' title='bbox 284 1307 342 1341; x_wconf 86' lang='lat' dir='ltr'>saliua</span> <span class='ocrx_word' id='word_1_172' title='bbox 354 1319 402 1341; x_wconf 84' lang='lat' dir='ltr'>vane</span> <span class='ocrx_word' id='word_1_173' title='bbox 414 1308 471 1351; x_wconf 86' lang='lat' dir='ltr'>glorie</span> <span class='ocrx_word' id='word_1_174' title='bbox 487 1308 545 1351; x_wconf 90' lang='lat' dir='ltr'>ipsius</span> <span class='ocrx_word' id='word_1_175' title='bbox 560 1308 640 1343; x_wconf 87' lang='lat' dir='ltr'>debitam</span> <span class='ocrx_word' id='word_1_176' title='bbox 655 1308 772 1342; x_wconf 87' lang='lat' dir='ltr'>deuotionem</span> <span class='ocrx_word' id='word_1_177' title='bbox 787 1306 853 1350; x_wconf 88' lang='lat' dir='ltr'>patulis</span> 
     </span>
     <span class='ocr_line' id='line_1_23' title="bbox 150 1358 853 1403; baseline -0.004 -9"><span class='ocrx_word' id='word_1_178' title='bbox 150 1359 225 1394; x_wconf 87' lang='lat' dir='ltr'>auribus</span> <span class='ocrx_word' id='word_1_179' title='bbox 240 1358 328 1393; x_wconf 85' lang='lat' dir='ltr'>iactanter</span> <span class='ocrx_word' id='word_1_180' title='bbox 343 1359 453 1393; x_wconf 90' lang='lat' dir='ltr'>secularium</span> <span class='ocrx_word' id='word_1_181' title='bbox 468 1366 580 1403; x_wconf 88' lang='lat' dir='ltr'>presentare.</span> <span class='ocrx_word' id='word_1_182' title='bbox 603 1360 657 1394; x_wconf 84' lang='lat' dir='ltr'>Vnde</span> <span class='ocrx_word' id='word_1_183' title='bbox 672 1371 716 1394; x_wconf 88' lang='lat' dir='ltr'>vere</span> <span class='ocrx_word' id='word_1_184' title='bbox 731 1359 819 1399; x_wconf 83' lang='lat' dir='ltr'>mirabile,</span> <span class='ocrx_word' id='word_1_185' title='bbox 834 1359 853 1392; x_wconf 90' lang='lat' dir='ltr'>in</span> 
     </span>
     <span class='ocr_line' id='line_1_24' title="bbox 151 1412 854 1457; baseline -0.004 -9"><span class='ocrx_word' id='word_1_186' title='bbox 151 1414 183 1449; x_wconf 77' lang='lat' dir='ltr'>tali</span> <span class='ocrx_word' id='word_1_187' title='bbox 194 1412 282 1457; x_wconf 86' lang='lat' dir='ltr'>dignitate</span> <span class='ocrx_word' id='word_1_188' title='bbox 293 1412 442 1447; x_wconf 89' lang='lat' dir='ltr'>summissionem</span> <span class='ocrx_word' id='word_1_189' title='bbox 454 1418 491 1447; x_wconf 88' lang='lat' dir='ltr'>tam</span> <span class='ocrx_word' id='word_1_190' title='bbox 503 1413 597 1455; x_wconf 90' lang='lat' dir='ltr'>humilem,</span> <span class='ocrx_word' id='word_1_191' title='bbox 608 1413 628 1447; x_wconf 91' lang='lat' dir='ltr'>in</span> <span class='ocrx_word' id='word_1_192' title='bbox 639 1418 690 1448; x_wconf 88' lang='lat' dir='ltr'>tanta</span> <span class='ocrx_word' id='word_1_193' title='bbox 696 1413 763 1448; x_wconf 91' lang='lat' dir='ltr'>virtute</span> <span class='ocrx_word' id='word_1_194' title='bbox 775 1412 854 1446; x_wconf 80' lang='lat' dir='ltr'>frontem</span> 
     </span>
     <span class='ocr_line' id='line_1_25' title="bbox 151 1466 854 1510; baseline -0.004 -8"><span class='ocrx_word' id='word_1_195' title='bbox 151 1477 196 1502; x_wconf 88' lang='lat' dir='ltr'>vera</span> <span class='ocrx_word' id='word_1_196' title='bbox 206 1466 296 1510; x_wconf 85' lang='lat' dir='ltr'>paruitate</span> <span class='ocrx_word' id='word_1_197' title='bbox 307 1467 432 1509; x_wconf 85' lang='lat' dir='ltr'>summissum,</span> <span class='ocrx_word' id='word_1_198' title='bbox 441 1467 536 1501; x_wconf 90' lang='lat' dir='ltr'>hominem</span> <span class='ocrx_word' id='word_1_199' title='bbox 547 1468 610 1502; x_wconf 88' lang='lat' dir='ltr'>videre</span> <span class='ocrx_word' id='word_1_200' title='bbox 622 1473 671 1502; x_wconf 91' lang='lat' dir='ltr'>tanto</span> <span class='ocrx_word' id='word_1_201' title='bbox 682 1466 789 1500; x_wconf 91' lang='lat' dir='ltr'>meritorum</span> <span class='ocrx_word' id='word_1_202' title='bbox 798 1476 854 1509; x_wconf 84' lang='lat' dir='ltr'>grege</span> 
     </span>
     <span class='ocr_line' id='line_1_26' title="bbox 125 1517 854 1563; baseline -0.005 -8"><span class='ocrx_word' id='word_1_203' title='bbox 125 1533 132 1559; x_wconf 79' lang='lat'><em>2</em></span> <span class='ocrx_word' id='word_1_204' title='bbox 135 1534 143 1563; x_wconf 85' lang='lat'>5</span> <span class='ocrx_word' id='word_1_205' title='bbox 153 1520 279 1563; x_wconf 83' lang='lat' dir='ltr'>compositum,</span> <span class='ocrx_word' id='word_1_206' title='bbox 287 1524 306 1553; x_wconf 90' lang='lat' dir='ltr'>vt</span> <span class='ocrx_word' id='word_1_207' title='bbox 312 1519 363 1553; x_wconf 90' lang='lat' dir='ltr'>vnita</span> <span class='ocrx_word' id='word_1_208' title='bbox 374 1519 503 1554; x_wconf 86' lang='lat' dir='ltr'>communitate</span> <span class='ocrx_word' id='word_1_209' title='bbox 514 1521 640 1563; x_wconf 86' lang='lat' dir='ltr'>congaudeant</span> <span class='ocrx_word' id='word_1_210' title='bbox 649 1519 752 1556; x_wconf 83' lang='lat' dir='ltr'>sublimitas</span> <span class='ocrx_word' id='word_1_211' title='bbox 760 1517 854 1552; x_wconf 85' lang='lat' dir='ltr'>humiliata</span> 
     </span>
     <span class='ocr_line' id='line_1_27' title="bbox 152 1572 854 1615; baseline -0.004 -7"><span class='ocrx_word' id='word_1_212' title='bbox 152 1578 171 1608; x_wconf 89' lang='lat' dir='ltr'>et</span> <span class='ocrx_word' id='word_1_213' title='bbox 192 1572 284 1606; x_wconf 88' lang='lat' dir='ltr'>humilitas</span> <span class='ocrx_word' id='word_1_214' title='bbox 309 1572 410 1606; x_wconf 87' lang='lat' dir='ltr'>sublimata.</span> <span class='ocrx_word' id='word_1_215' title='bbox 435 1572 484 1606; x_wconf 92' lang='lat' dir='ltr'>Vere</span> <span class='ocrx_word' id='word_1_216' title='bbox 503 1573 583 1615; x_wconf 87' lang='lat' dir='ltr'>humilis,</span> <span class='ocrx_word' id='word_1_217' title='bbox 599 1573 618 1607; x_wconf 94' lang='lat' dir='ltr'>in</span> <span class='ocrx_word' id='word_1_218' title='bbox 637 1573 752 1608; x_wconf 89' lang='lat' dir='ltr'>contumeliis</span> <span class='ocrx_word' id='word_1_219' title='bbox 771 1572 854 1615; x_wconf 87' lang='lat' dir='ltr'>diligens,</span> 
     </span>
     <span class='ocr_line' id='line_1_28' title="bbox 153 1624 854 1670; baseline -0.004 -10"><span class='ocrx_word' id='word_1_220' title='bbox 153 1626 235 1670; x_wconf 84' lang='lat' dir='ltr'>ingratos</span> <span class='ocrx_word' id='word_1_221' title='bbox 250 1624 346 1658; x_wconf 89' lang='lat' dir='ltr'>beneficiis</span> <span class='ocrx_word' id='word_1_222' title='bbox 363 1624 476 1668; x_wconf 89' lang='lat' dir='ltr'>opprimens,</span> <span class='ocrx_word' id='word_1_223' title='bbox 492 1636 550 1659; x_wconf 89' lang='lat' dir='ltr'>vanas</span> <span class='ocrx_word' id='word_1_224' title='bbox 568 1627 633 1659; x_wconf 90' lang='lat' dir='ltr'>laudes</span> <span class='ocrx_word' id='word_1_225' title='bbox 652 1626 765 1659; x_wconf 88' lang='lat' dir='ltr'>adulantium</span> <span class='ocrx_word' id='word_1_226' title='bbox 784 1624 854 1665; x_wconf 90' lang='lat' dir='ltr'>odiens,</span> 
     </span>
     <span class='ocr_line' id='line_1_29' title="bbox 154 1676 854 1723; baseline -0.004 -10"><span class='ocrx_word' id='word_1_227' title='bbox 154 1680 235 1714; x_wconf 90' lang='lat' dir='ltr'>honores</span> <span class='ocrx_word' id='word_1_228' title='bbox 254 1677 331 1722; x_wconf 87' lang='lat' dir='ltr'>fugiens,</span> <span class='ocrx_word' id='word_1_229' title='bbox 350 1678 457 1712; x_wconf 86' lang='lat' dir='ltr'>ministrans</span> <span class='ocrx_word' id='word_1_230' title='bbox 477 1689 518 1713; x_wconf 91' lang='lat' dir='ltr'>cum</span> <span class='ocrx_word' id='word_1_231' title='bbox 539 1678 646 1723; x_wconf 90' lang='lat' dir='ltr'>minoribus,</span> <span class='ocrx_word' id='word_1_232' title='bbox 665 1689 707 1713; x_wconf 92' lang='lat' dir='ltr'>cum</span> <span class='ocrx_word' id='word_1_233' title='bbox 726 1676 854 1713; x_wconf 88' lang='lat' dir='ltr'>maturioribus</span> 
     </span>
     <span class='ocr_line' id='line_1_30' title="bbox 152 1723 854 1776; baseline -0.003 -10"><span class='ocrx_word' id='word_1_234' title='bbox 152 1731 230 1767; x_wconf 87' lang='lat' dir='ltr'>socialis.</span> <span class='ocrx_word' id='word_1_235' title='bbox 276 1723 332 1765; x_wconf 86' lang='lat' dir='ltr'>Circa</span> <span class='ocrx_word' id='word_1_236' title='bbox 344 1741 406 1764; x_wconf 88' lang='lat' dir='ltr'>curam</span> <span class='ocrx_word' id='word_1_237' title='bbox 417 1732 478 1774; x_wconf 83' lang='lat' dir='ltr'>gregis</span> <span class='ocrx_word' id='word_1_238' title='bbox 490 1732 525 1766; x_wconf 91' lang='lat' dir='ltr'>sibi</span> <span class='ocrx_word' id='word_1_239' title='bbox 537 1732 630 1767; x_wconf 92' lang='lat' dir='ltr'>commissi</span> <span class='ocrx_word' id='word_1_240' title='bbox 641 1733 739 1776; x_wconf 88' lang='lat' dir='ltr'>vigilanter</span> <span class='ocrx_word' id='word_1_241' title='bbox 750 1731 854 1773; x_wconf 88' lang='lat' dir='ltr'>intendens,</span> 
     </span>
     <span class='ocr_line' id='line_1_31' title="bbox 125 1784 855 1828; baseline 0 -11"><span class='ocrx_word' id='word_1_242' title='bbox 125 1796 145 1825; x_wconf 78' lang='lat'>30</span> <span class='ocrx_word' id='word_1_243' title='bbox 153 1790 216 1820; x_wconf 89' lang='lat' dir='ltr'>contra</span> <span class='ocrx_word' id='word_1_244' title='bbox 231 1784 352 1828; x_wconf 87' lang='lat' dir='ltr'>temptamina</span> <span class='ocrx_word' id='word_1_245' title='bbox 364 1784 464 1818; x_wconf 85' lang='lat' dir='ltr'>aduersarii</span> <span class='ocrx_word' id='word_1_246' title='bbox 476 1795 520 1819; x_wconf 93' lang='lat' dir='ltr'>suos</span> <span class='ocrx_word' id='word_1_247' title='bbox 532 1785 615 1819; x_wconf 91' lang='lat' dir='ltr'>subditos</span> <span class='ocrx_word' id='word_1_248' title='bbox 626 1785 713 1820; x_wconf 83' lang='lat' dir='ltr'>uiuaciter</span> <span class='ocrx_word' id='word_1_249' title='bbox 724 1784 812 1819; x_wconf 92' lang='lat' dir='ltr'>animauit</span> <span class='ocrx_word' id='word_1_250' title='bbox 824 1794 855 1817; x_wconf 86' lang='lat' dir='ltr'>ex-</span> 
     </span>
     <span class='ocr_line' id='line_1_32' title="bbox 152 1837 855 1882; baseline 0 -10"><span class='ocrx_word' id='word_1_251' title='bbox 152 1837 285 1873; x_wconf 85' lang='lat' dir='ltr'>hortationibus</span> <span class='ocrx_word' id='word_1_252' title='bbox 304 1842 322 1871; x_wconf 93' lang='lat' dir='ltr'>et</span> <span class='ocrx_word' id='word_1_253' title='bbox 341 1837 431 1881; x_wconf 85' lang='lat' dir='ltr'>exemplis</span> <span class='ocrx_word' id='word_1_254' title='bbox 450 1838 508 1871; x_wconf 86' lang='lat' dir='ltr'>bonis.</span> <span class='ocrx_word' id='word_1_255' title='bbox 538 1838 569 1872; x_wconf 80' lang='lat' dir='ltr'>Ad</span> <span class='ocrx_word' id='word_1_256' title='bbox 588 1849 635 1873; x_wconf 93' lang='lat' dir='ltr'>onus</span> <span class='ocrx_word' id='word_1_257' title='bbox 653 1838 735 1882; x_wconf 84' lang='lat' dir='ltr'>prolecto</span> <span class='ocrx_word' id='word_1_258' title='bbox 759 1843 855 1882; x_wconf 88' lang='lat' dir='ltr'>acceptum</span> 
     </span>
     <span class='ocr_line' id='line_1_33' title="bbox 152 1889 854 1935; baseline 0.003 -12"><span class='ocrx_word' id='word_1_259' title='bbox 152 1889 259 1935; x_wconf 80' lang='lat' dir='ltr'>pigritantes</span> <span class='ocrx_word' id='word_1_260' title='bbox 275 1890 392 1933; x_wconf 86' lang='lat' dir='ltr'>compescuit,</span> <span class='ocrx_word' id='word_1_261' title='bbox 408 1889 494 1932; x_wconf 88' lang='lat' dir='ltr'>religiose</span> <span class='ocrx_word' id='word_1_262' title='bbox 511 1891 616 1934; x_wconf 87' lang='lat' dir='ltr'>gradientes</span> <span class='ocrx_word' id='word_1_263' title='bbox 635 1892 714 1934; x_wconf 88' lang='lat' dir='ltr'>diligens</span> <span class='ocrx_word' id='word_1_264' title='bbox 729 1901 771 1925; x_wconf 92' lang='lat' dir='ltr'>cum</span> <span class='ocrx_word' id='word_1_265' title='bbox 786 1891 854 1925; x_wconf 79' lang='lat' dir='ltr'>fauore.</span> 
     </span>
     <span class='ocr_line' id='line_1_34' title="bbox 153 1942 855 1986; baseline -0.006 -5"><span class='ocrx_word' id='word_1_266' title='bbox 153 1944 240 1980; x_wconf 90' lang='lat' dir='ltr'>Subditos</span> <span class='ocrx_word' id='word_1_267' title='bbox 256 1942 353 1986; x_wconf 84' lang='lat' dir='ltr'>diligenter</span> <span class='ocrx_word' id='word_1_268' title='bbox 367 1942 439 1976; x_wconf 85' lang='lat' dir='ltr'>edocuit</span> <span class='ocrx_word' id='word_1_269' title='bbox 454 1953 465 1976; x_wconf 96' lang='lat' dir='ltr'>a</span> <span class='ocrx_word' id='word_1_270' title='bbox 484 1942 569 1977; x_wconf 89' lang='lat' dir='ltr'>domibus</span> <span class='ocrx_word' id='word_1_271' title='bbox 585 1942 694 1978; x_wconf 85' lang='lat' dir='ltr'>officialibus</span> <span class='ocrx_word' id='word_1_272' title='bbox 709 1944 807 1978; x_wconf 91' lang='lat' dir='ltr'>mulierum</span> <span class='ocrx_word' id='word_1_273' title='bbox 824 1953 855 1978; x_wconf 84' lang='lat' dir='ltr'>ex-</span> 
     </span>
     <span class='ocr_line' id='line_1_35' title="bbox 153 1996 855 2040; baseline -0.001 -8"><span class='ocrx_word' id='word_1_274' title='bbox 153 1998 227 2033; x_wconf 87' lang='lat' dir='ltr'>cludere</span> <span class='ocrx_word' id='word_1_275' title='bbox 239 1996 334 2038; x_wconf 78' lang='lat' dir='ltr'>consortia,</span> <span class='ocrx_word' id='word_1_276' title='bbox 345 2007 369 2030; x_wconf 92' lang='lat' dir='ltr'>ne</span> <span class='ocrx_word' id='word_1_277' title='bbox 381 2003 443 2030; x_wconf 90' lang='lat' dir='ltr'>mente</span> <span class='ocrx_word' id='word_1_278' title='bbox 451 2002 537 2031; x_wconf 89' lang='lat' dir='ltr'>vacantes</span> <span class='ocrx_word' id='word_1_279' title='bbox 548 1996 623 2040; x_wconf 90' lang='lat' dir='ltr'>libidini,</span> <span class='ocrx_word' id='word_1_280' title='bbox 635 2008 708 2032; x_wconf 90' lang='lat' dir='ltr'>morosa</span> <span class='ocrx_word' id='word_1_281' title='bbox 720 1996 855 2033; x_wconf 84' lang='lat' dir='ltr'>continuatione</span> 
     </span>
     <span class='ocr_line' id='line_1_36' title="bbox 126 2049 855 2094; baseline 0 -11"><span class='ocrx_word' id='word_1_282' title='bbox 126 2061 164 2091; x_wconf 77' lang='lat' dir='ltr'>35a</span> <span class='ocrx_word' id='word_1_283' title='bbox 179 2051 275 2083; x_wconf 89' lang='lat' dir='ltr'>beatorum</span> <span class='ocrx_word' id='word_1_284' title='bbox 290 2050 365 2092; x_wconf 87' lang='lat' dir='ltr'>collegio</span> <span class='ocrx_word' id='word_1_285' title='bbox 381 2049 447 2083; x_wconf 87' lang='lat' dir='ltr'>fierent</span> <span class='ocrx_word' id='word_1_286' title='bbox 462 2050 522 2083; x_wconf 87' lang='lat' dir='ltr'>alieni.</span> <span class='ocrx_word' id='word_1_287' title='bbox 546 2050 567 2083; x_wconf 90' lang='lat' dir='ltr'>in</span> <span class='ocrx_word' id='word_1_288' title='bbox 583 2051 679 2084; x_wconf 81' lang='lat' dir='ltr'>refectorio</span> <span class='ocrx_word' id='word_1_289' title='bbox 698 2051 796 2094; x_wconf 83' lang='lat' dir='ltr'>prandium</span> <span class='ocrx_word' id='word_1_290' title='bbox 813 2061 855 2093; x_wconf 91' lang='lat' dir='ltr'>per-</span> 
     </span>
     <span class='ocr_line' id='line_1_37' title="bbox 154 2102 855 2146; baseline -0.001 -9"><span class='ocrx_word' id='word_1_291' title='bbox 154 2102 207 2145; x_wconf 88' lang='lat' dir='ltr'>cepit,</span> <span class='ocrx_word' id='word_1_292' title='bbox 219 2102 255 2135; x_wconf 90' lang='lat' dir='ltr'>nisi</span> <span class='ocrx_word' id='word_1_293' title='bbox 267 2102 351 2135; x_wconf 89' lang='lat' dir='ltr'>notabilis</span> <span class='ocrx_word' id='word_1_294' title='bbox 362 2112 417 2136; x_wconf 90' lang='lat' dir='ltr'>causa</span> <span class='ocrx_word' id='word_1_295' title='bbox 428 2102 521 2146; x_wconf 90' lang='lat' dir='ltr'>hospitum</span> <span class='ocrx_word' id='word_1_296' title='bbox 533 2104 649 2146; x_wconf 80' lang='lat' dir='ltr'>prepediret3</span> <span class='ocrx_word' id='word_1_297' title='bbox 662 2104 745 2138; x_wconf 89' lang='lat' dir='ltr'>noctibus</span> <span class='ocrx_word' id='word_1_298' title='bbox 755 2104 829 2138; x_wconf 81' lang='lat' dir='ltr'>iacens²</span> <span class='ocrx_word' id='word_1_299' title='bbox 836 2102 855 2136; x_wconf 92' lang='lat' dir='ltr'>in</span> 
     </span>
     <span class='ocr_line' id='line_1_38' title="bbox 154 2152 855 2199; baseline -0.001 -11"><span class='ocrx_word' id='word_1_300' title='bbox 154 2153 266 2194; x_wconf 89' lang='lat' dir='ltr'>dormitorio,</span> <span class='ocrx_word' id='word_1_301' title='bbox 279 2152 373 2187; x_wconf 88' lang='lat' dir='ltr'>matutinis</span> <span class='ocrx_word' id='word_1_302' title='bbox 388 2154 475 2187; x_wconf 88' lang='lat' dir='ltr'>insistens</span> <span class='ocrx_word' id='word_1_303' title='bbox 489 2155 591 2197; x_wconf 86' lang='lat' dir='ltr'>vigilanter,</span> <span class='ocrx_word' id='word_1_304' title='bbox 604 2156 671 2189; x_wconf 91' lang='lat' dir='ltr'>timens</span> <span class='ocrx_word' id='word_1_305' title='bbox 686 2156 702 2189; x_wconf 92' lang='lat' dir='ltr'>si</span> <span class='ocrx_word' id='word_1_306' title='bbox 717 2156 770 2190; x_wconf 89' lang='lat' dir='ltr'>aliter</span> <span class='ocrx_word' id='word_1_307' title='bbox 782 2162 855 2199; x_wconf 89' lang='lat' dir='ltr'>tempus</span> 
     </span>
     <span class='ocr_line' id='line_1_39' title="bbox 155 2205 856 2252; baseline -0.003 -10"><span class='ocrx_word' id='word_1_308' title='bbox 155 2206 293 2250; x_wconf 82' lang='lat' dir='ltr'>expendisset³,</span> <span class='ocrx_word' id='word_1_309' title='bbox 312 2216 354 2239; x_wconf 89' lang='lat' dir='ltr'>cum</span> <span class='ocrx_word' id='word_1_310' title='bbox 372 2205 457 2249; x_wconf 91' lang='lat' dir='ltr'>lampade</span> <span class='ocrx_word' id='word_1_311' title='bbox 475 2217 533 2240; x_wconf 88' lang='lat' dir='ltr'>vacua</span> <span class='ocrx_word' id='word_1_312' title='bbox 551 2207 632 2241; x_wconf 90' lang='lat' dir='ltr'>celorum</span> <span class='ocrx_word' id='word_1_313' title='bbox 651 2218 703 2242; x_wconf 87' lang='lat' dir='ltr'>sacra</span> <span class='ocrx_word' id='word_1_314' title='bbox 722 2219 759 2242; x_wconf 89' lang='lat' dir='ltr'>non</span> <span class='ocrx_word' id='word_1_315' title='bbox 774 2212 856 2252; x_wconf 87' lang='lat' dir='ltr'>gustaret</span> 
     </span>
     <span class='ocr_line' id='line_1_40' title="bbox 155 2258 855 2306; baseline 0 -11"><span class='ocrx_word' id='word_1_316' title='bbox 155 2259 249 2301; x_wconf 81' lang='lat' dir='ltr'>conuiuia;</span> <span class='ocrx_word' id='word_1_317' title='bbox 261 2263 366 2302; x_wconf 85' lang='lat' dir='ltr'>egrotantes</span> <span class='ocrx_word' id='word_1_318' title='bbox 379 2258 449 2292; x_wconf 90' lang='lat' dir='ltr'>solicite</span> <span class='ocrx_word' id='word_1_319' title='bbox 461 2259 546 2300; x_wconf 85' lang='lat' dir='ltr'>visitauit,</span> <span class='ocrx_word' id='word_1_320' title='bbox 560 2260 588 2293; x_wconf 88' lang='lat' dir='ltr'>eis</span> <span class='ocrx_word' id='word_1_321' title='bbox 599 2265 683 2304; x_wconf 87' lang='lat' dir='ltr'>tempore</span> <span class='ocrx_word' id='word_1_322' title='bbox 697 2271 778 2306; x_wconf 86' lang='lat' dir='ltr'>congruo</span> <span class='ocrx_word' id='word_1_323' title='bbox 793 2271 855 2295; x_wconf 89' lang='lat' dir='ltr'>neces-</span> 
     </span>
     <span class='ocr_line' id='line_1_41' title="bbox 125 2311 855 2359; baseline 0.001 -13"><span class='ocrx_word' id='word_1_324' title='bbox 125 2325 147 2355; x_wconf 81' lang='lat'>40</span> <span class='ocrx_word' id='word_1_325' title='bbox 155 2313 203 2349; x_wconf 86' lang='lat' dir='ltr'>saria</span> <span class='ocrx_word' id='word_1_326' title='bbox 217 2312 364 2346; x_wconf 86' lang='lat' dir='ltr'>subministrans.</span> <span class='ocrx_word' id='word_1_327' title='bbox 387 2311 437 2345; x_wconf 89' lang='lat' dir='ltr'>inter</span> <span class='ocrx_word' id='word_1_328' title='bbox 452 2311 535 2356; x_wconf 92' lang='lat' dir='ltr'>hospites</span> <span class='ocrx_word' id='word_1_329' title='bbox 549 2313 646 2348; x_wconf 86' lang='lat' dir='ltr'>solatiosus</span> <span class='ocrx_word' id='word_1_330' title='bbox 661 2318 680 2349; x_wconf 87' lang='lat' dir='ltr'>et</span> <span class='ocrx_word' id='word_1_331' title='bbox 693 2314 774 2359; x_wconf 88' lang='lat' dir='ltr'>sapiens,</span> <span class='ocrx_word' id='word_1_332' title='bbox 785 2319 855 2349; x_wconf 88' lang='lat' dir='ltr'>mature</span> 
     </span>
     <span class='ocr_line' id='line_1_42' title="bbox 154 2364 856 2409; baseline -0.003 -7"><span class='ocrx_word' id='word_1_333' title='bbox 154 2364 323 2409; x_wconf 83' lang='lat' dir='ltr'>circumspectionis</span> <span class='ocrx_word' id='word_1_334' title='bbox 338 2364 396 2398; x_wconf 90' lang='lat' dir='ltr'>oculis</span> <span class='ocrx_word' id='word_1_335' title='bbox 411 2364 478 2398; x_wconf 85' lang='lat' dir='ltr'>cibaria</span> <span class='ocrx_word' id='word_1_336' title='bbox 493 2365 609 2407; x_wconf 87' lang='lat' dir='ltr'>distribuens,</span> <span class='ocrx_word' id='word_1_337' title='bbox 625 2366 673 2402; x_wconf 88' lang='lat' dir='ltr'>inter</span> <span class='ocrx_word' id='word_1_338' title='bbox 686 2368 755 2403; x_wconf 80' lang='lat' dir='ltr'>fercula</span> <span class='ocrx_word' id='word_1_339' title='bbox 770 2367 856 2402; x_wconf 89' lang='lat' dir='ltr'>deliciosa</span> 
     </span>
     <span class='ocr_line' id='line_1_43' title="bbox 154 2417 856 2465; baseline -0.003 -11"><span class='ocrx_word' id='word_1_340' title='bbox 154 2420 194 2455; x_wconf 87' lang='lat' dir='ltr'>solo</span> <span class='ocrx_word' id='word_1_341' title='bbox 206 2429 254 2463; x_wconf 88' lang='lat' dir='ltr'>pane</span> <span class='ocrx_word' id='word_1_342' title='bbox 266 2428 287 2452; x_wconf 87' lang='lat' dir='ltr'>se</span> <span class='ocrx_word' id='word_1_343' title='bbox 297 2417 375 2451; x_wconf 85' lang='lat' dir='ltr'>reficere</span> <span class='ocrx_word' id='word_1_344' title='bbox 386 2417 483 2460; x_wconf 90' lang='lat' dir='ltr'>sepissime</span> <span class='ocrx_word' id='word_1_345' title='bbox 495 2418 594 2453; x_wconf 78' lang='lat' dir='ltr'>consueuit,</span> <span class='ocrx_word' id='word_1_346' title='bbox 617 2419 639 2454; x_wconf 92' lang='lat' dir='ltr'>In</span> <span class='ocrx_word' id='word_1_347' title='bbox 648 2431 684 2464; x_wconf 92' lang='lat' dir='ltr'>quo</span> <span class='ocrx_word' id='word_1_348' title='bbox 694 2421 741 2455; x_wconf 84' lang='lat' dir='ltr'>lacto</span> <span class='ocrx_word' id='word_1_349' title='bbox 753 2418 856 2465; x_wconf 83' lang='lat' dir='ltr'>spargibilis</span> 
     </span>
     <span class='ocr_line' id='line_1_44' title="bbox 154 2469 856 2518; baseline -0.003 -11"><span class='ocrx_word' id='word_1_350' title='bbox 154 2472 239 2508; x_wconf 89' lang='lat' dir='ltr'>iactantie</span> <span class='ocrx_word' id='word_1_351' title='bbox 255 2471 325 2504; x_wconf 84' lang='lat' dir='ltr'>sumum</span> <span class='ocrx_word' id='word_1_352' title='bbox 337 2480 374 2503; x_wconf 92' lang='lat' dir='ltr'>non</span> <span class='ocrx_word' id='word_1_353' title='bbox 386 2469 479 2513; x_wconf 84' lang='lat' dir='ltr'>affectans,</span> <span class='ocrx_word' id='word_1_354' title='bbox 491 2471 547 2505; x_wconf 89' lang='lat' dir='ltr'>voluit</span> <span class='ocrx_word' id='word_1_355' title='bbox 558 2472 626 2506; x_wconf 86' lang='lat' dir='ltr'>cibaria</span> <span class='ocrx_word' id='word_1_356' title='bbox 637 2473 727 2515; x_wconf 87' lang='lat' dir='ltr'>scindere,</span> <span class='ocrx_word' id='word_1_357' title='bbox 739 2484 775 2518; x_wconf 90' lang='lat' dir='ltr'>que</span> <span class='ocrx_word' id='word_1_358' title='bbox 786 2473 856 2518; x_wconf 87' lang='lat' dir='ltr'>priuate</span> 
     </span>
    </p>
   </div>
   <div class='ocr_carea' id='block_1_3' title="bbox 214 2579 797 2622">
    <p class='ocr_par' dir='ltr' id='par_1_3' title="bbox 214 2579 797 2622">
     <span class='ocr_line' id='line_1_45' title="bbox 214 2579 797 2622; baseline 0.005 -11"><span class='ocrx_word' id='word_1_359' title='bbox 214 2580 220 2598; x_wconf 87' lang='lat'>¹</span> <span class='ocrx_word' id='word_1_360' title='bbox 231 2580 251 2611; x_wconf 82' lang='grc' dir='ltr'>Ε.</span> <span class='ocrx_word' id='word_1_361' title='bbox 257 2580 345 2612; x_wconf 84' lang='lat' dir='ltr'>verborum.</span> <span class='ocrx_word' id='word_1_362' title='bbox 445 2579 452 2598; x_wconf 76' lang='lat'>²</span> <span class='ocrx_word' id='word_1_363' title='bbox 461 2589 473 2611; x_wconf 64' lang='lat' dir='ltr'>r,</span> <span class='ocrx_word' id='word_1_364' title='bbox 481 2579 533 2612; x_wconf 82' lang='lat' dir='ltr'>iacuit.</span> <span class='ocrx_word' id='word_1_365' title='bbox 635 2581 642 2601; x_wconf 75' lang='lat'>³</span> <span class='ocrx_word' id='word_1_366' title='bbox 652 2581 670 2614; x_wconf 88' lang='lat' dir='ltr'>E.</span> <span class='ocrx_word' id='word_1_367' title='bbox 678 2582 797 2622; x_wconf 86' lang='lat' dir='ltr'>expendissent.</span> 
     </span>
    </p>
   </div>
   <div class='ocr_carea' id='block_1_4' title="bbox 0 0 894 2803">
    <p class='ocr_par' dir='ltr' id='par_1_4' title="bbox 0 0 894 2803">
     <span class='ocr_line' id='line_1_46' title="bbox 0 0 894 2803; baseline 0 0"><span class='ocrx_word' id='word_1_368' title='bbox 0 0 894 2803; x_wconf 95' lang='lat' dir='ltr'> </span> 
     </span>
    </p>
   </div>
  </div>
 </body>
</html>
