1762 2803
138 159 181 213 258
331 157 410 209 nota
425 153 541 216 tertufla
556 153 649 216 turta

137 278 205 321 aliquid
215 276 258 311 noui
268 288 289 310 ae
299 277 405 311 delectabile
415 278 575 320 contemplaretur,
584 275 614 310 vbi
625 286 646 309 ea
658 275 724 307 fixerat
737 273 839 307 diutissime

137 331 175 365 fixa
186 331 264 366 tenebat.
287 329 406 364 Sciscitatus¹
417 335 478 364 autem
490 329 534 373 quid
544 328 625 371 vidisset,
634 328 669 363 ait:
682 326 794 363 ‘Considero
802 336 838 370 quo

138 384 199 429 tendo,
213 389 231 418 et
245 394 285 418 cras
298 382 356 424 vobis,
367 388 386 417 et
397 393 427 417 me
438 387 558 426 tacente,-res
569 382 610 426 ipsa
622 380 696 415 notabit.
720 379 775 414 Salus
789 379 839 414 euim

138 443 207 480 eterna,
215 447 248 480 pro
256 448 292 481 qua
301 437 395 480 hucusque
406 437 488 470 laboraui
499 436 518 470 in
530 442 584 478 terra,
593 435 653 476 instat,
661 445 694 468 nec
703 438 745 468 ante
754 433 839 467 transibit

122 491 219 536 5crastina
230 489 270 524 dies
281 500 336 533 quam
348 500 378 523 me
390 490 410 523 in
423 500 464 523 eam
476 489 561 523 dominus
573 498 631 528 meus,
643 488 690 521 sicut
701 486 793 531 pollicitus
805 492 839 526 est,

138 543 250 577 introducat.¹
274 543 297 575 Et
305 553 402 585 regressus
410 543 428 575 in
437 542 541 584 oratorium,
549 541 653 575 conuocatis
662 540 749 574 fratribus
757 540 840 573 hortatur

139 605 171 628 eos
179 594 287 639 impendere
295 593 330 627 sibi
338 593 459 628 ministerium
468 605 520 628 sacre
528 592 618 627 unctionis
629 603 671 627 cum
678 592 744 626 viatico
754 591 840 625 dominici

139 647 227 692 corporis
249 648 308 681 Nocte
324 647 407 692 sequenti
422 647 515 692 languoris
528 645 556 680 sui
569 645 641 687 oblitus,
657 644 754 678 ecclesiam
769 644 840 678 intrans

139 701 219 745 officium
238 700 325 745 expleuit,
344 706 362 735 et
381 702 475 735 residuum
493 703 551 734 noctis
570 700 653 744 spacium
672 698 740 733 diuinis
755 698 839 733 laudibus

113 768 131 791 ιο
140 754 231 798 expendit.
261 755 317 789 Mane
335 760 402 797 autem,
421 755 474 789 solito
493 765 550 795 more,
569 754 639 787 lintheo
658 752 763 796 precinctus
782 751 840 795 pedes

139 818 242 852 pauperum
261 807 310 849 lauit,
325 812 344 841 et
359 808 443 842 osculans
458 818 490 841 eos
507 812 525 841 et
540 812 620 851 tergens,
636 805 740 850 quindecim
757 804 840 849 psalmis,

140 871 186 903 quos
204 859 252 894 inter
268 860 329 903 ipsum
346 860 468 893 ministerium
488 860 566 902 psallere
585 859 660 898 solebat,
677 858 782 898 decantatis,
798 859 841 891 sub-

141 912 200 946 iunxit
212 912 282 945 ‘Gloria
295 912 342 956 patri
357 917 375 945 et
390 912 428 946 lilio
441 917 459 946 et
470 911 541 955 spiritui
556 911 630 944 sancto.¹
654 910 733 943 Etcum
748 919 841 952 pauperes

142 964 204 1000 solitas
222 964 289 1008 gratias
309 970 428 1008 assurgentes
446 965 587 1006 exsoluissentl,
604 964 644 1007 ipse
663 963 741 997 dicendo
759 961 840 1007 ‘spiritui

115 1031 132 1062 15
142 1019 214 1052 sancto’
230 1024 272 1051 ante
287 1028 389 1061 pauperum
403 1019 461 1061 pedes
477 1018 495 1050 in
511 1029 577 1052 manus
593 1017 661 1051 Christi
676 1016 760 1059 spiritum
775 1014 841 1049 emisit.

142 1063 229 1115 Cumque
243 1072 266 1104 ad
279 1070 374 1105 ecclesiam
387 1081 442 1114 quam
458 1076 585 1105 construxerat
600 1070 703 1104 deferretur
714 1079 781 1112 eorpus
796 1067 841 1109 eius,

141 1124 196 1158 niuea
214 1123 298 1157 columba
317 1125 340 1157 de
359 1124 398 1158 celo
417 1124 533 1158 descendens
555 1123 643 1167 expansis
661 1122 695 1156 alis
713 1123 763 1156 lento
780 1121 842 1156 volatu

141 1180 238 1219 protegere
255 1186 322 1218 corpus
340 1175 426 1209 antistitis
445 1175 484 1210 visa
499 1180 532 1210 est.
563 1175 639 1219 igneam
654 1185 728 1219 quoque
743 1174 842 1217 spheram³

141 1228 200 1263 instar
211 1227 257 1262 scuti
271 1228 294 1261 de
307 1227 346 1263 celo
360 1227 431 1273 lapsam
442 1239 498 1273 super
509 1228 597 1263 feretrum
609 1227 730 1262 intuebantur.
754 1226 842 1271 Deposito

115 1294 134 1315 ro
142 1287 202 1315 autem
214 1292 276 1315 coram
287 1281 339 1315 altari
350 1286 426 1326 corpore
437 1287 505 1325 sancto,
515 1281 561 1316 visio
573 1292 609 1326 que
620 1281 710 1326 apparuit,
720 1281 772 1324 quasi
782 1281 842 1314 locum

142 1334 242 1378 designans
258 1334 351 1377 sepulture
368 1333 387 1368 in
405 1335 504 1368 australem
522 1335 599 1368 ecclesie
618 1335 690 1378 plagam
709 1344 768 1377 prope
786 1333 842 1367 altare

143 1386 221 1427 diuertit‚
233 1392 250 1419 et
261 1388 284 1419 ab
296 1387 353 1420 oculis
364 1386 473 1420 intuentium
485 1386 563 1420 euanuit.
607 1380 713 1421 ⁴Ailwinus
724 1396 768 1419 vero
780 1396 843 1419 comes

142 1444 184 1483 post
199 1437 268 1471 obitum
283 1438 340 1471 sancti
354 1438 389 1472 viri
404 1439 460 1471 nimia
475 1438 535 1472 cordis
550 1438 634 1481 angustia
649 1444 667 1472 et
683 1438 745 1472 dolore
760 1448 842 1481 pressus,

107 1527 109 1530 ,
142 1491 228 1525 uniuersa
244 1491 304 1524 carnis
319 1491 368 1525 viam
383 1491 494 1534 ingrediens,
507 1491 606 1525 Rameseie
620 1490 696 1526 cenobio
712 1492 795 1534 sepultus
810 1496 843 1524 est.

117 1556 135 1588 ²5
145 1537 196 1580 Cum
203 1550 264 1577 autem
272 1549 347 1578 sanetus
354 1543 451 1578 Oswaldus
459 1544 478 1577 in
486 1544 581 1578 iuuentute
589 1555 622 1578 sua
630 1545 648 1578 in
657 1544 732 1578 cenobio
740 1544 844 1578 floriacensi

143 1598 199 1632 vitam
211 1597 330 1630 monasticam
341 1598 360 1630 in
372 1597 422 1630 omni
434 1599 508 1630 duceret
520 1597 620 1639 sanctitate,
631 1598 682 1630 iuxta
692 1597 766 1630 locum⁶
777 1598 796 1630 in
808 1608 843 1640 quo

144 1661 196 1684 orare
212 1649 281 1683 solebat
298 1655 337 1683 erat
354 1650 412 1693 cripta
427 1651 511 1693 quedam,
530 1651 576 1693 prou
593 1650 661 1684 loribus
678 1650 729 1684 cuius
748 1650 844 1684 duodecim

143 1712 235 1746 pauperes
246 1707 382 1744 conuersantes‚
394 1701 519 1745 quotidianum
531 1702 599 1736 victum
610 1713 621 1736 a
632 1702 743 1737 monasterio
754 1702 844 1747 percipie-

144 1755 193 1797 bant,
207 1755 230 1788 de
243 1754 309 1798 quibus
322 1754 362 1789 viro
375 1754 405 1789 dei
419 1764 480 1789 sacras
494 1754 563 1789 hostias
578 1755 662 1789 offerenti
677 1766 725 1790 vnus
740 1755 844 1789 ministrare

117 1819 135 1849 50
144 1806 244 1843 consueuit.
267 1807 350 1850 Quadam
362 1807 412 1842 enim
424 1807 453 1842 die
465 1808 508 1842 dum
520 1814 594 1843 sanctus
606 1814 647 1852 post
658 1807 774 1852 euangelium
787 1808 844 1843 oculis

144 1861 163 1894 in
172 1862 231 1895 celum
240 1860 306 1894 erectis
316 1860 417 1894 orationem
428 1861 547 1903 promitteret,
555 1861 600 1895 vidit
608 1862 692 1895 minister
699 1862 739 1895 eius
747 1861 844 1896 reuerendi

144 1915 205 1948 vultus
220 1923 320 1956 personam
335 1913 484 1947 candidissimum
500 1924 572 1957 panem,
588 1915 621 1947 sed
636 1916 736 1958 quantitate
753 1914 844 1948 modicum

144 1968 192 2000 inter
204 1976 270 1999 manus
283 1976 329 2009 quas
342 1976 400 2009 vsque
413 1966 436 1998 ad
449 1971 502 2009 caput
514 1976 568 2000 suum
582 1972 678 2010 porrectas
692 1967 775 2010 habebat,
789 1967 845 2011 digno

145 2030 186 2053 cum
199 2019 269 2053 honore
280 2023 380 2053 tenentem.
404 2018 427 2052 Et
439 2018 480 2052 licet
493 2018 548 2053 nimio
561 2020 626 2053 timore
638 2019 747 2063 perterritus
758 2021 845 2063 obstupu-

117 2087 136 2120 35
145 2073 195 2114 isset,
207 2072 293 2105 sustinuit
307 2077 375 2114 tamen,
387 2082 421 2105 nec
433 2072 510 2106 subitam
523 2072 605 2117 arripere
617 2072 679 2117 sugam
692 2073 753 2107 voluit.
775 2073 845 2107 Verum

145 2137 187 2160 cum
206 2127 285 2159 eundem
304 2135 371 2168 panem
390 2127 491 2160 secundum
508 2126 609 2160 sacerdotis
627 2127 645 2160 in
664 2126 721 2161 missa
736 2138 844 2170 processum

145 2178 233 2223 paulatim
244 2188 328 2212 crescere
335 2189 356 2212 ac
363 2177 436 2213 insolite
444 2178 575 2223 magnitudinis
588 2180 688 2214 crescendo
696 2179 736 2214 fieri
744 2181 846 2223 conspexit,

145 2232 193 2266 vltra
206 2230 288 2264 residere
300 2242 337 2264 non
350 2242 410 2273 ausus,
418 2238 470 2266 extra
482 2233 549 2266 ostium
561 2233 604 2276 fuga
616 2233 680 2277 lapsus
691 2238 725 2268 est,
748 2233 844 2267 Remansit

146 2284 208 2326 itaque
220 2283 311 2325 presbiter
324 2284 379 2325 solus,
392 2289 410 2317 et
424 2285 454 2327 qui
466 2285 562 2318 videbatur
575 2285 594 2318 in
609 2285 687 2319 dextra⁷
702 2291 754 2319 stans
769 2285 846 2328 angelus

118 2352 138 2381 40
146 2336 191 2371 eius.
214 2334 299 2369 Minister
310 2346 354 2370 vero
366 2346 400 2379 per
411 2336 461 2371 vices
474 2337 521 2371 ostio
533 2342 587 2381 caput
600 2337 696 2381 ingerebat
711 2342 729 2373 et
742 2337 785 2382 quid
798 2336 846 2372 circa

146 2390 203 2424 altare
222 2394 321 2432 gereretur,
338 2389 421 2432 trepidus
439 2390 550 2434 explorabat.
578 2391 661 2435 Cumque
676 2390 706 2425 dei
721 2403 787 2426 seruus
803 2392 847 2434 ‘per

146 2443 208 2477 omnia
221 2442 282 2476 secula
294 2442 408 2476 seculorum’
420 2444 449 2476 et⁸
460 2443 495 2476 alia
507 2444 579 2487 dleeret,
587 2455 621 2478 nec
633 2445 724 2479 vllatenus
732 2445 845 2489 respondere

167 2564 172 2581 ¹
183 2565 200 2595 Ε,
209 2564 305 2594 Scissitatus,
371 2562 378 2579 ²
388 2564 406 2594 E.
413 2564 515 2594 exoluissent,
583 2564 589 2581 ³
599 2564 616 2595 T.
624 2574 691 2602 speram.
766 2565 772 2583 ⁴
784 2563 846 2595 Added.

146 2605 255 2635 lWhlocus¹
296 2603 330 2633 ⁶T.
338 2612 372 2642 pro,
380 2605 398 2634 E.
406 2613 439 2642 pre.
480 2604 514 2634 7Τ.
522 2605 591 2634 dextera
632 2605 717 2635 “E.et&.
