1762 2803
109 138 149 168 102
299 124 378 175 nona
394 121 510 184 tantuna
525 120 618 184 anglia

107 249 193 289 suscepto
205 254 246 278 cum
258 244 277 278 in
289 244 386 279 ecclesiam
398 244 517 283 introductus,
529 255 552 278 ex
566 254 618 277 more
631 252 705 277 crucem
718 243 809 283 adoraret,

106 298 152 332 vidit
163 297 182 332 in
194 297 259 341 spiritu
271 297 330 331 crucis
341 297 441 340 imaginem
453 296 546 331 submisso
557 296 608 331 vultu
619 297 727 330 adorantem
739 296 808 329 resalu-

107 355 151 392 tare,
159 356 178 385 et
188 350 281 393 protensis
291 350 370 384 brachiis
380 349 399 383 in
409 350 505 393 amplexus
515 349 606 393 excipere.
651 341 702 384 Cum
713 348 809 382 monachis

107 404 156 436 enim
169 403 252 436 habitans
263 402 282 435 in
295 403 396 435 humilitate
408 408 426 435 et
437 402 541 435 obedientia
552 401 657 445 proficiens,
665 411 712 444 opus
719 401 750 434 dei
759 402 808 444 quod

91 456 163 495 5ceteri
182 455 295 498 negligerent
313 459 344 488 aut
362 454 423 487 facere
442 465 479 487 non
495 458 578 497 possent,
593 453 677 487 alacriter
695 452 808 496 perficiebat,

107 508 202 543 affirmans
216 508 251 542 hoc
264 518 308 542 esse
325 518 359 550 pro
374 507 459 541 fratribus
475 507 556 541 animam
570 517 647 550 ponere.
678 506 747 540 Locum
767 505 809 540 soli-

107 561 175 596 tudinis
187 559 288 602 affectabat,
298 560 332 595 ,vbi
346 559 435 594 secretius
448 559 522 594 domino
536 559 614 594 militare
627 564 646 595 et
658 558 732 604 parcius
745 558 809 593 viuere

107 618 175 657 posset.
198 612 266 648 Beatus
279 624 351 658 quoque
365 613 476 647 cuthbertus
490 612 507 647 ei
519 613 538 647 in
550 613 591 648 visu
604 623 702 657 apparens,
716 618 734 647 et
747 613 770 647 ad
781 612 810 646 in-

107 668 167 701 sulam
174 666 300 710 pharnensem
308 666 327 700 in
335 666 400 710 spiritu
408 667 501 699 adducens
506 665 518 706 ¹,
526 666 581 700 situm
590 666 629 706 loci,
636 667 722 700 decorem
730 665 810 706 oratorii,

81 731 99 752 10
107 725 125 753 et
133 719 204 763 singula
212 719 272 753 insule
281 719 320 753 loca
330 718 415 760 ostendit,
424 718 498 752 dicens:
512 719 570 752 ‘Ecce
580 719 646 761 locum,
655 730 666 752 a
678 720 712 752 deo
723 718 754 752 tibi
766 729 810 762 pre-

107 778 196 815 paratum,
209 772 225 806 si
240 771 259 805 in
274 782 296 806 eo
309 782 368 816 vsque
383 771 402 805 in
415 772 472 805 finem
487 771 592 805 conuersari
608 776 626 805 te
642 772 745 815 spondeas!
769 770 809 813 Quo

107 825 185 858 firmiter
196 824 319 867 promittente,
331 829 349 858 et
360 823 428 867 gratias
440 828 516 867 agente;
528 835 584 857 mane
595 835 606 857 a
617 823 703 857 iratribus
715 824 739 857 de
750 823 810 856 insula

108 876 208 921 inquirens,
216 876 279 911 omnia
286 876 355 911 audiuit
363 887 398 920 que
409 887 443 920 per
450 877 524 911 beatum
532 876 632 911 antistitem
640 877 659 911 in
668 869 810 920 sompnisvidit.

110 922 208 974 Proposito
216 930 277 974 itaque
285 929 342 974 priori
349 935 429 971 ostenso,
438 941 480 962 cum
488 928 508 962 in
516 929 604 973 religione
612 929 648 963 nisi
658 940 727 962 annum
736 928 810 963 fecisset

82 984 140 1027 15uix
155 984 252 1027 impetrata
267 983 345 1026 licentia,
357 983 483 1027 pharnensem
498 982 577 1017 insulam
590 983 673 1025 veniens,
688 983 763 1017 fratrem
780 982 810 1016 El-

108 1036 190 1070 winum²
203 1035 271 1070 ibidem
285 1036 360 1078 inuenit,
373 1035 405 1080 qui
420 1036 437 1070 ei
451 1035 516 1069 inuidit
531 1041 549 1070 et
564 1037 664 1070 aduentum
678 1036 717 1070 eius
733 1036 811 1070 moleste

109 1090 149 1122 tulit
164 1093 182 1123 et
195 1095 238 1132 post
251 1090 318 1122 multas
329 1090 404 1122 tandem
415 1088 454 1123 viro
466 1088 496 1122 dei
508 1088 569 1122 illatas
582 1088 662 1131 iniurias,
674 1100 716 1122 cum
730 1089 755 1122 nil
769 1099 811 1132 pro-

108 1142 177 1182 ficeret,
185 1142 277 1183 pacientia
287 1141 335 1175 illius
343 1147 362 1175 et
369 1141 471 1174 humilitate
479 1141 543 1182 victus,
552 1142 664 1175 Dunelmum
672 1141 731 1175 rediit.
775 1134 812 1174 Vir

109 1193 138 1227 dei
150 1191 207 1227 cilicio
216 1192 284 1236 aliquot
294 1193 353 1234 annis,
362 1193 420 1226 donec
433 1192 483 1236 prior
494 1202 539 1227 suus
549 1193 595 1226 illud
603 1193 671 1237 deponi
682 1192 758 1234 iuberet,
766 1203 811 1227 vsus

82 1262 101 1282 20
109 1251 147 1288 est3
159 1246 232 1287 le'ctum,
240 1257 275 1290 quo
287 1251 379 1289 pausaret,
387 1256 424 1279 non
436 1245 519 1278 habebat.
541 1245 597 1279 Cibus
609 1245 649 1280 eius
659 1245 712 1289 panis
724 1251 742 1280 et
754 1245 809 1287 olera,

109 1304 127 1333 et
139 1309 174 1342 que
185 1298 209 1331 de
220 1297 332 1341 pinguedine
345 1298 397 1332 lactis
411 1297 490 1341 exprimi
503 1298 568 1332 solent.
591 1298 635 1333 Post
647 1298 715 1342 aliquot
729 1309 788 1332 annos
801 1309 812 1332 a

108 1350 190 1394 piscibus
205 1350 302 1392 abstinuit;
319 1356 337 1385 et
351 1356 406 1394 potus
422 1350 462 1385 eius
477 1361 529 1393 aqua,
542 1361 584 1385 raro
599 1362 643 1385 vero
659 1351 686 1385 lac
701 1350 739 1385 fuit.
763 1350 811 1385 Esus

109 1403 196 1444 carnium,
204 1413 228 1438 ex
236 1414 272 1447 quo
280 1402 358 1438 insulam
366 1402 444 1446 intrauit,
453 1414 490 1437 non
498 1402 561 1447 tetigit.
584 1403 669 1448 Denique
677 1408 749 1447 septem
758 1402 811 1438 annis

109 1463 127 1491 et
143 1456 218 1491 dimidio
236 1462 278 1491 ante
293 1457 366 1491 obitum
379 1468 433 1491 suum
448 1456 504 1491 nichil
522 1456 597 1491 omnino
616 1457 685 1492 bibisse
700 1457 812 1501 perhibetur.

83 1520 101 1550 ²5
110 1510 209 1554 Nunquam
227 1516 282 1554 caput
299 1510 377 1553 operuit,
392 1521 427 1545 nec
444 1509 536 1554 pellicium
552 1510 625 1554 corpori
640 1510 732 1552 adhibuit;
752 1511 811 1545 solum

110 1563 188 1597 stamina
200 1573 246 1596 vsus
259 1567 288 1596 est
300 1567 318 1596 et
330 1563 405 1604 cuculla,
418 1574 454 1606 que
466 1562 531 1596 dicitur
543 1562 600 1596 fuisse
612 1563 713 1605 manicata3
727 1568 746 1596 et
757 1563 812 1607 pallio

105 1615 167 1660 nigro,
175 1614 255 1658 pellibus
266 1614 315 1649 intus
327 1614 402 1649 munito.
425 1614 496 1659 Caligas
507 1625 530 1650 ex
542 1615 621 1659 pellibus
631 1615 714 1650 arietinis
722 1615 812 1650 corticatis

110 1668 198 1702 habebat:
217 1678 262 1712 quas
276 1678 317 1701 cum
331 1668 390 1702 semel
402 1667 450 1701 tibiis
463 1668 586 1709 circumdedit,
599 1669 657 1702 donec
669 1673 759 1702 vetustate
771 1679 812 1702 con-

110 1724 228 1754 sumerentur
236 1731 272 1752 non
280 1720 354 1754 amouit.
377 1720 451 1753 Solebat
461 1720 513 1768 enirn
521 1720 607 1753 fratribus
619 1721 680 1754 dicere
690 1721 744 1763 quial
752 1721 813 1753 omnia

83 1782 102 1812 30
110 1773 171 1816 turpia
182 1772 289 1816 corporibus
300 1772 367 1807 nostris
375 1772 444 1807 inferre
455 1773 549 1814 debemus,
558 1773 573 1807 si
581 1783 603 1806 ea
611 1774 634 1807 ad
642 1773 743 1817 perfectum
752 1773 813 1807 anime

110 1826 208 1859 candorem
216 1825 301 1859 volumus
309 1826 415 1869 perducere.
439 1825 483 1859 Erat
491 1836 563 1869 qnoque
574 1825 626 1860 fortis
634 1831 652 1860 et
660 1826 731 1870 integer
738 1825 813 1868 viribus,

110 1884 128 1914 et
145 1889 181 1924 que
194 1879 224 1913 vel
235 1878 296 1913 animo
309 1879 339 1913 vel
350 1879 422 1924 corpori
435 1879 569 1924 ingerebantur,
581 1878 718 1915 inuictissimus.
746 1880 783 1915 Sed
795 1885 813 1914 et

109 1933 174 1967 faeiem
187 1932 212 1965 ita
225 1943 300 1976 semper
312 1933 394 1975 hilarem,
406 1935 489 1977 adeoque
505 1933 577 1967 ruboris
591 1934 650 1977 gratia
664 1933 758 1978 perfusam
772 1944 813 1978 pre-

109 1986 201 2025 tendebat,
216 1986 265 2028 quod
283 1995 325 2019 cum
342 1996 414 2019 summe
431 1986 541 2020 abstinentie
556 1986 663 2029 parcitatem
679 1991 780 2020 sectaretur
795 1991 813 2019 et

83 2048 173 2079 35curam
190 2036 273 2081 corporis
290 2037 396 2082 negligeret,
411 2049 454 2072 eum
469 2037 547 2082 quisque
562 2037 632 2073 deliciis
647 2038 673 2073 vti
688 2038 813 2083 corporalibus

110 2091 208 2124 estimaret.
228 2090 337 2123 Psalterium
342 2091 371 2123 bis
376 2091 405 2124 vel
413 2095 442 2124 ter
449 2091 468 2123 in
475 2090 504 2123 die
512 2092 547 2124 deo
555 2096 628 2125 cantare
636 2092 711 2124 solebat.
731 2092 813 2124 Diuitum

110 2142 199 2177 ferocium
207 2141 330 2185 arrogantiam
339 2143 431 2186 arguebat,
440 2154 474 2177 nec
484 2143 524 2177 sine
535 2148 585 2177 metu
597 2145 707 2187 quandoque
717 2154 779 2177 coram
791 2154 813 2177 eo

110 2195 241 2239 apparebant&
263 2195 344 2229 Tantum
357 2195 406 2230 enim
420 2195 523 2230 reuerentie
537 2197 612 2240 gerebat
627 2196 646 2230 in
660 2196 716 2238 vultu,
730 2197 813 2240 adeoque

110 2247 220 2283 venerabilis
236 2253 275 2282 erat
289 2254 370 2291 aspectu,
382 2254 402 2283 vt
417 2248 500 2283 nonnulli
515 2259 579 2283 eorum
592 2249 632 2283 eius
646 2248 789 2283 exortationibus
803 2260 814 2283 a

84 2314 103 2346 40
111 2303 180 2336 lesione
192 2311 295 2347 pauperum
307 2302 402 2345 desistere,
413 2313 423 2337 a
435 2313 512 2336 munere
524 2303 585 2337 illicito
597 2313 663 2336 manus
675 2308 766 2346 excutere,
778 2303 813 2337 ele·

111 2354 187 2389 mosinis
203 2361 278 2397 peccata
293 2356 385 2389 redimere
400 2357 502 2390 studebant
533 2356 585 2390 Circa
600 2367 691 2400 pauperes
707 2361 725 2390 et
740 2362 814 2400 egrotos

111 2408 142 2451 pia
148 2408 220 2442 viscera
227 2408 307 2452 gerebat,
315 2409 372 2443 vitam
380 2408 399 2442 in
407 2409 497 2452 pacientia
505 2409 573 2443 ducere
582 2408 609 2442 eis
619 2409 705 2443 suadens.
751 2403 814 2444 Multa

112 2460 251 2504 temptationum
263 2472 331 2505 genera
343 2472 354 2496 a
365 2461 429 2505 spiritu
442 2461 522 2506 maligno
535 2466 624 2505 expertus
634 2467 667 2497 est.
691 2461 746 2497 Modo
759 2473 780 2497 se
794 2461 814 2495 in

132 2573 178 2604 1Vit.
186 2574 273 2605 traducens.
327 2575 469 2606 'VitEbwtnum
524 2576 617 2615 ³E.quam.
668 2576 814 2617 *Rapperebant
