<?xml version="1.0" encoding="UTF-8"?>
<!DOCTYPE html PUBLIC "-//W3C//DTD XHTML 1.0 Transitional//EN"
    "http://www.w3.org/TR/xhtml1/DTD/xhtml1-transitional.dtd">
<html xmlns="http://www.w3.org/1999/xhtml" xml:lang="en" lang="en">
 <head>
  <title>
</title>
<meta http-equiv="Content-Type" content="text/html;charset=utf-8" />
  <meta name='ocr-system' content='tesseract 3.04.00' />
  <meta name='ocr-capabilities' content='ocr_page ocr_carea ocr_par ocr_line ocrx_word'/>
</head>
<body>
  <div class='ocr_page' id='page_1' title='image "./MN5111ucmf_0/MN5111ucmf_0_0596.png"; bbox 0 0 1762 2803; ppageno 0'>
   <div class='ocr_carea' id='block_1_1' title="bbox 158 191 670 271">
    <p class='ocr_par' dir='ltr' id='par_1_1' title="bbox 158 191 670 271">
     <span class='ocr_line' id='line_1_1' title="bbox 158 191 670 271; baseline 0.012 -31"><span class='ocrx_word' id='word_1_1' title='bbox 158 198 202 252; x_wconf 80' lang='lat'>506</span> <span class='ocrx_word' id='word_1_2' title='bbox 235 245 237 250; x_wconf 70' lang='grc'>,</span> <span class='ocrx_word' id='word_1_3' title='bbox 350 194 430 246; x_wconf 75' lang='lat' dir='ltr'>muta</span> <span class='ocrx_word' id='word_1_4' title='bbox 445 191 670 271; x_wconf 65' lang='lat' dir='ltr'>tenerenturne.</span> 
     </span>
    </p>
   </div>
   <div class='ocr_carea' id='block_1_2' title="bbox 156 315 860 413">
    <p class='ocr_par' dir='ltr' id='par_1_2' title="bbox 156 315 860 413">
     <span class='ocr_line' id='line_1_2' title="bbox 156 315 859 360; baseline 0 -11"><span class='ocrx_word' id='word_1_5' title='bbox 156 326 215 350; x_wconf 86' lang='lat' dir='ltr'>suum.</span> <span class='ocrx_word' id='word_1_6' title='bbox 239 315 342 349; x_wconf 83' lang='lat' dir='ltr'>lntantum¹</span> <span class='ocrx_word' id='word_1_7' title='bbox 350 316 425 349; x_wconf 87' lang='lat' dir='ltr'>tandem</span> <span class='ocrx_word' id='word_1_8' title='bbox 433 316 569 349; x_wconf 79' lang='lat' dir='ltr'>reuertebatur²</span> <span class='ocrx_word' id='word_1_9' title='bbox 577 326 601 349; x_wconf 81' lang='lat' dir='ltr'>ex</span> <span class='ocrx_word' id='word_1_10' title='bbox 609 316 649 350; x_wconf 86' lang='lat' dir='ltr'>visa</span> <span class='ocrx_word' id='word_1_11' title='bbox 657 316 727 350; x_wconf 84' lang='lat' dir='ltr'>marina</span> <span class='ocrx_word' id='word_1_12' title='bbox 735 316 859 360; x_wconf 81' lang='lat' dir='ltr'>occupatione,</span> 
     </span>
     <span class='ocr_line' id='line_1_3' title="bbox 156 368 860 413; baseline 0 -10"><span class='ocrx_word' id='word_1_13' title='bbox 156 370 214 403; x_wconf 90' lang='lat' dir='ltr'>donec</span> <span class='ocrx_word' id='word_1_14' title='bbox 226 374 316 403; x_wconf 82' lang='lat' dir='ltr'>remearet</span> <span class='ocrx_word' id='word_1_15' title='bbox 327 369 350 402; x_wconf 87' lang='lat' dir='ltr'>ad</span> <span class='ocrx_word' id='word_1_16' title='bbox 361 368 424 402; x_wconf 87' lang='lat' dir='ltr'>limina</span> <span class='ocrx_word' id='word_1_17' title='bbox 435 368 518 403; x_wconf 87' lang='lat' dir='ltr'>ecclesie.</span> <span class='ocrx_word' id='word_1_18' title='bbox 541 369 564 402; x_wconf 89' lang='lat' dir='ltr'>Et</span> <span class='ocrx_word' id='word_1_19' title='bbox 575 368 646 404; x_wconf 90' lang='lat' dir='ltr'>intrans</span> <span class='ocrx_word' id='word_1_20' title='bbox 658 370 677 403; x_wconf 92' lang='lat' dir='ltr'>in</span> <span class='ocrx_word' id='word_1_21' title='bbox 688 369 790 411; x_wconf 82' lang='lat' dir='ltr'>ecclesiam,</span> <span class='ocrx_word' id='word_1_22' title='bbox 801 380 860 413; x_wconf 86' lang='lat' dir='ltr'>vsque</span> 
     </span>
    </p>
   </div>
   <div class='ocr_carea' id='block_1_3' title="bbox 156 421 860 517">
    <p class='ocr_par' dir='ltr' id='par_1_3' title="bbox 156 421 860 517">
     <span class='ocr_line' id='line_1_4' title="bbox 156 421 860 466; baseline 0 -10"><span class='ocrx_word' id='word_1_23' title='bbox 156 432 210 456; x_wconf 87' lang='lat' dir='ltr'>mane</span> <span class='ocrx_word' id='word_1_24' title='bbox 218 421 243 455; x_wconf 91' lang='lat' dir='ltr'>ibi</span> <span class='ocrx_word' id='word_1_25' title='bbox 251 421 358 465; x_wconf 84' lang='lat' dir='ltr'>permansit.</span> <span class='ocrx_word' id='word_1_26' title='bbox 382 422 405 455; x_wconf 88' lang='lat' dir='ltr'>Et</span> <span class='ocrx_word' id='word_1_27' title='bbox 413 422 562 466; x_wconf 87' lang='lat' dir='ltr'>comprehensus,</span> <span class='ocrx_word' id='word_1_28' title='bbox 571 432 605 466; x_wconf 91' lang='lat' dir='ltr'>per</span> <span class='ocrx_word' id='word_1_29' title='bbox 613 423 721 466; x_wconf 86' lang='lat' dir='ltr'>episcopum</span> <span class='ocrx_word' id='word_1_30' title='bbox 729 422 860 457; x_wconf 85' lang='lat' dir='ltr'>landauensem</span> 
     </span>
     <span class='ocr_line' id='line_1_5' title="bbox 157 474 439 517; baseline 0.004 -10"><span class='ocrx_word' id='word_1_31' title='bbox 157 485 167 508; x_wconf 86' lang='lat' dir='ltr'>a</span> <span class='ocrx_word' id='word_1_32' title='bbox 176 478 235 508; x_wconf 89' lang='lat' dir='ltr'>morte</span> <span class='ocrx_word' id='word_1_33' title='bbox 243 474 339 517; x_wconf 87' lang='lat' dir='ltr'>temporali</span> <span class='ocrx_word' id='word_1_34' title='bbox 347 474 439 508; x_wconf 87' lang='lat' dir='ltr'>liberatur.</span> 
     </span>
    </p>
   </div>
   <div class='ocr_carea' id='block_1_4' title="bbox 448 587 571 624">
    <p class='ocr_par' dir='ltr' id='par_1_4' title="bbox 448 587 571 624">
     <span class='ocr_line' id='line_1_6' title="bbox 448 587 571 624; baseline -0.024 0"><span class='ocrx_word' id='word_1_35' title='bbox 448 588 463 624; x_wconf 80' lang='lat' dir='ltr'>tl</span> <span class='ocrx_word' id='word_1_36' title='bbox 471 587 571 622; x_wconf 68' lang='lat' dir='ltr'>Narrant.</span> 
     </span>
    </p>
   </div>
   <div class='ocr_carea' id='block_1_5' title="bbox 131 653 862 1497">
    <p class='ocr_par' dir='ltr' id='par_1_5' title="bbox 140 653 861 919">
     <span class='ocr_line' id='line_1_7' title="bbox 140 653 860 707; baseline 0 -12"><span class='ocrx_word' id='word_1_37' title='bbox 140 674 148 703; x_wconf 91' lang='lat'><strong>5</strong></span> <span class='ocrx_word' id='word_1_38' title='bbox 179 653 209 696; x_wconf 89' lang='lat' dir='ltr'>Eo</span> <span class='ocrx_word' id='word_1_39' title='bbox 224 666 307 705; x_wconf 87' lang='lat' dir='ltr'>tempore</span> <span class='ocrx_word' id='word_1_40' title='bbox 322 667 396 697; x_wconf 90' lang='lat' dir='ltr'>sanctus</span> <span class='ocrx_word' id='word_1_41' title='bbox 412 662 499 697; x_wconf 91' lang='lat' dir='ltr'>Antidius</span> <span class='ocrx_word' id='word_1_42' title='bbox 518 663 537 697; x_wconf 92' lang='lat' dir='ltr'>in</span> <span class='ocrx_word' id='word_1_43' title='bbox 556 663 609 697; x_wconf 90' lang='lat' dir='ltr'>tertia</span> <span class='ocrx_word' id='word_1_44' title='bbox 625 663 670 698; x_wconf 88' lang='lat' dir='ltr'>feria</span> <span class='ocrx_word' id='word_1_45' title='bbox 689 667 731 707; x_wconf 88' lang='lat' dir='ltr'>post</span> <span class='ocrx_word' id='word_1_46' title='bbox 750 662 860 696; x_wconf 85' lang='lat' dir='ltr'>dominicam</span> 
     </span>
     <span class='ocr_line' id='line_1_8' title="bbox 156 714 861 760; baseline 0 -12"><span class='ocrx_word' id='word_1_47' title='bbox 156 715 264 758; x_wconf 87' lang='lat' dir='ltr'>palmarum,</span> <span class='ocrx_word' id='word_1_48' title='bbox 276 725 318 749; x_wconf 90' lang='lat' dir='ltr'>cum</span> <span class='ocrx_word' id='word_1_49' title='bbox 329 720 402 749; x_wconf 91' lang='lat' dir='ltr'>noctem</span> <span class='ocrx_word' id='word_1_50' title='bbox 414 715 526 749; x_wconf 85' lang='lat' dir='ltr'>orationibus</span> <span class='ocrx_word' id='word_1_51' title='bbox 539 716 648 760; x_wconf 87' lang='lat' dir='ltr'>peruigilem</span> <span class='ocrx_word' id='word_1_52' title='bbox 658 717 735 758; x_wconf 87' lang='lat' dir='ltr'>ducens,</span> <span class='ocrx_word' id='word_1_53' title='bbox 743 721 761 749; x_wconf 88' lang='lat' dir='ltr'>et</span> <span class='ocrx_word' id='word_1_54' title='bbox 772 714 861 749; x_wconf 90' lang='lat' dir='ltr'>cimiteria</span> 
     </span>
     <span class='ocr_line' id='line_1_9' title="bbox 156 769 861 813; baseline 0 -11"><span class='ocrx_word' id='word_1_55' title='bbox 156 769 251 809; x_wconf 86' lang='lat' dir='ltr'>circuiens,</span> <span class='ocrx_word' id='word_1_56' title='bbox 262 773 338 811; x_wconf 91' lang='lat' dir='ltr'>pontem</span> <span class='ocrx_word' id='word_1_57' title='bbox 350 770 443 813; x_wconf 82' lang='lat' dir='ltr'><strong>quendam</strong></span> <span class='ocrx_word' id='word_1_58' title='bbox 454 769 546 811; x_wconf 82' lang='lat' dir='ltr'>transiret,</span> <span class='ocrx_word' id='word_1_59' title='bbox 557 769 602 804; x_wconf 90' lang='lat' dir='ltr'>vidit</span> <span class='ocrx_word' id='word_1_60' title='bbox 614 781 680 813; x_wconf 81' lang='lat' dir='ltr'>agmen</span> <span class='ocrx_word' id='word_1_61' title='bbox 694 771 794 804; x_wconf 82' lang='lat' dir='ltr'>demonum</span> <span class='ocrx_word' id='word_1_62' title='bbox 809 774 861 812; x_wconf 87' lang='lat' dir='ltr'>gesta</span> 
     </span>
     <span class='ocr_line' id='line_1_10' title="bbox 156 820 861 867; baseline 0.001 -12"><span class='ocrx_word' id='word_1_63' title='bbox 156 832 189 855; x_wconf 90' lang='lat' dir='ltr'>sua</span> <span class='ocrx_word' id='word_1_64' title='bbox 199 820 277 865; x_wconf 87' lang='lat' dir='ltr'>principi</span> <span class='ocrx_word' id='word_1_65' title='bbox 287 832 320 855; x_wconf 92' lang='lat' dir='ltr'>suo</span> <span class='ocrx_word' id='word_1_66' title='bbox 329 822 454 865; x_wconf 85' lang='lat' dir='ltr'>referentium,</span> <span class='ocrx_word' id='word_1_67' title='bbox 462 828 480 856; x_wconf 92' lang='lat' dir='ltr'>et</span> <span class='ocrx_word' id='word_1_68' title='bbox 490 823 538 856; x_wconf 92' lang='lat' dir='ltr'>inter</span> <span class='ocrx_word' id='word_1_69' title='bbox 548 834 580 857; x_wconf 89' lang='lat' dir='ltr'>eos</span> <span class='ocrx_word' id='word_1_70' title='bbox 591 823 685 867; x_wconf 86' lang='lat' dir='ltr'>ethiopem</span> <span class='ocrx_word' id='word_1_71' title='bbox 696 824 715 856; x_wconf 91' lang='lat' dir='ltr'>in</span> <span class='ocrx_word' id='word_1_72' title='bbox 727 833 783 856; x_wconf 85' lang='lat' dir='ltr'>manu</span> <span class='ocrx_word' id='word_1_73' title='bbox 795 824 861 856; x_wconf 83' lang='lat' dir='ltr'>sanda-</span> 
     </span>
     <span class='ocr_line' id='line_1_11' title="bbox 156 873 861 919; baseline 0.004 -12"><span class='ocrx_word' id='word_1_74' title='bbox 156 875 195 908; x_wconf 92' lang='lat' dir='ltr'>lum</span> <span class='ocrx_word' id='word_1_75' title='bbox 200 873 208 893; x_wconf 76' lang='lat'><strong>⁴</strong></span> <span class='ocrx_word' id='word_1_76' title='bbox 213 873 342 917; x_wconf 83' lang='lat' dir='ltr'>preferentem,</span> <span class='ocrx_word' id='word_1_77' title='bbox 350 875 373 908; x_wconf 88' lang='lat' dir='ltr'>ad</span> <span class='ocrx_word' id='word_1_78' title='bbox 379 875 467 909; x_wconf 91' lang='lat' dir='ltr'>indicium</span> <span class='ocrx_word' id='word_1_79' title='bbox 472 874 484 918; x_wconf 87' lang='lat'>⁵,</span> <span class='ocrx_word' id='word_1_80' title='bbox 491 875 540 919; x_wconf 89' lang='lat' dir='ltr'>quod</span> <span class='ocrx_word' id='word_1_81' title='bbox 545 886 642 909; x_wconf 88' lang='lat' dir='ltr'>romanum</span> <span class='ocrx_word' id='word_1_82' title='bbox 648 876 743 919; x_wconf 84' lang='lat' dir='ltr'>presulem</span> <span class='ocrx_word' id='word_1_83' title='bbox 749 885 784 918; x_wconf 88' lang='lat' dir='ltr'>per</span> <span class='ocrx_word' id='word_1_84' title='bbox 789 881 861 919; x_wconf 86' lang='lat' dir='ltr'>septem</span> 
     </span>
    </p>

    <p class='ocr_par' dir='ltr' id='par_1_6' title="bbox 131 925 862 1180">
     <span class='ocr_line' id='line_1_12' title="bbox 131 925 860 971; baseline 0 -10"><span class='ocrx_word' id='word_1_85' title='bbox 131 940 149 961; x_wconf 82' lang='grc' dir='ltr'>ιο</span> <span class='ocrx_word' id='word_1_86' title='bbox 156 937 215 959; x_wconf 88' lang='lat' dir='ltr'>annos</span> <span class='ocrx_word' id='word_1_87' title='bbox 226 925 366 969; x_wconf 84' lang='lat' dir='ltr'>impugnauerat</span> <span class='ocrx_word' id='word_1_88' title='bbox 376 933 394 960; x_wconf 89' lang='lat' dir='ltr'>et</span> <span class='ocrx_word' id='word_1_89' title='bbox 405 928 479 960; x_wconf 86' lang='lat' dir='ltr'>tandem</span> <span class='ocrx_word' id='word_1_90' title='bbox 488 929 511 960; x_wconf 90' lang='lat' dir='ltr'>ad</span> <span class='ocrx_word' id='word_1_91' title='bbox 523 927 596 971; x_wconf 88' lang='lat' dir='ltr'>lapsum</span> <span class='ocrx_word' id='word_1_92' title='bbox 605 933 691 962; x_wconf 84' lang='lat' dir='ltr'>traxerat.</span> <span class='ocrx_word' id='word_1_93' title='bbox 715 927 750 968; x_wconf 76' lang='lat' dir='ltr'>Qui</span> <span class='ocrx_word' id='word_1_94' title='bbox 760 938 829 961; x_wconf 88' lang='lat' dir='ltr'>vocans</span> <span class='ocrx_word' id='word_1_95' title='bbox 837 929 860 961; x_wconf 87' lang='lat' dir='ltr'>ad</span> 
     </span>
     <span class='ocr_line' id='line_1_13' title="bbox 156 978 861 1025; baseline 0.001 -12"><span class='ocrx_word' id='word_1_96' title='bbox 156 989 177 1013; x_wconf 90' lang='lat' dir='ltr'>se</span> <span class='ocrx_word' id='word_1_97' title='bbox 185 978 284 1022; x_wconf 86' lang='lat' dir='ltr'>ethiopem,</span> <span class='ocrx_word' id='word_1_98' title='bbox 292 984 310 1013; x_wconf 86' lang='lat' dir='ltr'>et</span> <span class='ocrx_word' id='word_1_99' title='bbox 318 978 337 1013; x_wconf 90' lang='lat' dir='ltr'>in</span> <span class='ocrx_word' id='word_1_100' title='bbox 344 978 411 1014; x_wconf 84' lang='lat' dir='ltr'>uirtute</span> <span class='ocrx_word' id='word_1_101' title='bbox 419 979 448 1014; x_wconf 86' lang='lat' dir='ltr'>dei</span> <span class='ocrx_word' id='word_1_102' title='bbox 457 984 475 1014; x_wconf 89' lang='lat' dir='ltr'>et</span> <span class='ocrx_word' id='word_1_103' title='bbox 486 985 550 1015; x_wconf 85' lang='lat' dir='ltr'>sancte</span> <span class='ocrx_word' id='word_1_104' title='bbox 561 980 620 1015; x_wconf 86' lang='lat' dir='ltr'>crucis</span> <span class='ocrx_word' id='word_1_105' title='bbox 632 990 688 1025; x_wconf 87' lang='lat' dir='ltr'>super</span> <span class='ocrx_word' id='word_1_106' title='bbox 699 990 741 1015; x_wconf 84' lang='lat' dir='ltr'>eum</span> <span class='ocrx_word' id='word_1_107' title='bbox 752 981 861 1023; x_wconf 87' lang='lat' dir='ltr'>ascendens,</span> 
     </span>
     <span class='ocr_line' id='line_1_14' title="bbox 156 1031 859 1076; baseline 0.001 -11"><span class='ocrx_word' id='word_1_108' title='bbox 156 1031 239 1075; x_wconf 87' lang='lat' dir='ltr'>precepit</span> <span class='ocrx_word' id='word_1_109' title='bbox 253 1036 273 1065; x_wconf 90' lang='lat' dir='ltr'>vt</span> <span class='ocrx_word' id='word_1_110' title='bbox 288 1042 330 1065; x_wconf 95' lang='lat' dir='ltr'>eum</span> <span class='ocrx_word' id='word_1_111' title='bbox 347 1032 406 1066; x_wconf 90' lang='lat' dir='ltr'>Rome</span> <span class='ocrx_word' id='word_1_112' title='bbox 422 1033 456 1066; x_wconf 89' lang='lat' dir='ltr'>sub</span> <span class='ocrx_word' id='word_1_113' title='bbox 472 1043 528 1066; x_wconf 89' lang='lat' dir='ltr'>manu</span> <span class='ocrx_word' id='word_1_114' title='bbox 543 1033 613 1067; x_wconf 87' lang='lat' dir='ltr'>domini</span> <span class='ocrx_word' id='word_1_115' title='bbox 629 1034 694 1067; x_wconf 91' lang='lat' dir='ltr'>eadem</span> <span class='ocrx_word' id='word_1_116' title='bbox 709 1032 804 1067; x_wconf 85' lang='lat' dir='ltr'>velocitate</span> <span class='ocrx_word' id='word_1_117' title='bbox 823 1043 859 1076; x_wconf 85' lang='lat' dir='ltr'>qua</span> 
     </span>
     <span class='ocr_line' id='line_1_15' title="bbox 157 1083 860 1134; baseline 0.003 -15"><span class='ocrx_word' id='word_1_118' title='bbox 157 1088 233 1119; x_wconf 84' lang='lat' dir='ltr'>venerat</span> <span class='ocrx_word' id='word_1_119' title='bbox 241 1083 312 1118; x_wconf 83' lang='lat' dir='ltr'>saluum</span> <span class='ocrx_word' id='word_1_120' title='bbox 319 1088 337 1119; x_wconf 91' lang='lat' dir='ltr'>et</span> <span class='ocrx_word' id='word_1_121' title='bbox 345 1083 456 1120; x_wconf 88' lang='lat' dir='ltr'>incolumem</span> <span class='ocrx_word' id='word_1_122' title='bbox 465 1084 549 1120; x_wconf 88' lang='lat' dir='ltr'>deferret.</span> <span class='ocrx_word' id='word_1_123' title='bbox 573 1085 637 1130; x_wconf 87' lang='lat' dir='ltr'>Itaque</span> <span class='ocrx_word' id='word_1_124' title='bbox 645 1084 719 1121; x_wconf 88' lang='lat' dir='ltr'>demoni</span> <span class='ocrx_word' id='word_1_125' title='bbox 727 1085 860 1134; x_wconf 83' lang='lat' dir='ltr'>superpositus,</span> 
     </span>
     <span class='ocr_line' id='line_1_16' title="bbox 156 1136 862 1180; baseline 0.004 -10"><span class='ocrx_word' id='word_1_126' title='bbox 156 1137 207 1171; x_wconf 87' lang='lat' dir='ltr'>illum</span> <span class='ocrx_word' id='word_1_127' title='bbox 215 1136 325 1171; x_wconf 85' lang='lat' dir='ltr'>versiculum</span> <span class='ocrx_word' id='word_1_128' title='bbox 333 1138 402 1171; x_wconf 84' lang='lat' dir='ltr'>iterans</span> <span class='ocrx_word' id='word_1_129' title='bbox 410 1140 415 1157; x_wconf 79' lang='lat'><strong><em>¹</em></strong></span> <span class='ocrx_word' id='word_1_130' title='bbox 420 1138 472 1172; x_wconf 93' lang='lat' dir='ltr'>Deus</span> <span class='ocrx_word' id='word_1_131' title='bbox 480 1138 499 1172; x_wconf 92' lang='lat' dir='ltr'>in</span> <span class='ocrx_word' id='word_1_132' title='bbox 510 1139 619 1173; x_wconf 90' lang='lat' dir='ltr'>adiutorium</span> <span class='ocrx_word' id='word_1_133' title='bbox 630 1151 692 1173; x_wconf 92' lang='lat' dir='ltr'>meum</span> <span class='ocrx_word' id='word_1_134' title='bbox 704 1139 779 1173; x_wconf 87' lang='lat' dir='ltr'>intende</span> <span class='ocrx_word' id='word_1_135' title='bbox 788 1141 832 1180; x_wconf 87' lang='lat' dir='ltr'>etc.,’</span> <span class='ocrx_word' id='word_1_136' title='bbox 840 1151 862 1173; x_wconf 85' lang='lat' dir='ltr'>eo</span> 
     </span>
    </p>

    <p class='ocr_par' dir='ltr' id='par_1_7' title="bbox 132 1189 862 1438">
     <span class='ocr_line' id='line_1_17' title="bbox 132 1189 861 1236; baseline 0.003 -12"><span class='ocrx_word' id='word_1_137' title='bbox 132 1194 239 1234; x_wconf 83' lang='lat' dir='ltr'>r5vectante</span> <span class='ocrx_word' id='word_1_138' title='bbox 252 1189 330 1224; x_wconf 87' lang='lat' dir='ltr'>Romam</span> <span class='ocrx_word' id='word_1_139' title='bbox 342 1191 431 1234; x_wconf 88' lang='lat' dir='ltr'>peruenit,</span> <span class='ocrx_word' id='word_1_140' title='bbox 444 1191 489 1225; x_wconf 82' lang='lat' dir='ltr'>hora</span> <span class='ocrx_word' id='word_1_141' title='bbox 501 1192 606 1226; x_wconf 87' lang='lat' dir='ltr'>celebrandi</span> <span class='ocrx_word' id='word_1_142' title='bbox 620 1192 675 1226; x_wconf 87' lang='lat' dir='ltr'>officii</span> <span class='ocrx_word' id='word_1_143' title='bbox 688 1191 733 1226; x_wconf 85' lang='lat' dir='ltr'>feria</span> <span class='ocrx_word' id='word_1_144' title='bbox 746 1191 815 1236; x_wconf 91' lang='lat' dir='ltr'>quinta.</span> <span class='ocrx_word' id='word_1_145' title='bbox 839 1192 861 1226; x_wconf 90' lang='lat' dir='ltr'>Et</span> 
     </span>
     <span class='ocr_line' id='line_1_18' title="bbox 157 1242 860 1290; baseline 0.004 -13"><span class='ocrx_word' id='word_1_146' title='bbox 157 1243 236 1278; x_wconf 81' lang='lat' dir='ltr'>demone</span> <span class='ocrx_word' id='word_1_147' title='bbox 251 1253 284 1286; x_wconf 85' lang='lat' dir='ltr'>pre</span> <span class='ocrx_word' id='word_1_148' title='bbox 299 1242 368 1277; x_wconf 86' lang='lat' dir='ltr'>foribus</span> <span class='ocrx_word' id='word_1_149' title='bbox 384 1249 499 1288; x_wconf 83' lang='lat' dir='ltr'>expectante,</span> <span class='ocrx_word' id='word_1_150' title='bbox 514 1256 562 1289; x_wconf 85' lang='lat' dir='ltr'>pape</span> <span class='ocrx_word' id='word_1_151' title='bbox 578 1257 618 1280; x_wconf 90' lang='lat' dir='ltr'>rem</span> <span class='ocrx_word' id='word_1_152' title='bbox 633 1245 699 1287; x_wconf 87' lang='lat' dir='ltr'>retulit,</span> <span class='ocrx_word' id='word_1_153' title='bbox 712 1250 811 1288; x_wconf 85' lang='lat' dir='ltr'>negantem</span> <span class='ocrx_word' id='word_1_154' title='bbox 825 1257 860 1290; x_wconf 89' lang='lat' dir='ltr'>per</span> 
     </span>
     <span class='ocr_line' id='line_1_19' title="bbox 157 1294 862 1340; baseline 0.006 -12"><span class='ocrx_word' id='word_1_155' title='bbox 157 1294 265 1329; x_wconf 65' lang='lat' dir='ltr'>sandalum4</span> <span class='ocrx_word' id='word_1_156' title='bbox 276 1295 299 1329; x_wconf 85' lang='lat' dir='ltr'>ad</span> <span class='ocrx_word' id='word_1_157' title='bbox 312 1295 431 1339; x_wconf 84' lang='lat' dir='ltr'>penitentiam</span> <span class='ocrx_word' id='word_1_158' title='bbox 443 1297 504 1332; x_wconf 90' lang='lat' dir='ltr'>mouit.</span> <span class='ocrx_word' id='word_1_159' title='bbox 528 1297 551 1331; x_wconf 90' lang='lat' dir='ltr'>Et</span> <span class='ocrx_word' id='word_1_160' title='bbox 563 1297 620 1332; x_wconf 85' lang='lat' dir='ltr'>missa</span> <span class='ocrx_word' id='word_1_161' title='bbox 631 1298 672 1332; x_wconf 82' lang='lat' dir='ltr'>vice</span> <span class='ocrx_word' id='word_1_162' title='bbox 685 1298 724 1332; x_wconf 91' lang='lat' dir='ltr'>eius</span> <span class='ocrx_word' id='word_1_163' title='bbox 736 1298 832 1340; x_wconf 87' lang='lat' dir='ltr'>celebrata,</span> <span class='ocrx_word' id='word_1_164' title='bbox 844 1303 862 1332; x_wconf 91' lang='lat' dir='ltr'>et</span> 
     </span>
     <span class='ocr_line' id='line_1_20' title="bbox 156 1347 859 1394; baseline 0.006 -13"><span class='ocrx_word' id='word_1_165' title='bbox 156 1354 208 1391; x_wconf 83' lang='lat' dir='ltr'>parte</span> <span class='ocrx_word' id='word_1_166' title='bbox 216 1347 307 1382; x_wconf 87' lang='lat' dir='ltr'>crismatis</span> <span class='ocrx_word' id='word_1_167' title='bbox 315 1359 326 1382; x_wconf 85' lang='lat' dir='ltr'>a</span> <span class='ocrx_word' id='word_1_168' title='bbox 334 1359 355 1383; x_wconf 90' lang='lat' dir='ltr'>se</span> <span class='ocrx_word' id='word_1_169' title='bbox 365 1349 467 1383; x_wconf 87' lang='lat' dir='ltr'>consecrati</span> <span class='ocrx_word' id='word_1_170' title='bbox 477 1355 577 1394; x_wconf 83' lang='lat' dir='ltr'>assumpta,</span> <span class='ocrx_word' id='word_1_171' title='bbox 586 1351 664 1385; x_wconf 92' lang='lat' dir='ltr'>demone</span> <span class='ocrx_word' id='word_1_172' title='bbox 675 1352 773 1385; x_wconf 87' lang='lat' dir='ltr'>reducente</span> <span class='ocrx_word' id='word_1_173' title='bbox 784 1351 859 1385; x_wconf 79' lang='lat' dir='ltr'>sabbato</span> 
     </span>
     <span class='ocr_line' id='line_1_21' title="bbox 156 1401 859 1438; baseline 0.004 -3"><span class='ocrx_word' id='word_1_174' title='bbox 156 1406 219 1436; x_wconf 87' lang='lat' dir='ltr'>sancto</span> <span class='ocrx_word' id='word_1_175' title='bbox 228 1401 274 1434; x_wconf 84' lang='lat' dir='ltr'>hora</span> <span class='ocrx_word' id='word_1_176' title='bbox 281 1401 387 1436; x_wconf 84' lang='lat' dir='ltr'>celebrandi</span> <span class='ocrx_word' id='word_1_177' title='bbox 395 1402 449 1437; x_wconf 90' lang='lat' dir='ltr'>officii</span> <span class='ocrx_word' id='word_1_178' title='bbox 457 1404 480 1437; x_wconf 86' lang='lat' dir='ltr'>ad</span> <span class='ocrx_word' id='word_1_179' title='bbox 488 1404 586 1438; x_wconf 84' lang='lat' dir='ltr'>ecclesiam</span> <span class='ocrx_word' id='word_1_180' title='bbox 596 1415 649 1438; x_wconf 89' lang='lat' dir='ltr'>suam</span> <span class='ocrx_word' id='word_1_181' title='bbox 657 1404 717 1438; x_wconf 90' lang='lat' dir='ltr'>rediit.</span> <span class='ocrx_word' id='word_1_182' title='bbox 741 1403 777 1437; x_wconf 85' lang='lat' dir='ltr'>Hic</span> <span class='ocrx_word' id='word_1_183' title='bbox 785 1409 859 1438; x_wconf 90' lang='lat' dir='ltr'>sanctus</span> 
     </span>
    </p>

    <p class='ocr_par' dir='ltr' id='par_1_8' title="bbox 132 1453 813 1497">
     <span class='ocr_line' id='line_1_22' title="bbox 132 1453 813 1497; baseline 0.004 -11"><span class='ocrx_word' id='word_1_184' title='bbox 132 1470 150 1490; x_wconf 84' lang='lat'>20</span> <span class='ocrx_word' id='word_1_185' title='bbox 157 1453 256 1497; x_wconf 86' lang='lat' dir='ltr'>episcopus</span> <span class='ocrx_word' id='word_1_186' title='bbox 264 1458 329 1495; x_wconf 87' lang='lat' dir='ltr'>postea</span> <span class='ocrx_word' id='word_1_187' title='bbox 336 1464 347 1486; x_wconf 90' lang='lat' dir='ltr'>a</span> <span class='ocrx_word' id='word_1_188' title='bbox 355 1454 452 1488; x_wconf 90' lang='lat' dir='ltr'>Wandalis</span> <span class='ocrx_word' id='word_1_189' title='bbox 460 1455 582 1489; x_wconf 81' lang='lat' dir='ltr'>martirizatus</span> <span class='ocrx_word' id='word_1_190' title='bbox 590 1456 627 1489; x_wconf 83' lang='lat' dir='ltr'>fuit.</span> <span class='ocrx_word' id='word_1_191' title='bbox 651 1456 691 1489; x_wconf 85' lang='lat' dir='ltr'>Hec</span> <span class='ocrx_word' id='word_1_192' title='bbox 700 1455 813 1490; x_wconf 88' lang='lat' dir='ltr'>Vincentius.</span> 
     </span>
    </p>
   </div>
   <div class='ocr_carea' id='block_1_6' title="bbox 156 1541 858 1614">
    <p class='ocr_par' dir='ltr' id='par_1_9' title="bbox 156 1541 858 1614">
     <span class='ocr_line' id='line_1_23' title="bbox 176 1541 858 1583; baseline 0.003 -11"><span class='ocrx_word' id='word_1_193' title='bbox 176 1541 182 1560; x_wconf 82' lang='lat'>¹</span> <span class='ocrx_word' id='word_1_194' title='bbox 193 1541 233 1572; x_wconf 85' lang='lat' dir='ltr'>Boll.</span> <span class='ocrx_word' id='word_1_195' title='bbox 241 1541 312 1571; x_wconf 83' lang='lat' dir='ltr'>[nterim.</span> <span class='ocrx_word' id='word_1_196' title='bbox 342 1541 348 1559; x_wconf 77' lang='lat'><strong>²</strong></span> <span class='ocrx_word' id='word_1_197' title='bbox 358 1542 389 1572; x_wconf 91' lang='lat' dir='ltr'>Vit.</span> <span class='ocrx_word' id='word_1_198' title='bbox 396 1544 491 1575; x_wconf 83' lang='lat' dir='ltr'>vertebatur.</span> <span class='ocrx_word' id='word_1_199' title='bbox 527 1545 533 1562; x_wconf 80' lang='lat'>³</span> <span class='ocrx_word' id='word_1_200' title='bbox 544 1546 572 1574; x_wconf 81' lang='lat' dir='ltr'>Ex.</span> <span class='ocrx_word' id='word_1_201' title='bbox 580 1545 625 1576; x_wconf 88' lang='lat' dir='ltr'>Vinc.</span> <span class='ocrx_word' id='word_1_202' title='bbox 634 1545 674 1575; x_wconf 87' lang='lat' dir='ltr'>Bell.</span> <span class='ocrx_word' id='word_1_203' title='bbox 682 1546 709 1583; x_wconf 88' lang='lat' dir='ltr'>Sp.</span> <span class='ocrx_word' id='word_1_204' title='bbox 718 1544 739 1575; x_wconf 86' lang='lat' dir='ltr'>H.</span> <span class='ocrx_word' id='word_1_205' title='bbox 749 1544 793 1575; x_wconf 86' lang='lat' dir='ltr'>XIX.</span> <span class='ocrx_word' id='word_1_206' title='bbox 802 1555 835 1582; x_wconf 84' lang='lat' dir='ltr'>cap.</span> <span class='ocrx_word' id='word_1_207' title='bbox 844 1555 858 1582; x_wconf 81' lang='lat'>3.</span> 
     </span>
     <span class='ocr_line' id='line_1_24' title="bbox 156 1581 461 1614; baseline 0.007 -2"><span class='ocrx_word' id='word_1_208' title='bbox 156 1581 161 1599; x_wconf 78' lang='lat'>⁴</span> <span class='ocrx_word' id='word_1_209' title='bbox 174 1582 191 1613; x_wconf 89' lang='lat' dir='ltr'>E.</span> <span class='ocrx_word' id='word_1_210' title='bbox 200 1582 295 1612; x_wconf 84' lang='lat' dir='ltr'>scandalum.</span> <span class='ocrx_word' id='word_1_211' title='bbox 337 1582 369 1612; x_wconf 84' lang='lat' dir='ltr'>⁵E.</span> <span class='ocrx_word' id='word_1_212' title='bbox 382 1583 461 1614; x_wconf 85' lang='lat' dir='ltr'>iudicium.</span> 
     </span>
    </p>
   </div>
   <div class='ocr_carea' id='block_1_7' title="bbox 419 2137 604 2164">
    <p class='ocr_par' dir='ltr' id='par_1_10' title="bbox 419 2137 604 2164">
     <span class='ocr_line' id='line_1_25' title="bbox 419 2137 604 2164; baseline 0.011 -3"><span class='ocrx_word' id='word_1_213' title='bbox 419 2137 470 2163; x_wconf 86' lang='lat' dir='ltr'>FINlS</span> <span class='ocrx_word' id='word_1_214' title='bbox 481 2137 530 2164; x_wconf 83' lang='lat' dir='ltr'>TOMI</span> <span class='ocrx_word' id='word_1_215' title='bbox 542 2138 604 2164; x_wconf 86' lang='lat' dir='ltr'>PRIMl.</span> 
     </span>
    </p>
   </div>
   <div class='ocr_carea' id='block_1_8' title="bbox 0 0 890 2803">
    <p class='ocr_par' dir='ltr' id='par_1_11' title="bbox 0 0 890 2803">
     <span class='ocr_line' id='line_1_26' title="bbox 0 0 890 2803; baseline 0 0"><span class='ocrx_word' id='word_1_216' title='bbox 0 0 890 2803; x_wconf 95' lang='lat' dir='ltr'> </span> 
     </span>
    </p>
   </div>
  </div>
 </body>
</html>
