1762 2803
90 131 92 137 ,
108 113 154 164 630
196 110 199 113 ’
373 105 497 167 tpptntit
514 106 546 153 11.

108 241 167 265 eorum
178 230 244 264 annalis
256 230 312 264 orbite
324 229 406 263 circinum
417 229 604 271 cenomanie-Igitur
615 228 674 263 audita
684 233 739 263 morte
750 231 812 274 Tolini‚

109 282 190 324 grauibus
198 280 287 314 lamentis¹
295 280 358 313 affecta
365 291 408 313 sum.
431 280 478 313 Hinc
486 282 560 313 allocuta
567 279 666 321 genitorem,
674 285 693 312 vt
703 281 725 312 ad
736 288 814 315 sanctum

110 331 222 364 Edmundum
233 331 343 372 procederem
355 329 449 362 instancius
460 330 557 363 exorabam.
580 331 604 362 At
615 329 654 362 ille:
672 329 684 365 “,
689 329 740 371 Quid,
753 330 814 373 inquit,

110 381 145 414 filia
158 390 201 421 mea,
214 380 240 413 vis
254 380 293 413 illuc
307 380 336 421 ire,
350 380 397 412 illum
407 385 455 413 tuum
466 379 573 413 carissimum
584 379 679 422 dompnum
688 378 769 412 Tolinum
780 380 814 414 iam

93 431 180 470 5minime
192 430 277 464 visurae*
300 429 399 472 Respondi:
412 430 466 463 “Etsi
478 430 515 472 ipse
525 435 602 463 mortuus
613 436 644 468 est,
655 435 713 463 tamen
725 428 753 462 ille
764 441 815 473 quem

110 492 168 515 amare
181 492 209 514 me
223 480 287 522 docuit,
298 480 326 513 cui
339 491 367 513 me
381 481 442 514 deuote
456 481 520 514 seruire
532 480 642 519 commonuit,
653 490 689 513 non
701 481 777 521 moritur,
790 488 815 515 set

111 539 169 574 mente
176 537 194 565 et
203 531 273 565 accione
284 532 349 564 mundo
359 531 443 565 mortuls²
454 531 508 565 uitam
515 530 586 573 largitur
594 530 686 565 etemam.’'
709 532 759 565 Tunc
767 538 816 574 pater

111 593 166 621 meus,
174 592 245 614 cernens
252 582 298 623 quod
304 581 363 622 religio
370 587 417 614 esset
424 581 441 613 in
449 592 506 621 causa,
512 583 582 613 tandem
588 580 649 613 annuit
655 580 759 622 deprecanti.
778 582 816 623 Ego

111 643 152 664 vero
162 642 201 664 curn
210 631 250 664 illuc
260 631 375 673 aduenissem,
386 642 417 673 pro
428 632 486 664 anima
496 631 552 663 dilecti
560 631 594 663 mei
603 630 620 662 in
632 630 700 663 Christo
712 631 745 663 deo
755 631 817 665 deuote

86 691 104 712 10
113 683 150 724 cepi
157 681 258 723 supplicare.
280 683 359 725 Interque
365 681 438 725 reliquas
444 682 472 724 pie
480 680 600 714 sollicitudinis
608 680 688 723 exequias
695 681 816 715 tricennarium

114 733 129 767 ei
137 733 257 776 psalteriorum
268 733 360 775 inpendere
371 732 476 774 satagebam.
499 733 550 773 Quod
562 732 603 765 dum
614 732 697 765 attencius
707 742 816 774 peragerem:

114 790 165 818 nocte
172 784 246 826 quadam
255 789 333 825 exempto
341 783 464 816 matutinorum
471 782 534 824 officio,
542 783 633 824 impetrata
640 782 663 815 ab
671 782 733 816 edituis
741 782 818 822 licencia,

115 833 185 877 psalmis
197 834 214 865 in
226 833 298 866 ecclesia
309 843 372 865 vacans
383 832 486 865 resederam.
509 833 532 864 Et
544 831 586 864 dum
598 832 682 874 psalmum
694 831 817 873 octogesimum

115 893 240 924 concreparem,
253 888 271 914 et
281 883 407 914 rarescentibus
419 883 484 914 vmbris
495 883 545 925 polus
557 883 655 922 albesceret,
670 882 744 916 irruente
757 892 818 925 sopore

88 942 106 972 ¹5
116 935 169 968 codex
181 933 270 966 labebatur
282 943 292 966 e
304 932 389 973 manibus,
397 933 450 966 verba
460 933 558 975 semiplena,
569 932 627 973 lingua
637 932 729 974 languente
741 932 818 966 faucibus

115 985 215 1025 intercepta,
229 984 338 1016 coherebant.
361 984 408 1016 lnter
421 983 459 1024 hee,
472 984 514 1015 dum
529 982 614 1016 ceruicem
628 982 688 1025 parieti
704 982 818 1024 reclinassem,

115 1034 184 1077 quidam
195 1044 206 1066 a
215 1039 263 1075 tergo
273 1043 301 1066 me
311 1043 342 1074 per
352 1034 430 1074 scapulas
440 1033 529 1074 arripiens,
539 1033 618 1066 horrifice
629 1033 720 1073 concussit,
728 1032 818 1075 inquiens:

115 1085 157 1116 “Tu
165 1092 238 1124 sompno
246 1082 336 1115 resolueris
344 1088 361 1115 et
369 1092 419 1116 carus
426 1088 465 1116 tuus
473 1082 545 1115 Tolinus
552 1092 606 1124 penas
614 1083 685 1115 acerbas
693 1082 747 1115 luit?¹'
770 1084 819 1116 Tunc

116 1144 147 1175 ego
159 1133 282 1174 expergefacta,
295 1133 401 1174 psalmorum
416 1143 502 1166 summam
514 1138 533 1166 vt
546 1132 592 1174 prius
608 1132 704 1174 inceperam
719 1132 820 1174 diligencius

89 1194 108 1215 20
116 1183 245 1226 exaggerabam.
268 1184 299 1216 Set
309 1182 371 1216 mirum
381 1182 398 1215 in
410 1183 486 1224 modum,
494 1183 584 1216 recedente
594 1192 673 1224 persona,
681 1182 773 1225 digitorum
784 1183 820 1216 eius

117 1232 201 1276 inpressio
212 1243 246 1265 non
256 1233 315 1266 statim
322 1232 430 1275 ab[s]cessit;
443 1233 502 1267 sentiri
512 1244 523 1266 a
534 1243 562 1266 nie
571 1232 632 1275 potuit,
643 1233 696 1266 videri
707 1243 819 1276 nequaquam.

116 1286 201 1327 Tempore
213 1284 244 1316 sub
251 1284 318 1323 eodem,
326 1284 400 1316 necdum
410 1284 513 1317 tricennario
521 1294 597 1324 emenso,
606 1283 674 1316 cuidam
684 1282 780 1317 monacho⁸
788 1283 820 1317 sibi

117 1333 195 1366 familiari
207 1334 248 1364 durn
259 1334 315 1364 adhuc
325 1333 394 1371 viueret,
403 1334 449 1365 idern
458 1334 530 1365 Tolinus
539 1343 570 1375 per
580 1343 660 1374 soporem
669 1334 758 1375 apparuit;
770 1342 821 1375 quem

117 1384 146 1416 ille
162 1383 193 1415 sub
209 1384 256 1415 uultu
271 1382 315 1415 tristi
330 1388 347 1416 et
362 1383 422 1417 habitu
437 1383 503 1425 lugubri
519 1389 608 1421 contuens
621 1382 684 1417 talibus
697 1393 736 1417 eum
749 1383 821 1417 affatur:

91 1448 109 1477 25
118 1434 180 1476 “Quid
193 1438 224 1473 est,
236 1433 260 1466 mi
275 1433 350 1474 domine,
364 1434 411 1476 quod
422 1438 440 1467 te
453 1434 563 1467 tenebrosum
576 1444 597 1466 ac
607 1443 673 1466 merore
689 1433 769 1466 affectum
782 1445 822 1467 con·

118 1484 196 1527 spiciot¹’
216 1484 239 1516 Et
247 1483 284 1517 ille:
295 1483 381 1526 “thuid‚
389 1484 446 1525 frater,
455 1495 483 1517 me
490 1489 534 1517 tetro
542 1484 648 1526 squalentem
656 1483 719 1517 amictu
726 1484 822 1524 admiraris,

119 1546 158 1568 cum
171 1533 312 1576 incircumscripti
326 1535 391 1575 fulgore
405 1534 473 1568 luminis
485 1534 560 1568 necdum
573 1534 636 1575 perfrui
649 1535 766 1568 meruerim?”
791 1535 822 1568 Cui

119 1586 157 1618 ille:
174 1584 212 1617 “Et
226 1585 248 1617 ob
263 1593 315 1625 quam
330 1585 411 1616 causam?
426 1594 465 1616 eum
479 1583 555 1616 omnium
568 1588 645 1616 nostrum
660 1584 730 1616 arbitrio
743 1584 779 1617 vita
794 1591 823 1617 tua

119 1633 226 1676 inculpabilis
236 1633 353 1668 haberetur?”
376 1634 399 1667 At
407 1634 446 1667 ille:
458 1634 502 1667 “De
510 1633 546 1667 vita
556 1643 595 1667 mea
604 1643 639 1667 non
650 1644 718 1676 arguor,
725 1644 785 1668 verum
795 1644 823 1667 me

93 1700 112 1728 30
120 1684 203 1728 quiddam
217 1684 341 1727 presumpsisse
356 1683 430 1727 peniteo,
444 1696 475 1727 pro
490 1695 524 1727 quo
535 1684 569 1717 ‘tali
585 1684 656 1717 addicor
671 1684 764 1728 supplicio:
784 1685 823 1729 quia

120 1735 184 1771 scilicet
195 1734 284 1768 dominum
294 1745 352 1769 meum
365 1742 444 1769 sanctum
457 1736 569 1769 Edmundum
582 1736 635 1768 infida
647 1741 705 1769 mente
719 1742 824 1770 contrectare

119 1798 155 1820 non
163 1786 247 1827 exhorrui,
255 1785 328 1827 aliisque
336 1787 477 1819 contrectandum
485 1785 560 1828 exposui.
583 1786 668 1827 Quocirca
676 1791 729 1828 queso
737 1792 754 1819 te
762 1793 780 1820 vt
791 1788 824 1819 hec

119 1837 157 1870 vice
169 1846 207 1869 mea
218 1835 298 1869 fratribus
309 1846 393 1877 exponere
406 1847 441 1869 non
454 1836 528 1875 differas,
541 1837 634 1869 obsecrans
647 1842 666 1868 vt
677 1847 688 1868 a
698 1841 747 1878 patre
758 1837 825 1870 miseri-

120 1886 217 1921 cordiarum
232 1885 372 1927 misericordiam,
387 1891 405 1919 et
423 1897 434 1918 a
449 1887 500 1919 beato
517 1886 611 1918 Edmundo
625 1886 677 1919 michi
693 1886 785 1931 impetrent
800 1887 824 1920 in·

94 1936 235 1980 35dulgenciam,
249 1935 296 1969 cuius
311 1935 441 1971 intollerabilem
456 1938 515 1980 pacior
529 1937 628 1971 offensam.”
655 1939 716 1971 Frater
729 1948 770 1983 uero
785 1948 825 1972 con·

121 1998 199 2030 surgens,
208 1987 266 2020 abbati
277 1993 294 2020 et
303 1987 384 2021 fratribus
394 1989 466 2021 retexuit
476 1989 568 2021 oraculum.
592 1988 625 2029 Qui
633 1988 707 2022 fraterne
715 1989 825 2022 condolentes

121 2038 209 2079 anxietati,
224 2037 301 2070 diuinam
319 2038 335 2071 ei
353 2038 497 2080 propiciacionem
516 2038 607 2071 conciliare
626 2039 730 2080 satagebant.
755 2041 825 2072 Sextum

122 2089 196 2130 denique
208 2087 253 2120 circa
263 2098 346 2128 mensem,
354 2089 411 2121 denuo
423 2089 502 2131 apparuit
512 2089 590 2128 Tolinus,
599 2087 656 2130 [hilari
666 2090 714 2131 facie,
722 2089 773 2123 niuea
783 2090 826 2123 stola

122 2137 209 2179 indutus];
224 2138 252 2180 qui
263 2138 285 2170 ab
298 2139 358 2171 eodem
370 2138 462 2181 requisitus
473 2140 559 2181 quomodo
571 2139 616 2172 circa
628 2149 647 2172 se
658 2146 747 2181 ageretur:
762 2140 772 2157 “
778 2142 825 2173 Huc·

95 2200 115 2227 40
123 2198 181 2230 usque,
190 2188 218 2228 ait,
227 2188 307 2229 pessime,
315 2195 341 2221 set
353 2189 387 2220 iam
395 2189 418 2230 pii
427 2188 540 2231 redemptoris
550 2189 666 2228 clemenciam,
673 2194 691 2222 et
699 2190 754 2222 sancti
761 2189 825 2223 domini

123 2238 157 2272 mei
170 2237 257 2270 Edmundi
268 2237 343 2280 recipere
353 2238 408 2271 merui
420 2240 500 2281 graciam.
523 2238 555 2272 Cui
567 2239 611 2272 sicut
622 2239 694 2273 fideliter
705 2249 826 2274 consueueram

123 2288 224 2328 ministrare,
231 2287 255 2319 ita
261 2298 307 2319 nunc
315 2298 382 2331 quoque
388 2288 494 2322 contubernii
500 2289 560 2331 pocior
568 2288 653 2331 ciuilitate,
660 2290 745 2334 obsequiis
752 2291 826 2331 inhereo,

123 2337 185 2372 visioni
193 2337 299 2380 congaudeo,
307 2337 380 2380 gloriam
387 2338 501 2374 admiror.¹”⁴

143 2430 149 2448 ²
159 2430 273 2466 aisiamenta,
281 2429 312 2459 Tit.
319 2429 363 2468 graui
370 2430 441 2460 lamento.
512 2429 519 2446 ²
529 2430 562 2460 MS.
570 2434 643 2462 mortuus.
714 2434 720 2451 ³
730 2442 751 2463 sc.
758 2432 827 2463 Edwiuo.

123 2469 128 2488 4
139 2470 173 2501 The
180 2475 215 2499 next
223 2470 256 2498 mir.
263 2470 295 2499 still
304 2470 367 2508 belongs
374 2475 390 2499 to
398 2471 423 2500 the
430 2479 472 2499 same
479 2480 532 2509 group.
