1762 2803
60 85 165 169 ι[192
223 186 224 189 ¹
315 109 395 160 uacua
409 106 526 169 torenna
541 107 634 170 unctio.
675 184 680 194 .

123 229 214 263 nascitur!
237 228 289 263 ‘Non
304 240 315 262 a
330 235 353 270 te,
366 228 424 272 inquit
439 229 499 271 vidua,
514 229 605 270 recedam,
621 228 657 262 nisi
674 228 745 273 prolem
764 241 824 267 meam

123 282 209 317 restituas
224 282 269 316 mihi
284 282 356 317 vinam!
379 281 449 316 Videns
463 281 512 316 enim
524 282 575 326 virgo
588 286 650 316 sancta
664 281 747 316 mulieris
763 284 824 328 fidem,

123 346 165 368 cum
176 336 226 368 iuxta
237 335 317 369 defuncti
329 346 395 379 corpus
407 335 425 368 in
437 336 519 369 oratione
531 347 551 370 se
562 340 693 378 prosterneret,
705 340 766 369 tantus
778 337 824 380 ignis

124 388 206 431 protinus
215 398 319 432 supeream
328 390 350 421 de
359 389 398 421 celo
406 388 461 430 venit,
467 394 486 421 vt
494 388 537 423 inde
545 393 582 422 tota
587 388 676 432 cooperiri
683 393 738 431 atque
743 391 824 426 comburi

107 442 224 481 5videbatur.
247 440 300 483 Quod
314 451 355 474 cum
368 451 421 474 soror
434 442 513 485 quedam
528 440 610 483 vidisset,
627 440 736 475 exclamauit
751 441 823 479 dicens:

125 494 215 528 ‘Domina
226 495 256 535 mi,
265 504 319 537 surge
330 494 411 528 velocius
423 500 441 528 ct
453 495 476 528 de
488 494 573 528 incendio
585 494 636 527 exire
648 494 727 528 festina:
740 500 795 529 totam
807 501 825 531 te

124 546 166 589 igne
181 551 285 587 coopertam
300 546 364 588 grandi
379 547 443 580 video?
469 548 510 588 Quo
525 547 579 588 dicto,
594 551 632 579 tota
647 547 719 589 species
733 547 788 589 ignea
802 551 825 583 ab

124 597 181 632 oculis
187 596 226 632 eius
233 597 315 633 euanuit:
322 603 340 632 et
347 603 433 642 surgente
440 599 462 632 ab
469 598 550 633 oratione
555 597 631 643 virgine,
635 597 690 632 vidue
696 598 744 632 filius
751 609 761 632 a
767 605 825 636 morte

124 650 242 686 resuscitatus
250 651 303 685 matri
311 651 398 686 redditur.
433 645 525 686 Decursis
533 652 552 685 in
560 651 610 685 omni
619 652 714 686 sanctitate
723 657 740 686 et
748 653 825 695 puritate

98 714 116 736 10
124 704 220 738 duodecim
228 704 295 746 lustris,
302 704 441 748 ingrauescente
449 706 530 749 corporis
539 705 628 747 molestia,
634 710 652 738 et
660 704 742 739 febribus
749 705 825 750 fatigata,

125 757 229 792 conuocatis
237 758 330 791 sororibus
338 758 362 791 ait
371 771 374 791 :
387 758 440 801 ‘Vos
448 758 511 802 inquit,
520 758 613 799 hactenus,
622 757 739 792 dilectissime
747 769 825 803 sorores,

125 811 172 843 sicut
183 810 244 843 anime
255 822 296 844 mee
308 810 378 843 viscera
389 811 444 843 dilexi
458 816 476 843 et
487 811 534 844 sicut
547 817 605 844 mater
616 811 658 844 filiis
670 811 700 854 pia
712 811 826 847 solicitudine

126 861 191 904 prefui.
211 861 251 895 Iam
256 872 300 895 vero
307 861 368 895 diuina
376 862 442 905 pietate
451 862 550 905 cursu[m]¹
557 862 709 904 peregrinationis
717 873 759 895 mee
765 864 826 896 termi-

126 919 186 954 nante,
193 918 211 948 et
218 924 298 957 superne
306 913 405 948 vocationis
412 914 418 933 ²
424 925 453 948 me
461 915 484 948 ad
492 914 575 948 brauium
584 914 726 949 misericorditer
733 914 825 959 inuitante,

100 976 117 1005 15
126 967 186 1001 carnis
197 966 282 1000 vniuerse
293 966 342 1001 viam
353 966 451 1010 ingredior.
474 967 513 1000 Deo
525 972 543 1001 et
554 967 606 1000 beate
619 966 676 1001 Marie
688 977 721 1001 vos
733 966 825 1011 relinquo.¹

127 1021 150 1055 Et
165 1019 227 1054 multis
243 1020 351 1054 salutaribus
366 1020 439 1054 monitis
458 1025 476 1054 et
495 1020 651 1055 exhortationibus
669 1020 709 1054 illas
728 1019 826 1063 instruens,

126 1073 205 1117 septimo
217 1073 250 1106 kal.
263 1072 303 1106 Iulii
314 1073 400 1117 migrauit
411 1075 434 1107 ad
446 1073 545 1116 Christum,
557 1073 605 1107 etin
617 1073 728 1107 monasterio
740 1084 774 1107 suo
786 1085 826 1109 cum

126 1127 195 1162 honore
203 1125 290 1170 sepelitur
296 1125 308 1161 ³.

149 1237 197 1281 [MS.
205 1237 245 1271 Tib.
254 1238 310 1271 adds:
420 1237 535 1271 Incidenda&

149 1302 204 1344 Felix
212 1319 260 1353 papa
267 1307 286 1342 in
294 1309 364 1342 bonore
372 1313 477 1342 sanctorum
485 1308 552 1343 Cosme
560 1313 578 1342 et
587 1306 672 1342 Damiani
680 1308 760 1342 nobilem
768 1308 827 1343 Rome

100 1374 119 1394 20
127 1362 230 1396 construxit
238 1361 340 1402 ecclesiam,
348 1362 367 1395 in
375 1373 411 1405 qua
420 1362 501 1405 (quidam
509 1362 538 1395 uir
546 1362 614 1395 sanctis
623 1362 728 1395 martiribus
737 1362 827 1395 seruiebat

127 1415 156 1449 cui
167 1424 233 1448 cancer
244 1425 302 1448 unum
314 1425 356 1447 crus
368 1418 425 1447 totum
438 1418 568 1448 consumserat.
592 1413 615 1446 Et
624 1425 667 1447 ecce
679 1414 789 1456 dorlmiente
797 1414 827 1447 illo

128 1467 186 1502 sancti
195 1468 272 1501 Cosmas
281 1469 305 1511 (et
317 1467 419 1501 Damianus
431 1468 504 1510 deuoto)
513 1478 547 1501 suo
558 1472 687 1511 apparuerunt,
700 1469 800 1511 unguentta
811 1473 828 1501 et

128 1521 240 1556 ferramenta
257 1520 327 1563 secum)
343 1524 442 1564 portantes.
465 1520 547 1563 Quorum
559 1530 607 1554 unus
625 1519 683 1563 (alteri
699 1519 755 1555 dixit:
776 1519 827 1563 ‘Vbi)

128 1584 193 1608 carnes
205 1573 321 1616 accipiemus,
329 1579 349 1606 ut
361 1572 432 1607 abscisa
444 1575 506 1614 ca[rne
518 1573 598 1616 putrilda
609 1573 669 1607 locum
681 1584 758 1607 uacuum
771 1573 828 1616 reple-

102 1629 203 1667 25amusl’
226 1627 278 1659 Alter
292 1626 328 1659 ait:
346 1626 384 1666 ¹(In
401 1625 497 1666 cilmiterio
513 1625 571 1660 sancti
587 1626 636 1659 Petri
651 1627 674 1660 ad
687 1625 760 1660 uincula
775 1625 828 1660 hodie

129 1678 216 1722 (ethiops)
227 1688 291 1711 recens
305 1678 387 1720 sepultus
399 1682 438 1711 est:
455 1678 478 1711 de
489 1678 519 1710 illo
533 1677 579 1711 affer
591 1682 610 1710 ut
623 1677 671 1720 (huic
685 1677 828 1721 ap)ponamus⁵.’

129 1732 152 1766 Et
164 1732 187 1766 ad
203 1731 311 1765 cimiterium
325 1741 427 1775 properans
444 1731 516 1773 [coxam
532 1730 599 1774 Mau]ri
614 1729 678 1764 attulit.
701 1730 829 1764 Prescidentes

128 1796 193 1819 coxam
208 1784 288 1827 inf(irmi,
301 1785 347 1827 loco]
360 1784 400 1818 eius
416 1795 480 1818 coxam
495 1783 554 1818 Mauri
569 1783 692 1825 inseruerunt,
707 1789 726 1818 et
742 1784 828 1827 (plagam)

128 1839 225 1883 diligenter
237 1842 333 1881 ungentes,
347 1848 412 1870 coxam
427 1836 495 1870 infirmi
510 1837 541 1881 ald
556 1836 630 1880 corlpus
645 1837 750 1870 detulerunt
766 1835 829 1870 Mauri.

101 1903 119 1931 30
129 1892 231 1935 Eutgfflans
242 1897 304 1924 autem
316 1891 364 1933 cum)
377 1902 398 1925 se
406 1889 446 1924 sine
458 1891 521 1924 dolore
533 1892 627 1932 sensisset,
636 1890 718 1934 nialnum
730 1891 753 1923 ad
765 1899 828 1924 coxam

128 1943 220 1988 ap)posuit
236 1948 254 1976 et
261 1942 317 1975 nichil
332 1943 407 1976 lesionis
423 1942 504 1985 (inuenit.
533 1943 573 1983 Quo
589 1944 696 1985 comperto),
710 1944 733 1976 ad
748 1942 829 1975 tumbam

129 1996 188 2031 Mauri
197 1995 270 2040 quidam
280 1995 381 2039 (miserunt,
390 2000 408 2027 et
417 2005 482 2027 coxam
491 1994 550 2027 Mauri
561 1994 662 2038 prescisam
674 1995 699 2038 et)
712 2005 777 2028 coxam
788 2003 829 2036 pre-

118 2065 120 2068 >
129 2049 172 2083 dicti
179 2049 213 2082 uiri
221 2044 261 2082 loco
270 2048 324 2091 (illius
333 2049 352 2082 in
359 2048 429 2081 tumulo
437 2047 523 2091 posiltam
531 2048 655 2090 inuenerunt]

150 2180 155 2197 ¹
165 2178 183 2207 T.
191 2177 209 2206 E.
216 2186 271 2212 cursu;
282 2177 299 2207 L.
307 2186 374 2207 cursum.
452 2176 458 2194 ⁹
468 2176 486 2207 E.
494 2177 532 2207 adds
540 2178 593 2214 gratia.
670 2177 676 2196 ³
687 2177 704 2207 L.
712 2178 751 2207 adds
759 2173 830 2206 inventio

130 2218 201 2254 corporis
212 2217 251 2245 from
262 2217 301 2246 Otto
312 2217 391 2246 Ostiensis
404 2216 466 2245 libellus
477 2217 497 2245 de
508 2217 585 2246 miraculis
598 2217 695 2246 Inuentionis
707 2227 720 2246 s.
731 2217 752 2246 M.
763 2217 786 2255 <in
797 2214 830 2243 MS.

130 2256 188 2288 cccc.
196 2257 247 2296 4337).
288 2255 293 2273 ⁴
304 2256 351 2286 From
358 2256 396 2294 ch.
403 2256 461 2292 Aurea,
469 2265 484 2293 p.
492 2257 526 2294 639.
566 2257 572 2274 ⁵
584 2257 600 2285 L.
607 2256 626 2285 Α.
633 2257 739 2294 suppleamus.
