1762 2803
116 82 168 143 '540
216 162 218 167 ἲ
388 85 512 146 orreum
529 86 560 133 11.

122 208 146 240 At
156 207 186 248 illi,
193 207 264 241 nimium
273 208 356 250 dolentes,
367 219 429 252 corpus
437 207 503 241 domini
515 207 540 241 sui
552 208 630 242 vehiculo
639 213 721 251 ponentes
733 207 751 240 in
762 210 796 252 Ely
803 212 825 245 ad

123 270 172 292 suarn
181 259 277 293 detulerunt
284 258 374 292 ecclesiam
382 271 386 300 ;
398 259 463 292 nullum
471 259 545 292 vulneris
553 259 571 293 in
579 270 599 293 eo
608 259 731 302 comperientes
738 259 825 303 indicium,

124 312 210 353 sepulture
224 310 336 343 tradiderunt.
360 310 475 344 Martirizatus
488 316 514 343 est
528 311 586 354 itaque
601 310 667 353 primus
680 317 739 344 sancte
752 311 825 353 elyensis

124 360 197 394 ecclesie
204 361 263 401 abbas,
272 359 299 393 et¹
308 359 358 393 vnius
369 361 468 394 muliercule
479 361 572 394 suffocatus
583 360 753 400 machinacionibus;
766 368 826 404 optans

107 411 179 452 sinagis
192 410 266 443 incidere
279 410 296 442 in
308 420 369 443 manus
382 411 456 444 hominis
468 422 520 454 quam
532 412 587 453 legem
598 411 626 443 dei
637 411 765 453 derelinquere3
779 413 826 447 cuius

124 461 182 494 anima
190 470 229 493 cum
237 459 301 492 sanctis
308 460 400 494 omnibus²
408 471 476 503 semper
483 466 580 503 regnatura,
589 460 606 494 in
615 460 655 494 celis
664 466 722 494 eterna
733 462 826 502 promeruit

124 510 192 552 gaudia.
214 510 242 543 De
253 509 311 551 regina
318 520 359 544 vero
371 511 459 544 sinistrum
470 521 522 544 nemo
533 510 598 554 aliquid
606 511 633 544 vel
645 510 706 543 saltem
716 509 783 552 mutire,
791 511 826 546 siue

124 563 189 596 malurn
197 561 214 594 in
222 561 278 604 ipsam
286 562 388 604 presumpsit
396 563 458 596 inferre
466 573 574 597 sermonem:
586 567 653 604 poterat
664 561 710 594 enim
720 562 754 594 hoc
765 569 825 598 contos

124 613 183 654 latere,
196 612 229 645 nisi
242 612 289 654 quod
302 612 368 653 eadem,
380 613 402 645 de
416 613 451 645 suis
465 612 551 645 veneficiis
563 619 580 646 et
593 612 691 654 nephandis
706 611 785 654 operibus
800 614 827 647 dei

99 675 117 697 ro
125 663 238 696 miseracione
249 668 356 704 compuncta,
369 669 386 696 et
401 663 475 695 maxime
489 664 510 695 de
524 662 593 695 interitu
605 661 675 704 gloriosi
690 661 735 703 regis
748 663 827 696 Edwardi

126 712 215 756 preuingni
231 712 262 753 sui,
275 723 326 754 quern
344 714 402 756 palam
421 712 476 747 cuntis
495 712 530 746 suis
547 711 698 755 cir[cum]uentum
714 712 786 754 insidiis,
799 712 828 748 ut¹¹

126 764 205 807 proprius
211 764 247 797 eius
252 763 297 796 filius
305 764 390 797 leuaretur
398 765 415 797 in
423 775 484 805 regem,
490 763 553 796 iniuste
559 763 652 805 peremisse
660 763 738 796 confessa
745 769 777 796 est.
796 765 828 797 Pro

126 825 160 857 quo
174 814 264 848 cenobium
279 812 435 847 sanctimonialium
448 814 469 847 de
483 814 572 847 Werwelle
585 825 607 847 ex
619 812 654 847 suis
668 812 730 856 opibus
744 813 788 855 fecit,
800 814 828 848 vbi

127 866 207 899 omnibus
215 865 275 898 diebus
283 863 317 896 vite
325 874 355 897 sue
363 865 380 897 in
388 866 434 898 luctu
442 871 459 898 et
467 864 565 907 penitencia
572 864 671 907 permansit,
679 870 696 897 et
706 864 753 907 quali
763 865 828 898 morte⁴

101 922 118 951 15
128 916 242 949 Brithnodum
250 915 331 947 eliensem
338 916 420 948 abbatem
430 915 538 955 interfecerit,
545 921 564 948 vt
571 915 688 957 presignatum
696 920 727 955 est,
733 924 805 955 gemens
812 922 828 948 et

127 966 178 999 anxia
186 964 270 1004 ostendit,
281 962 298 995 in
306 973 340 1005 quo
348 970 385 998 tam
393 965 410 997 in
418 965 469 998 rebus
476 975 528 1007 quarn
536 964 553 997 in
559 963 697 1008 possessionibus
705 964 759 996 multa
766 964 829 999 deinde

127 1015 211 1049 beneficia
225 1014 301 1048 contulit.
331 1015 396 1048 Floruit
410 1022 468 1049 autem
481 1021 551 1048 sanctus
565 1015 670 1048 Brithnodus
682 1015 729 1057 apud
741 1015 774 1058 Ely
785 1014 829 1048 circa

127 1078 192 1101 annum
200 1065 264 1100 domini
273 1071 314 1098 xer.
320 1073 365 1099 Lxx.

127 1220 144 1252 p.
153 1208 197 1253 594]
220 1217 235 1249 3.
248 1210 278 1241 Du
289 1215 362 1243 seuero
374 1210 472 1242 Erouooo
483 1215 583 1249 porraceo,
595 1215 686 1242 ariscoro
698 1214 722 1240 m
733 1214 830 1240 rrrnrmr:

369 1270 395 1295 ux
407 1269 496 1296 cuorucrs
507 1260 597 1295 rucrint

156 1341 217 1370 anctus
234 1336 330 1369 Eadnodus
345 1335 371 1369 vir
386 1335 404 1369 in
420 1334 488 1368 Christo
506 1335 587 1377 famosus,
602 1341 619 1369 et
633 1334 728 1368 monastice
745 1333 831 1377 religionis

101 1401 121 1421 20
168 1388 222 1420 cultor
235 1386 319 1427 egregius,
331 1396 342 1418 a
354 1387 405 1419 beato
419 1386 500 1418 Oswaldo
515 1385 615 1418 eboracensi
631 1385 711 1427 episcopo
727 1390 744 1418 et
758 1384 831 1427 glorioso

129 1437 173 1471 duce
185 1435 274 1478 Egelwino
286 1435 304 1467 in
316 1436 439 1468 ramesiensem
451 1434 541 1467 ecclesiam
554 1446 606 1478 quarn
620 1434 652 1477 ipsi
665 1440 799 1475 construxerunt,
811 1434 832 1466 de

129 1486 240 1530 Wigomensi
247 1487 351 1519 monachatu
360 1487 383 1519 ad
393 1485 468 1519 officium
479 1484 547 1518 abbatis
558 1491 656 1527 assumptus
667 1491 698 1518 est.
720 1483 754 1517 Vbi
766 1495 805 1517 curn
815 1483 832 1516 in

129 1538 177 1572 omni
184 1538 275 1571 honestate
280 1537 312 1570 sub
318 1536 386 1571 Christo
394 1536 462 1570 floreret
470 1541 488 1569 et
495 1546 564 1578 gregem
570 1535 634 1570 domini
643 1535 688 1569 fideli
696 1545 736 1569 cura
744 1534 833 1569 salubriter

130 1590 238 1630 gubernaret,
250 1588 296 1620 facta
308 1592 335 1620 est
347 1588 415 1620 cuidam
428 1588 477 1620 fabro
490 1587 549 1619 diuina
560 1585 658 1620 reuelacio⁰
671 1587 693 1620 de
705 1597 775 1629 corpore
787 1585 832 1619 beati

103 1651 122 1681 25
130 1638 195 1672 Yuonis
203 1644 220 1670 et
228 1638 280 1670 sociis
287 1638 329 1678 eius,
337 1638 388 1670 simul
396 1647 435 1670 cum
444 1637 482 1679 ipso
490 1637 536 1679 apud
544 1638 603 1670 villam
610 1638 632 1670 de
640 1637 692 1679 Slepa
701 1637 832 1679 quiescentibus

130 1690 220 1732 Apparens
230 1688 276 1721 enirn
284 1688 332 1720 fabro
343 1687 361 1720 in
371 1687 448 1730 episcopi
461 1687 518 1729 specie
528 1687 589 1721 beatus
596 1688 641 1728 Yuo,
647 1693 664 1720 et
675 1698 693 1720 se
703 1693 720 1720 et
730 1687 786 1720 socios
794 1696 832 1719 suos

131 1740 148 1773 in
156 1739 217 1773 eadem
225 1738 265 1771 villa
276 1738 298 1771 ab
306 1737 426 1780 antiquissimo
436 1743 512 1779 tempore
520 1737 593 1771 iacuisse
601 1737 689 1778 indicauit,
697 1742 714 1770 et
722 1742 740 1770 vt
747 1736 833 1770 Eadnodo

131 1788 189 1823 abbati
197 1788 239 1821 illud
246 1788 330 1821 indicaret
337 1788 432 1831 imperauit,
451 1789 475 1821 At
482 1787 510 1820 ille
518 1787 577 1820 statim
584 1787 667 1830 euigilans
673 1787 709 1820 viro
717 1787 745 1820 dei
751 1787 833 1820 visionem

131 1840 218 1881 reuelauit,
226 1846 243 1872 et
251 1841 273 1872 de
280 1840 338 1872 oblata
346 1850 377 1873 suo
385 1838 475 1881 tempore⁷
486 1839 545 1880 gracia
555 1839 606 1871 nimis
614 1849 653 1872 eum
661 1838 755 1871 letificauit.
777 1838 792 1874 ll
801 1834 833 1879 Qui

104 1907 124 1935 30
132 1896 226 1924 conuocato
241 1891 286 1922 clero
302 1895 319 1922 et
334 1891 402 1931 populo,
414 1890 437 1922 ad
450 1888 568 1922 effodiendum
583 1890 665 1922 celestem
679 1889 780 1922 thesaurum
795 1897 833 1920 cum

131 1939 251 1974 ecclesiasticis
259 1938 370 1981 apparatibus
377 1939 400 1971 ad
408 1937 472 1971 dictam
480 1938 538 1971 villam
546 1937 648 1980 properauit,
656 1943 673 1971 et
681 1938 751 1971 beatum
757 1939 834 1971 Yuonem

132 1991 205 2036 propriis
218 1990 302 2031 manibus,
314 1990 376 2023 ceteris
388 1995 454 2022 ceteros
465 1988 565 2032 ferentibus,
578 1990 616 2033 ipse
627 1999 681 2033 vsque
693 1988 710 2021 in
726 1988 834 2021 Rameseiam

132 2043 216 2085 portauit;
233 2048 249 2074 et
263 2047 324 2084 postea
337 2042 354 2074 in
367 2043 406 2084 ipsa
418 2043 470 2084 Slepa
481 2041 571 2074 ecclesiam
583 2041 601 2073 in
612 2041 681 2074 nomine
692 2041 768 2073 eiusdem
781 2037 833 2073 sancti

133 2093 224 2126 edificauit.
248 2094 287 2125 Nec
298 2092 370 2124 multum
384 2098 452 2134 postea,
463 2092 544 2124 defuncto
556 2091 663 2124 lincolniensi
677 2090 759 2131 antistite,
770 2091 788 2123 in
799 2088 834 2131 epi-

106 2156 125 2185 35
133 2153 204 2186 scopum
212 2149 325 2184 promouetur.
345 2143 379 2175 Pro
387 2154 421 2185 qua
427 2148 512 2185 potestate
518 2141 571 2174 nichil
577 2141 638 2175 minuit
645 2141 666 2174 de
672 2140 743 2184 antiqua
749 2140 834 2183 religione,

134 2199 160 2226 set
173 2197 237 2232 quanto
252 2191 305 2223 alcior
319 2197 367 2224 tanto
383 2192 443 2225 melior
458 2191 534 2232 effectus,
549 2191 595 2223 circa
610 2191 708 2223 condendas
722 2190 804 2224 ecclesias
818 2193 834 2221 et

134 2242 221 2285 augendas
243 2241 386 2283 congregaciones
405 2241 485 2275 assiduus
505 2240 600 2275 insistebat.
629 2241 705 2282 Quarum
720 2251 772 2274 vnam
790 2237 835 2282 apud

135 2292 213 2328 Chateriz
222 2293 245 2325 ob
253 2302 328 2325 amorem
338 2299 397 2326 sancte
405 2293 432 2326 dei
442 2292 529 2335 genitricis
538 2292 598 2333 Marie,
606 2298 623 2325 et
631 2291 722 2326 Aelwene³
730 2292 793 2325 sororis
801 2300 835 2330 sue,

133 2345 157 2377 ad
164 2343 253 2386 ponendas
263 2342 286 2375 ibi
296 2352 336 2375 cum
346 2343 384 2384 ipsa
394 2343 538 2383 sanctimoniales,
546 2342 638 2376 construxit
649 2348 666 2375 et
676 2344 726 2375 rebus
736 2340 835 2376 necessariis

106 2411 127 2441 40
134 2393 228 2437 ampliauit.
251 2393 291 2436 lpse
302 2402 370 2436 quoque
381 2404 443 2436 corpus
453 2392 500 2427 beati
509 2393 583 2436 Alphegi
594 2392 668 2427 martiris
679 2398 697 2427 et
708 2388 836 2436 archiepiscopi,

154 2516 229 2547 ¹al.om.
295 2513 345 2545 2ΜΒ.
353 2514 428 2554 operibus
491 2514 541 2545 iMS.
549 2519 569 2546 et.
628 2513 738 2546 *Emortem
799 2509 835 2541 “EX

135 2555 269 2589 HistEliens1L
278 2561 300 2594 71.
342 2553 481 2587 ⁶B.reuelacione.
522 2554 636 2596 ⁷al.tempori.
677 2553 813 2586 ”atnetswenne
