1762 2803
284 55 465 117 annonantur.
697 59 726 98 lxi

124 181 163 212 Item
177 189 196 210 ex
208 178 249 209 libro
260 177 345 216 visionum,
359 177 379 208 de
392 177 450 209 visione
463 177 535 209 monachi
548 178 652 209 Vancellensis
666 179 726 218 (¹ldem

143 226 226 257 monachus
232 226 286 255 ductus
293 226 313 254 ab
321 225 377 263 angelo
383 225 435 255 videns
441 225 501 255 animas
508 225 523 255 in
531 224 633 264 Purgatorio,’
639 226 681 262 διο.)

36 277 80 316 (Cap.
88 275 113 314 53)
124 272 235 312 Compendinm
242 271 262 301 de
268 271 337 308 infantia,
344 271 382 309 vita,
389 276 404 301 et
411 271 488 301 miraculis
496 271 512 301 S.
520 271 596 302 Honorati
603 272 639 301 abb.
645 271 726 301 Lirinensis

143 325 158 350 et
165 329 188 359 ep.
196 319 295 349 Arelatensis.

80 367 113 407 (54)
124 366 237 405 Compendium
244 365 293 395 libelli
299 364 319 394 de
328 365 399 404 passione
408 364 423 394 S.
431 364 508 394 Forcherii
516 365 551 395 abb.
559 369 574 394 et
583 365 659 395 sociorum
666 374 727 394 suornm

143 412 258 449 monachornm,
265 416 280 441 et
290 412 310 441 de
319 411 420 441 destructione
431 411 517 442 monasterii
527 421 580 441 eorum
590 411 610 441 de
620 411 673 441 lirino
681 420 728 450 quam

143 459 169 489 diu
176 463 211 489 ante
220 458 236 489 S.
243 458 329 498 predixerat
338 458 429 488 Honoratus
436 459 448 496 (¹
454 458 490 488 Post
501 461 565 488 mortem
572 457 627 488 Karoli
634 458 674 498 regis
680 458 728 488 Fran·

143 515 196 536 comm
203 504 321 540 insurrexerunt,¹
328 504 370 542 δια).

79 553 113 592 (55)
124 553 148 582 De
157 552 173 582 S.
185 551 253 580 Hillario
264 560 305 580 mon.
315 555 331 581 et
340 560 365 589 ep.
377 550 470 580 Arelatensi:
483 551 572 580 Vincentius
582 551 598 580 in
608 551 658 590 Spec.
665 551 692 581 lib.
703 560 727 587 ar,

143 608 156 629 c.
166 599 193 634 ²8;
203 602 218 627 et
226 606 244 627 aa
252 595 284 636 (⁴3.
292 597 326 627 Hil.
333 596 417 635 discipnlns
424 597 452 627 suit
460 601 475 627 et
481 606 523 628 mon.
530 597 546 627 S.
555 597 641 634 Honorati:
648 600 689 634 &cb

123 646 160 676 Vita
174 646 189 675 b.
201 644 244 675 Sithe
258 644 296 683 (Iac.
307 644 392 682 Prologus:
404 643 469 674 ‘Omnis
481 644 555 682 scriptura
569 645 641 675 diuinitus
654 646 727 685 inspirata

144 692 187 722 utilis
193 693 226 729 est,'
233 694 270 727 &c.;
280 692 326 721 Vita:
338 691 423 729 ‘Vergeute
430 691 450 720 ad
457 691 537 721 occiduam
544 691 601 721 mundo
606 691 623 731 ').

81 739 114 779 (57)
124 738 236 778 Compendinm
246 738 278 768 vite
289 738 304 768 b.
315 737 392 768 christine
401 737 439 776 virg.
451 737 542 777 cognomine
554 738 632 777 mirabilis,
643 739 686 770 culus
695 739 727 770 vita

143 786 222 824 originalis
235 790 258 815 est
270 785 312 824 apud
325 785 395 814 Loadbn.
408 786 448 814 inter
461 785 544 815 monachos
556 787 612 816 Cartns
621 786 634 824 (⁸
639 787 654 818 S.
665 787 702 818 Chr.
712 797 726 817 v.

143 832 247 862 memorabilis
254 835 276 861 est
282 831 321 861 villa
327 840 357 870 que
364 831 446 870 vulgariter
453 832 548 862 Bmseminm
555 832 651 871 appellatum*
657 833 699 871 dra).

123 879 234 918 Compendium
242 878 273 908 vite
281 878 298 909 S.
304 878 398 917 Luthgardis
406 878 445 917 virg.
452 877 492 917 (lac.
499 879 549 911 Proh:
561 880 637 911 ‘Domine
643 880 727 912 venerande

143 931 158 956 et
170 926 186 955 in
198 925 260 955 Christo
274 925 356 963 plurimum
368 925 446 964 diligende
458 926 526 964 Hawidi,
538 927 635 958 concessione
647 927 699 958 diuina
711 928 727 958 in

142 972 201 1001 Awiria
210 972 291 1005 abbatisse,
301 972 360 1010 totique
371 981 406 1002 cnm
416 981 435 1002 ea
445 977 498 1002 sancto
508 967 594 1009 conuentni,
605 973 650 1004 irater
659 974 727 1004 Thomas

142 1019 193 1048 officio
204 1019 273 1056 superior
285 1022 308 1047 set
321 1019 384 1047 fratrum
397 1019 510 1057 predicatorum
524 1020 600 1056 minimus,
612 1020 686 1056 salutem,'
698 1022 726 1050 &c

144 1065 189 1096 Vita:
203 1066 240 1096 'Pia
251 1065 344 1105 Lnthgardis
355 1076 370 1097 v.
380 1076 400 1096 ex
413 1066 475 1096 ciuitate
489 1066 574 1105 Tongrensi
586 1067 629 1097 duxit
642 1067 727 1107 originem,'

143 1112 185 1149 &c.).

79 1159 113 1198 (58)
123 1157 167 1197 (Vita
173 1159 189 1188 b.
196 1158 276 1188 Elimbeth
283 1158 303 1188 de
309 1158 396 1198 Spalbeclr:
406 1159 435 1188 ‘In
441 1159 516 1189 territorio
525 1159 615 1189 Leodicensi
621 1169 670 1199 prope
676 1160 726 1190 inmo·

143 1215 176 1235 sum
184 1216 225 1236 mon.
232 1207 270 1244 virg.
277 1215 318 1236 nom.
325 1205 423 1243 Erkenrode:
429 1207 465 1243 ac.)

79 1252 112 1292 (59)
124 1252 168 1291 (Vita
177 1252 193 1283 S.
204 1253 293 1292 Oportune:
306 1253 331 1283 ‘S.
341 1253 372 1293 Op.
382 1253 440 1284 meritis
450 1257 465 1284 et
476 1254 537 1284 nomine
547 1254 595 1293 digna
604 1264 623 1284 ex
633 1254 681 1294 regali
691 1264 726 1295 pro·

143 1299 196 1338 sapia,’
204 1300 241 1339 ae.)

122 1346 171 1377 Tituli
180 1347 206 1377 vel
216 1347 283 1387 capitula
292 1356 378 1378 sermonum
386 1346 443 1378 Aurelii
451 1347 531 1387 Augustini
541 1357 566 1387 ep.
574 1347 594 1378 ad
604 1348 655 1379 iratres
664 1358 700 1379 suos
710 1348 726 1379 in

142 1393 204 1423 heremo
213 1394 257 1424 etad
268 1394 352 1424 monachus
362 1394 411 1432 (gives
420 1394 512 1432 twenty-five
521 1394 571 1424 titles:
583 1403 596 1424 1.
605 1395 687 1432 Quomodo
697 1405 726 1434 xpc

142 1444 165 1470 est
176 1441 269 1480 querendus3
285 1449 299 1471 2.
311 1441 337 1471 De
348 1440 437 1471 obediencia
449 1440 468 1470 ad
480 1450 516 1471 suos
527 1441 625 1480 presbiteros;
641 1450 657 1480 3.
669 1441 727 1473 Contra

142 1487 251 1517 detractionem
258 1493 273 1518 et
280 1487 425 1524 murmurationem,¹
431 1490 460 1518 &a
464 1498 469 1524 ;
480 1496 504 1526 25.
511 1489 536 1518 De
542 1488 644 1526 fortitudine).

79 1531 112 1570 (60)
123 1531 207 1571 (Incipiunt
218 1536 313 1573 sermones):
329 1535 406 1564 ‘Audistis
415 1535 468 1564 iratres
480 1535 556 1564 kansatni
568 1536 672 1565 sanctissimos
683 1544 726 1574 reges

142 1580 222 1620 diligenter
229 1581 308 1612 dominnm
315 1580 407 1622 quesiutsse:
415 1583 444 1612 &a

122 1627 175 1658 Sermo
185 1629 201 1658 b.
211 1629 252 1668 Aug.
262 1630 282 1658 ad
295 1629 378 1660 monachos
389 1629 409 1659 de
420 1630 522 1669 persecutione
534 1630 634 1669 xpianorum:
646 1639 696 1661 sermo
707 1630 726 1660 16

143 1674 155 1713 (‘
161 1675 252 1714 Frequenter
259 1676 291 1706 dixi
298 1675 372 1713 iratres‘).

79 1718 113 1760 (61)
123 1720 175 1751 Sermo
182 1722 201 1752 de
209 1722 309 1761 philocosmis
318 1723 328 1754 i.
333 1733 346 1754 e.
354 1723 373 1753 de
382 1722 474 1753 amatoribus
484 1723 541 1761 mnndi,
549 1727 563 1754 et
573 1722 658 1763 philotheis
667 1723 679 1754 i.
685 1733 727 1753 amu·

143 1769 201 1798 toribus
211 1769 246 1803 Dei,
253 1774 269 1799 et
276 1770 355 1808 quomodo
361 1774 422 1808 oportet
431 1780 466 1799 cum
475 1769 546 1808 diligenti
555 1779 607 1800 amore
615 1775 631 1800 et
641 1769 726 1800 intellectus

143 1814 226 1844 intentione
236 1815 285 1845 libros
294 1816 390 1855 pertransire¹
397 1816 413 1845 in
424 1816 479 1855 quibus
489 1816 534 1846 etde
544 1821 611 1846 extrema
621 1815 726 1846 humiliatione

141 1860 224 1891 Saluatoris
233 1863 280 1892 nostri
287 1868 302 1893 et
311 1867 401 1902 paupertate
411 1867 425 1893 et
435 1862 541 1899 cruciarium
552 1867 566 1893 et
573 1862 593 1893 de
600 1862 615 1893 S.
623 1862 671 1902 patris
677 1863 726 1893 nostri

142 1908 215 1938 Iohannis
223 1909 316 1939 Damasceni
325 1910 342 1939 in
351 1911 429 1940 Damasco
438 1910 557 1947 conuersatione,
564 1914 579 1940 et
586 1919 640 1949 eaque
649 1910 664 1939 in
673 1919 726 1940 monn-

142 1954 182 1983 ehali
189 1954 281 1993 vita,'parua
291 1956 371 1993 enarratio,
381 1960 396 1986 et
405 1956 470 1995 qualiter
479 1957 573 1996 compositus
583 1961 605 1986 est
615 1956 635 1986 ab
645 1956 679 1996 ipso
688 1956 727 1986 liber

141 2000 189 2040 ipsius
199 1999 241 2040 (beg.
251 2001 395 2040 ‘Quemadmodum
406 2003 450 2033 dulce
462 2003 562 2043 philoeosmis
572 2003 623 2033 existit
633 2002 726 2033 sensibilium

142 2048 257 2086 paradisorum:
264 2049 306 2087 dac).

78 2092 112 2133 (62)
123 2095 193 2133 Epistola
204 2095 276 2124 Iohannis
289 2097 379 2126 Damasceni
390 2097 409 2126 ad
420 2097 493 2127 Cosmum
503 2107 528 2136 ep.
540 2096 656 2136 (¹Sanetissimo
665 2100 680 2127 et
690 2097 726 2126 Deo

141 2141 227 2172 honorabili
234 2143 273 2181 patri
281 2142 348 2179 Cosme,'
355 2143 397 2182 ae).

121 2189 192 2228 Epistola
199 2190 256 2228 scripta
262 2189 283 2219 nd
289 2190 370 2220 Iordanem
377 2191 510 2221 archimandritam
518 2191 537 2221 de
545 2191 608 2229 trisagio
615 2190 650 2220 Dei.
671 2190 725 2220 Hono·

140 2241 179 2274 rato,
191 2236 224 2266 zelo
236 2236 289 2266 diuino
301 2242 359 2272 ornato,
373 2237 436 2267 domino
450 2237 511 2268 lordnni
523 2236 639 2267 archimandrite
650 2235 726 2267 lohannes

141 2284 245 2313 Damascenus
253 2284 268 2313 in
275 2283 338 2313 domino
344 2285 414 2322 gaudere.

78 2328 111 2367 (63)
122 2331 213 2361 Admonitio
223 2332 238 2361 S.
245 2332 326 2370 Augustini
336 2332 356 2360 ad
366 2332 441 2370 populum
451 2332 478 2370 qni
488 2331 508 2361 nd
518 2331 598 2361 ecclesiam
608 2331 652 2362 vadit
663 2332 674 2371 (⁸
680 2332 726 2371 Rogo

141 2387 169 2407 vos
175 2378 249 2408 carissimi
256 2378 325 2417 quotiens
332 2378 351 2407 ad
358 2378 439 2408 ecclesiam
446 2378 476 2408 Dei
483 2377 577 2416 conuenitis,¹
584 2378 628 2416 hc).

33 2416 78 2459 (Cap.
84 2421 111 2462 64)
122 2423 157 2455 Hec
166 2425 245 2456 moralitas
256 2426 348 2464 subsequens
360 2425 379 2455 de
391 2425 466 2456 scaccario
477 2430 500 2456 est
513 2425 572 2457 domini
585 2426 673 2458 Innocentis
685 2436 726 2468 pape

140 2473 200 2511 quarti:
212 2473 288 2504 ‘Mundus
295 2474 323 2503 iste
330 2477 371 2503 totas
378 2472 457 2512 quoddam
463 2473 556 2504 scaccarium
563 2473 597 2511 est,’
604 2475 632 2505 &a

43 2522 84 2551 VOL.
91 2526 104 2552 1.
360 2533 371 2556 e
378 2533 388 2567 3
