1762 2803
126 133 152 174 16
315 130 394 182 tunna
410 126 526 189 aaran
541 126 634 189 ababa.

124 254 186 283 autem
197 248 276 283 sementi
289 248 378 293 grandine
390 254 408 283 et
420 248 488 292 frigore
500 248 576 282 nimium
590 247 651 282 omnia
665 247 756 291 perflante
770 245 826 280 nimis

125 304 244 345 horrendum,
256 308 353 346 Vtrumque
368 302 444 346 plenum
458 302 560 344 animabus,
575 313 611 346 que
625 300 707 335 vicissim
723 300 765 334 bine
783 300 826 333 inde

125 357 239 391 iaetabantur
253 367 294 390 cum
309 356 384 398 impetu.
413 356 459 389 Cum
474 356 523 389 enim
538 355 588 389 vim¹
600 354 678 388 feruoris
691 354 776 387 tollerare
790 364 827 386 non

126 413 207 453 possent,
223 408 341 452 prosiliebant
360 407 427 442 misere
443 407 462 441 in
477 407 558 442 medium
573 406 645 451 frigoris
661 406 733 448 infesti;
752 410 770 440 et
785 415 827 439 cum

109 479 117 508 5
127 471 186 503 neque
199 459 224 492 ibi
236 458 330 502 quippiam
343 457 412 501 requiei
424 457 507 491 inuenire
518 458 605 499 valerent,
617 456 722 491 resiliebant
733 467 797 489 rursus
808 455 827 488 in

127 512 207 548 medium
221 512 336 546 flammarum
349 511 423 545 vrende.
447 511 530 555 Cumque
543 511 562 545 in
577 511 611 545 hac
622 509 690 545 infelici
702 509 828 545 vicissitudine

127 566 166 600 sine
185 565 221 599 vlla
239 564 300 608 quiete
319 563 457 598 innumerabilis
475 564 572 608 spirituum
591 564 686 598 multitudo
707 568 828 607 torqueretur,

127 618 205 662 cogitare
213 617 253 661 cepi
261 618 309 661 quod
317 617 399 651 infernus
407 617 432 651 ibi
441 623 496 652 esset.
519 617 588 651 Ductor
597 622 658 652 autem
669 628 721 651 meus
733 616 828 660 respondit

127 671 230 715 cogitationi
236 682 289 705 mee:
303 672 313 688 “
319 671 361 704 Non
367 676 395 704 est
401 670 435 712 hic,
440 670 503 714 inquit,
508 675 527 704 vt
533 675 591 713 putas,
598 671 649 714 locus
655 670 737 704 inferni.”
757 670 828 703 Etcum

101 741 119 761 10
127 725 285 768 progrederemur,
291 724 328 757 vidi
336 723 396 757 subito
404 728 446 757 ante
454 734 488 757 nos
496 724 573 757 obscura
581 723 662 766 incipere
670 724 714 763 loca,
723 728 741 756 et
747 722 829 756 tenebris

127 777 189 811 omnia
197 776 269 820 repleri,
277 781 296 810 vt
304 781 366 819 preter
374 775 455 819 speciem
465 781 483 809 et
491 781 562 809 vestem
570 775 650 808 ductoris
658 775 694 808 mei
702 774 759 808 nichil
766 774 829 808 videre

128 830 183 875 potui.
212 829 235 863 Et
248 841 290 863 ecce
303 829 362 863 crebri
374 829 489 863 flammarum
503 828 551 872 globi
564 829 687 862 ascendebant
700 828 724 862 de
738 832 799 871 puteo,
812 832 830 861 et

128 894 192 918 rursus
204 882 223 916 in
235 883 315 916 eundem
326 882 440 916 decidebant.
468 882 553 925 Repente
567 882 631 915 ductor
644 892 697 915 meus
710 880 799 924 disparuit
812 885 830 914 et

129 948 158 971 me
167 937 226 970 solum
233 936 252 969 in
260 936 320 970 medio
331 936 448 969 tenebrarum
460 941 478 969 et
490 935 564 969 horride
572 934 648 969 visionis
656 934 733 978 reliquit.
756 934 779 968 Et
788 945 829 968 cum

103 1005 120 1035 15
129 991 178 1024 idem
190 990 239 1033 globi
250 989 319 1033 ignium
331 989 371 1023 sine
382 989 518 1023 intermissione
530 989 584 1022 modo
596 989 632 1022 alta
641 993 731 1032 peterent,
742 989 796 1022 modo
807 988 830 1021 ad

129 1045 166 1078 ima
177 1044 244 1077 baratri
252 1045 391 1085 descenderent,
399 1043 436 1077 vidi
446 1043 508 1076 omnia
518 1043 589 1086 fastigia
598 1043 713 1076 flammarum
723 1043 779 1085 plena
788 1053 830 1076 esse

130 1096 230 1138 animabus,
244 1107 279 1139 que
292 1095 350 1129 instar
362 1095 465 1129 lauillarum
476 1106 518 1129 cum
529 1095 579 1128 furno
594 1095 732 1129 ascendentium
746 1105 794 1128 nunc
808 1094 831 1128 ad

130 1149 236 1183 sublimiora
251 1148 323 1190 eiecte²,
335 1159 383 1182 nunc
396 1148 478 1182 retractis
493 1148 563 1191 ignium
574 1148 673 1191 vaporibus
688 1152 740 1181 erant
752 1147 830 1191 relapse,

130 1202 188 1236 fetore
199 1201 316 1235 intollerabili
328 1202 417 1235 exalante.
441 1201 514 1235 Interea
521 1202 574 1235 turba
585 1202 684 1235 demonum
694 1200 805 1234 cachinnans
813 1205 831 1234 et

103 1268 122 1288 20
130 1255 220 1288 insultans
228 1255 309 1297 quinque
319 1254 390 1287 animas
399 1260 493 1288 merentes
501 1259 519 1288 et
528 1254 617 1288 eiulantes
628 1254 705 1287 ducebat
716 1253 734 1287 in
745 1253 831 1295 tenebris,

130 1319 141 1342 e
152 1308 223 1352 quibus,
230 1313 250 1342 vt
261 1308 357 1341 dinoscere
369 1307 424 1351 potui,
432 1318 479 1341 vnus
491 1313 530 1341 erat
541 1312 624 1341 attonsus
635 1313 654 1341 vt
666 1306 748 1349 clericus,
758 1307 832 1350 quidam

131 1361 192 1402 laicus,
201 1362 279 1404 quedam
291 1360 370 1400 femina;
383 1365 401 1394 et
409 1361 545 1394 descenderunt
555 1371 596 1395 cnm
605 1360 631 1395 eis
642 1360 661 1394 in
672 1360 753 1394 medium
764 1359 832 1394 baratri

130 1413 179 1448 illius
189 1413 276 1448 ardentis.
299 1412 378 1455 Quidam
389 1418 450 1446 autem
461 1412 537 1457 spiritus
549 1413 572 1447 de
584 1413 652 1457 abysso
663 1412 694 1446 illo
706 1412 833 1453 ascendentes,

132 1467 290 1502 circumdederunt
302 1477 337 1508 me,
345 1471 399 1510 atque
412 1466 468 1500 oculis
480 1466 621 1509 flammantibus,
629 1471 647 1501 et
655 1467 678 1500 de
687 1477 718 1500 ore
726 1477 747 1500 ac
758 1465 833 1500 naribus

106 1531 123 1559 ²5
132 1522 194 1564 ignem
207 1520 301 1563 putridum
312 1521 401 1560 efflantes,
417 1519 515 1562 forcipibus
527 1520 592 1563 igneis,
604 1530 650 1563 quos
661 1520 763 1563 portabant,
776 1519 833 1552 mina·

132 1575 198 1608 bantur
206 1573 363 1616 comprehendere
371 1582 401 1604 me
409 1583 413 1613 ;
425 1577 443 1605 et
450 1577 512 1605 tamen
519 1577 595 1616 tangere
601 1583 638 1605 non
646 1572 735 1606 valebant.
751 1572 834 1615 Cumque

133 1626 215 1669 vndique
224 1625 307 1658 hostibus
315 1631 333 1658 et
341 1625 422 1658 tenebris
430 1625 512 1666 vallatus,
520 1626 607 1658 attonitus
618 1631 636 1658 et
644 1630 726 1658 tremens
735 1625 834 1658 immobilis

133 1684 207 1717 starem,
222 1689 264 1712 ecce
278 1677 329 1721 quasi
345 1677 404 1720 fulgor
419 1678 470 1711 stelle
486 1677 569 1711 micantis
584 1677 632 1711 inter
646 1678 732 1711 tenebras
747 1684 789 1721 post
804 1688 835 1711 me

133 1731 223 1775 apparuit,
230 1730 260 1774 qui
268 1730 355 1774 paulatim
363 1741 449 1764 crescens
457 1731 480 1763 ad
488 1741 517 1764 me
525 1730 575 1764 ocius
583 1730 680 1772 festinauit,
686 1736 704 1764 et
710 1742 753 1764 mox
760 1730 835 1775 spiritus

107 1794 126 1821 30
134 1784 189 1818 michi
202 1784 278 1817 infestos
291 1783 382 1826 effugauit.
406 1783 441 1816 Hic
454 1789 493 1816 erat
506 1784 570 1816 ductor
583 1794 641 1825 meus,
653 1783 684 1826 qui
700 1794 800 1816 conuersus
812 1784 835 1816 ad

134 1837 228 1870 dexteram
242 1836 290 1880 cepit
304 1846 334 1869 me
347 1837 414 1869 ducere
428 1837 450 1869 ad
463 1841 523 1869 ortum
536 1836 580 1869 solis
594 1836 700 1869 brumalem.
723 1836 746 1869 Et
759 1847 803 1869 mox
816 1836 836 1869 in

134 1889 193 1924 lucem
201 1899 287 1923 serenam
296 1889 377 1931 eductus,
385 1888 422 1923 vidi
430 1899 503 1922 murum
510 1888 651 1932 permaximum,
659 1887 710 1922 cuius
718 1888 836 1932 longitudinis

134 1948 152 1976 et
164 1942 264 1976 altitudinis
276 1942 328 1986 qnasi
343 1943 404 1975 nullus
417 1942 508 1975 terminus
519 1941 624 1983 videbatur3
641 1941 660 1974 in
672 1952 708 1985 quo
720 1941 775 1974 etiam
787 1942 837 1975 nulla

134 1997 188 2031 ianua
200 1996 229 2030 vel
242 2007 330 2029 ascensus
342 1996 372 2030 vel
386 1996 467 2030 fenestra
481 1996 581 2030 videbatur.
609 1996 631 2029 Et
647 1995 708 2029 statim
723 1995 785 2029 nescio
801 2006 837 2039 quo

108 2057 126 2086 35
135 2049 200 2082 ordine
208 2048 275 2082 fuimus
283 2048 302 2081 in
311 2059 388 2082 summo.
408 2049 431 2083 Et
439 2054 477 2082 erat
483 2049 507 2082 ibi
514 2059 590 2092 campus
597 2048 696 2082 latissimus
705 2054 723 2082 et
731 2048 837 2089 lehssimus,

135 2101 210 2135 floribus
220 2101 291 2145 plenus,
300 2106 318 2134 et
330 2102 386 2135 odore
398 2101 507 2135 suauissimo
519 2102 606 2145 repletus,
614 2107 632 2135 et
644 2101 675 2135 lux
687 2101 726 2134 sole
736 2101 836 2135 meridiano

136 2155 206 2197 clarior,
215 2160 233 2188 et
241 2154 314 2197 agmina
321 2154 423 2188 albatorum
431 2160 483 2189 crant
493 2155 576 2199 plurima,
585 2160 603 2189 et
611 2154 705 2188 letantium
714 2155 768 2188 sedes
776 2155 838 2189 multe.

136 2209 209 2241 Etcum
217 2218 247 2241 me
255 2208 303 2241 inter
313 2207 353 2241 illos
364 2208 444 2250 duceret,
453 2208 554 2252 cogitabam
565 2209 598 2241 hoc
610 2219 652 2242 esse
663 2217 741 2251 regnum
753 2207 838 2241 celorum.

137 2261 160 2293 Et
168 2260 192 2293 ait
200 2261 264 2293 ductor
275 2271 339 2293 meus:
352 2260 411 2293 “Non
419 2265 448 2293 est
455 2261 490 2294 hoc
500 2272 578 2304 regnum
586 2261 672 2301 celorum,
680 2264 699 2292 vt
710 2260 793 2302 cogitas.”
816 2261 839 2294 Et

109 2320 129 2350 40
136 2313 239 2357 procedens
251 2313 299 2355 inde,
312 2312 376 2356 asperi
389 2314 445 2348 multo
458 2313 546 2348 maiorem
559 2313 660 2348 claritatem
674 2323 728 2356 quarn
740 2312 803 2356 prius:
820 2313 839 2348 in

137 2377 173 2409 qua
180 2377 244 2400 vocem
252 2365 364 2400 cantantium
373 2366 497 2400 dulcissimam
505 2366 571 2408 audiui,
579 2370 596 2401 et
604 2365 645 2399 miri
654 2364 715 2399 odoris
723 2365 839 2409 fragrantiam

137 2419 228 2463 persensi.
251 2419 273 2454 ln
285 2419 336 2454 cuius
349 2420 467 2454 amenitatem
481 2420 515 2455 loci
527 2430 569 2454 cum
581 2430 615 2453 nos
628 2418 726 2453 intraturos
740 2430 840 2463 sperarem,

139 2473 202 2506 ductor
213 2483 297 2516 gressum
308 2478 422 2517 retorquens,
430 2474 487 2508 dixit:
504 2473 578 2507 “Vallis
586 2472 616 2505 illa
625 2483 679 2515 quarn
687 2473 781 2516 aspexisti,
790 2474 840 2507 ssam-

259 2576 264 2594 ¹
275 2577 292 2607 T.
300 2587 329 2607 orn⁴
337 2577 374 2607 virn.
627 2575 634 2592 ²
645 2576 662 2606 E.
670 2576 720 2607 eiecti.
