1762 2803
141 134 185 188 416
218 163 219 167 =
332 133 411 184 moue
427 130 543 193 tramea
558 130 649 193 analio.

141 251 238 288 inueniens
251 263 292 287 cum
306 253 403 294 resederis,
415 264 477 287 coram
491 265 513 287 eo
529 253 610 298 quelibet
624 252 715 297 postulata
727 263 769 287 cum
782 263 843 290 amore

141 305 321 349 percipies-minuit
328 306 378 339 enim
386 306 501 350 sanguinem,
510 318 544 341 nec
553 308 608 341 audet
619 306 655 340 diei
666 307 763 340 admittere
773 306 843 342 clarita-

141 363 185 392 tem.
205 358 322 392 Introibimus
330 359 408 402 proinde
416 360 470 393 ambo
477 359 545 403 pariter
550 360 572 393 ad
577 364 672 403 aspectum
678 358 727 392 eius:
736 358 760 392 sit
764 361 843 402 procula

142 411 195 445 nobis
203 422 275 455 queque
285 411 387 454 frequentia
399 412 492 446 militaris!
516 412 539 446 Et
549 413 639 446 accedens
650 412 673 446 ad
684 422 752 456 regem,
761 412 843 449 osculum

124 464 159 503 5ei
171 463 226 497 dedit.
250 463 292 497 Rex
304 469 370 505 autem,
383 464 423 499 eius
436 465 511 499 consilio
528 465 612 507 credens,
626 475 668 498 cum
684 465 715 498 illo
730 465 842 508 ingreditur3

141 520 184 559 post
195 525 228 549 eos
239 515 293 549 ianua
304 516 409 550 obstruitur.
432 517 516 560 Cumque
528 518 552 550 ad
565 517 632 549 ostium
643 517 718 550 thalami
730 518 843 560 accederent,

142 569 230 612 ‘depone‚
247 567 305 611 inquit
324 568 423 612 proditor¹,
440 580 504 613 queso,
526 569 632 603 Ethelberte
651 579 690 611 rex,
711 569 805 604 baltheum
825 576 842 606 et

141 622 226 667 gladium,
239 626 257 656 et
269 621 372 666 quoquam²
384 622 423 657 loco
435 622 525 657 reconde:
542 622 629 667 quoniam
642 623 665 656 ad
677 626 777 666 tyrannum
789 632 843 658 nemo

141 680 222 710 armatus
231 674 299 708 intrare
309 676 363 716 valet,
372 675 407 709 nisi
417 680 436 710 vt
446 681 558 719 prouocetur
566 676 589 709 ad
600 676 646 709 iram
658 675 741 709 affectet)
765 675 788 709 Et
797 676 843 710 sacto

115 742 133 764 ro
141 729 228 763 velociter
239 727 337 772 proditoris
349 728 430 770 consilio,
441 734 459 762 et
471 728 577 762 Ethelberto
587 728 606 762 in
617 728 718 762 thalamum
729 728 842 765 introducto:

141 781 194 824 ligari
207 779 312 823 precipitur,
326 786 344 814 et
356 786 398 814 ante
413 786 533 824 conspectum
546 781 589 815 Offe
601 780 642 815 sine
654 791 706 814 mora
720 786 842 824 presentatur.

142 832 224 867 Ducibus
231 843 276 867 vero
284 837 302 865 et
311 831 398 866 militibus
410 843 447 866 non
459 832 550 874 admissis,
558 831 604 867 ostia
616 832 738 867 recluduntur.
761 832 802 867 Stat
810 843 843 869 rex

142 886 260 920 Ethelbertus
271 886 323 929 quasi
335 896 394 929 agnus
405 891 513 919 mansuetus
523 886 546 919 ad
558 887 656 927 victimam,
667 896 730 919 veram
742 884 813 919 habens
824 887 842 921 in

142 937 242 973 humilitate
257 937 368 983 patientiam.
392 938 513 972 Commendat
526 939 601 972 domino
613 940 648 972 deo
661 939 742 971 animam
755 949 813 978 suam,
825 944 843 973 et

115 1007 133 1036 15
142 993 201 1036 palam
217 991 252 1025 ait:
272 991 324 1025 ‘Non
338 997 365 1025 est
377 991 396 1025 in
409 992 482 1026 homine
495 992 525 1025 via
538 993 588 1026 eius:
608 992 664 1025 multa
675 991 692 1025 ei
704 1002 727 1025 ex
739 991 843 1036 insperatol

143 1050 222 1089 possunt
234 1043 316 1078 accidere
329 1055 364 1087 que
380 1044 414 1078 sibi
429 1045 529 1078 accidentia
544 1055 660 1088 nequaquam
675 1043 783 1088 frequenter
797 1046 843 1079 solet

142 1097 234 1132 estimare.
257 1097 304 1131 Heri
315 1107 391 1131 securus
403 1107 453 1130 eram
465 1101 483 1131 et
495 1097 551 1132 liber:
564 1107 612 1131 nunc
621 1096 750 1130 miserabiliter
761 1096 842 1131 cathenis

141 1151 243 1185 vinculatus
254 1160 300 1185 sum.
323 1150 408 1184 Tenebre
420 1161 455 1193 que
467 1161 497 1184 me
509 1155 560 1183 tanta
571 1150 649 1193 caligine
662 1150 783 1191 muniuerunt,
795 1150 842 1184 hane

142 1202 187 1237 mihi
203 1202 266 1236 mortis
282 1203 351 1244 horam,
364 1204 399 1235 deo
415 1204 530 1245 terminante,
547 1203 677 1246 prodiderunt;
697 1203 725 1236 sol
740 1203 784 1236 dum
800 1214 843 1237 suos

114 1267 133 1288 ao
141 1256 202 1290 radios
218 1255 298 1297 retraxit,
315 1255 369 1288 huius
383 1255 420 1288 vite
436 1256 495 1289 lucem
511 1255 555 1289 mihi
570 1256 680 1289 subtractam
699 1266 741 1289 esse
760 1255 842 1299 signauit,

142 1310 245 1352 Sperabam
257 1308 349 1351 petitionis
365 1319 406 1342 mee
421 1309 489 1342 bonum
505 1308 602 1352 prestolari
617 1314 716 1343 euentum:
734 1312 752 1343 et
767 1319 809 1344 ecee
824 1309 842 1343 in

142 1360 262 1403 compedibus
277 1359 322 1393 diris
337 1359 430 1403 meipsum
446 1360 542 1394 considero
558 1360 656 1394 crudeliter
671 1360 771 1394 astrictum.
794 1361 842 1394 Tan·

141 1424 196 1458 quam
211 1413 257 1446 latro
272 1417 302 1446 aut
317 1413 403 1456 predator
419 1417 496 1457 expecto
512 1412 622 1447 sententiam
637 1414 772 1456 dampnationis
791 1415 842 1447 mee.¹

142 1466 191 1501 Dum
205 1466 239 1501 hec
254 1471 273 1501 et
288 1465 392 1500 huiusmodi
404 1466 527 1507 intersereret,
539 1471 634 1511 tyrannus,
646 1477 683 1501 non
698 1465 760 1500 serens
775 1465 842 1500 diutius

114 1529 183 1560 ²5eum
201 1520 274 1553 viuere:
294 1519 353 1563 ‘quid,
370 1519 452 1562 ministri,
469 1518 532 1563 inquit,
551 1519 593 1558 mei,
612 1519 727 1563 expectatis?
746 1530 778 1554 eur
796 1529 842 1563 opus

141 1573 267 1608 desideratum
278 1583 315 1606 non
327 1573 444 1607 acceleratis?
467 1572 534 1607 lrruite
545 1573 633 1608 velociter
643 1572 662 1606 in
675 1584 718 1606 eum
730 1577 748 1606 et
760 1573 842 1617 perficite

141 1626 239 1668 imperium
246 1627 318 1657 meum!
341 1625 381 1666 Quo
393 1625 460 1661 audito,
468 1630 542 1659 sanctus
551 1632 621 1668 martyr
631 1625 695 1658 intimo
706 1626 766 1659 cordis
777 1626 842 1659 affectu

141 1687 182 1711 cum
194 1687 262 1719 magna
273 1676 370 1710 deuotione
381 1675 439 1710 orauit
449 1677 472 1710 ad
482 1677 582 1718 dominum,
590 1681 608 1711 et
620 1687 640 1710 se
650 1682 692 1710 ante
703 1677 793 1710 iusticiam
803 1677 842 1710 eius

141 1735 257 1773 peccatorem
270 1739 312 1762 esse
328 1734 346 1762 et
362 1739 415 1762 reum
431 1729 521 1772 cognouit.
543 1728 595 1762 Tunc
609 1739 706 1763 accurrens
717 1729 842 1770 Winebertus‚

114 1792 182 1823 30cum
198 1782 278 1815 maximo
293 1780 362 1825 impetu
378 1781 396 1814 in
412 1787 495 1815 sanetum
511 1781 540 1814 dei
556 1781 608 1814 irruit
625 1786 643 1815 et
658 1781 718 1825 gladio
734 1787 788 1825 caput
803 1781 842 1815 eius

140 1835 245 1879 amputauit,
254 1834 297 1878 (xiii.
306 1835 340 1869 kal.
350 1833 421 1876 luniitt
443 1833 508 1877 ⁵Quod
517 1834 582 1869 videns
594 1834 631 1870 filia
642 1834 692 1879 regis
706 1834 753 1878 Offe,
765 1833 843 1879 procidit

140 1900 161 1923 se
171 1890 190 1922 in
201 1894 274 1929 terram,
286 1888 361 1922 dicens:
374 1887 455 1922 ‘Gratias
464 1899 498 1932 ago
509 1888 547 1928 tibi,
558 1887 632 1922 domine
645 1888 700 1922 lhesu
712 1888 790 1929 Christe,
800 1888 841 1932 quia

140 1952 215 1976 seruum
228 1946 279 1975 tuum
293 1941 425 1980 Ethelbertum,
437 1942 498 1975 carnis
513 1940 568 1974 hodie
583 1941 675 1984 ergastulo
690 1941 769 1985 gloriosa
784 1946 842 1975 morte

140 1997 230 2036 eductum,
242 1994 351 2038 participem
362 1993 403 2028 fieri
414 1995 487 2028 uoluisti
496 1994 592 2029 celestium
604 1993 721 2037 gaudiorum?
745 1994 768 2029 Et
779 1996 840 2029 statim

113 2055 131 2086 55
140 2048 163 2081 ad
171 2058 203 2080 eos
211 2048 242 2090 qui
250 2047 349 2079 aduentum
357 2046 425 2078 domini
433 2046 461 2079 sui
469 2046 513 2079 foris
521 2047 674 2089 prestolabantur,
682 2047 791 2080 exclamauit
797 2058 842 2081 uoce

140 2109 207 2142 magna
214 2099 277 2133 dicens
284 2099 302 2132 ⁰:
315 2098 374 2140 ‘Quid
382 2099 411 2132 hic
423 2098 468 2132 soris
477 2097 584 2142 expectatis,
592 2098 626 2131 vin'
638 2098 706 2132 fortes?
721 2098 765 2143 quid
776 2109 842 2142 expec-

139 2157 200 2186 tantes
211 2151 332 2185 desideratis?
355 2150 481 2184 Reuertamini
492 2152 516 2185 ad
526 2156 595 2185 terram
606 2151 705 2185 natiuitatis
714 2157 781 2193 vestre,
792 2157 810 2186 et
821 2161 842 2186 ea

140 2216 175 2250 que
184 2205 207 2238 de
216 2215 261 2248 rege
272 2214 335 2238 eorum
346 2204 392 2237 lacta
403 2208 451 2246 sunt,
459 2203 583 2238 Orientalibus
593 2203 658 2247 Anglis
669 2203 756 2239 nunciare
766 2214 841 2249 proper-

139 2264 174 2292 ate.
189 2258 290 2302 Amputato
298 2257 347 2291 enim
355 2256 419 2301 capite,
428 2256 504 2300 dignum
512 2267 573 2291 coram
582 2256 616 2291 deo
625 2257 722 2301 compleuit
730 2257 842 2292 martirium!

111 2323 131 2352 40
140 2311 192 2353 Quod
204 2311 230 2344 illi
241 2311 347 2352 audientes;
363 2320 405 2343 cum
416 2315 495 2343 mortem
507 2311 575 2343 domini
587 2309 616 2344 sui
628 2310 692 2344 ulcisci
703 2321 741 2344 non
754 2311 842 2350 valerent,

139 2374 181 2397 cum
193 2374 259 2406 magno
272 2362 338 2395 eiulatu
348 2366 366 2396 et
376 2362 449 2406 planetu
460 2363 483 2396 ad
495 2362 570 2406 propria
581 2368 703 2397 reuertuntur.
726 2363 779 2397 Tunc
790 2364 841 2407 virgo

139 2417 223 2459 Alftrida,
232 2415 297 2460 spiritu
308 2420 372 2450 sancto
384 2415 459 2459 repleta,
470 2415 563 2460 ingemuit,
572 2415 661 2460 pleraque
671 2415 725 2450 matri
737 2427 771 2451 sue
782 2415 842 2450 futura

139 2469 224 2514 predixit,
232 2480 268 2513 que
276 2469 310 2504 sibi
318 2470 436 2513 postmodum
447 2468 545 2513 contigisse
555 2468 673 2504 manifestum
684 2470 722 2504 fuit.
739 2469 841 2509 ‘Triennio

160 2563 326 2600 ¹T.quesoproditor.
366 2563 413 2593 ²Vit.
421 2563 496 2600 quolibet,
504 2568 520 2593 et
528 2573 558 2593 om.
598 2563 720 2601 teimptato.
757 2560 841 2593 *xiiiual

140 2603 267 2638 Iunii,0m.inT.
308 2603 357 2632 ⁵The
365 2603 455 2633 restisom,
464 2604 481 2632 in
489 2603 523 2633 Ric.
533 2603 564 2633 Cir.
605 2601 711 2634 ⁰T.etdixit.
