1762 2803
247 120 293 176 De
308 119 408 174 &aaut
423 120 546 175 anaante.
721 125 749 177 63

51 241 121 277 Hostes
129 241 168 277 eius
178 242 225 278 circa
235 253 275 277 eam
286 246 335 283 sunt,
343 248 361 277 et
368 242 409 287 ipsa
417 243 440 277 de
447 242 485 277 vita
495 242 576 283 sollicita,
586 240 666 286 confugit
677 242 700 276 ad
711 251 751 284 nos,

47 296 149 340 presidium
157 306 241 341 querens.
265 296 306 331 Hoc
315 296 371 340 plane
380 300 408 330 est
418 301 436 330 et
445 295 506 330 anime
517 295 608 331 hominis:
620 295 667 329 Nam
677 305 718 330 curn
728 294 751 328 de

48 359 126 394 corpore
138 350 180 392 exit,
194 361 238 385 mox
250 349 318 384 inimici
331 349 364 391 sui,
375 349 450 394 maligni
462 349 531 385 scilicet
544 349 625 394 spiritus,
636 348 667 394 qui
679 360 720 383 eam
732 347 751 383 in

48 414 125 447 corpore
135 405 233 448 degentem
241 415 275 448 per
284 404 383 439 amfractus
395 404 480 438 vitiorum
493 404 555 439 multis
567 403 626 438 modis
637 413 751 448 persequun-

48 461 78 489 tur
83 456 94 497 ¹,
102 457 200 491 crudeliter
207 462 277 498 assunt,
285 457 343 502 parati
351 467 392 491 eam
402 467 467 501 rapere
475 461 493 490 et
500 457 519 491 in
528 461 606 491 mortem
617 462 701 491 eternam
709 466 751 500 pre·
760 463 769 494 5

48 509 129 553 cipitare.
151 510 177 544 At
184 511 229 555 ipsa,
237 511 293 545 nimis
301 511 360 552 anxia,
368 511 404 544 huc
412 510 491 554 illucque
500 511 629 553 circumspicit,
637 515 656 543 et
664 510 751 543 auxilium

47 561 136 597 ineffabili
151 562 242 597 desiderio
256 563 373 608 concupiscit.
396 562 489 597 Demones
503 573 548 597 vero
561 562 622 597 rident
635 567 653 597 et
665 562 751 607 gaudent,

48 615 64 649 si
77 616 127 649 illam
142 617 228 661 suffragio
243 617 348 652 destitutam
363 616 469 651 inueniunt?
493 616 534 658 Quo
545 617 598 657 dicto,
611 615 689 651 bestiam
704 616 751 650 vltra

47 668 135 712 persequi
146 669 207 712 palam
217 669 294 704 canibus
304 669 404 710 interdixit,
413 669 448 703 iter
459 679 513 703 suum
524 669 587 713 carpit,
598 674 616 703 et
625 669 657 702 illa
668 669 691 702 ab
700 668 751 702 omni

48 720 119 755 lesione
134 720 221 757 immunis
236 722 299 759 euasit.
328 715 380 757 Puer
390 721 464 766 quidam
478 722 545 766 pedem
560 722 600 756 auis
612 722 707 756 cuiusdam
720 721 751 756 filo
760 730 780 752 10

48 773 124 817 ligatum
132 774 212 818 habens3
222 786 263 809 cum
271 776 314 820 fuga
321 775 356 809 sibi
366 776 462 809 consulere
470 780 488 809 et
498 775 562 819 sepius
572 775 645 809 auolare
656 775 751 816 niteretur,

48 838 100 872 puer,
111 833 189 862 retracto
200 829 223 862 ad
235 839 256 862 se
268 829 299 862 filo
309 839 363 862 auem
375 827 480 868 deiicienst,
490 827 557 872 ingens
568 827 603 862 sibi
613 828 700 872 gaudium
710 838 751 872 pro-

48 881 130 915 uocabat.
153 881 206 924 Quod
214 881 280 915 videns
290 882 398 922 Anselmus‚
409 880 507 923 condoluit,
515 886 534 915 et
541 885 561 915 vt
568 886 622 925 rupto
633 880 664 915 filo
672 881 751 916 libertati

48 934 162 975 redderetur,
180 934 254 978 optauit.
277 935 300 968 Et
317 945 359 968 ecce
376 934 428 968 iilum
443 934 540 978 rumpitur,
555 934 628 968 euolat³
643 933 688 975 auis,
705 944 752 978 puer

48 986 113 1031 plorat,
123 991 141 1021 et
152 993 205 1031 pater
216 987 292 1029 exultat,
301 987 376 1022 dicens:
388 986 458 1021 ‘Simili
469 986 616 1021 consideratione
627 987 697 1021 iocatur
708 987 751 1031 dya-
760 996 779 1028 15

48 1040 102 1073 bolus
116 1050 157 1073 eum
171 1039 233 1073 multis
248 1040 358 1081 hominibus,
373 1050 419 1084 quos
435 1040 474 1074 suis
489 1040 560 1084 laqueis
574 1040 655 1074 irretitos
670 1051 704 1084 pro
719 1050 752 1074 sua

48 1094 142 1127 voluntate
149 1094 168 1127 in
177 1094 250 1128 diuersa
257 1094 301 1128 vitia
311 1093 405 1137 pertrahit.
428 1093 476 1128 Sunt
486 1094 535 1128 enim
547 1094 621 1138 quidam
632 1094 710 1128 auaricie
718 1104 751 1129 seu

48 1146 121 1180 luxurie
131 1152 149 1180 et
160 1146 247 1180 similium
257 1146 337 1181 flammis
349 1147 438 1188 succensi,
448 1153 467 1181 et
477 1158 500 1181 ex
511 1148 559 1181 maia
571 1147 704 1182 consuetudine
715 1146 751 1181 illis

49 1199 120 1235 addicti.
144 1199 179 1234 His
191 1199 278 1244 contingit
290 1199 388 1244 aliquando
399 1205 419 1234 vt
430 1211 463 1235 sua
473 1200 519 1234 sacta
531 1199 654 1243 considerent,
666 1200 751 1241 defleant,

49 1263 107 1296 seque
122 1254 188 1287 amodo
199 1264 210 1287 a
223 1253 289 1288 talibus
303 1259 407 1288 cessaturos
420 1253 455 1288 sibi
469 1253 580 1298 promittant.
603 1254 632 1288 En
646 1264 698 1288 more
711 1253 751 1287 auis
759 1264 779 1285 ro

49 1305 118 1340 liberos
132 1306 194 1340 volare
207 1317 228 1340 se
241 1307 332 1341 estimant.
355 1307 393 1341 Sed
406 1307 448 1351 quia
463 1317 521 1352 prauo
532 1317 567 1341 vsu
579 1306 644 1341 irretiti
659 1307 682 1341 ab
697 1307 751 1342 hoste

48 1363 141 1399 tenentur,
152 1359 236 1393 volantes
246 1359 265 1393 in
278 1360 343 1394 eadem
351 1359 395 1394 vitia
405 1359 519 1394 deliciantur.
542 1359 581 1394 Nec
590 1360 665 1394 omnino
677 1360 751 1394 liberari

48 1412 116 1453 valent,
128 1412 164 1446 nisi
176 1422 243 1456 magno
255 1418 321 1446 conatu
334 1423 368 1456 per
379 1418 484 1456 respectum
498 1413 556 1456 gratie
568 1412 604 1454 dei,
618 1412 679 1446 sunis⁴
694 1424 752 1456 praue

49 1464 187 1499 consuetudinis
196 1465 319 1510 dirumpatur.¹
344 1458 412 1500 Tertio
419 1476 454 1510 per
461 1464 586 1499 internuncios
593 1464 685 1499 licentiam
693 1471 752 1500 trans-

49 1517 129 1551 fretandi
142 1529 154 1551 a
165 1529 209 1563 rege
221 1518 279 1562 petiit.
301 1518 394 1553 Turbatur
407 1529 446 1561 rex,
460 1524 478 1553 et
492 1517 570 1552 nimium
583 1529 604 1553 se
615 1518 680 1553 vexari
692 1519 715 1553 ab
730 1530 753 1553 eo
761 1530 780 1561 25

49 1571 104 1604 anxie
110 1571 197 1615 queritur.
214 1571 315 1605 Anselmus
321 1572 354 1606 ait:
364 1572 398 1605 ‘Et
404 1572 484 1615 quidem,
491 1573 540 1615 quod
549 1571 628 1606 Romam
636 1572 663 1605 ire
669 1572 752 1617 dispono,

49 1634 104 1658 causa
115 1629 178 1659 sancte
186 1624 327 1659 Christianitatis
337 1636 392 1669 quam
399 1625 418 1659 in
426 1625 460 1659 hac
468 1629 518 1659 terra
527 1635 593 1669 regere
603 1624 682 1669 suscepi,
689 1635 753 1660 causa-

49 1688 86 1721 que
94 1676 157 1712 salutls
165 1677 226 1712 anime
234 1688 281 1720 mee,
289 1689 344 1713 causa
352 1679 407 1713 etiam
413 1679 442 1713 sui
448 1678 524 1713 honoris
530 1684 548 1713 et
555 1678 643 1720 Vtilitatis,
652 1678 669 1713 si
676 1680 752 1714 credere

49 1731 99 1771 velit,
107 1731 125 1764 id
133 1741 173 1774 ago.
196 1731 217 1765 Si
225 1742 269 1775 ergo
277 1732 326 1766 bono
335 1732 397 1766 animo
406 1732 498 1766 licentiam
508 1731 580 1766 dederit
590 1730 651 1772 eundi,
661 1732 753 1776 gratiosus

50 1785 150 1828 accipiam:
162 1784 182 1817 Si
194 1794 237 1825 non,
245 1795 279 1827 ego
290 1785 358 1828 vtique,
371 1786 419 1829 quod
431 1786 477 1819 deus
490 1785 579 1830 precepit,
591 1790 703 1830 postponere
715 1796 752 1819 non
761 1797 781 1827 30

50 1838 115 1878 debeo,
134 1836 176 1880 quia
195 1836 284 1880 scriptum
303 1843 342 1871 est:
362 1838 458 1872 “Obedire
478 1843 550 1880 oportet
567 1838 602 1871 deo
621 1837 680 1880 magis
697 1848 752 1881 quam

50 1889 182 1924 hominibus.'’'
205 1889 258 1931 Quod
272 1901 306 1923 rex
318 1890 400 1931 audiens,
411 1891 483 1924 turbato
496 1889 557 1923 animo
568 1889 618 1923 iubet
628 1895 648 1924 vt
658 1895 689 1923 aut
699 1895 753 1934 cepto

51 1942 132 1984 desistat,
140 1948 158 1976 et
168 1942 244 1986 insuper
255 1953 276 1976 se
285 1953 379 1986 nunquam
388 1943 462 1977 beatum
472 1942 547 1976 Petrum
557 1942 587 1976 vel
597 1943 661 1976 sedem
671 1942 711 1977 eius
719 1953 753 1988 pro

50 1996 131 2039 quolibet
141 1995 214 2038 negotio
224 1996 359 2038 appellaturum
369 1996 487 2030 iureiurando
495 1996 593 2039 promittat,
604 2000 634 2029 aut
644 1994 685 2029 sine
695 2006 752 2037 mora,

51 2048 102 2083 omni
109 2059 143 2093 spe
151 2047 244 2083 remeandi
252 2048 328 2089 sublata,
336 2059 370 2083 suo
378 2059 436 2092 regno
444 2048 530 2083 discedat.
554 2048 577 2082 Et
585 2048 667 2083 subdens
674 2048 709 2083 ait:
721 2048 752 2083 ‘Si
761 2053 780 2084 ³5

51 2113 95 2136 vero
106 2101 180 2136 territus
192 2100 237 2143 istis,
249 2106 301 2145 cepto
312 2101 401 2136 desistere
414 2106 431 2135 et
444 2112 541 2136 remanere
552 2101 634 2146 elegerit,
645 2106 688 2135 tunc
698 2101 753 2136 volo⁵

51 2155 112 2197 michi,
123 2160 177 2199 prout
187 2154 273 2189 iudicabit
284 2153 334 2188 curia
346 2165 392 2195 mea,
404 2156 496 2196 emendet,
507 2154 594 2199 quoniam
605 2154 649 2188 illud
660 2154 695 2188 sibi
709 2165 753 2189 con·

52 2208 92 2243 cedi
103 2219 114 2243 a
124 2218 154 2243 me
165 2208 219 2244 tertio
231 2207 287 2252 petiit,
298 2208 317 2242 in
329 2217 365 2252 quo
379 2219 400 2243 se
412 2213 574 2253 perseueraturum
587 2212 647 2243 certus
659 2219 696 2242 non
708 2208 753 2243 suit?

53 2261 157 2305 Respondit
169 2261 282 2295 Anselmus:
295 2260 396 2294 ‘Dominus
408 2266 447 2295 est:
462 2262 510 2305 quod
522 2261 560 2295 vult
570 2260 617 2295 dicit.
641 2260 680 2303 Ego
690 2266 753 2295 tamen

52 2314 113 2348 sciens
124 2314 148 2348 ad
160 2314 203 2357 quid
216 2319 321 2357 assumptus
333 2324 374 2347 sum
379 2313 391 2354 ⁶,
404 2319 422 2347 et
434 2314 477 2356 quid
489 2313 508 2347 in
520 2313 587 2356 Anglia
598 2314 700 2356 gerendum
712 2324 753 2348 sus·
761 2330 782 2361 40

52 2367 139 2411 ceperim,
156 2367 264 2412 cuiusquam
278 2365 377 2401 transitorii
394 2366 465 2400 comodi
482 2376 537 2400 causa
552 2376 590 2400 non
607 2365 690 2401 omittam
705 2368 754 2412 quod

52 2419 117 2454 suturis
130 2420 244 2464 temporibus
255 2419 332 2454 ecclesie
344 2419 373 2453 dei
384 2419 428 2453 vtile
442 2419 481 2453 sore
495 2418 582 2462 cognouit
605 2419 658 2464 Rege
668 2419 724 2464 igitur
736 2426 755 2455 et

52 2473 150 2507 curialibus
161 2479 224 2507 contra
232 2472 283 2507 illum
292 2473 311 2507 iu
323 2472 369 2506 iram
380 2472 475 2507 commotis
480 2471 492 2514 ⁷,
505 2472 576 2516 placido
588 2473 639 2508 vultu
648 2473 755 2518 ingreditur,

73 2540 203 2579 ¹Vit.persecuti
211 2546 252 2572 sunt.
305 2541 431 2571 '¹T.dehiciens.
487 2540 534 2571 “vit
542 2541 598 2573 avolat
652 2543 700 2574 'Vit
708 2545 755 2574 filum.

52 2581 58 2598 ⁰
68 2580 99 2612 Vit.
105 2583 141 2612 volo
146 2582 225 2620 quatinus.
285 2581 331 2612 ”vit
339 2581 374 2612 sim.
434 2579 440 2598 ⁷
451 2581 469 2612 E.
477 2585 569 2613 commotus.
