1762 2803
122 87 181 168 v434
223 166 224 169 ,
327 108 408 162 lituu
424 104 541 169 termut
556 105 649 169 nupto.
717 106 838 154 [treuna.

135 230 202 266 dicturi
214 230 333 265 narrabimus.
356 230 452 272 Quandam
468 228 498 263 dei
513 228 600 263 famulam
615 228 700 263 nouimus
714 233 732 262 et
743 227 838 272 virginem,

136 296 172 329 que
191 283 298 329 frequenter
316 283 335 318 in
354 283 442 325 oratione,
461 283 505 317 dum
524 283 600 327 spiritus
619 282 677 317 sancti
696 282 839 316 succenderetur

136 348 199 372 amore
205 337 216 378 ¹,
224 347 298 371 sursum
308 336 327 369 in
337 346 399 370 aerem
409 336 505 369 subleuata
514 336 573 369 stabat
583 335 675 369 orationes
683 344 726 368 suas
733 333 839 378 perficiens.

137 389 191 432 Quod
199 388 281 423 similiter
288 388 348 422 abbati
356 388 429 423 cuidam
440 387 530 433 religioso,
538 398 594 432 quem
604 388 648 423 satis
660 388 785 431 cognouimus,
793 386 839 420 acci·

119 442 200 485 5disse²
214 442 335 486 percepimus.
364 441 448 486 Denique
465 442 563 486 aliquando
580 442 603 477 de
620 441 676 476 rebus
694 440 732 476 suis
749 438 839 485 quedaml

137 495 206 530 cistelle
217 500 279 530 nostre
287 495 413 539 imposuimus,
421 494 504 539 diligenti
514 506 557 529 cura
565 494 616 529 clauc
626 494 686 529 ferrea
696 493 796 534 firmantes,
804 503 839 537 que

137 549 255 592 postmodum
262 548 294 582 illa
302 549 386 582 obserata
396 549 451 582 archa
458 548 514 582 mand
521 549 595 582 tenebat
603 548 657 582 nobis
667 549 772 581 ostendens.
791 546 839 587 Quid

137 613 181 645 ergo
188 600 256 635 mirum
267 601 283 635 si
291 601 377 635 dominus
385 612 479 635 sacrarum
486 601 577 645 virginum
586 612 666 644 sponsus
674 600 734 643 aliqua
744 599 790 633 mira
798 608 839 632 cum

137 655 173 689 illis
187 660 277 699 operatur,
291 655 371 689 Romam
384 665 416 689 eas
429 655 537 689 deducendo
549 659 603 698 atque
616 653 710 688 Coloniam
722 653 839 688 reducendo?

110 722 130 744 10
138 709 186 744 Ecce
199 720 240 743 cum
254 709 283 743 hic
295 709 367 752 nuper⁴
379 709 428 743 idem
441 709 523 743 notarius
535 718 592 752 super
604 708 712 752 quibusdam
725 718 761 752 que
773 707 792 740 in
806 707 840 742 hoc

138 762 254 796 continentur
261 761 354 795 volumine
363 763 428 795 dubius
439 761 527 794 hesitaret
535 761 632 801 miraculis,
640 761 666 793 illi
675 760 739 794 celitus
747 760 840 793 dicebatur

138 815 180 858 quia
191 814 236 857 ‘que
252 813 342 857 scripsisti
353 814 428 847 omnino
440 823 483 847 vera
495 814 558 855 sunt';
574 818 628 857 alque
640 813 699 847 adhuc
711 817 760 846 tanta
772 816 790 846 et
803 817 839 846 tam

138 866 233 900 miranda⁵
244 866 293 899 inter
303 866 378 899 easdem
391 865 471 908 virgines
485 865 570 899 dominus
582 865 660 908 patrauit
674 864 766 905 miracula,
778 874 813 907 que
824 864 839 898 si

138 920 207 965 scripta
215 918 279 960 forent,
287 918 319 952 vix
326 917 392 963 aliquis
400 918 495 952 hominum
502 918 543 953 illas
551 918 644 952 credendo
652 918 708 952 fidem
716 918 806 961 preberet.

175 1000 190 1039 ll
202 999 255 1043 Quod
263 1011 296 1035 rex
305 998 403 1035 Olofernes
411 999 478 1034 Vrsule
488 1010 568 1045 sponsus
576 999 663 1034 diuinitus
671 999 742 1034 iubetur
750 998 802 1044 sequi

412 1063 566 1095 sponsamlsuam.

112 1115 129 1145 Ι5
161 1103 242 1155 Maligni
252 1116 313 1145 autem
323 1109 398 1154 spiritus
406 1110 437 1155 qui
449 1111 472 1144 ad
484 1111 556 1144 illarum
567 1115 657 1144 venerant
669 1109 771 1145 discessum
780 1115 840 1154 temp-

138 1170 197 1199 tantes
208 1163 223 1198 si
232 1164 300 1208 aliquid
311 1163 340 1198 sui
351 1164 396 1198 iuris
407 1164 426 1198 in
438 1163 464 1198 eis
475 1164 584 1207 reperirent,
595 1164 691 1199 frustratos
703 1174 745 1198 sese
757 1164 840 1198 dolentes

138 1217 269 1262 aggrediuntur
279 1216 373 1261 principes
385 1227 464 1261 quorum
473 1217 509 1251 filie
521 1227 631 1261 sororesque
642 1216 724 1251 abierant
733 1222 751 1251 et
759 1221 841 1260 cognate,

139 1272 202 1305 dolore
217 1270 272 1304 nimio
287 1270 359 1303 illorum
374 1271 433 1304 corda·
444 1270 530 1304 sauciant.
560 1270 613 1304 Adeo
629 1270 706 1304 reuera⁰
721 1269 841 1314 plurimorum

139 1333 200 1358 meror
208 1323 267 1357 extitit
277 1322 339 1366 grauis
351 1333 407 1366 super
415 1322 486 1357 illarum
494 1322 581 1365 absentia,
589 1328 609 1357 vt
616 1322 647 1357 vix
659 1322 720 1356 multis
727 1321 841 1366 temporibus

112 1389 131 1409 zo
139 1374 268 1408 consolationis
279 1374 370 1407 medelam
380 1375 487 1418 reciperetl.
510 1375 561 1408 Sicut
569 1374 618 1407 enim
627 1374 695 1417 Egiptii
702 1375 795 1417 quondam
803 1374 841 1406 suis

139 1427 264 1472 spoliabantur
271 1426 384 1471 principibus
392 1432 410 1462 et
418 1427 477 1463 charis
488 1428 508 1462 in
520 1427 565 1462 mari
577 1428 632 1462 rubro
644 1427 734 1463 demersis
739 1428 751 1470 ⁸,
759 1427 783 1462 ita
792 1436 840 1461 nunc

140 1482 197 1515 multa
206 1480 320 1524 [terra]rum⁹
327 1492 384 1524 regna
391 1479 517 1515 illustrissimis
526 1480 627 1524 spoliantur
634 1479 740 1524 virginibus,
748 1479 841 1521 matronis,

140 1541 159 1569 et
172 1535 296 1579 principibus3
313 1534 397 1578 quocirca
410 1534 461 1578 graui
473 1540 549 1579 gemunt
560 1534 615 1577 luctu,
628 1534 694 1568 ssentes
706 1545 799 1579 nunquam
812 1544 841 1568 re·

140 1597 232 1621 uersuras.
254 1588 321 1620 Adhuc
336 1593 397 1621 autem
412 1587 464 1620 dolor
475 1587 548 1621 additur
560 1587 618 1621 dolori
630 1587 689 1621 letalis
703 1587 761 1621 terme
773 1593 791 1621 et
803 1586 841 1621 exi·

113 1650 131 1680 25
140 1639 194 1680 tialis,
202 1649 243 1672 cum
253 1638 272 1671 in
283 1637 334 1671 breui
343 1643 386 1680 post
396 1638 444 1671 filius
456 1639 505 1682 regis
517 1649 550 1672 rex
561 1638 633 1672 iuuenis
640 1639 652 1657 ¹⁰
661 1638 758 1673 Olofernes
769 1638 841 1672 inclitus

140 1697 159 1726 et
174 1690 215 1736 pius
230 1691 299 1734 totique
314 1691 382 1734 populo
398 1691 464 1724 charus
480 1695 498 1725 et
512 1696 604 1734 acceptus,
619 1691 673 1725 beate
687 1690 762 1734 virginis
775 1690 841 1725 Vrsule

141 1754 226 1790 sponsus,
238 1744 296 1787 gratia
307 1743 407 1787 inspiratus
419 1743 480 1778 diuina
493 1743 571 1788 patriam
585 1748 603 1778 et
615 1754 692 1788 regnum
704 1744 791 1779 deserere
807 1743 842 1778 dis-

140 1797 207 1844 posuit,
223 1798 253 1842 qui
267 1807 311 1841 spes
323 1796 378 1831 totius
390 1801 439 1830 terre
445 1795 457 1815 ¹¹
468 1795 517 1831 illius
531 1796 590 1831 extitit
602 1801 620 1831 et
631 1796 688 1841 regni.
709 1796 752 1841 lpse
764 1797 842 1842 quidem,

140 1852 202 1886 diuino
214 1850 271 1885 fretus
283 1850 350 1884 auxilio
362 1850 462 1894 celestique
473 1850 545 1884 adiutus
556 1850 678 1892 amminiculo,
690 1861 778 1894 sponsam
790 1861 842 1885 suam

113 1919 133 1948 30
141 1903 278 1946 exercitumque
286 1903 339 1944 illius,
347 1903 419 1946 piarum
426 1903 517 1945 virginum
528 1902 605 1945 agmina,
613 1903 674 1936 animo
682 1903 784 1946 insequitur
791 1902 843 1942 virili,

141 1954 223 2000 angelica
237 1954 349 1999 protectione
365 1956 459 1990 deductus.
482 1955 550 1990 Beatus
566 1954 634 2000 quippe
647 1954 739 1990 lohannes
751 1954 843 2000 apostolus

141 2015 196 2054 atque
207 2008 284 2054 angelici
292 2008 365 2053 quidam
376 2008 451 2053 spiritus
461 2019 507 2053 sepe
518 2007 544 2043 illi
554 2008 644 2044 affuerunt
653 2008 685 2053 [et]
693 2008 724 2054 pie
732 2009 843 2044 deducentes

142 2073 207 2098 cuma
220 2062 341 2106 malignorum
356 2062 452 2106 spirituum
467 2062 584 2096 infestatione
599 2063 723 2097 defensabant.
746 2063 782 2097 Hic
795 2063 843 2096 idem

141 2126 186 2149 vero
197 2115 307 2157 euangelista
317 2115 432 2148 dulcissimus
442 2116 464 2147 ab
472 2115 513 2158 ipso
525 2115 625 2149 earundem
634 2115 726 2158 virginum
737 2116 843 2159 peregrina-

115 2175 134 2205 35
142 2166 196 2200 tionis
212 2166 287 2199 exordio
298 2177 372 2209 semper
383 2166 419 2200 illis
430 2167 498 2207 aderat,
511 2167 530 2200 in
542 2168 590 2200 bono
602 2167 707 2202 confortans
722 2167 815 2212 proposito
826 2170 843 2200 et

142 2229 201 2263 usque
212 2218 231 2251 in
242 2220 298 2252 finem
310 2229 341 2252 eas
352 2221 383 2263 pia
394 2219 507 2253 solicitudine
519 2220 624 2263 gubernans
629 2220 646 2253 ¹².
668 2221 752 2266 Cumque
759 2222 809 2255 idem
819 2219 843 2252 iu-

143 2271 197 2307 uenis
208 2281 250 2306 cum
261 2272 300 2306 suis
312 2271 407 2306 comitibus
419 2272 500 2316 virgines
514 2283 575 2307 sacras
586 2283 659 2308 summa
669 2273 797 2318 insequeretur
808 2273 844 2307 fes-

143 2324 224 2366 tinantia,
229 2326 317 2358 demones
325 2324 377 2358 illum
385 2325 490 2369 frequenter
495 2326 507 2345 '³
515 2326 626 2370 impetentes
633 2327 727 2361 retrahere
736 2328 844 2367 nitebantur,

144 2379 192 2414 mala
203 2382 328 2422 suggerentes.
351 2378 386 2421 Qui
398 2379 427 2412 dei
439 2384 531 2423 protectus
543 2380 624 2415 custodia
635 2380 754 2426 angelicoque
764 2379 844 2415 munitus

165 2453 198 2483 ¹13.
206 2453 264 2482 calore.
309 2452 435 2482 ²E.accedisse.
480 2454 515 2484 ³13.
524 2455 590 2484 cuidam.
630 2455 665 2486 ίΒ.
673 2465 724 2492 nuper
735 2457 765 2486 hic.
809 2453 844 2481 θΒ·

144 2491 241 2522 admiranda.
288 2491 323 2520 αΒ.
331 2500 373 2521 vero.
420 2491 557 2530 ⁷B.reciperent.
605 2494 639 2524 ΕΕ.
647 2494 719 2524 diuersis.
764 2494 798 2523 ΒΕ.
806 2490 844 2521 mul·

144 2537 199 2563 tarum.
252 2530 264 2549 ¹⁰
275 2530 293 2560 B.
301 2530 356 2560 iunior.
409 2530 502 2572 uBregni
510 2538 542 2565 ent.
550 2537 591 2564 terre
599 2533 645 2565 illins.
699 2533 710 2552 ¹²
721 2533 739 2565 B.
747 2531 843 2574 gubernauit·

144 2573 155 2592 ¹³
167 2574 185 2603 E.
193 2572 289 2609 frequentes.
