1762 2803
46 167 179 207 nunnus]
202 145 668 207 Ueb.eumunuoteneetnnttute;
700 152 744 204 605

46 274 116 310 antistes
123 280 156 304 nec
164 268 254 303 minimum
261 267 302 312 quid
310 267 394 303 reseruari
401 267 460 309 voluit,
467 273 493 302 set
501 267 519 302 in
527 273 564 303 toto
569 267 668 303 conserens¹
679 279 747 303 monas-

46 326 87 360 terio
98 319 222 356 iurisdiccionis
234 330 264 353 sue
275 319 382 362 dignitatern,
390 330 442 362 quam
454 319 478 352 illi
489 319 584 353 contulerat
595 320 617 353 ob
631 319 747 353 reuerenciam

47 374 99 411 sancti
111 371 205 411 Edmundi,
213 376 230 403 et
238 370 256 403 in
265 370 325 403 ceteris
335 370 415 403 omnibus
425 370 523 403 ministrans
533 370 558 403 eis
568 380 618 404 suum
629 369 718 403 consilium
730 375 747 402 et

47 423 142 468 presidium.
165 420 254 452 Didicerat
267 420 312 451 enim
325 420 342 452 in
356 430 386 452 sua
401 420 473 452 ecclesia
487 421 509 452 de
525 421 570 462 Hely
582 421 628 452 idern
642 421 704 462 presul,
717 420 746 452 ubi

47 474 127 508 educatus
142 475 159 503 et
173 469 246 502 nutritus
260 469 321 510 tuerat,
336 474 400 512 quanta
418 469 518 512 grauamina
533 480 573 513 sepe
588 468 677 503 imminere
692 470 764 509 solent5

48 520 152 557 monasteriis
160 519 268 553 solummodo
276 519 374 553 constitutis
381 520 398 552 in
406 525 492 562 potestate
500 520 567 553 illorum
575 520 602 563 qui
611 520 666 562 tnagis
674 525 747 563 querunt

47 585 79 616 que
94 583 125 604 sua
138 575 183 608 sunt,
195 580 246 611 quarn
260 580 292 612 que
306 571 358 602 lhesu
370 570 439 610 Christi,
450 571 500 611 vnde,
513 570 554 613 quia
565 571 588 603 de
603 571 641 603 aliis
655 577 747 612 nequeunt,

48 620 183 656 dominacionem
191 630 212 651 ex
219 619 252 658 hoc
260 619 277 651 in
286 619 361 652 cenobiis
372 619 404 652 sibi
412 626 500 662 vsurpunt.
523 622 590 653 Statura
600 620 631 652 fuit
639 627 656 653 et
664 627 748 653 annotata

47 669 143 706 huiusmodi
155 668 232 701 dimissio
242 668 314 711 presulis
322 669 384 702 Alwini
396 680 427 712 pro
439 680 457 702 se
469 677 486 702 et
497 670 623 703 successoribus
635 670 669 703 suis
680 670 698 702 in
709 681 747 713 per-

48 727 115 765 potuum
126 729 172 752 anno
182 718 227 761 regis
239 719 300 752 Canuti
311 719 375 761 quinto.
399 720 419 751 lu
430 719 462 752 hiis
472 719 534 762 quippe
542 719 622 762 operibus
633 726 650 753 et
661 731 748 753 seruorum
758 731 776 754 ro

48 772 74 805 dei
82 770 139 803 multis
147 768 258 812 com[m]odis
266 776 283 803 et
290 770 445 811 administracione,
454 770 535 813 quamdiu
544 770 562 803 in
572 770 672 813 episcopatu
680 770 710 803 tuit
718 770 748 803 de·

48 824 118 855 lectatus
129 826 155 852 est
164 820 225 852 beatus
236 820 313 860 antistes,
323 827 340 854 et
351 820 368 853 in
380 820 481 862 reparandis
492 832 551 854 eorum
561 820 637 861 edificiis,
648 827 665 853 et
677 821 749 854 ecclesia

48 869 145 903 renouanda
152 869 214 910 iugiter
221 869 301 901 instabat.
323 871 376 901 Anno
387 869 471 911 siquidem
482 869 615 902 introductionis
626 870 749 902 monachorum

49 919 128 959 secundo,
143 918 231 952 destructa
245 918 317 952 basilica
332 919 402 963 antiqua
418 925 434 953 et
449 918 506 962 lignea
520 918 626 960 clericorum,
641 919 687 963 cepit
702 918 749 952 idem

48 970 136 1013 episcopus
144 975 243 1002 construere
250 979 319 1011 nouam,
328 969 424 1012 sumptibus
432 969 467 1003 suis
475 969 548 1012 propriis
556 979 590 1002 vna
597 979 637 1003 cum
647 969 719 1012 pecunia
727 969 749 1002 de
759 981 776 1012 ¹5

49 1020 128 1062 carnagio
135 1025 152 1052 et
160 1019 277 1052 oblacionibus
288 1019 404 1062 proueniente.
428 1020 484 1061 Quam
496 1020 634 1062 archiepiscopus
642 1020 749 1062 Agelnothus

48 1081 92 1104 anno
104 1069 141 1112 xij0.
154 1076 236 1112 sequente
249 1070 342 1112 perfectam
357 1077 375 1103 et
386 1070 488 1113 completam
501 1069 518 1103 in
532 1070 597 1103 honore
609 1069 677 1110 Christi,
689 1077 748 1103 sancte

50 1120 103 1152 ltlarie
117 1126 134 1152 et
150 1120 204 1152 sancti
220 1120 307 1152 Edmundi
321 1120 412 1159 dedicauit,
425 1130 471 1152 anno
483 1120 547 1153 domini
562 1120 647 1161 ltl⁰arxxj⁰.
669 1121 749 1153 Secunda

48 1170 131 1212 exetrptct'o
138 1170 195 1202 sancti
199 1168 395 1212 Edmmrdiperregem.
412 1170 451 1212 lpse
459 1180 526 1213 quoque
533 1181 561 1202 rex
570 1170 646 1203 Canutus
653 1169 749 1203 libertatem

49 1230 98 1262 quam
107 1230 135 1252 rex
143 1220 246 1253 Edmundus
255 1220 311 1253 eidem
321 1226 380 1253 sancto
391 1220 408 1253 et
418 1219 484 1253 clericis
494 1221 593 1260 contulerat,
601 1220 690 1253 monachis
701 1220 749 1253 dedit
758 1229 777 1251 ro

49 1276 66 1304 et
73 1269 185 1306 confirmauit,
190 1269 282 1303 adiciendo
290 1271 336 1312 quod
344 1270 467 1304 monasterium
473 1270 528 1303 sancti
535 1269 623 1303 Edmundi
631 1269 653 1303 sit
660 1281 691 1312 per
698 1281 749 1304 omne

49 1330 98 1352 euum
109 1319 198 1353 monachis
210 1320 310 1363 deputatum
323 1320 346 1353 ad
360 1320 496 1362 inhabitandum,
507 1325 525 1354 et
536 1320 559 1353 ab
571 1319 617 1354 omni
631 1319 750 1354 dominacione

49 1370 123 1402 omnium
134 1371 252 1413 episcopomm
262 1371 346 1411 liberum3
359 1372 382 1402 Et
394 1370 475 1412 quociens
487 1371 560 1412 populus
567 1370 656 1402 uniuersus
667 1371 750 1413 persoluit

49 1419 130 1453 censum²
138 1420 194 1454 Dahis
203 1421 259 1457 velad
268 1430 321 1454 naues
331 1430 361 1453 seu
371 1420 394 1454 ad
404 1430 457 1460 arma,
466 1420 564 1462 persoluant
575 1419 673 1454 habitantes
684 1420 702 1454 in
712 1419 751 1462 ipso

49 1469 100 1502 fundo
107 1470 169 1503 eadem
177 1470 199 1503 ad
205 1481 246 1503 usus
252 1471 381 1503 monachorum.
395 1470 482 1513 Deditque
488 1475 548 1503 sancto
554 1470 646 1503 Edmundo
652 1470 750 1503 theloneum
760 1479 778 1510 ²5

49 1519 120 1562 piscium
133 1520 257 1554 maritimorum
270 1521 316 1564 quod
329 1521 351 1554 ad
367 1520 423 1563 ipsum
438 1532 496 1563 regem
511 1519 608 1563 pertinebat
623 1520 719 1555 annualiter
733 1520 750 1555 iu

49 1571 101 1603 tundo
113 1571 193 1612 predicto,
202 1577 218 1605 et
230 1572 345 1614 piscacionem
357 1581 409 1614 quam
417 1571 488 1605 Vlllretil
499 1570 559 1604 habuit
570 1571 587 1604 in
597 1571 656 1611 Welle,
665 1576 682 1604 et
693 1571 751 1604 omnia

49 1619 84 1652 iura
95 1631 240 1664 quarumcumque
252 1632 342 1654 causarum
353 1621 371 1654 in
382 1621 426 1654 villis
437 1631 471 1663 que
482 1621 587 1654 monasterio
598 1621 679 1654 adiacent
689 1626 707 1654 et
718 1631 751 1663 que

49 1670 137 1703 adiciendo
146 1676 185 1704 sunt
193 1681 223 1713 per
231 1671 258 1704 dei
266 1671 347 1714 graciam.
370 1671 423 1704 Dedit
431 1682 498 1715 quoque
508 1671 566 1714 regine
574 1682 604 1704 sue
612 1681 702 1704 assensum
710 1671 751 1704 dare

50 1725 107 1753 sancto
115 1721 209 1754 Edmundo
217 1726 290 1764 quatuor
297 1721 343 1755 milia
350 1722 463 1763 anguillarum
472 1733 511 1755 cum
519 1722 617 1755 muneribus
625 1732 658 1764 que
667 1721 751 1764 pertinent
760 1731 780 1760 30

50 1769 71 1801 ad
83 1769 121 1804 illas
135 1783 166 1814 pro
178 1772 247 1805 annuali
261 1784 313 1806 censu
324 1772 343 1805 in
356 1772 396 1805 villa
408 1773 430 1806 de
443 1773 573 1815 Lakynghethe.
596 1773 636 1805 Hec
650 1772 709 1806 omnia
721 1784 751 1806 rex

51 1820 126 1853 Canutus
133 1832 205 1853 assensu
212 1822 288 1854 omnium
296 1833 384 1864 procemm
395 1822 442 1863 regni
453 1823 479 1855 sui
492 1823 549 1854 eidem
560 1828 621 1855 sancto
632 1823 727 1855 Edmundo
734 1829 752 1855 et

50 1870 138 1903 monachis
152 1871 186 1903 suis
199 1872 270 1904 contulit
283 1882 329 1904 anno
341 1872 389 1913 regni
402 1872 427 1904 sui
439 1872 547 1913 duodecimo,
558 1882 589 1915 per
602 1877 667 1904 camon
680 1883 713 1915 que
726 1873 751 1905 sic

50 1916 119 1962 incipit:
133 1920 164 1954 ‘ln
174 1922 242 1955 nomine
253 1921 354 1965 poliarchis!
380 1922 429 1955 Will.
439 1922 530 1956 delllulm.
540 1922 587 1956 11:2⁰
597 1923 618 1955 a'e
625 1924 680 1966 gestis
687 1924 751 1966 pontt]

50 1968 114 2003 Videns
127 1971 173 2004 enim
185 1978 251 2014 patrem
264 1983 313 2005 suum
325 1972 349 2005 sic
363 1972 444 2006 diuinitus
459 1983 490 2015 per
505 1978 583 2006 sanctum
598 1973 710 2006 Edmundum
725 1974 751 2007 in·
760 1981 779 2011 35

50 2023 155 2062 teremptum,
162 2022 222 2054 micius
230 2022 310 2064 deinceps
318 2032 357 2054 cum
365 2027 424 2054 sancto
430 2022 475 2062 egit3
488 2027 505 2054 et
512 2028 575 2055 terram
583 2022 627 2054 illius
634 2023 681 2055 fossa
688 2033 752 2065 magna

51 2067 165 2110 circumduxit,
176 2071 301 2104 immunitatem
312 2076 356 2104 terre
367 2071 422 2104 sancti
432 2077 489 2113 preter
499 2072 583 2104 fossatum
594 2072 616 2104 ab
628 2072 674 2104 omni
686 2078 752 2114 presta·

50 2117 98 2152 cione
106 2125 123 2153 et
131 2120 248 2162 inquietudine
256 2120 319 2154 tribuit.
342 2121 435 2154 Exactores
445 2131 512 2163 quoque
520 2120 627 2162 vectigalium
635 2121 664 2164 qui
671 2121 714 2154 alias
722 2132 753 2164 per

51 2169 130 2210 Angliam
136 2171 253 2204 debachantur
260 2171 287 2204 fas
294 2168 394 2214 nephasque
401 2170 447 2204 iuxta
453 2170 552 2211 mecientes,
557 2170 590 2204 sibi
599 2171 685 2214 supplices
693 2178 753 2206 contra

51 2218 132 2254 fossatum
146 2222 200 2255 sancti
215 2221 302 2255 Edmundi
316 2221 423 2263 litigaciones
435 2221 502 2255 sistunt.
525 2223 556 2255 Ex
567 2223 640 2255 cronr'cis
651 2223 672 2255 de
685 2223 722 2265 Ely
737 2227 753 2256 et
761 2232 781 2261 ⁴0

50 2269 136 2304 ltnzrrtzni.
164 2272 282 2307 ‘llConcessit
295 2272 364 2313 insuper
378 2282 407 2304 rex
421 2272 498 2304 Canutus
509 2272 598 2304 monachis
612 2272 630 2304 in
642 2278 753 2313 augmentum

50 2321 142 2354 venerandi
150 2321 182 2354 loci
191 2327 274 2355 eteorum
283 2321 369 2364 suffragia,
377 2321 469 2354 transferre
481 2332 553 2364 corpora
565 2328 663 2355 sanctorum
671 2321 752 2365 Botulphi

51 2370 131 2413 episcopi,
142 2379 159 2405 et
168 2373 238 2405 lurmini
246 2373 313 2405 clitonis
322 2372 390 2413 Christi,
399 2373 420 2405 de
432 2372 567 2414 Grundesburgh
578 2378 595 2405 et
605 2373 720 2414 Blideburghe
730 2373 752 2405 ad

51 2422 171 2456 monasterium
182 2422 237 2457 sancti
247 2422 341 2457 Edmundi.
364 2423 415 2465 Quod
427 2429 488 2466 postea
498 2428 576 2466 tempore
588 2423 674 2457 Leosstani
685 2422 752 2457 abbatis

51 2470 166 2515 sollempniter
180 2479 206 2506 est
221 2479 315 2507 executum.
346 2475 412 2516 Corpus
426 2484 500 2517 namque
515 2473 561 2507 beati
581 2474 661 2516 Botulphi
677 2472 780 2516 episcopius

52 2520 129 2559 primitus
144 2524 190 2565 apud
206 2524 351 2565 Grundesburghe
364 2525 453 2558 humatum
468 2530 499 2565 est,
515 2524 543 2557 vbi
558 2535 651 2557 concursus
663 2524 720 2566 populi
735 2529 753 2557 et
807 2537 808 2540 ¹

184 2599 190 2616 ¹
202 2611 213 2633 r.
221 2600 320 2633 conserebotl
500 2601 506 2618 ²
516 2600 550 2633 tls.
558 2610 622 2633 sensum.
