1762 2803
131 115 175 185 are
214 154 216 159 ⁴
380 107 519 169 *eruunt
536 110 568 155 u.

130 238 215 275 expertus,
228 237 245 266 et
256 236 275 267 vt
285 230 322 266 vidi
335 231 488 266 cauteriacionibus
501 243 521 266 ac
533 231 602 266 collirils
613 243 654 266 vsus
667 231 771 275 peroptimis,
779 234 832 272 eciam

129 283 201 316 fratrum
209 284 287 325 precibus
295 284 341 324 apud
348 283 400 315 deum
409 288 426 315 et
434 287 512 315 sanctum
522 283 634 315 Edmundum
644 282 719 322 adiutus,
728 282 771 316 infra
782 285 832 321 breue

130 338 199 374 tempus
212 333 290 374 sospitati
303 332 390 373 redditum
404 333 479 375 quadam
489 339 547 366 tamen
560 332 663 365 obscuritate
675 332 693 365 in
702 333 760 366 medio
772 337 832 376 pupille

130 382 180 415 vuius
195 382 240 415 oculi
254 393 285 424 pro
300 381 350 423 signo
364 387 469 415 remanente.
496 382 519 415 Et
533 382 566 415 hoc
578 387 605 414 est
618 381 665 423 quod
678 382 744 415 canitur
758 382 776 415 in
790 385 833 419 festo

114 440 122 470 5
131 431 249 465 translacionis
256 431 311 464 sancti
316 431 415 465 Edmundi:
424 431 461 465 ‘Ad
467 431 563 465 sedandum
568 430 657 465 consilium
663 430 753 474 discordie,
757 437 833 471 conantis

131 483 214 517 honorem
232 483 307 515 alienum
326 483 412 524 inuadere,
428 483 536 525 Edmundus,
552 483 604 526 digna
623 482 718 524 sanctitate,
736 483 833 525 pontificem

131 533 215 577 percussit
222 534 295 567 cecitate
302 544 306 568 ι
318 539 345 566 set
353 533 436 575 penitenti
443 544 488 575 pene
495 538 562 576 partem
569 532 645 573 donauit,
650 538 717 575 partem
724 544 755 576 pro
763 535 833 572 audacia

131 584 188 616 eidem
202 584 285 615 seruauit.¹
309 584 378 615 Deinde
391 585 447 625 presul
462 583 507 616 idem
520 583 537 615 in
551 583 579 615 die
591 583 636 615 festo
647 582 702 615 sancti
713 583 801 617 Edmundi
813 587 833 620 de

132 634 263 676 recuperacione
275 644 306 667 sua
318 633 390 667 verbum
401 632 441 667 lecit
452 633 475 666 ad
486 633 573 676 populum,
585 630 659 666 inuitans
672 642 711 665 eum
723 633 746 666 ad
758 633 834 670 eiusdem

105 693 124 716 10
133 684 188 720 sancti
196 685 319 725 deuocionem3
327 685 411 726 deumque
419 688 436 717 et
444 688 524 717 sanctum
532 682 622 717 Martirem
629 682 738 717 oracionibus
745 683 834 728 delictique

133 734 159 769 sui
170 734 282 776 confessione,
294 744 345 767 cause
356 734 411 767 eciam
422 743 452 767 sue
463 732 586 774 resignacione,
596 732 671 774 placans,
683 732 706 765 ad
717 734 785 776 propria
796 746 834 769 cum

133 785 196 827 gaudio
201 796 279 818 reuersus
285 784 486 826 est.-Setpostea,quod
493 783 524 816 sibi
530 783 579 825 peius
584 788 626 823 erat,
630 793 699 816 ornnem
705 784 835 825 promissionem

133 845 182 868 suam
192 834 247 876 fregit.
269 833 365 867 Restitutus
381 832 426 865 enirn
440 843 470 874 pro
482 843 545 873 magna
558 836 607 873 parte
620 832 694 872 sanitati,
710 833 834 875 calumpniam¹

133 894 183 918 suam
193 888 264 917 renouat
275 888 292 916 et
304 882 364 916 iterum
376 882 438 916 clamat
448 881 538 915 abbaciam
550 880 605 914 sancti
616 881 704 916 Edmundi
712 882 775 917 debere
782 884 834 926 redigi

106 944 125 975 15
134 935 166 969 sub
177 934 219 968 iuris
230 934 256 967 sui
267 933 348 967 dominio,
372 934 411 975 Qua
423 932 533 966 discucienda
544 931 646 974 calumpnia,
657 937 674 964 et
686 938 704 965 ut
716 932 836 976 intelligeretur

133 986 224 1018 comitatus
237 985 303 1026 exinde,
318 983 391 1015 mittitur
405 983 428 1016 ad
443 982 543 1016 suburbium
558 982 613 1014 sancti
627 982 716 1015 Edmundi
730 983 777 1025 regio
790 983 835 1018 iussu

135 1036 241 1068 Lanfrancus
250 1033 342 1067 Cantuarie
354 1033 417 1074 presul,
426 1034 459 1065 hac
469 1044 502 1073 pro
511 1044 529 1065 re
536 1031 627 1065 terminato
635 1031 700 1064 ibidem
709 1043 772 1065 nouem
784 1034 835 1066 comi-

135 1089 202 1117 tatuum
217 1089 261 1124 cetu,
276 1083 349 1116 Alfrvino
364 1081 464 1115 ramesiensi
479 1082 542 1115 abbate
555 1088 596 1114 tunc
609 1081 661 1123 pleno
674 1081 741 1115 dierum
755 1094 776 1115 ac
791 1094 836 1125 sene,

134 1133 182 1167 cuius
194 1132 311 1166 testimonium
323 1143 345 1165 ex
355 1138 432 1174 tempore
447 1131 491 1172 regis
507 1131 569 1164 Canuti
582 1133 672 1173 prolatum,
686 1142 762 1176 voceque
775 1143 836 1167 nouem

107 1198 126 1219 ro
134 1183 245 1217 comitatuum
256 1184 370 1223 obfirmatum,
378 1183 425 1224 quod
435 1183 508 1215 abbacia
515 1182 569 1224 viguit
580 1182 699 1223 prenominata
707 1188 748 1216 tunc
757 1184 836 1227 temporis

134 1234 212 1268 libertate
223 1234 319 1267 testificata.
341 1234 370 1266 Ad
380 1233 426 1275 quod
438 1232 519 1266 inuitatus
532 1233 590 1274 presul
602 1231 699 1274 iniuriosus,
710 1233 770 1267 venire
782 1235 836 1268 renuit

134 1295 156 1317 ne
161 1285 208 1316 fieret
214 1284 334 1322 dedecorosus,
339 1293 422 1315 enomens
428 1293 486 1314 secum
492 1283 570 1314 flammas
576 1282 605 1321 ire,
611 1287 657 1313 retro
661 1283 742 1315 mordens
747 1294 836 1324 venenose,

135 1333 195 1367 acriter
202 1344 289 1366 morsurus
297 1332 405 1376 quandoque.
428 1331 483 1364 Dedit
493 1337 562 1364 centnm
573 1341 640 1363 marcas
648 1331 685 1363 auri
693 1341 736 1374 quas
746 1331 782 1376 regi
789 1331 836 1375 polli-

135 1383 178 1416 citus
184 1390 210 1415 est
216 1384 277 1416 stolide
283 1393 314 1425 pro
319 1383 389 1414 licencia
394 1382 467 1424 placidi:
476 1392 508 1414 nec
514 1381 706 1424 nouissimusquadrans
712 1383 837 1425 perdonabatur

108 1449 115 1470 η
118 1450 126 1479 5
135 1434 180 1475 inde,
186 1433 227 1475 quin
234 1434 278 1466 vltra
286 1432 378 1474 decuplum
385 1432 484 1474 exigebatur
491 1443 496 1472 ς
503 1442 564 1465 reuera
571 1432 671 1472 fortunatus,
678 1431 692 1465 si
701 1442 736 1465 non
744 1433 837 1475 exigeretur

135 1484 214 1525 amplius.
235 1484 336 1516 Marianus.
353 1482 407 1524 Igitur
418 1492 464 1515 anno
476 1481 540 1516 domini
552 1481 639 1514 M⁰lxxxi⁰
650 1482 741 1516 ventilatur
748 1483 781 1516 hec
789 1485 837 1517 alter·

136 1534 193 1567 caciol
204 1544 224 1565 ex
237 1539 317 1574 precepto
331 1533 376 1573 regis
391 1533 437 1573 apud
453 1532 563 1571 Wintoniam,
579 1532 686 1573 presentibus
701 1532 837 1575 archiepiscopis,

135 1583 226 1625 episcopis,
234 1582 331 1623 abbatibus,
339 1581 436 1622 comitibus,
444 1588 461 1614 et
469 1581 525 1614 multis
533 1581 571 1614 aliis
579 1581 626 1623 regni
635 1581 732 1623 nobilibus;
743 1583 772 1616 vbi
782 1583 837 1625 presul

136 1644 186 1668 suurn
196 1633 270 1667 facunde
279 1631 318 1667 fecit
327 1633 424 1673 clamorem,
433 1637 459 1666 set
468 1631 536 1674 scriptis
544 1638 562 1665 et
569 1631 670 1666 testimoniis
678 1632 748 1667 omnino
755 1644 838 1673 vacuum

108 1699 129 1728 30
136 1684 191 1718 abbas
199 1694 239 1717 vero
246 1689 322 1724 econtra,
330 1682 417 1726 quomodo
426 1683 502 1716 Canutus
510 1694 539 1715 rex
546 1693 585 1715 cum
593 1682 664 1715 consilio
672 1683 838 1727 archiepiscoporum

136 1740 153 1768 et
169 1733 288 1776 episcoporum
305 1739 323 1765 et
338 1733 439 1774 optimatum
457 1743 526 1765 suorum
542 1733 637 1765 monachos
655 1733 672 1765 in
688 1733 749 1766 eadem
768 1733 838 1766 ecclesia

136 1783 212 1828 posuerit
226 1783 313 1816 mediante
326 1789 343 1815 et
358 1782 450 1815 auxiliante
464 1781 552 1823 Ayelwino
568 1782 635 1824 presule
649 1787 691 1815 tunc
702 1782 800 1823 diocesano,
812 1781 840 1823 (ex

136 1834 208 1868 cronicis
215 1833 235 1866 de
242 1832 285 1875 Ely)
294 1832 322 1875 qui
330 1832 400 1875 quidem
411 1832 468 1874 presul
476 1833 499 1864 ob
507 1831 617 1864 deuocionem
625 1831 693 1874 qua[m]
700 1830 706 1849 ³
714 1842 754 1875 erga
762 1838 838 1866 sanctum

136 1883 249 1917 Edmundum
258 1884 348 1924 habuerat,
361 1887 416 1915 totum
427 1881 453 1916 ius
465 1892 515 1915 suum
528 1886 545 1916 et
557 1882 693 1916 iurisdiccionem
704 1894 725 1917 ac
736 1881 839 1927 episcopalia

110 1948 129 1979 35
137 1940 245 1970 sacramenta
258 1934 302 1968 intra
312 1934 358 1967 idem
370 1934 492 1966 monasterium
503 1939 519 1966 et
530 1933 613 1975 oppidum
625 1940 642 1967 et
653 1934 672 1966 in
683 1935 754 1968 circuitu
764 1935 839 1969 eiusdem

137 1985 202 2028 prefato
213 1984 317 2018 monasterio
329 1984 417 2025 concessit,
428 1994 461 2016 nec
469 1984 492 2016 acl
503 1983 570 2016 illorum
581 1983 692 2025 ingressionis
703 1985 764 2025 officia,
775 1996 807 2018 nec
818 1984 839 2016 ad

136 2033 277 2068 benediccionem
291 2033 359 2065 abbatis
374 2033 456 2065 interesse
471 2032 535 2074 voluit3
554 2032 663 2075 (Marianus)
682 2034 706 2066 Et
717 2035 764 2077 quod
776 2034 840 2076 primus

137 2084 191 2117 abbas
202 2083 235 2116 loci
246 2085 269 2116 ab
281 2083 362 2127 episcopo
373 2082 487 2123 londoniensi,
500 2083 585 2115 secundus
598 2084 621 2116 ab
636 2082 716 2126 episcopo
729 2081 839 2123 wintoniensi,

138 2138 155 2168 et
170 2133 207 2174 ipse
221 2134 329 2166 Baldeiviuus
345 2133 406 2166 tercius
419 2133 472 2165 abbas
485 2133 507 2165 ab
520 2132 648 2175 archiepiscopo
663 2134 777 2168 cantuariensi
791 2131 840 2167 suerit

111 2198 131 2228 40
138 2183 254 2223 confirmatus,
261 2187 279 2215 et
290 2183 337 2225 quod
346 2192 377 2224 per
387 2182 456 2224 triginta
468 2187 502 2215 tres
513 2192 568 2215 annos
579 2181 616 2216 sine
626 2183 698 2216 alicuius
709 2181 797 2228 episcopl⁴
807 2182 840 2216 iam

139 2231 180 2267 dicti
188 2232 251 2264 Arsasti
260 2234 386 2275 predecessoris
397 2232 533 2266 contradiccione
541 2234 621 2266 monachi
631 2234 702 2275 predicti
714 2234 746 2267 loci
758 2246 769 2267 a
779 2234 839 2276 quibus

139 2283 229 2316 voluerunt
241 2281 325 2324 episcopis
335 2282 404 2315 ordines
416 2281 527 2323 susceperint,
537 2291 558 2313 ex
570 2281 630 2314 ordine
639 2282 733 2316 luculenter
743 2281 839 2321 enarrauit3

138 2331 213 2367 ostendit
221 2330 294 2374 denique
301 2338 382 2375 precepta
390 2331 452 2366 Canuti
461 2331 506 2373 regis
516 2337 569 2374 atque
577 2332 694 2373 gloriosissimi
702 2334 747 2376 regis
754 2330 840 2372 Edwardi,

138 2382 225 2426 inquibus
236 2381 259 2415 ab
266 2381 313 2414 omni
325 2382 444 2415 dominacione
455 2382 532 2415 omnium
543 2382 662 2425 episcoporum
670 2384 759 2427 Estanglie
765 2384 841 2417 funditus

111 2449 131 2480 45
139 2433 244 2476 sepedictam
254 2432 343 2466 ecclesiam
352 2432 424 2466 liberam
432 2443 470 2466 esse
479 2432 605 2475 perpetualiter,
614 2433 646 2476 ipsi
656 2444 705 2477 reges
716 2437 840 2469 concesseruut.

140 2484 191 2525 Quod
204 2483 326 2516 cantuariensis
340 2483 477 2525 archiepiscopus
491 2484 601 2525 Lanfrancus,
613 2489 630 2517 et
643 2485 720 2517 Thomas
733 2481 841 2517 eboracensis

179 2566 217 2597 ¹H.
225 2566 333 2597 calamitatem.
386 2565 424 2596 1ΗΔ
435 2565 520 2596 calamitas
580 2565 672 2607 ³MS.qua
727 2566 803 2597 ¹al.om.
