1762 2803
206 113 583 176 communicativae.
700 117 744 172 267

42 242 97 281 gante
109 237 177 282 egisset
188 236 279 272 indicauit.
302 236 343 280 Quo
354 237 416 272 audito
427 237 513 272 sacerdos
524 236 559 271 deo
569 241 587 271 et
597 236 651 271 beato
659 235 746 270 Oswaldo

43 290 145 325 immensas
158 291 226 334 gratias
240 291 328 331 referens¹
340 290 398 324 errori
410 290 459 324 illius
470 289 562 324 condoluit
575 294 594 324 ct
606 289 684 324 liberum
696 289 746 323 abire

43 342 132 385 permisit.
169 335 231 376 ¹Cum
236 348 296 376 autem
302 342 321 375 in
327 342 438 376 monasterio
444 342 527 376 Seleseie
533 341 622 385 etvbique
628 341 646 375 in
652 340 747 384 prouincia

44 394 158 429 mortalitatis
171 395 229 439 pestis
242 395 310 429 seuiret
323 400 341 429 et
355 394 425 438 passim
438 395 461 429 de
474 393 508 428 hac
519 393 556 429 vita
570 393 622 428 multi
633 397 747 438 raperentur,

43 448 103 482 visum
110 454 138 482 est
144 448 230 482 fratribus
234 448 339 482 triduanum
345 447 432 481 ieiunium
437 447 518 481 indicere
523 453 541 482 ct
546 447 626 481 diuinam
631 446 746 482 clementiam
755 457 764 488 5

43 501 150 546 suppliciter
157 502 260 544 obsecrare,
268 507 287 537 vt
298 500 442 536 misericordiam
452 500 487 535 illis
498 500 604 544 dignaretur
612 499 721 545 impendere
729 505 747 533 et

43 553 83 589 siue
91 554 215 598 periclitantes
224 554 258 588 hoc
268 554 332 589 morbo
340 565 351 588 a
358 553 440 598 presenti
448 559 507 587 morte
514 554 605 594 liberaret,
612 564 646 586 seu
654 558 716 596 raptos
724 553 748 586 de

43 608 113 640 mundo
120 617 131 639 a
139 611 229 650 perpetua
236 606 298 640 anime
306 606 436 650 dampnatione
444 611 532 640 seruaret.
555 605 599 639 Erat
607 610 649 639 tunc
657 604 675 638 in
684 615 747 639 mona-

44 658 99 702 sterio
107 658 138 692 illo
145 670 191 704 puer
199 658 278 704 quidam,
286 658 317 703 qui
327 659 392 694 eadem
403 664 462 693 taetus
472 657 578 693 infirmitate
586 658 604 692 in
612 658 660 693 lecto
667 657 748 700 iacebat,

44 712 73 746 cui
86 714 210 757 apostolorum
226 712 319 757 principes
334 712 402 757 dignati
417 718 460 746 sunt
475 722 570 756 apparere,
586 711 678 747 dicentes:
696 711 747 746 ‘Noli
757 722 776 745 ro

43 765 113 806 timere,
122 766 153 808 fili,
162 771 245 807 mortem,
254 776 288 809 pro
299 776 335 809 qua
346 765 434 800 sollicitus
446 776 477 799 es:
489 775 524 799 nos
533 764 584 799 enim
594 769 613 798 te
622 764 711 799 hodierna
718 764 748 798 die

44 819 67 852 ad
80 819 153 853 celestia
165 829 230 853 sumus
243 829 300 863 regna
312 818 422 862 perducturi.
444 818 495 852 Voca
506 828 550 861 ergo
561 818 584 852 ad
596 822 614 852 te
625 817 748 863 presbiterum

45 871 129 915 Eoppam
144 877 162 905 et
177 872 232 905 dicito
247 871 272 904 illi
287 872 329 915 quia
346 871 432 905 dominus
447 870 540 905 exaudiuit
558 881 624 914 preces
639 875 711 905 vestras
730 875 748 904 et

45 924 161 956 deuotionem
170 934 191 957 ac
199 923 266 957 ieiunia
273 923 363 967 propitius
370 923 448 967 aspexit,
454 934 488 957 nec
496 922 561 966 aliquis
567 924 590 957 de
597 923 631 956 hoc
637 922 749 957 monasterio

44 975 79 1010 hac
87 977 138 1010 clade
147 976 247 1010 moriturus
255 982 288 1018 est,
295 982 358 1020 preter
363 981 382 1010 te
389 975 454 1017 solum,
460 975 490 1020 qui
499 975 587 1010 hodierna
593 975 623 1009 die
630 975 653 1010 ad
658 975 749 1009 visionem
759 987 776 1018 15

45 1028 74 1062 dei
87 1029 218 1073 perducendus
232 1039 252 1063 es
267 1029 286 1064 in
300 1029 366 1063 celum.
388 1029 441 1071 Quod
454 1028 516 1063 diuina
529 1027 626 1063 clementia
638 1027 703 1063 vobis²
714 1039 749 1072 per

44 1080 197 1116 intercessionem
212 1081 286 1127 gloriosi
301 1082 350 1127 regis
365 1081 446 1116 Oswaldi
461 1081 545 1116 conferre
560 1081 634 1126 dignata
649 1086 689 1116 est:
707 1080 748 1116 Hac

45 1135 114 1168 etenim
122 1135 152 1168 die
159 1135 209 1169 idem
217 1146 251 1169 rex
258 1136 281 1169 ab
289 1135 394 1169 infidelibus
404 1135 423 1168 in
431 1135 479 1169 bello
486 1135 584 1175 extinctus,
592 1145 635 1168 mox
646 1135 669 1168 ad
680 1134 749 1178 sempi-

45 1192 99 1220 terna
112 1187 215 1221 animarum
227 1188 293 1230 gaudia
305 1193 411 1230 assumptus
424 1187 443 1220 in
455 1187 520 1228 celum,
532 1186 631 1220 electorum
645 1186 749 1229 agminibus

45 1238 125 1272 sociatus
138 1244 172 1273 est.
195 1238 292 1273 Celebrent
307 1238 362 1282 igitur
374 1239 446 1279 missas,
459 1237 499 1273 siue
515 1248 548 1282 pro
560 1237 659 1282 gratiarum
671 1237 749 1279 actione,
758 1253 777 1274 ιο

46 1291 88 1334 quia
100 1290 184 1325 exaudite
196 1296 239 1325 sunt
250 1292 342 1326 orationes
352 1297 419 1333 vestre,
432 1291 471 1325 siue
483 1291 538 1324 etiam
549 1290 568 1324 in
580 1290 688 1324 memoriam
700 1290 750 1334 regis

45 1343 110 1387 prefati
126 1344 157 1388 qui
172 1355 206 1388 pro
221 1343 248 1379 eis
263 1345 342 1389 supplex
357 1345 380 1378 ad
395 1345 450 1379 deum
466 1345 538 1378 orabat)
565 1343 611 1378 Cum
626 1343 687 1378 audita
703 1354 751 1388 puer

47 1402 158 1439 enarrasset,
174 1398 238 1432 eadem
254 1397 283 1432 die
299 1403 382 1432 mortuus
397 1402 435 1432 est:
455 1402 473 1431 et
491 1402 556 1431 cuneta
570 1407 606 1441 que
622 1396 693 1431 dixerat
706 1407 751 1430 vera

46 1454 120 1492 reperta
128 1454 180 1490 sunt3
192 1455 211 1483 et
218 1450 258 1484 dies
266 1450 324 1483 sancti
332 1450 413 1483 Oswaldi
421 1449 515 1483 natalicius
523 1460 557 1494 per
565 1448 675 1483 monasteria
684 1454 750 1482 extunc

45 1502 130 1535 venerari
138 1502 191 1547 cepit.
759 1510 779 1542 ¹5

68 1579 116 1624 [MS.
125 1580 164 1616 Tib.
172 1582 229 1615 adds:
352 1565 441 1601 Narmlzb.

69 1635 153 1688 Quidam
162 1643 234 1677 curialis
242 1642 365 1678 sacratissimo
371 1644 439 1688 pascali
448 1644 524 1678 sabbato
532 1642 648 1678 iuuenculam
656 1642 751 1677 cuiusdam

46 1696 103 1730 filiam
114 1696 133 1730 in
146 1698 255 1740 baptismate
267 1697 353 1741 suscepit.
376 1696 411 1739 Qui
422 1703 464 1740 post
474 1696 562 1730 ieiunium
573 1698 648 1730 domum
659 1706 752 1738 reuersus,

47 1749 141 1791 multoque
149 1749 193 1782 uino
200 1750 306 1790 inebriatus,
314 1750 394 1782 eandem
402 1749 458 1782 filiam
469 1759 522 1782 suam
533 1758 596 1782 secum
607 1759 683 1782 manere
691 1748 753 1792 peciit,

47 1811 125 1845 eamque
137 1806 191 1836 nocte
204 1801 240 1843 illa,
252 1801 300 1846 quod
314 1802 363 1836 dictu
377 1800 448 1845 nephas
460 1805 494 1843 est,
506 1800 590 1845 perdidit.
613 1800 650 1835 Per
662 1811 696 1835 sex
707 1811 752 1835 uero

47 1853 87 1888 dies
98 1854 145 1888 letus
157 1865 177 1888 ac
189 1865 265 1889 securus
277 1853 372 1899 processit,
381 1853 470 1889 estimans
481 1855 530 1898 quod
542 1853 582 1888 eius
594 1853 654 1889 scelus
666 1853 752 1889 dominus
760 1866 780 1898 30

47 1912 79 1940 aut
89 1918 125 1941 non
137 1907 219 1949 uidisset,
227 1912 258 1940 aut
268 1907 412 1941 misericorditer
422 1906 537 1951 impenitenti
545 1906 657 1941 dimisisset:
670 1906 699 1941 die
710 1916 752 1951 sep·

47 1959 92 1994 timo
106 1960 166 1995 subito
178 1961 275 1995 defunctus
287 1966 320 1994 est.
343 1960 426 2004 Cumque
439 1960 534 2004 sepulture
546 1960 623 1994 traditus
636 1959 706 2003 fuisset,
717 1972 753 2004 per

47 2013 124 2056 longum
132 2018 207 2056 tempus
218 2013 288 2046 cunctis
296 2013 400 2046 uidentibus
411 2013 434 2046 de
445 2012 530 2055 sepulcro
537 2011 586 2047 illius
594 2012 668 2046 flamma
676 2013 726 2054 exiit,
734 2018 752 2046 et

48 2064 117 2098 tamdiu
126 2074 168 2099 ossa
177 2066 216 2099 eius
224 2064 348 2099 concremauit
355 2073 451 2109 quousque
457 2073 511 2099 omne
517 2063 623 2108 sepulcrum
629 2069 753 2107 consumeret,

48 2122 67 2151 et
76 2122 171 2162 terraque
179 2118 198 2152 in
206 2118 276 2152 tumulo
284 2117 359 2152 collecta
368 2116 426 2152 luerat
434 2117 509 2151 defossa
518 2116 618 2152 uideretur.
640 2117 694 2160 Quod
701 2117 753 2152 uide·
762 2131 781 2162 35

49 2170 91 2204 licet
107 2171 224 2215 omnipotens
239 2172 285 2205 deus
299 2171 369 2204 iaciens
384 2170 464 2204 ostendit
477 2171 521 2213 quid
533 2169 573 2204 eius
586 2170 647 2205 anima
662 2170 681 2204 in
694 2171 753 2206 oculto

48 2223 123 2266 pertulit
142 2223 194 2258 cuius
213 2224 271 2258 eciam
290 2233 357 2268 corpus
375 2228 418 2257 ante
432 2223 524 2257 humanos
541 2223 604 2258 oculos
620 2223 695 2259 flamina
712 2235 753 2258 con-

49 2275 151 2320 sumpsit³.]

68 2369 74 2388 ¹
84 2370 128 2400 Beda
135 2370 163 2407 lV,
172 2380 195 2408 13.
495 2369 501 2389 ¹
511 2370 530 2402 E.
538 2370 588 2403 nobis.

49 2409 55 2426 ³
66 2410 127 2440 Collect
134 2411 150 2440 in
158 2411 176 2441 T.
184 2412 213 2450 (by
220 2412 287 2441 another
293 2411 343 2449 hand)

70 2447 179 2494 (S)ceptn'ger
189 2455 274 2493 osuualde,
286 2455 321 2485 celo
331 2460 403 2493 terraque
413 2459 480 2491 sacrate,
491 2455 542 2486 Trans
554 2466 596 2486 mare
607 2455 693 2493 Germanis,
705 2455 754 2487 Gallis

48 2494 123 2531 fulgescis
131 2499 147 2524 et
154 2495 214 2532 Anglis,
223 2495 242 2524 Et
250 2505 343 2533 quecunque
352 2499 394 2524 tuam
403 2504 443 2532 gens
453 2495 504 2532 poscit
513 2505 565 2533 opem,
573 2496 616 2526 subit
623 2496 700 2533 ampalm:
710 2496 754 2532 Rex,

49 2533 83 2562 iore
90 2534 178 2571 propicium
185 2535 231 2563 nobis
238 2543 291 2571 regem
298 2539 335 2571 pete
343 2543 402 2571 regum.
423 2533 443 2564 V.
454 2534 487 2563 Ore
494 2543 528 2571 pro.

70 2570 180 2616 Omnipotens
188 2579 285 2617 sempiterne
292 2579 337 2617 dens,
344 2579 371 2617 qui
378 2579 425 2609 huius
432 2578 464 2609 diei
471 2578 555 2609 iocundam
562 2578 655 2618 beatamque
662 2578 730 2609 leticiam
737 2579 754 2609 iu
