1762 2803
280 74 325 130 Be
340 72 442 126 &ancta
458 72 563 129 diruta.
726 89 770 133 471

190 195 232 245 [De
243 211 326 236 vuorcrn
338 211 414 235 nrtrsus
425 193 526 236 Vmcmun
538 202 651 246 nummum]

93 283 108 307 1.
119 272 167 305 Text
175 270 193 304 in
203 270 223 304 E.

102 340 127 377 ¹il
139 337 205 383 Incipit
214 337 297 382 Epistola
304 338 327 370 ad
335 336 416 381 virgines
424 335 492 371 Christi
499 336 595 372 vniuersas
603 349 659 382 super
667 337 742 372 historia

281 390 366 426 vndecim
376 390 445 425 milium
455 389 545 435 virginum
551 391 563 426 ².

73 463 196 542 VNiuersis
208 462 276 496 Christi
285 461 386 506 virginibus
397 460 433 506 piis
444 462 520 496 ecclesie
531 462 603 497 filiabus
614 462 691 498 salutem
704 461 736 497 ac³
747 462 775 497 in·

134 515 268 550 terminabilem
287 516 388 559 perhennis
408 516 451 549 vite·
466 515 602 550 iocunditatem.
631 516 687 550 Anno
705 516 775 551 domini

73 570 188 609 MClxxxiii.
201 570 303 614 inspirante
316 569 396 611 domino,
408 570 476 614 piaque
491 568 549 614 ipsius
564 568 651 614 genitrice
665 574 775 614 cooperante

73 630 178 661 cunctorum
192 622 261 667 regina,
275 633 340 657 nouam
352 622 437 657 vndecim
451 622 520 656 milium
531 622 623 667 virginum
636 623 730 658 historiam
743 624 776 658 de-

73 679 179 719 scribentes,
185 676 314 710 ammonitione
322 675 406 720 persuasi
414 675 489 710 sumus⁴
496 675 558 710 diuina
569 676 615 710 hanc
623 681 685 711 vestre
693 676 775 710 charitati
785 689 793 719 5

73 731 157 766 dedicare
176 735 194 764 et
213 730 319 764 sanctitati³.
351 729 391 763 Hec
410 729 460 763 enim
478 734 521 763 sunt
539 729 596 764 verba
614 729 695 764 celorum
712 729 776 774 regine

73 784 159 819 dicentis:
179 782 217 816 ‘Tu
232 782 325 817 communi
339 781 410 816 vtilitati
425 782 553 816 vniuersorum
570 782 668 826 prouidere
685 782 776 827 dispone⁸

73 839 107 871 hoc
120 846 167 880 opus
179 835 282 879 virginibus
295 833 407 868 dedicando:
424 834 479 878 igitur
492 835 520 869 eis
534 845 557 869 ex
571 840 624 879 parte
638 835 686 869 meil
700 836 776 876 scribas,

73 896 126 935 atque
140 888 167 923 eis
182 887 232 923 dicas
246 892 336 932 qnatenus
348 888 389 922 illas
402 893 420 923 et
435 888 518 923 castitate
532 888 625 921 imitentur
638 893 657 921 et
670 887 777 922 sanctitate!

73 945 111 977 Vos
123 943 189 986 itaque,
202 943 307 976 venerande
320 941 401 986 virgines
414 947 469 986 atque
484 941 503 976 in
519 941 591 976 Christo
604 941 701 985 diligende,
714 942 776 976 animo
788 955 806 976 ro

74 996 135 1031 letanti
148 996 239 1039 cordeque
250 995 317 1030 denoto
327 995 414 1040 suscipite
423 1006 490 1030 munus
501 995 554 1030 vobis
565 995 630 1030 celitus
641 995 777 1036 transmissum,

74 1049 153 1083 scientes
168 1048 254 1091 quoniam
267 1048 283 1081 si
296 1048 367 1082 eisdem
380 1048 437 1082 sacris
449 1048 550 1092 virginibus
563 1048 643 1082 debitam
657 1049 777 1083 exhibueritis

75 1101 195 1135 reuerentiam
207 1101 310 1144 deuotoque
322 1100 392 1134 honore
404 1106 422 1135 et
435 1101 495 1135 studio
509 1111 540 1134 eas
554 1100 659 1142 dilexeritis,
671 1100 742 1135 meritis
755 1100 776 1134 il·

75 1157 132 1188 larum
146 1154 194 1198 apud
208 1153 302 1187 dominum
318 1153 459 1197 suffragantibus
471 1153 543 1198 premio
555 1164 589 1188 vos
602 1153 666 1187 donari
681 1158 776 1197 perpetuo.

75 1208 131 1241 Porro
143 1212 161 1240 et
172 1206 258 1240 fratribus
269 1207 462 1251 premonstr[at]ensis
471 1206 540 1241 ordinis
550 1206 628 1241 eandem
639 1217 712 1250 quoque
723 1206 776 1241 iussit
786 1219 804 1249 15

75 1259 153 1294 dedicari
171 1260 272 1302 historiam,
289 1260 358 1302 dicens,
373 1260 427 1295 i110s⁸
444 1265 536 1295 amatores
552 1259 637 1294 undecim
655 1259 725 1294 milium
739 1259 777 1295 vir-

74 1313 137 1358 ginum
148 1319 166 1348 et
176 1318 294 1348 veneratores
305 1324 347 1349 csse
359 1314 462 1358 precipuos.
485 1314 541 1348 Beata
550 1324 623 1358 quoque
630 1312 703 1355 Vrsula,
711 1323 777 1347 earun-

75 1368 117 1400 dem
125 1366 273 1400 domicellamm⁹
281 1368 445 1401 sacratissimarum
455 1367 543 1411 princeps
553 1363 571 1401 et
579 1366 671 1410 magistra,
678 1366 713 1400 hoc
720 1377 777 1410 opere

75 1419 132 1453 ferme
147 1424 221 1463 peracto
236 1419 308 1454 cuidam
319 1418 386 1454 visibili
398 1420 461 1463 speeie
474 1418 558 1465 apparuit
571 1419 645 1454 dicens:
662 1418 719 1453 ‘Cum
724 1418 737 1438 ¹⁰
749 1418 778 1454 hic

76 1472 124 1506 idem
135 1472 218 1507 notarius
229 1472 263 1507 hoc
275 1483 323 1517 opus
336 1473 454 1515 describeret,
466 1483 500 1507 nos
511 1471 596 1507 vndecim
601 1472 613 1493 ¹¹
625 1471 674 1506 milia
686 1471 778 1516 virginum
788 1486 807 1506 ro

76 1535 137 1559 coram
149 1526 224 1559 domino
235 1531 305 1560 stantes
316 1526 409 1560 orauimus
421 1526 511 1571 quatenus
522 1527 562 1570 ipse
574 1525 660 1560 dominus
670 1536 705 1570 pro
716 1526 778 1560 labore

76 1578 129 1612 huius
137 1578 219 1622 opusculi
227 1579 351 1613 retributionis
360 1579 387 1613 illi
397 1580 503 1614 mercedem
514 1579 606 1614 restituat!
630 1578 717 1613 Lectores
725 1579 780 1623 igitur

76 1631 164 1664 nostros¹²
175 1637 273 1664 monentes
289 1632 407 1665 obsecramus
420 1643 444 1665 ne
457 1631 517 1665 subito
531 1632 598 1665 mentis
611 1632 687 1665 vulnere
702 1633 779 1665 scanda-

77 1682 122 1717 lizati
131 1683 235 1719 saucientur
243 1683 336 1718 dicentes:
349 1685 405 1728 ‘Quis
413 1684 478 1720 diebus
487 1684 527 1720 istis
535 1690 553 1719 et
561 1683 656 1718 modernis
663 1682 779 1729 antiquorum

76 1736 127 1777 iacta,
135 1748 230 1780 personas,
238 1738 318 1781 nomina,
328 1738 447 1780 conditiones,
457 1744 475 1773 et
485 1738 601 1782 genealogias
613 1738 660 1772 scire
671 1737 738 1782 poterit
749 1743 779 1772 aut
789 1749 807 1780 ²5

77 1788 118 1822 stilo
123 1790 184 1823 veraci
190 1791 300 1834 depromere
306 1792 319 1824 ³¹
342 1790 358 1824 Ο
365 1792 376 1811 ¹²
383 1790 442 1824 amice
449 1790 523 1831 Christi,
529 1801 561 1824 cur
567 1801 624 1834 super
629 1790 664 1825 hiis
669 1790 779 1833 ambigendo

77 1842 158 1877 dubitas?
182 1844 248 1877 Nonne
255 1843 305 1877 idem
312 1843 388 1887 spiritus
396 1843 426 1887 qui
437 1843 529 1888 quondam
540 1843 622 1887 patribus
632 1842 700 1877 nostris
710 1853 733 1877 ea
742 1853 779 1888 que

77 1894 100 1926 ab
112 1895 153 1937 ipso
166 1896 229 1929 mundi
244 1896 319 1930 exordio
332 1897 442 1936 acciderunt,
454 1896 518 1930 celitus
530 1895 637 1940 inspirando
650 1895 779 1937 manifestauit,

77 1951 136 1990 potest
144 1953 162 1982 et
170 1959 220 1983 nunc
230 1958 323 1983 sacrarum
332 1947 423 1992 virginum
434 1958 508 1983 suarum
520 1947 655 1991 expeditionem
667 1953 749 1983 sanctam
761 1954 779 1984 et

78 2000 222 2037 admirabilem¹³
237 2001 309 2036 illarum
326 2001 444 2037 dilectoribus
462 2002 485 2036 ad
503 2001 576 2036 laudem
594 2006 612 2036 et
628 2000 705 2046 gloriam
721 2011 779 2044 suam,
789 2012 808 2043 ³⁰

78 2058 131 2096 atque
139 2055 162 2088 ad
170 2055 291 2098 plurimorum
299 2055 433 2090 edificationem
441 2055 540 2099 pandendo
547 2055 642 2089 reuelaret

99 2106 178 2150 Explicit
185 2109 277 2152 prologus,

78 2183 166 2212 quesumus,
173 2182 229 2206 sancte
235 2176 320 2214 Witburge
329 2176 395 2214 uirginis
404 2180 431 2206 tue
440 2175 502 2214 placitis
512 2176 540 2206 tibi
549 2176 609 2206 meritis
616 2177 729 2213 commendari,
736 2177 781 2208 cuius

78 2214 110 2244 uita
117 2216 173 2245 merito
181 2217 258 2246 castitatis
265 2217 293 2246 tibi
300 2217 399 2254 complacuit,
405 2225 438 2254 per.

98 2253 104 2269 ¹
114 2254 148 2284 The
159 2256 194 2285 first
203 2261 239 2294 part
248 2257 264 2286 in
271 2256 295 2293 E,
303 2265 318 2294 p.
327 2265 403 2294 471-500,
410 2256 424 2286 is
430 2256 457 2286 the
467 2255 581 2286 Revelationes
591 2265 620 2286 seu
631 2256 754 2294 imaginationes
761 2258 781 2287 B.

79 2291 167 2325 Hermanni
175 2296 244 2335 losephi,
252 2297 323 2328 canonici
331 2297 407 2334 regularis
414 2295 541 2334 steinfeldensis,
547 2297 567 2327 de
576 2306 631 2334 rr,ooo
637 2296 721 2335 virginum.
729 2296 755 2326 lib.
762 2297 781 2332 1.,

79 2334 103 2363 ed.
112 2335 128 2363 in
135 2335 170 2366 Act.
179 2337 208 2367 SS.
216 2337 256 2366 Boll.
264 2338 299 2366 Oct.
307 2337 335 2366 tx.
343 2347 358 2375 p,
365 2346 403 2374 173;
413 2338 452 2367 then
459 2337 514 2367 follow
521 2341 590 2367 extracts
600 2338 639 2367 irom
646 2337 673 2367 the
680 2337 741 2373 Passio,
750 2338 781 2367 and

80 2372 117 2410 Leg.
125 2375 183 2406 Aurea.
240 2376 246 2392 ²
256 2376 298 2405 Title
307 2376 324 2405 in
334 2376 384 2406 Bon:
395 2376 466 2414 Epistola
475 2377 495 2405 ad
501 2376 572 2414 virgines
579 2377 637 2406 Christi
644 2378 726 2406 universas
732 2386 782 2413 super

79 2410 160 2443 historiam
169 2423 223 2452 rr,ooo
227 2415 272 2453 Virg.
280 2416 335 2445 celitus
342 2425 393 2454 nuper
400 2415 490 2446 revelatam.
531 2418 537 2433 ³
545 2416 563 2446 E.
569 2417 593 2446 ad.
634 2417 638 2433 ¹
646 2416 781 2454 [persuasimus.

79 2449 114 2482 6Ε.
122 2454 229 2491 sanctificare,
240 2455 259 2484 B.
267 2456 351 2486 sanctitati.
396 2455 431 2485 ⁶13.
438 2456 514 2493 disponis.
560 2454 595 2484 ⁷E.
604 2456 661 2485 meriti.
705 2455 782 2485 'Killos

79 2497 120 2560 {3⁵⁵1}-
144 2492 305 2563 .⁹bl{·d⁰ffll¹¹³m¹¹²·
346 2496 471 2533 maerorque.
517 2495 528 2513 ¹¹
538 2495 633 2525 sundere.
677 2495 781 2525 ¹¹om.inB.

117 2541 219 2565 mirarem.
