1762 2803
44 118 180 158 osannae]
206 108 670 168 praesumuntottutttmettttc
701 109 745 164 587

45 234 109 268 inidem
124 230 221 274 geminatis.
243 231 291 265 Atto
305 230 381 264 Flon'ac.
404 230 467 273 Sicque
482 229 546 262 sactum
564 235 590 262 est
605 234 624 262 vt
642 228 746 271 spiculorum

45 283 135 319 terebratis
148 282 212 316 aculeis
225 281 346 315 circumfossus
359 280 446 324 palpitans
460 282 536 313 horreret
548 279 599 313 velud
614 290 665 322 asper
679 278 746 318 ericius,

45 338 74 368 aut
82 333 136 375 spinis
146 333 201 365 hirtus
212 333 291 372 carduus,
299 332 316 364 in
328 332 408 373 passione
420 330 479 364 similis
487 330 589 364 Sebastiano
597 329 666 371 egregio
676 328 747 361 martiri.

46 385 93 417 Nam
100 382 144 415 sicut
155 380 216 414 ericius
226 380 244 413 in
254 388 293 414 cute
303 380 361 414 densis
370 386 447 413 armatur
456 380 515 423 spinis,
523 380 548 412 ita
557 389 619 422 corpus
631 378 690 412 inuicti
701 378 747 419 regis

45 432 115 477 spiculis
123 431 212 474 configitur
220 436 236 465 et
245 431 316 475 sagittis.
339 431 413 464 Exalt'a
421 431 497 476 legenda.
520 431 540 463 ln
551 429 583 464 hiis
591 429 671 464 omnibus
679 428 747 463 animus
756 440 764 470 5

46 485 62 516 in
72 484 140 515 Christo
147 482 209 514 nobilis
220 482 306 523 dilatatur¹
314 482 370 515 carnis
380 482 470 515 infirmitas
478 483 500 515 de
510 482 567 523 vigore
577 481 646 524 spiritus
657 480 747 514 inualescit

46 533 68 567 ad
81 542 148 574 penam,
160 532 205 565 etin
218 533 255 575 ipsa
266 532 351 574 passionis
364 532 448 573 angustia,
460 531 504 564 inter
517 530 561 573 ipsas
573 530 672 563 camificum
685 541 748 564 manus

46 582 129 625 gloriosus
149 581 212 615 Christi
228 583 316 615 consessor
332 582 354 614 de
370 581 409 614 fidei
425 587 534 624 persecutore
547 579 646 622 triumphat.
669 580 747 622 Cumque

46 638 124 666 sanctum
133 632 160 665 dei
168 632 255 665 martirem
263 632 368 674 conspiceret
376 630 444 674 iniquus
452 631 558 672 lngwarnec
565 629 601 661 suis
609 628 748 671 persuasionibus

46 692 134 716 assensum
142 681 218 724 prebere,
226 687 252 715 set
260 681 277 714 in
288 681 321 714 fide
331 680 394 715 Christi
405 687 422 714 et
434 679 540 714 confessione
550 685 609 713 sancte
619 678 699 712 trinitatis
708 688 747 712 con·
757 691 776 713 ro
809 713 812 717 ,

47 738 111 766 stanter
122 742 236 774 perseuerare,
243 731 314 765 vertitur
324 731 341 765 in
351 732 431 773 furorem,
441 731 521 764 dentibus
532 729 597 770 stridet,
605 729 662 763 tremit
671 739 748 771 corpore,

47 789 63 816 et
75 781 129 815 lictori
141 781 213 815 mandat
223 782 301 824 protinus
313 788 330 815 vt
342 787 420 824 amputet
433 782 489 822 capud
500 780 541 813 eius.
564 780 595 813 llle
606 779 709 813 seminecem
720 779 747 811 cui

47 832 103 865 adhuc
111 830 167 864 vitalis
175 832 222 864 calor
229 831 247 863 in
256 831 315 873 tepido
326 831 420 873 palpitabat
432 837 506 873 pectore,
514 835 532 862 vt
541 830 570 863 vix
579 834 638 871 posset
650 828 748 868 subsistere,

47 881 104 914 auellit
114 886 185 913 cruento
196 879 253 924 stipite
262 881 339 923 festinus,
349 880 447 925 auulsisque
458 879 530 914 detectis
541 886 627 914 costarum
637 878 707 913 latebris
718 890 748 923 pre

47 931 170 974 punceionibus
182 931 245 964 crebris
256 931 291 964 acsi
301 938 370 974 raptum
380 932 440 964 eculeo
451 937 481 964 aut
493 931 538 964 senis
548 937 612 964 tortum
623 930 690 972 ungulis
702 930 748 963 iubet
758 941 776 973 ¹5

48 981 103 1023 capud
111 981 208 1022 extendere,
216 981 268 1023 regali
276 982 363 1024 quondam
375 981 474 1023 insignitum
483 981 586 1015 diademate.
609 980 687 1024 Cumque
696 986 748 1015 staret

47 1030 146 1063 mitissimus
154 1038 172 1064 vt
180 1031 224 1064 aries
232 1032 255 1064 de
264 1037 299 1064 toto
308 1042 360 1073 grege
371 1033 440 1072 electus,
448 1032 507 1064 volens
516 1031 559 1065 felici
569 1031 672 1064 commercio
682 1038 749 1065 mutare

47 1080 101 1112 vitam
111 1081 174 1121 seculo,
183 1081 246 1113 diuinis
257 1082 333 1114 intentus
344 1082 436 1122 beneficiis,
444 1081 479 1113 ianr
491 1083 599 1113 recreabatur
606 1080 672 1114 visione
683 1081 749 1114 interne

48 1129 94 1169 lucis,
110 1141 144 1171 qua
159 1130 176 1163 in
191 1141 247 1172 agone
260 1131 327 1173 positus
341 1131 401 1164 saciari
414 1130 493 1173 cupiebat
506 1130 595 1163 attencius.
625 1130 747 1174 Wurengsord.

48 1180 60 1215 il
74 1181 97 1213 Et
107 1179 199 1222 impetrato
212 1181 271 1214 orandi
283 1181 347 1223 spacio,
356 1181 427 1214 breuem
440 1180 483 1213 ludit
495 1179 598 1222 oracionem,
608 1180 678 1214 dicens:
690 1181 749 1212 ‘Deus
758 1193 777 1215 zo

48 1229 76 1272 qui
84 1230 106 1263 de
114 1230 221 1273 beneplacito
229 1237 263 1272 tuo,
271 1241 305 1264 non
314 1232 335 1265 de
342 1226 401 1264 nostro
408 1230 474 1271 merito,
482 1230 535 1264 filium
544 1236 592 1263 tuum
603 1240 654 1264 carne
662 1231 719 1264 vestiri
731 1236 748 1264 et

48 1280 93 1322 affigi
103 1280 180 1323 patibulo
190 1281 264 1322 voluisti,
271 1292 306 1315 non
317 1282 373 1315 solum
383 1282 406 1315 ad
415 1280 490 1315 caritatis
500 1281 596 1324 exemplum
607 1288 632 1315 set
643 1281 716 1315 maxime
726 1283 749 1315 ad

48 1330 114 1372 peccati
128 1331 233 1364 remedium:
253 1333 276 1364 da
291 1332 342 1364 michi
359 1332 376 1364 in
391 1331 477 1372 passionis
492 1342 530 1363 mee
545 1331 617 1364 articulo
631 1332 749 1364 constanciam

48 1385 65 1411 et
73 1389 128 1421 usque
138 1379 156 1411 in
168 1380 219 1412 finem
228 1379 245 1412 in
256 1380 325 1413 caritate
334 1379 487 1422 perseuerantiam,
495 1390 528 1412 nec
538 1380 644 1413 truculentus
655 1382 723 1422 lngwar
731 1390 750 1413 se

48 1427 109 1460 vicisse
116 1430 192 1470 gaudeat
199 1430 213 1462 si
221 1441 249 1462 me
257 1430 313 1473 capite
320 1430 392 1470 mutilet,
399 1437 425 1463 set
433 1429 462 1462 ille
469 1429 528 1472 pocius
536 1429 554 1462 in
565 1436 582 1463 te
590 1437 607 1463 et
617 1431 639 1464 de
649 1437 666 1464 te
675 1432 749 1472 gaudeat
759 1442 777 1473 ²5

49 1478 77 1520 qui
85 1479 107 1511 de
114 1479 163 1512 hoste
172 1479 256 1521 paciendo
263 1480 362 1522 triumphet.
384 1481 425 1513 Non
435 1480 482 1513 eninr
492 1480 603 1512 victoriosum
613 1486 640 1512 est
649 1481 697 1524 quod
706 1481 751 1514 serui

48 1528 72 1560 tui
84 1529 139 1561 occidi
152 1536 231 1572 possunt,
242 1535 268 1562 set
279 1530 341 1572 magis,
353 1530 400 1572 quod
412 1529 456 1562 flecti
469 1536 561 1572 nequeunt.
583 1530 630 1563 Ecce
642 1529 699 1564 ceruix
712 1540 751 1564 mea

49 1578 130 1613 vibrantis
138 1586 216 1622 expectat
224 1580 311 1621 gladium:
323 1586 342 1613 tu
349 1591 390 1613 vero
399 1580 466 1620 suscipe
477 1578 556 1621 spiritum
567 1589 630 1620 meum,
638 1591 689 1622 quern
699 1591 750 1621 ange-

49 1627 104 1660 lorum
114 1630 175 1662 cohors
185 1635 224 1671 post
232 1630 307 1663 ferientis
318 1630 369 1662 ictum
378 1629 443 1662 deserat
451 1628 468 1661 in
479 1628 577 1671 paradisum
588 1630 647 1662 tuum!
669 1630 692 1663 Et
704 1640 750 1663 com-

49 1677 95 1720 pleta
110 1679 195 1718 oracione,
210 1678 303 1722 spiculator
317 1678 400 1722 arripiens
414 1678 506 1722 pugionem
521 1678 577 1722 capud
592 1678 666 1713 abscidit
679 1680 750 1723 regium,
759 1693 779 1723 5ο

51 1729 152 1772 Christoque
167 1731 273 1764 consecrauit
290 1730 378 1763 martirem
396 1736 495 1772 persecutor
512 1728 578 1763 inuisus
594 1740 645 1772 quern
661 1731 677 1762 in
693 1740 751 1773 regem

51 1786 180 1812 consecrauerat
194 1780 296 1822 episcopalis
310 1790 377 1813 manus.
398 1780 447 1812 Abba
460 1780 536 1812 Floriac.
558 1779 621 1822 Sicque
635 1780 663 1822 xij.
678 1781 751 1813 Kalend.

50 1828 151 1870 decembris,
164 1830 260 1862 indiccione
275 1830 307 1871 rije,
321 1829 364 1862 seria
379 1829 404 1872 ijs,
419 1830 459 1862 luna
473 1828 522 1870 xxijss,
534 1839 580 1861 anno
594 1831 617 1862 ab
632 1829 752 1863 incarnacione

51 1877 116 1911 domini
127 1879 218 1919 dccclxx„
229 1879 290 1911 beatus
302 1880 405 1911 Edmundus
419 1888 464 1911 anno
475 1878 525 1910 eratis
537 1888 567 1911 sue
579 1879 627 1918 xcxix,
639 1885 656 1912 et
667 1880 714 1921 regni
725 1880 751 1912 sui

50 1936 83 1967 xv,
91 1928 131 1970 igne
138 1928 223 1971 passionis
230 1928 337 1962 examinatus
348 1939 388 1962 cum
399 1929 457 1970 palma
464 1927 534 1961 victorie
546 1933 562 1961 et
572 1938 635 1961 corona
646 1928 712 1963 iusticie
722 1939 751 1963 rex
759 1941 779 1972 55

51 1982 67 2009 et
75 1978 135 2012 martir
142 1979 212 2012 intrauit
219 1986 298 2012 senatum
306 1979 352 2013 curie
361 1979 433 2012 celestis.
456 1978 529 2021 Talique
539 1978 584 2012 exitu
594 1979 649 2012 crucis
659 1980 751 2014 mortifica-

50 2026 116 2062 cionem
130 2039 182 2071 quarn
197 2029 259 2071 iugiter
273 2030 291 2062 in
304 2040 335 2063 suo
350 2040 422 2072 corpore
434 2039 464 2062 rex
478 2028 552 2071 pertulit,
567 2029 632 2062 Christi
645 2030 710 2063 domini
725 2032 752 2064 sui

51 2083 119 2110 secutus
132 2078 205 2119 vestigia
215 2079 346 2110 consummauit.
369 2079 400 2110 llle
409 2078 478 2119 quidem
488 2088 541 2119 purus
552 2079 621 2111 sceleris
632 2079 649 2111 in
661 2080 752 2123 columpna

50 2124 135 2168 adquam
147 2128 214 2161 vinctus
225 2128 257 2161 suit
269 2128 371 2170 sanguinem
382 2137 417 2160 non
428 2138 459 2171 pro
471 2138 489 2160 se
501 2133 526 2161 set
538 2138 569 2171 pro
582 2128 632 2161 nobis
646 2129 752 2171 flagellorum

51 2185 119 2210 suorum
131 2178 179 2220 signa
190 2178 266 2221 reliquit:
280 2178 312 2212 iste
323 2188 354 2222 pro
364 2178 475 2220 adipiscenda
486 2178 541 2220 gloria
552 2179 682 2213 inmarcessibili
693 2191 752 2215 cruen-
760 2195 781 2224 40

51 2231 86 2259 tato
97 2228 154 2269 stipite
163 2227 227 2262 similes
238 2239 292 2270 penas
304 2228 356 2262 dedit.
380 2228 410 2261 llle
420 2228 485 2269 integer
493 2227 528 2262 vite
539 2229 561 2262 ob
572 2229 695 2271 detergendam
707 2232 752 2265 rubi-

51 2275 107 2317 ginem
112 2285 209 2312 nostrorum
215 2279 310 2313 facinorum
317 2278 397 2312 sustinuit
405 2277 539 2319 benignissimus
547 2278 647 2312 immanium
655 2280 752 2315 clauomm¹

51 2328 161 2361 acerbitatem
172 2328 189 2360 in
199 2329 261 2371 palmis
270 2334 287 2362 et
296 2329 380 2370 pedibus:
393 2327 424 2361 iste
432 2333 502 2369 propter
510 2328 592 2361 honorem
602 2329 677 2363 nominis
687 2330 752 2364 domini

51 2381 87 2410 toto
102 2388 172 2420 corpore
188 2377 264 2419 grauidis
281 2378 348 2420 sagittis
365 2376 444 2411 horridus
462 2382 480 2410 et
495 2376 594 2411 medullitus
609 2379 700 2421 asperitate
718 2386 753 2413 tor·

52 2434 149 2462 mentorum
161 2428 257 2470 dilaniatus,
269 2429 287 2464 in
298 2428 406 2463 confessione
418 2435 476 2462 sancte
485 2428 566 2463 trinitatis
577 2429 664 2472 pacienter
674 2429 752 2472 perstitit,
760 2441 779 2471 45

52 2488 104 2520 quarn
111 2479 134 2512 ad
141 2480 220 2513 vltimum
228 2485 298 2523 accepta
305 2478 375 2522 capitali
382 2477 470 2512 sentencia
478 2477 538 2512 finiuit.
558 2480 590 2512 Ex
596 2480 673 2513 cronicis.
689 2481 753 2515 Passus

338 2542 343 2560 ¹
354 2543 389 2575 MS.
396 2543 468 2574 clunium.
