1762 2803
206 161 252 215 wo
267 159 368 212 &uncto
384 157 487 216 otono
501 159 650 219 boeotum
736 172 777 218 371

171 306 185 342 ll
197 296 243 340 ¹Ds
254 313 325 340 seuero
336 296 412 339 Tuom
424 313 512 339 rrrscoro
525 296 687 349 Hsn[s]ronr>ra¹.

111 376 419 413 AnctusThomasHerefordensis
425 376 708 421 episcopus,nationenngticus
713 387 783 420 genere

132 431 204 473 nobilis,
212 441 237 464 ex
248 435 300 474 patre
308 430 403 464 Willelmo
415 430 438 464 de
450 429 552 473 Cantilupo,
563 435 622 464 matre
633 441 678 464 vero
690 429 783 464 Milicenta

77 483 170 521 comitissa
188 482 291 518 ebroicensi
306 481 397 528 originem
412 483 469 518 duxit.
498 483 542 527 lpse
560 489 621 518 autem
636 483 718 518 Thomas
736 494 784 529 puer

78 537 147 581 docilis,
155 542 222 572 etatem
235 538 317 572 moribus
328 536 425 578 transiens,
433 537 514 571 animum
526 536 571 571 nulli
583 537 633 572 dedit
643 537 737 581 voluptati,
748 539 782 572 sed

77 592 100 626 ab
110 590 164 625 annis
174 589 275 634 puerilibus
283 591 338 625 deum
346 590 406 624 colere
418 590 486 634 pariter
497 595 516 623 et
525 589 592 625 timere
602 589 656 634 cepit.
679 590 725 625 Cum
733 590 800 633 enims

77 644 172 678 literarum
184 642 249 678 studiis
262 642 388 678 informandus
402 644 510 681 traderetur,
521 643 602 688 quotidie
616 643 671 678 horas
685 643 783 678 canonicas

78 698 139 730 dicere
154 702 172 730 et
187 697 262 730 missam
276 696 340 729 audire
354 696 430 730 solebat.
452 696 506 730 Vnde
521 696 545 730 ad
557 696 697 731 uniuersitatem
711 695 784 731 Oxonie

78 749 144 794 primo,
159 751 276 793 postmodum
292 749 374 783 Parisius
391 759 412 782 se
426 748 546 791 transferens,
561 748 669 783 rationalem
688 749 783 785 scientiam

78 801 184 847 aggreditur
197 807 216 837 et
231 801 348 847 philosophie
361 808 433 837 secreta
445 802 527 845 rimatur,
540 802 664 847 magistralem
677 803 783 837 cathedram

78 857 187 891 ascendens.
209 856 301 890 Oxoniam
312 856 387 890 demum
399 855 478 897 rediens,
486 855 531 889 iuris
543 855 625 890 canonici
637 856 701 890 doctor
711 861 730 889 et
741 867 784 890 can·
793 867 812 888 io

79 908 162 944 cellarius
173 908 297 944 uniuersitatis
308 908 390 943 efficitur.
413 908 435 942 In
446 919 483 951 quo
494 907 568 952 quidem
582 908 641 942 officio
654 909 673 942 in
687 919 784 943 causarum

79 961 225 996 discussionibus
236 961 319 1005 prudens
330 960 451 1005 inuestigator
460 960 525 1003 extitit,
533 960 552 995 in
562 960 628 995 iudicio
639 962 704 1004 iustus,
711 961 730 996 in
741 971 785 996 sen·

79 1014 142 1049 tentiis
151 1013 267 1058 proferendis
278 1015 374 1056 discretus,
381 1014 400 1046 in
411 1013 461 1047 omni
473 1014 545 1048 actione
555 1014 674 1058 compositus,
682 1018 701 1048 et
712 1024 784 1049 morum

80 1068 177 1102 honestate
191 1067 291 1112 preclarus.
314 1067 370 1102 Fama
383 1078 428 1101 vero
443 1066 483 1101 eius
496 1067 564 1111 vbique
579 1067 651 1109 diflusa,
664 1067 785 1103 cancellarius

80 1119 130 1165 regis
137 1120 213 1155 chrici
221 1120 270 1155 tertii
275 1120 324 1163 (licet
331 1120 407 1164 inuitus)
412 1120 513 1164 preficitur.
532 1120 576 1154 Erat
584 1131 663 1165 namque
671 1121 690 1154 in
698 1131 784 1156 sermone
794 1133 812 1163 15

79 1184 142 1213 veron,
150 1173 169 1206 in
177 1173 252 1207 consilio
260 1173 353 1217 prouidus,
361 1172 380 1206 in
388 1172 489 1207 ministerio
500 1172 535 1206 sibi
546 1172 645 1207 commisso
655 1173 720 1208 fidelis.
743 1173 785 1209 Ce·³

80 1226 107 1270 pit
115 1225 169 1270 igitur
177 1231 244 1261 extunc
252 1226 318 1261 cotidie
325 1226 344 1259 in
352 1225 406 1260 bonis
414 1236 504 1268 crescere,
509 1231 528 1260 et
535 1225 554 1259 in
562 1225 612 1260 omni
620 1226 697 1271 negocio
703 1232 721 1261 et
729 1237 785 1261 causa

80 1289 92 1314 a
99 1289 196 1314 munerum
204 1278 310 1323 acceptione
317 1289 383 1313 manus
391 1279 465 1322 penitus
472 1278 576 1313 excuciens.
590 1279 708 1313 Tumentium
716 1280 784 1314 fastum

81 1331 158 1366 diuitum
167 1333 269 1372 attendens,
277 1343 288 1365 a
295 1331 370 1366 veritate
381 1341 419 1365 non
429 1331 533 1372 declinauit,
541 1336 559 1364 et
569 1330 619 1365 auris
629 1331 691 1365 auditu
699 1332 786 1367 omnibus

81 1384 194 1428 pauperibus
203 1384 298 1427 inclinans,
306 1394 381 1419 manum
389 1383 514 1420 misericordie
523 1382 610 1420 extendit.
655 1376 733 1419 Mortuo
740 1397 785 1430 rege
794 1397 814 1418 20

82 1438 169 1480 Henrico,
178 1445 252 1473 sanctus
260 1439 341 1472 Thomas
349 1438 441 1472 Oxoniam
449 1436 557 1482 regreditur,
565 1442 583 1472 et
594 1437 684 1482 theologie
692 1438 758 1472 studiis
765 1449 786 1474 se

82 1491 181 1534 applicans,
188 1493 265 1535 gradum
273 1490 398 1534 magistralem
405 1490 473 1525 habere
480 1489 552 1525 meruit.
565 1490 625 1524 Tante
630 1501 710 1535 namque
716 1491 787 1526 sobrie-

81 1544 124 1578 tatis
135 1550 180 1586 erat,
187 1550 207 1579 vt
216 1554 309 1588 nunquam
320 1543 386 1588 aliquis
396 1543 490 1577 familiaris
500 1544 540 1578 eius
547 1544 577 1578 vel
587 1549 686 1579 extraneus
695 1546 756 1587 ipsum
767 1544 786 1578 in

82 1598 122 1629 cibo
133 1597 162 1630 vel
174 1603 218 1641 potu
229 1597 295 1630 viderit
307 1597 421 1638 excessisse;
438 1596 495 1629 immo
507 1600 556 1630 tante
569 1595 680 1630 abstinentie
692 1596 757 1638 extitit,
767 1603 787 1631 vt

82 1650 192 1694 quandoque
203 1660 245 1684 curn
258 1649 321 1683 maiori
337 1649 419 1693 appetitu
431 1649 454 1684 de
466 1659 531 1683 mensa
543 1648 625 1683 surrexit
636 1659 691 1694 quarn
703 1649 745 1684 illuc
757 1661 787 1685 ac·
796 1660 815 1691 ²⁵

83 1703 143 1737 cessit.
166 1703 213 1738 Cum
223 1709 274 1737 tanta
285 1704 383 1738 deuotione
393 1702 461 1736 diuinis
471 1714 492 1737 se
503 1702 607 1743 immiscuit,
618 1704 667 1746 quod
678 1703 786 1738 intuentium

82 1755 139 1790 fidem
151 1761 169 1790 et
181 1766 242 1791 mores
254 1756 373 1798 informaret,
388 1760 459 1789 tantam
472 1756 491 1789 in
505 1755 562 1790 missa
575 1755 705 1791 lachrimarum
717 1756 787 1792 habun-

83 1808 164 1844 dantiam
176 1810 242 1851 emisit,
250 1811 302 1855 quasi
313 1809 450 1855 presentialiter
461 1809 480 1844 in
491 1819 547 1843 carne
559 1808 668 1844 dominicam
681 1811 787 1853 passionem

82 1863 158 1897 videret.
181 1863 303 1897 Detractionis
310 1862 373 1897 vitium
384 1862 403 1896 in
414 1866 485 1903 tantum
495 1860 537 1894 odio
549 1861 615 1902 habuit,
623 1866 642 1895 vt
654 1861 697 1896 nulli
706 1873 787 1906 unquam

83 1916 200 1956 detraheret3
212 1926 246 1949 nec
258 1916 281 1949 ab
292 1915 338 1957 aliis,
349 1921 437 1959 quantum
448 1914 468 1948 in
479 1915 520 1957 ipso
531 1913 570 1954 suit,
582 1914 652 1947 detrahi
664 1915 787 1957 permittebat,
796 1927 816 1956 30

83 1968 201 2001 detrahentes
210 1969 298 2011 castigare
307 1973 325 2000 et
332 1967 426 2010 corripere
434 1966 520 2000 atrociter
531 1965 630 2000 consueuit.
650 1966 730 2001 Mundus
737 1967 787 2001 enim

84 2025 147 2054 mente
158 2025 176 2054 et
187 2030 264 2064 corpore
275 2019 348 2054 extitit:
361 2020 410 2063 quod
422 2024 440 2052 et
451 2019 500 2052 bone
511 2019 599 2052 memorie
610 2018 703 2053 Robertus
714 2020 738 2054 de
748 2019 787 2054 Kil-

83 2073 177 2117 wardby⁴,
189 2073 281 2118 quondam
294 2073 428 2107 cantuariensis
445 2071 599 2117 archiepiscopus,
612 2078 676 2116 postca
687 2084 732 2108 vero
745 2085 788 2118 por-

84 2127 155 2161 tuensis
166 2127 263 2171 episcopus
273 2127 376 2168 cardinalis,
384 2127 484 2160 testabatur
494 2125 513 2159 in
523 2125 642 2169 ‘vesperiis'⁰
653 2126 719 2169 prefati
731 2127 788 2162 sancti

84 2190 126 2214 cum
134 2179 207 2215 Oxonie
218 2181 253 2214 sub
260 2180 301 2224 ipso
308 2179 327 2214 in
335 2179 426 2224 theologia
434 2179 529 2223 inciperet,
536 2180 561 2213 ita
568 2180 643 2214 dicens:
656 2179 694 2213 ‘lta
701 2191 731 2213 mc
738 2180 789 2214 iuuet
797 2195 816 2224 ³5

84 2233 131 2267 deus
142 2234 188 2266 sicut
197 2234 253 2267 homo
260 2233 295 2268 iste
306 2233 330 2267 ita
341 2233 421 2267 mundus
432 2237 460 2266 est
471 2231 525 2266 hodie
533 2233 594 2276 quoad
602 2232 669 2267 mentis
679 2240 697 2267 et
707 2243 789 2277 corporis

85 2285 191 2327 castitatem,
197 2286 244 2320 sicut
252 2285 293 2329 ipso
300 2285 330 2320 die
338 2298 375 2330 quo
383 2286 407 2319 de
414 2292 473 2319 matre
481 2295 515 2318 sua
523 2287 540 2318 in
549 2286 639 2319 mundum
647 2291 701 2320 natus
709 2291 743 2321 est.
766 2286 789 2322 Et

85 2337 101 2372 si
113 2338 193 2383 queratis
204 2349 215 2373 a
226 2349 257 2374 me
268 2339 346 2383 qualiter
357 2340 391 2374 hoc
403 2340 471 2381 sciam3
484 2350 546 2374 coram
558 2339 593 2374 deo
605 2339 668 2382 lateor,
677 2339 702 2374 ita
713 2350 759 2384 pure
771 2346 790 2375 et

104 2427 110 2444 ¹
121 2428 157 2465 Ea,
165 2429 204 2458 with
211 2438 221 2458 a
228 2429 303 2458 modified
314 2433 354 2465 text,
361 2428 382 2466 by
390 2429 455 2462 Sarius:
469 2429 550 2459 extracted
557 2429 597 2459 from
604 2428 684 2459 materiale
691 2430 731 2459 used
738 2429 754 2459 in
762 2430 789 2460 the

86 2465 172 2497 Processus
179 2468 307 2505 canonizationis,
315 2478 329 2499 a.
338 2478 381 2506 1307,
389 2469 438 2498 edin
444 2468 464 2498 Α
473 2468 502 2498 SS.
510 2469 551 2498 Boll.
559 2468 594 2498 Oet
604 2468 616 2498 l.
624 2478 639 2505 p.
647 2470 682 2497 ooo.

105 2506 111 2523 ²
122 2508 178 2536 Heres.
186 2516 216 2536 orn.
224 2508 240 2536 in
247 2507 265 2536 T.
338 2509 345 2524 ‘³
356 2508 375 2536 ln
381 2508 409 2537 the
417 2507 456 2537 Brit.
464 2507 504 2538 llis,
510 2516 551 2546 copy
560 2508 578 2538 os
582 2508 610 2539 the
617 2507 683 2543 edition,
691 2507 717 2537 the
724 2512 763 2537 next
770 2518 788 2538 rr

86 2544 117 2575 toll
124 2556 152 2575 are
160 2550 196 2576 torn
203 2552 240 2581 out;
251 2547 258 2576 1
265 2546 323 2585 supply
329 2548 357 2577 the
364 2548 420 2577 lacuna
427 2548 467 2576 from
473 2557 483 2578 a
490 2547 535 2578 Bodl.
543 2556 589 2585 copy.
659 2547 664 2566 ¹
675 2547 694 2579 E.
702 2547 789 2585 Kilwarby.

85 2583 166 2616 “Tanner
178 2586 254 2624 vesperis.
269 2587 325 2618 nott.
340 2588 462 2626 disputationem
475 2588 585 2628 [declarandi]
596 2610 601 2619 .
611 2610 615 2619 .
626 2609 630 2619 .
642 2587 695 2618 solent
708 2587 790 2618 scholares

85 2623 171 2665 Vesperies
178 2627 263 2666 appellare.

416 2684 467 2721 uba
