<?xml version="1.0" encoding="UTF-8"?>
<!DOCTYPE html PUBLIC "-//W3C//DTD XHTML 1.0 Transitional//EN"
    "http://www.w3.org/TR/xhtml1/DTD/xhtml1-transitional.dtd">
<html xmlns="http://www.w3.org/1999/xhtml" xml:lang="en" lang="en">
 <head>
  <title>
</title>
<meta http-equiv="Content-Type" content="text/html;charset=utf-8" />
  <meta name='ocr-system' content='tesseract 3.04.00' />
  <meta name='ocr-capabilities' content='ocr_page ocr_carea ocr_par ocr_line ocrx_word'/>
</head>
<body>
  <div class='ocr_page' id='page_1' title='image "./MN5111ucmf_0/MN5111ucmf_0_1127.png"; bbox 0 0 1762 2803; ppageno 0'>
   <div class='ocr_carea' id='block_1_1' title="bbox 241 86 740 148">
    <p class='ocr_par' dir='ltr' id='par_1_1' title="bbox 241 86 740 148">
     <span class='ocr_line' id='line_1_1' title="bbox 241 86 740 148; baseline -0.016 -7"><span class='ocrx_word' id='word_1_1' title='bbox 241 88 287 143; x_wconf 64' lang='lat' dir='ltr'>bt</span> <span class='ocrx_word' id='word_1_2' title='bbox 301 86 402 141; x_wconf 55' lang='lat' dir='ltr'>&amp;aucto</span> <span class='ocrx_word' id='word_1_3' title='bbox 418 87 534 140; x_wconf 74' lang='lat' dir='ltr'>tatltttta.</span> <span class='ocrx_word' id='word_1_4' title='bbox 698 104 740 148; x_wconf 84' lang='lat'>511</span> 
     </span>
    </p>
   </div>
   <div class='ocr_carea' id='block_1_2' title="bbox 41 207 743 465">
    <p class='ocr_par' dir='ltr' id='par_1_2' title="bbox 41 207 743 465">
     <span class='ocr_line' id='line_1_2' title="bbox 42 207 742 254; baseline -0.013 -3"><span class='ocrx_word' id='word_1_5' title='bbox 42 210 121 251; x_wconf 88' lang='lat' dir='ltr'>ascendit</span> <span class='ocrx_word' id='word_1_6' title='bbox 129 215 147 244; x_wconf 89' lang='lat' dir='ltr'>et</span> <span class='ocrx_word' id='word_1_7' title='bbox 154 219 189 254; x_wconf 90' lang='lat' dir='ltr'>per</span> <span class='ocrx_word' id='word_1_8' title='bbox 196 218 239 242; x_wconf 86' lang='lat' dir='ltr'>aera</span> <span class='ocrx_word' id='word_1_9' title='bbox 246 207 363 242; x_wconf 88' lang='lat' dir='ltr'>uelocissimo</span> <span class='ocrx_word' id='word_1_10' title='bbox 371 218 426 242; x_wconf 92' lang='lat' dir='ltr'>cursu</span> <span class='ocrx_word' id='word_1_11' title='bbox 437 208 508 242; x_wconf 89' lang='lat' dir='ltr'>cunctis</span> <span class='ocrx_word' id='word_1_12' title='bbox 518 207 623 243; x_wconf 86' lang='lat' dir='ltr'>uidentibus</span> <span class='ocrx_word' id='word_1_13' title='bbox 634 207 678 242; x_wconf 81' lang='lat' dir='ltr'>ferri</span> <span class='ocrx_word' id='word_1_14' title='bbox 689 209 742 253; x_wconf 83' lang='lat' dir='ltr'>cepit,</span> 
     </span>
     <span class='ocr_line' id='line_1_3' title="bbox 42 261 742 305; baseline -0.009 -3"><span class='ocrx_word' id='word_1_15' title='bbox 42 275 59 305; x_wconf 86' lang='lat' dir='ltr'>et</span> <span class='ocrx_word' id='word_1_16' title='bbox 66 264 194 302; x_wconf 82' lang='lat' dir='ltr'>miserabiliter</span> <span class='ocrx_word' id='word_1_17' title='bbox 201 262 283 296; x_wconf 87' lang='lat' dir='ltr'>clamans</span> <span class='ocrx_word' id='word_1_18' title='bbox 289 261 402 295; x_wconf 85' lang='lat' dir='ltr'>‘Succurrite</span> <span class='ocrx_word' id='word_1_19' title='bbox 408 261 462 302; x_wconf 86' lang='lat' dir='ltr'>ciues,</span> <span class='ocrx_word' id='word_1_20' title='bbox 471 262 581 304; x_wconf 88' lang='lat' dir='ltr'>succurrite,&#39;</span> <span class='ocrx_word' id='word_1_21' title='bbox 588 267 644 295; x_wconf 88' lang='lat' dir='ltr'>totam</span> <span class='ocrx_word' id='word_1_22' title='bbox 651 261 742 296; x_wconf 86' lang='lat' dir='ltr'>ciuitatem</span> 
     </span>
     <span class='ocr_line' id='line_1_4' title="bbox 42 317 743 360; baseline -0.011 -2"><span class='ocrx_word' id='word_1_23' title='bbox 42 318 142 358; x_wconf 91' lang='lat' dir='ltr'>commouit.</span> <span class='ocrx_word' id='word_1_24' title='bbox 170 317 241 351; x_wconf 87' lang='lat' dir='ltr'>Omnes</span> <span class='ocrx_word' id='word_1_25' title='bbox 254 320 315 349; x_wconf 89' lang='lat' dir='ltr'>autem</span> <span class='ocrx_word' id='word_1_26' title='bbox 326 327 368 350; x_wconf 93' lang='lat' dir='ltr'>eum</span> <span class='ocrx_word' id='word_1_27' title='bbox 382 320 486 350; x_wconf 91' lang='lat' dir='ltr'>currentem</span> <span class='ocrx_word' id='word_1_28' title='bbox 500 327 535 360; x_wconf 89' lang='lat' dir='ltr'>per</span> <span class='ocrx_word' id='word_1_29' title='bbox 549 326 592 351; x_wconf 85' lang='lat' dir='ltr'>aera</span> <span class='ocrx_word' id='word_1_30' title='bbox 606 321 743 360; x_wconf 83' lang='lat' dir='ltr'>conspexerunt</span> 
     </span>
     <span class='ocr_line' id='line_1_5' title="bbox 41 368 743 420; baseline -0.007 -11"><span class='ocrx_word' id='word_1_31' title='bbox 41 372 125 420; x_wconf 82' lang='lat' dir='ltr'>quamdiu</span> <span class='ocrx_word' id='word_1_32' title='bbox 133 369 211 417; x_wconf 87' lang='lat' dir='ltr'>naturali</span> <span class='ocrx_word' id='word_1_33' title='bbox 220 368 312 403; x_wconf 87' lang='lat' dir='ltr'>oculorum</span> <span class='ocrx_word' id='word_1_34' title='bbox 321 369 359 403; x_wconf 91' lang='lat' dir='ltr'>acie</span> <span class='ocrx_word' id='word_1_35' title='bbox 367 373 470 413; x_wconf 89' lang='lat' dir='ltr'>potuerunt.</span> <span class='ocrx_word' id='word_1_36' title='bbox 482 368 549 414; x_wconf 90' lang='lat' dir='ltr'>Sicque</span> <span class='ocrx_word' id='word_1_37' title='bbox 557 369 631 404; x_wconf 88' lang='lat' dir='ltr'>tandem</span> <span class='ocrx_word' id='word_1_38' title='bbox 639 370 743 405; x_wconf 87' lang='lat' dir='ltr'>subtractus</span> 
     </span>
     <span class='ocr_line' id='line_1_6' title="bbox 42 421 620 465; baseline -0.01 -4"><span class='ocrx_word' id='word_1_39' title='bbox 42 428 110 463; x_wconf 88' lang='lat' dir='ltr'>uisibus</span> <span class='ocrx_word' id='word_1_40' title='bbox 117 423 218 463; x_wconf 90' lang='lat' dir='ltr'>hominum,</span> <span class='ocrx_word' id='word_1_41' title='bbox 226 427 301 455; x_wconf 87' lang='lat' dir='ltr'>eternus</span> <span class='ocrx_word' id='word_1_42' title='bbox 309 423 408 455; x_wconf 85' lang='lat' dir='ltr'>demonum</span> <span class='ocrx_word' id='word_1_43' title='bbox 416 421 476 455; x_wconf 90' lang='lat' dir='ltr'>socius</span> <span class='ocrx_word' id='word_1_44' title='bbox 484 422 559 456; x_wconf 83' lang='lat' dir='ltr'>effectus</span> <span class='ocrx_word' id='word_1_45' title='bbox 568 427 596 456; x_wconf 86' lang='lat' dir='ltr'>est</span> <span class='ocrx_word' id='word_1_46' title='bbox 602 422 620 465; x_wconf 91' lang='lat'>¹.]</span> 
     </span>
    </p>
   </div>
   <div class='ocr_carea' id='block_1_3' title="bbox 189 510 597 561">
    <p class='ocr_par' dir='ltr' id='par_1_3' title="bbox 189 510 597 561">
     <span class='ocr_line' id='line_1_7' title="bbox 189 510 597 561; baseline -0.007 -7"><span class='ocrx_word' id='word_1_47' title='bbox 189 518 203 554; x_wconf 78' lang='lat' dir='ltr'>tl</span> <span class='ocrx_word' id='word_1_48' title='bbox 216 510 250 552; x_wconf 75' lang='lat' dir='ltr'>Dr</span> <span class='ocrx_word' id='word_1_49' title='bbox 261 527 332 551; x_wconf 74' lang='lat' dir='ltr'>seuero</span> <span class='ocrx_word' id='word_1_50' title='bbox 343 516 452 561; x_wconf 80' lang='lat' dir='ltr'>Wc[r]nrco</span> <span class='ocrx_word' id='word_1_51' title='bbox 463 516 597 551; x_wconf 79' lang='lat' dir='ltr'>courcssonr¹.</span> 
     </span>
    </p>
   </div>
   <div class='ocr_carea' id='block_1_4' title="bbox 28 585 771 2006">
    <p class='ocr_par' dir='ltr' id='par_1_4' title="bbox 28 585 771 2006">
     <span class='ocr_line' id='line_1_8' title="bbox 77 585 742 629; baseline -0.003 -8"><span class='ocrx_word' id='word_1_52' title='bbox 77 588 133 622; x_wconf 89' lang='lat' dir='ltr'>Eatus</span> <span class='ocrx_word' id='word_1_53' title='bbox 139 585 237 627; x_wconf 80' lang='lat' dir='ltr'>ericus¹‚</span> <span class='ocrx_word' id='word_1_54' title='bbox 243 586 266 619; x_wconf 90' lang='lat' dir='ltr'>de</span> <span class='ocrx_word' id='word_1_55' title='bbox 274 585 361 619; x_wconf 86' lang='lat' dir='ltr'>mediocri</span> <span class='ocrx_word' id='word_1_56' title='bbox 369 585 472 628; x_wconf 86' lang='lat' dir='ltr'>Anglornm</span> <span class='ocrx_word' id='word_1_57' title='bbox 478 591 534 628; x_wconf 77' lang='lat' dir='ltr'>gente</span> <span class='ocrx_word' id='word_1_58' title='bbox 541 585 631 629; x_wconf 80' lang='lat' dir='ltr'>originem</span> <span class='ocrx_word' id='word_1_59' title='bbox 640 585 715 627; x_wconf 83' lang='lat' dir='ltr'>ducens,</span> <span class='ocrx_word' id='word_1_60' title='bbox 723 585 742 619; x_wconf 92' lang='lat' dir='ltr'>in</span> 
     </span>
     <span class='ocr_line' id='line_1_9' title="bbox 98 637 742 680; baseline 0 -7"><span class='ocrx_word' id='word_1_61' title='bbox 98 640 181 674; x_wconf 86' lang='lat' dir='ltr'>Contona</span> <span class='ocrx_word' id='word_1_62' title='bbox 186 639 198 680; x_wconf 87' lang='lat'>⁴,</span> <span class='ocrx_word' id='word_1_63' title='bbox 206 643 246 672; x_wconf 91' lang='lat' dir='ltr'>octo</span> <span class='ocrx_word' id='word_1_64' title='bbox 254 649 265 671; x_wconf 95' lang='lat' dir='ltr'>a</span> <span class='ocrx_word' id='word_1_65' title='bbox 275 638 367 672; x_wconf 85' lang='lat' dir='ltr'>Bristollia</span> <span class='ocrx_word' id='word_1_66' title='bbox 378 637 479 672; x_wconf 89' lang='lat' dir='ltr'>miliaribus</span> <span class='ocrx_word' id='word_1_67' title='bbox 490 637 582 672; x_wconf 78' lang='lat' dir='ltr'>distante¹</span> <span class='ocrx_word' id='word_1_68' title='bbox 590 643 649 679; x_wconf 84' lang='lat' dir='ltr'>natus,</span> <span class='ocrx_word' id='word_1_69' title='bbox 656 639 716 680; x_wconf 87' lang='lat' dir='ltr'>alitus,</span> <span class='ocrx_word' id='word_1_70' title='bbox 724 644 742 673; x_wconf 87' lang='lat' dir='ltr'>et</span> 
     </span>
     <span class='ocr_line' id='line_1_10' title="bbox 42 689 743 735; baseline -0.007 -6"><span class='ocrx_word' id='word_1_71' title='bbox 42 697 160 729; x_wconf 90' lang='lat' dir='ltr'>conuersatus</span> <span class='ocrx_word' id='word_1_72' title='bbox 168 696 201 731; x_wconf 93' lang='lat' dir='ltr'>est,</span> <span class='ocrx_word' id='word_1_73' title='bbox 209 691 239 725; x_wconf 92' lang='lat' dir='ltr'>vbi</span> <span class='ocrx_word' id='word_1_74' title='bbox 248 695 266 724; x_wconf 89' lang='lat' dir='ltr'>et</span> <span class='ocrx_word' id='word_1_75' title='bbox 273 690 373 724; x_wconf 90' lang='lat' dir='ltr'>sacerdotis</span> <span class='ocrx_word' id='word_1_76' title='bbox 381 689 461 724; x_wconf 88' lang='lat' dir='ltr'>officium</span> <span class='ocrx_word' id='word_1_77' title='bbox 470 701 504 734; x_wconf 88' lang='lat' dir='ltr'>per</span> <span class='ocrx_word' id='word_1_78' title='bbox 511 701 570 725; x_wconf 90' lang='lat' dir='ltr'>annos</span> <span class='ocrx_word' id='word_1_79' title='bbox 578 690 646 735; x_wconf 85' lang='lat' dir='ltr'>aliquot</span> <span class='ocrx_word' id='word_1_80' title='bbox 656 690 743 725; x_wconf 88' lang='lat' dir='ltr'>adminis-</span> 
     </span>
     <span class='ocr_line' id='line_1_11' title="bbox 42 743 742 788; baseline -0.003 -7"><span class='ocrx_word' id='word_1_81' title='bbox 42 747 104 782; x_wconf 86' lang='lat' dir='ltr'>trauit:</span> <span class='ocrx_word' id='word_1_82' title='bbox 117 756 183 779; x_wconf 89' lang='lat' dir='ltr'>canum</span> <span class='ocrx_word' id='word_1_83' title='bbox 190 750 208 778; x_wconf 90' lang='lat' dir='ltr'>et</span> <span class='ocrx_word' id='word_1_84' title='bbox 214 743 408 778; x_wconf 89' lang='lat' dir='ltr'>auiumvenationibus</span> <span class='ocrx_word' id='word_1_85' title='bbox 413 743 505 788; x_wconf 89' lang='lat' dir='ltr'>presbiter</span> <span class='ocrx_word' id='word_1_86' title='bbox 511 756 548 778; x_wconf 92' lang='lat' dir='ltr'>non</span> <span class='ocrx_word' id='word_1_87' title='bbox 553 743 643 778; x_wconf 84' lang='lat' dir='ltr'>abstinuit.</span> <span class='ocrx_word' id='word_1_88' title='bbox 658 744 742 779; x_wconf 84' lang='lat' dir='ltr'>Tandem</span> 
     </span>
     <span class='ocr_line' id='line_1_12' title="bbox 42 797 770 846; baseline -0.004 -10"><span class='ocrx_word' id='word_1_89' title='bbox 42 800 88 846; x_wconf 91' lang='lat' dir='ltr'>apud</span> <span class='ocrx_word' id='word_1_90' title='bbox 103 797 261 843; x_wconf 62' lang='lat' dir='ltr'>Haselhergiamt,</span> <span class='ocrx_word' id='word_1_91' title='bbox 273 797 295 832; x_wconf 92' lang='lat' dir='ltr'>ab</span> <span class='ocrx_word' id='word_1_92' title='bbox 307 797 389 832; x_wconf 74' lang='lat' dir='ltr'>Exonia¹</span> <span class='ocrx_word' id='word_1_93' title='bbox 397 797 471 842; x_wconf 85' lang='lat' dir='ltr'>triginta</span> <span class='ocrx_word' id='word_1_94' title='bbox 481 797 582 832; x_wconf 86' lang='lat' dir='ltr'>miliaribus</span> <span class='ocrx_word' id='word_1_95' title='bbox 594 797 699 841; x_wconf 89' lang='lat' dir='ltr'>distantem,</span> <span class='ocrx_word' id='word_1_96' title='bbox 709 798 742 833; x_wconf 89' lang='lat' dir='ltr'>mi·</span> <span class='ocrx_word' id='word_1_97' title='bbox 751 810 770 832; x_wconf 84' lang='lat' dir='ltr'>ro</span> 
     </span>
     <span class='ocr_line' id='line_1_13' title="bbox 42 851 742 899; baseline -0.001 -12"><span class='ocrx_word' id='word_1_98' title='bbox 42 853 110 899; x_wconf 86' lang='lat' dir='ltr'>grauit:</span> <span class='ocrx_word' id='word_1_99' title='bbox 122 852 152 886; x_wconf 89' lang='lat' dir='ltr'>vbi</span> <span class='ocrx_word' id='word_1_100' title='bbox 160 852 179 885; x_wconf 94' lang='lat' dir='ltr'>in</span> <span class='ocrx_word' id='word_1_101' title='bbox 189 852 253 885; x_wconf 90' lang='lat' dir='ltr'>cellula</span> <span class='ocrx_word' id='word_1_102' title='bbox 263 851 340 885; x_wconf 82' lang='lat' dir='ltr'>ecclesie</span> <span class='ocrx_word' id='word_1_103' title='bbox 351 852 441 895; x_wconf 85' lang='lat' dir='ltr'>contigua,</span> <span class='ocrx_word' id='word_1_104' title='bbox 449 851 498 885; x_wconf 89' lang='lat' dir='ltr'>nulla</span> <span class='ocrx_word' id='word_1_105' title='bbox 510 851 591 895; x_wconf 82' lang='lat' dir='ltr'>episcopi</span> <span class='ocrx_word' id='word_1_106' title='bbox 602 851 742 893; x_wconf 89' lang='lat' dir='ltr'>introductione,</span> 
     </span>
     <span class='ocr_line' id='line_1_14' title="bbox 42 903 742 947; baseline -0.001 -8"><span class='ocrx_word' id='word_1_107' title='bbox 42 906 89 940; x_wconf 87' lang='lat' dir='ltr'>nulla</span> <span class='ocrx_word' id='word_1_108' title='bbox 96 904 228 939; x_wconf 86' lang='lat' dir='ltr'>benedictionis</span> <span class='ocrx_word' id='word_1_109' title='bbox 236 904 371 947; x_wconf 85' lang='lat' dir='ltr'>solempnitate,</span> <span class='ocrx_word' id='word_1_110' title='bbox 379 904 412 937; x_wconf 85' lang='lat' dir='ltr'>secl</span> <span class='ocrx_word' id='word_1_111' title='bbox 420 903 504 937; x_wconf 83' lang='lat' dir='ltr'>familiari</span> <span class='ocrx_word' id='word_1_112' title='bbox 515 904 591 947; x_wconf 86' lang='lat' dir='ltr'>spiritus</span> <span class='ocrx_word' id='word_1_113' title='bbox 599 904 656 938; x_wconf 86' lang='lat' dir='ltr'>sancti</span> <span class='ocrx_word' id='word_1_114' title='bbox 664 905 742 938; x_wconf 87' lang='lat' dir='ltr'>auctori-</span> 
     </span>
     <span class='ocr_line' id='line_1_15' title="bbox 42 956 742 1000; baseline -0.004 -7"><span class='ocrx_word' id='word_1_115' title='bbox 42 964 82 999; x_wconf 86' lang='lat' dir='ltr'>tate,</span> <span class='ocrx_word' id='word_1_116' title='bbox 90 957 162 991; x_wconf 87' lang='lat' dir='ltr'>Christo</span> <span class='ocrx_word' id='word_1_117' title='bbox 174 968 195 991; x_wconf 91' lang='lat' dir='ltr'>se</span> <span class='ocrx_word' id='word_1_118' title='bbox 207 956 331 1000; x_wconf 86' lang='lat' dir='ltr'>consepeliuit,</span> <span class='ocrx_word' id='word_1_119' title='bbox 339 957 397 990; x_wconf 86' lang='lat' dir='ltr'>multo</span> <span class='ocrx_word' id='word_1_120' title='bbox 404 956 471 989; x_wconf 86' lang='lat' dir='ltr'>ieiunio</span> <span class='ocrx_word' id='word_1_121' title='bbox 479 957 599 990; x_wconf 86' lang='lat' dir='ltr'>mortificabat</span> <span class='ocrx_word' id='word_1_122' title='bbox 610 957 693 990; x_wconf 87' lang='lat' dir='ltr'>membra</span> <span class='ocrx_word' id='word_1_123' title='bbox 702 968 742 998; x_wconf 88' lang='lat' dir='ltr'>sua,</span> 
     </span>
     <span class='ocr_line' id='line_1_16' title="bbox 42 1008 742 1054; baseline -0.001 -10"><span class='ocrx_word' id='word_1_124' title='bbox 42 1017 59 1046; x_wconf 92' lang='lat' dir='ltr'>et</span> <span class='ocrx_word' id='word_1_125' title='bbox 66 1010 166 1054; x_wconf 83' lang='lat' dir='ltr'>vigiliarum</span> <span class='ocrx_word' id='word_1_126' title='bbox 175 1010 237 1043; x_wconf 84' lang='lat' dir='ltr'>labore</span> <span class='ocrx_word' id='word_1_127' title='bbox 245 1009 328 1051; x_wconf 86' lang='lat' dir='ltr'>vexabat,</span> <span class='ocrx_word' id='word_1_128' title='bbox 336 1014 355 1043; x_wconf 92' lang='lat' dir='ltr'>vt</span> <span class='ocrx_word' id='word_1_129' title='bbox 363 1008 416 1053; x_wconf 89' lang='lat' dir='ltr'>pellis</span> <span class='ocrx_word' id='word_1_130' title='bbox 423 1009 455 1042; x_wconf 81' lang='lat' dir='ltr'>vix</span> <span class='ocrx_word' id='word_1_131' title='bbox 462 1009 536 1043; x_wconf 88' lang='lat' dir='ltr'>ossibus</span> <span class='ocrx_word' id='word_1_132' title='bbox 544 1009 622 1043; x_wconf 90' lang='lat' dir='ltr'>hereret.</span> <span class='ocrx_word' id='word_1_133' title='bbox 640 1009 684 1043; x_wconf 83' lang='lat' dir='ltr'>Erat</span> <span class='ocrx_word' id='word_1_134' title='bbox 692 1009 742 1043; x_wconf 91' lang='lat' dir='ltr'>enim</span> 
     </span>
     <span class='ocr_line' id='line_1_17' title="bbox 42 1061 769 1108; baseline 0 -10"><span class='ocrx_word' id='word_1_135' title='bbox 42 1065 57 1098; x_wconf 91' lang='lat' dir='ltr'>ei</span> <span class='ocrx_word' id='word_1_136' title='bbox 72 1074 105 1108; x_wconf 90' lang='lat' dir='ltr'>pro</span> <span class='ocrx_word' id='word_1_137' title='bbox 120 1064 160 1097; x_wconf 88' lang='lat' dir='ltr'>cibo</span> <span class='ocrx_word' id='word_1_138' title='bbox 175 1061 273 1097; x_wconf 86' lang='lat' dir='ltr'>delicatiori</span> <span class='ocrx_word' id='word_1_139' title='bbox 288 1063 341 1107; x_wconf 91' lang='lat' dir='ltr'>panis</span> <span class='ocrx_word' id='word_1_140' title='bbox 356 1062 459 1104; x_wconf 89' lang='lat' dir='ltr'>auenacius,</span> <span class='ocrx_word' id='word_1_141' title='bbox 475 1068 493 1096; x_wconf 89' lang='lat' dir='ltr'>et</span> <span class='ocrx_word' id='word_1_142' title='bbox 507 1063 622 1107; x_wconf 87' lang='lat' dir='ltr'>pulmentum</span> <span class='ocrx_word' id='word_1_143' title='bbox 641 1063 665 1096; x_wconf 86' lang='lat' dir='ltr'>de</span> <span class='ocrx_word' id='word_1_144' title='bbox 683 1075 742 1098; x_wconf 86' lang='lat' dir='ltr'>auena</span> <span class='ocrx_word' id='word_1_145' title='bbox 751 1076 769 1107; x_wconf 82' lang='lat'>15</span> 
     </span>
     <span class='ocr_line' id='line_1_18' title="bbox 42 1115 742 1161; baseline 0 -10"><span class='ocrx_word' id='word_1_146' title='bbox 42 1118 111 1151; x_wconf 85' lang='lat' dir='ltr'>lactum.</span> <span class='ocrx_word' id='word_1_147' title='bbox 139 1116 208 1150; x_wconf 91' lang='lat' dir='ltr'>Vinum</span> <span class='ocrx_word' id='word_1_148' title='bbox 222 1121 240 1149; x_wconf 91' lang='lat' dir='ltr'>et</span> <span class='ocrx_word' id='word_1_149' title='bbox 252 1126 307 1149; x_wconf 88' lang='lat' dir='ltr'>omne</span> <span class='ocrx_word' id='word_1_150' title='bbox 319 1116 367 1160; x_wconf 91' lang='lat' dir='ltr'>quod</span> <span class='ocrx_word' id='word_1_151' title='bbox 379 1115 470 1149; x_wconf 91' lang='lat' dir='ltr'>inebriare</span> <span class='ocrx_word' id='word_1_152' title='bbox 484 1122 551 1160; x_wconf 89' lang='lat' dir='ltr'>potest,</span> <span class='ocrx_word' id='word_1_153' title='bbox 564 1115 600 1150; x_wconf 92' lang='lat' dir='ltr'>nisi</span> <span class='ocrx_word' id='word_1_154' title='bbox 615 1115 633 1149; x_wconf 94' lang='lat' dir='ltr'>in</span> <span class='ocrx_word' id='word_1_155' title='bbox 649 1116 742 1161; x_wconf 87' lang='lat' dir='ltr'>precipuis</span> 
     </span>
     <span class='ocr_line' id='line_1_19' title="bbox 43 1167 742 1212; baseline -0.001 -10"><span class='ocrx_word' id='word_1_156' title='bbox 43 1168 197 1212; x_wconf 88' lang='lat' dir='ltr'>solempnitatibus</span> <span class='ocrx_word' id='word_1_157' title='bbox 210 1169 233 1201; x_wconf 92' lang='lat' dir='ltr'>ob</span> <span class='ocrx_word' id='word_1_158' title='bbox 245 1168 368 1201; x_wconf 84' lang='lat' dir='ltr'>reuerentiam</span> <span class='ocrx_word' id='word_1_159' title='bbox 383 1167 425 1201; x_wconf 82' lang='lat' dir='ltr'>sesti</span> <span class='ocrx_word' id='word_1_160' title='bbox 440 1167 499 1210; x_wconf 84' lang='lat' dir='ltr'>magis</span> <span class='ocrx_word' id='word_1_161' title='bbox 512 1178 567 1211; x_wconf 88' lang='lat' dir='ltr'>quam</span> <span class='ocrx_word' id='word_1_162' title='bbox 580 1168 640 1201; x_wconf 90' lang='lat' dir='ltr'>carnis</span> <span class='ocrx_word' id='word_1_163' title='bbox 653 1169 742 1202; x_wconf 85' lang='lat' dir='ltr'>relocilla-</span> 
     </span>
     <span class='ocr_line' id='line_1_20' title="bbox 43 1220 742 1264; baseline 0 -9"><span class='ocrx_word' id='word_1_164' title='bbox 43 1221 114 1263; x_wconf 89' lang='lat' dir='ltr'>tionem,</span> <span class='ocrx_word' id='word_1_165' title='bbox 128 1231 165 1255; x_wconf 92' lang='lat' dir='ltr'>non</span> <span class='ocrx_word' id='word_1_166' title='bbox 180 1220 266 1264; x_wconf 85' lang='lat' dir='ltr'>gustauit.</span> <span class='ocrx_word' id='word_1_167' title='bbox 288 1220 396 1264; x_wconf 83' lang='lat' dir='ltr'>Vigiliarum</span> <span class='ocrx_word' id='word_1_168' title='bbox 408 1230 453 1255; x_wconf 87' lang='lat' dir='ltr'>vero</span> <span class='ocrx_word' id='word_1_169' title='bbox 468 1225 506 1255; x_wconf 89' lang='lat' dir='ltr'>tam</span> <span class='ocrx_word' id='word_1_170' title='bbox 521 1220 599 1264; x_wconf 84' lang='lat' dir='ltr'>peruigil</span> <span class='ocrx_word' id='word_1_171' title='bbox 615 1225 633 1255; x_wconf 86' lang='lat' dir='ltr'>et</span> <span class='ocrx_word' id='word_1_172' title='bbox 648 1220 742 1256; x_wconf 85' lang='lat' dir='ltr'>indelessa</span> 
     </span>
     <span class='ocr_line' id='line_1_21' title="bbox 42 1272 741 1317; baseline 0.001 -9"><span class='ocrx_word' id='word_1_173' title='bbox 42 1273 136 1309; x_wconf 88' lang='lat' dir='ltr'>assiduitas</span> <span class='ocrx_word' id='word_1_174' title='bbox 155 1279 200 1316; x_wconf 86' lang='lat' dir='ltr'>erat,</span> <span class='ocrx_word' id='word_1_175' title='bbox 215 1279 234 1309; x_wconf 90' lang='lat' dir='ltr'>vt</span> <span class='ocrx_word' id='word_1_176' title='bbox 253 1273 361 1317; x_wconf 91' lang='lat' dir='ltr'>insompnes</span> <span class='ocrx_word' id='word_1_177' title='bbox 376 1284 453 1317; x_wconf 90' lang='lat' dir='ltr'>prorsus</span> <span class='ocrx_word' id='word_1_178' title='bbox 468 1272 543 1309; x_wconf 89' lang='lat' dir='ltr'>duceret</span> <span class='ocrx_word' id='word_1_179' title='bbox 559 1278 629 1314; x_wconf 84' lang='lat' dir='ltr'>noctes,</span> <span class='ocrx_word' id='word_1_180' title='bbox 648 1273 683 1308; x_wconf 94' lang='lat' dir='ltr'>nisi</span> <span class='ocrx_word' id='word_1_181' title='bbox 699 1284 741 1309; x_wconf 88' lang='lat' dir='ltr'>cum</span> 
     </span>
     <span class='ocr_line' id='line_1_22' title="bbox 42 1326 770 1371; baseline -0.001 -10"><span class='ocrx_word' id='word_1_182' title='bbox 42 1326 127 1361; x_wconf 90' lang='lat' dir='ltr'>naturalis</span> <span class='ocrx_word' id='word_1_183' title='bbox 135 1327 227 1362; x_wconf 91' lang='lat' dir='ltr'>interdum</span> <span class='ocrx_word' id='word_1_184' title='bbox 235 1326 334 1362; x_wconf 88' lang='lat' dir='ltr'>infirmitas</span> <span class='ocrx_word' id='word_1_185' title='bbox 341 1331 460 1371; x_wconf 86' lang='lat' dir='ltr'>perurgeret:</span> <span class='ocrx_word' id='word_1_186' title='bbox 472 1332 490 1360; x_wconf 88' lang='lat' dir='ltr'>et</span> <span class='ocrx_word' id='word_1_187' title='bbox 498 1332 541 1361; x_wconf 91' lang='lat' dir='ltr'>tunc</span> <span class='ocrx_word' id='word_1_188' title='bbox 549 1337 586 1361; x_wconf 88' lang='lat' dir='ltr'>non</span> <span class='ocrx_word' id='word_1_189' title='bbox 594 1327 640 1361; x_wconf 88' lang='lat' dir='ltr'>lecto</span> <span class='ocrx_word' id='word_1_190' title='bbox 647 1326 653 1345; x_wconf 79' lang='lat'>¹</span> <span class='ocrx_word' id='word_1_191' title='bbox 661 1327 741 1371; x_wconf 83' lang='lat' dir='ltr'>quidem,</span> <span class='ocrx_word' id='word_1_192' title='bbox 751 1339 770 1361; x_wconf 82' lang='lat' dir='ltr'>ao</span> 
     </span>
     <span class='ocr_line' id='line_1_23' title="bbox 43 1379 743 1426; baseline 0.001 -12"><span class='ocrx_word' id='word_1_193' title='bbox 43 1381 74 1414; x_wconf 90' lang='lat' dir='ltr'>sed</span> <span class='ocrx_word' id='word_1_194' title='bbox 91 1379 150 1425; x_wconf 91' lang='lat' dir='ltr'>capite</span> <span class='ocrx_word' id='word_1_195' title='bbox 165 1381 188 1415; x_wconf 86' lang='lat' dir='ltr'>ad</span> <span class='ocrx_word' id='word_1_196' title='bbox 207 1380 296 1426; x_wconf 89' lang='lat' dir='ltr'>parietem</span> <span class='ocrx_word' id='word_1_197' title='bbox 312 1380 405 1421; x_wconf 86' lang='lat' dir='ltr'>reclinato,</span> <span class='ocrx_word' id='word_1_198' title='bbox 420 1390 457 1414; x_wconf 91' lang='lat' dir='ltr'>non</span> <span class='ocrx_word' id='word_1_199' title='bbox 476 1384 514 1414; x_wconf 85' lang='lat' dir='ltr'>tam</span> <span class='ocrx_word' id='word_1_200' title='bbox 533 1379 615 1425; x_wconf 89' lang='lat' dir='ltr'>capiebat</span> <span class='ocrx_word' id='word_1_201' title='bbox 632 1381 743 1425; x_wconf 88' lang='lat' dir='ltr'>sompnum¹</span> 
     </span>
     <span class='ocr_line' id='line_1_24' title="bbox 43 1432 743 1477; baseline 0.004 -12"><span class='ocrx_word' id='word_1_202' title='bbox 43 1443 94 1475; x_wconf 89' lang='lat' dir='ltr'>quam</span> <span class='ocrx_word' id='word_1_203' title='bbox 104 1434 212 1477; x_wconf 81' lang='lat' dir='ltr'>incipiebat3</span> <span class='ocrx_word' id='word_1_204' title='bbox 225 1439 243 1467; x_wconf 90' lang='lat' dir='ltr'>et</span> <span class='ocrx_word' id='word_1_205' title='bbox 251 1433 337 1467; x_wconf 90' lang='lat' dir='ltr'>continuo</span> <span class='ocrx_word' id='word_1_206' title='bbox 344 1434 393 1467; x_wconf 91' lang='lat' dir='ltr'>velut</span> <span class='ocrx_word' id='word_1_207' title='bbox 401 1433 424 1466; x_wconf 91' lang='lat' dir='ltr'>ad</span> <span class='ocrx_word' id='word_1_208' title='bbox 432 1432 516 1466; x_wconf 90' lang='lat' dir='ltr'>iniuriam</span> <span class='ocrx_word' id='word_1_209' title='bbox 525 1433 590 1467; x_wconf 81' lang='lat' dir='ltr'>factam</span> <span class='ocrx_word' id='word_1_210' title='bbox 599 1433 687 1477; x_wconf 89' lang='lat' dir='ltr'>euigilans</span> <span class='ocrx_word' id='word_1_211' title='bbox 693 1434 712 1475; x_wconf 81' lang='lat'>¹⁰,</span> <span class='ocrx_word' id='word_1_212' title='bbox 720 1445 743 1468; x_wconf 90' lang='lat' dir='ltr'>eo</span> 
     </span>
     <span class='ocr_line' id='line_1_25' title="bbox 43 1484 742 1528; baseline 0.003 -10"><span class='ocrx_word' id='word_1_213' title='bbox 43 1484 103 1518; x_wconf 84' lang='lat' dir='ltr'>sortior</span> <span class='ocrx_word' id='word_1_214' title='bbox 112 1495 148 1527; x_wconf 90' lang='lat' dir='ltr'>quo</span> <span class='ocrx_word' id='word_1_215' title='bbox 159 1485 250 1519; x_wconf 89' lang='lat' dir='ltr'>recentior</span> <span class='ocrx_word' id='word_1_216' title='bbox 260 1486 283 1519; x_wconf 92' lang='lat' dir='ltr'>ad</span> <span class='ocrx_word' id='word_1_217' title='bbox 293 1490 381 1519; x_wconf 89' lang='lat' dir='ltr'>consueta</span> <span class='ocrx_word' id='word_1_218' title='bbox 392 1485 468 1519; x_wconf 85' lang='lat' dir='ltr'>redibat.</span> <span class='ocrx_word' id='word_1_219' title='bbox 491 1485 573 1520; x_wconf 87' lang='lat' dir='ltr'>Ceruical</span> <span class='ocrx_word' id='word_1_220' title='bbox 585 1495 658 1528; x_wconf 91' lang='lat' dir='ltr'>quoque</span> <span class='ocrx_word' id='word_1_221' title='bbox 669 1487 693 1520; x_wconf 91' lang='lat' dir='ltr'>de</span> <span class='ocrx_word' id='word_1_222' title='bbox 705 1486 742 1520; x_wconf 88' lang='lat' dir='ltr'>seni</span> 
     </span>
     <span class='ocr_line' id='line_1_26' title="bbox 43 1536 742 1582; baseline 0.004 -12"><span class='ocrx_word' id='word_1_223' title='bbox 43 1536 113 1572; x_wconf 82' lang='lat' dir='ltr'>funibus</span> <span class='ocrx_word' id='word_1_224' title='bbox 132 1538 229 1579; x_wconf 79' lang='lat' dir='ltr'>intextum,</span> <span class='ocrx_word' id='word_1_225' title='bbox 245 1536 299 1582; x_wconf 86' lang='lat' dir='ltr'>capiti</span> <span class='ocrx_word' id='word_1_226' title='bbox 314 1548 420 1582; x_wconf 87' lang='lat' dir='ltr'>supponere</span> <span class='ocrx_word' id='word_1_227' title='bbox 436 1537 536 1572; x_wconf 88' lang='lat' dir='ltr'>consueuit.</span> <span class='ocrx_word' id='word_1_228' title='bbox 565 1537 627 1573; x_wconf 84' lang='lat' dir='ltr'>Cilicio</span> <span class='ocrx_word' id='word_1_229' title='bbox 642 1537 702 1582; x_wconf 91' lang='lat' dir='ltr'>primo</span> <span class='ocrx_word' id='word_1_230' title='bbox 719 1539 742 1573; x_wconf 84' lang='lat' dir='ltr'>ad</span> 
     </span>
     <span class='ocr_line' id='line_1_27' title="bbox 43 1591 771 1636; baseline 0.005 -13"><span class='ocrx_word' id='word_1_231' title='bbox 43 1600 120 1633; x_wconf 80' lang='lat' dir='ltr'>carnem,</span> <span class='ocrx_word' id='word_1_232' title='bbox 129 1593 196 1626; x_wconf 93' lang='lat' dir='ltr'>deinde</span> <span class='ocrx_word' id='word_1_233' title='bbox 203 1592 259 1625; x_wconf 89' lang='lat' dir='ltr'>lorica</span> <span class='ocrx_word' id='word_1_234' title='bbox 266 1601 311 1625; x_wconf 91' lang='lat' dir='ltr'>vsus</span> <span class='ocrx_word' id='word_1_235' title='bbox 322 1597 356 1626; x_wconf 92' lang='lat' dir='ltr'>est.</span> <span class='ocrx_word' id='word_1_236' title='bbox 379 1591 467 1625; x_wconf 90' lang='lat' dir='ltr'>Noctibus</span> <span class='ocrx_word' id='word_1_237' title='bbox 474 1602 520 1626; x_wconf 89' lang='lat' dir='ltr'>vero</span> <span class='ocrx_word' id='word_1_238' title='bbox 528 1591 546 1625; x_wconf 93' lang='lat' dir='ltr'>in</span> <span class='ocrx_word' id='word_1_239' title='bbox 555 1591 622 1635; x_wconf 78' lang='lat' dir='ltr'>frigore</span> <span class='ocrx_word' id='word_1_240' title='bbox 630 1597 648 1626; x_wconf 87' lang='lat' dir='ltr'>et</span> <span class='ocrx_word' id='word_1_241' title='bbox 656 1593 742 1634; x_wconf 88' lang='lat' dir='ltr'>nuditate,</span> <span class='ocrx_word' id='word_1_242' title='bbox 752 1606 759 1627; x_wconf 82' lang='lat'>2</span> <span class='ocrx_word' id='word_1_243' title='bbox 761 1605 771 1636; x_wconf 84' lang='lat'><strong>5</strong></span> 
     </span>
     <span class='ocr_line' id='line_1_28' title="bbox 42 1642 742 1689; baseline 0.003 -13"><span class='ocrx_word' id='word_1_244' title='bbox 42 1642 59 1675; x_wconf 92' lang='lat' dir='ltr'>in</span> <span class='ocrx_word' id='word_1_245' title='bbox 67 1654 99 1677; x_wconf 90' lang='lat' dir='ltr'>vas</span> <span class='ocrx_word' id='word_1_246' title='bbox 110 1646 201 1687; x_wconf 91' lang='lat' dir='ltr'>quoddam</span> <span class='ocrx_word' id='word_1_247' title='bbox 210 1645 276 1689; x_wconf 87' lang='lat' dir='ltr'>frigida</span> <span class='ocrx_word' id='word_1_248' title='bbox 283 1654 330 1687; x_wconf 89' lang='lat' dir='ltr'>aqua</span> <span class='ocrx_word' id='word_1_249' title='bbox 338 1644 418 1678; x_wconf 83' lang='lat' dir='ltr'>infusum</span> <span class='ocrx_word' id='word_1_250' title='bbox 430 1644 559 1685; x_wconf 88' lang='lat' dir='ltr'>descendebat,</span> <span class='ocrx_word' id='word_1_251' title='bbox 567 1644 710 1689; x_wconf 89' lang='lat' dir='ltr'>psalteriumque</span> <span class='ocrx_word' id='word_1_252' title='bbox 718 1656 742 1679; x_wconf 80' lang='lat' dir='ltr'>ex</span> 
     </span>
     <span class='ocr_line' id='line_1_29' title="bbox 42 1694 742 1740; baseline 0.007 -13"><span class='ocrx_word' id='word_1_253' title='bbox 42 1694 110 1739; x_wconf 85' lang='lat' dir='ltr'>integro</span> <span class='ocrx_word' id='word_1_254' title='bbox 118 1698 192 1731; x_wconf 89' lang='lat' dir='ltr'>domino</span> <span class='ocrx_word' id='word_1_255' title='bbox 200 1698 311 1731; x_wconf 85' lang='lat' dir='ltr'>decantabat.</span> <span class='ocrx_word' id='word_1_256' title='bbox 335 1697 405 1731; x_wconf 85' lang='lat' dir='ltr'>Exiens</span> <span class='ocrx_word' id='word_1_257' title='bbox 412 1707 457 1730; x_wconf 92' lang='lat' dir='ltr'>vero</span> <span class='ocrx_word' id='word_1_258' title='bbox 465 1697 488 1730; x_wconf 87' lang='lat' dir='ltr'>de</span> <span class='ocrx_word' id='word_1_259' title='bbox 496 1708 543 1740; x_wconf 88' lang='lat' dir='ltr'>aqua</span> <span class='ocrx_word' id='word_1_260' title='bbox 548 1697 622 1730; x_wconf 91' lang='lat' dir='ltr'>loricam</span> <span class='ocrx_word' id='word_1_261' title='bbox 629 1697 692 1739; x_wconf 91' lang='lat' dir='ltr'>induit,</span> <span class='ocrx_word' id='word_1_262' title='bbox 697 1704 715 1732; x_wconf 87' lang='lat' dir='ltr'>et</span> <span class='ocrx_word' id='word_1_263' title='bbox 723 1699 742 1732; x_wconf 94' lang='lat' dir='ltr'>in</span> 
     </span>
     <span class='ocr_line' id='line_1_30' title="bbox 42 1745 742 1794; baseline 0.004 -14"><span class='ocrx_word' id='word_1_264' title='bbox 42 1745 114 1790; x_wconf 90' lang='lat' dir='ltr'>hymnis</span> <span class='ocrx_word' id='word_1_265' title='bbox 125 1754 144 1783; x_wconf 90' lang='lat' dir='ltr'>et</span> <span class='ocrx_word' id='word_1_266' title='bbox 155 1749 273 1790; x_wconf 87' lang='lat' dir='ltr'>orationibus,</span> <span class='ocrx_word' id='word_1_267' title='bbox 281 1759 323 1783; x_wconf 91' lang='lat' dir='ltr'>cum</span> <span class='ocrx_word' id='word_1_268' title='bbox 333 1748 402 1783; x_wconf 90' lang='lat' dir='ltr'>crebris</span> <span class='ocrx_word' id='word_1_269' title='bbox 411 1748 582 1792; x_wconf 85' lang='lat' dir='ltr'>genuflectionibus,</span> <span class='ocrx_word' id='word_1_270' title='bbox 590 1749 639 1793; x_wconf 91' lang='lat' dir='ltr'>quod</span> <span class='ocrx_word' id='word_1_271' title='bbox 651 1749 742 1794; x_wconf 90' lang='lat' dir='ltr'>reliquum</span> 
     </span>
     <span class='ocr_line' id='line_1_31' title="bbox 43 1800 743 1845; baseline 0.009 -13"><span class='ocrx_word' id='word_1_272' title='bbox 43 1806 78 1833; x_wconf 89' lang='lat' dir='ltr'>erat</span> <span class='ocrx_word' id='word_1_273' title='bbox 88 1800 195 1845; x_wconf 85' lang='lat' dir='ltr'>vigiliarum,</span> <span class='ocrx_word' id='word_1_274' title='bbox 203 1804 281 1837; x_wconf 90' lang='lat' dir='ltr'>deuotus</span> <span class='ocrx_word' id='word_1_275' title='bbox 294 1808 312 1836; x_wconf 88' lang='lat' dir='ltr'>et</span> <span class='ocrx_word' id='word_1_276' title='bbox 324 1802 384 1837; x_wconf 82' lang='lat' dir='ltr'>alacer</span> <span class='ocrx_word' id='word_1_277' title='bbox 390 1801 402 1822; x_wconf 92' lang='lat'>¹¹</span> <span class='ocrx_word' id='word_1_278' title='bbox 414 1801 535 1845; x_wconf 81' lang='lat' dir='ltr'>expendebat.</span> <span class='ocrx_word' id='word_1_279' title='bbox 558 1801 653 1836; x_wconf 83' lang='lat' dir='ltr'>incentiua</span> <span class='ocrx_word' id='word_1_280' title='bbox 660 1801 673 1823; x_wconf 85' lang='lat'>¹¹</span> <span class='ocrx_word' id='word_1_281' title='bbox 682 1803 743 1838; x_wconf 83' lang='lat' dir='ltr'>carnis</span> 
     </span>
     <span class='ocr_line' id='line_1_32' title="bbox 28 1854 771 1899; baseline 0.011 -15"><span class='ocrx_word' id='word_1_282' title='bbox 28 1876 32 1881; x_wconf 87' lang='lat'>.</span> <span class='ocrx_word' id='word_1_283' title='bbox 43 1861 79 1893; x_wconf 83' lang='lat' dir='ltr'>sue,</span> <span class='ocrx_word' id='word_1_284' title='bbox 90 1854 141 1890; x_wconf 89' lang='lat' dir='ltr'>cuius</span> <span class='ocrx_word' id='word_1_285' title='bbox 154 1855 253 1890; x_wconf 91' lang='lat' dir='ltr'>acerrimos</span> <span class='ocrx_word' id='word_1_286' title='bbox 264 1855 348 1890; x_wconf 92' lang='lat' dir='ltr'>stimulos</span> <span class='ocrx_word' id='word_1_287' title='bbox 359 1855 467 1899; x_wconf 83' lang='lat' dir='ltr'>patiebatur,</span> <span class='ocrx_word' id='word_1_288' title='bbox 478 1854 497 1889; x_wconf 91' lang='lat' dir='ltr'>in</span> <span class='ocrx_word' id='word_1_289' title='bbox 512 1855 564 1899; x_wconf 90' lang='lat' dir='ltr'>aquis</span> <span class='ocrx_word' id='word_1_290' title='bbox 575 1855 743 1891; x_wconf 88' lang='lat' dir='ltr'>vehementissimis</span> <span class='ocrx_word' id='word_1_291' title='bbox 751 1868 771 1898; x_wconf 75' lang='lat'>3⁰</span> 
     </span>
     <span class='ocr_line' id='line_1_33' title="bbox 43 1902 743 1954; baseline 0.01 -17"><span class='ocrx_word' id='word_1_292' title='bbox 43 1907 160 1943; x_wconf 86' lang='lat' dir='ltr'>mortificauit.</span> <span class='ocrx_word' id='word_1_293' title='bbox 198 1902 743 1954; x_wconf 80' lang='lat' dir='ltr'>Quadamenimnocte,dumexmoredeaquaascenderct‚</span> 
     </span>
     <span class='ocr_line' id='line_1_34' title="bbox 42 1961 742 2006; baseline 0.009 -14"><span class='ocrx_word' id='word_1_294' title='bbox 42 1966 94 1993; x_wconf 79' lang='lat' dir='ltr'>aranu</span> <span class='ocrx_word' id='word_1_295' title='bbox 107 1972 173 2005; x_wconf 90' lang='lat' dir='ltr'>aquam</span> <span class='ocrx_word' id='word_1_296' title='bbox 186 1963 287 2004; x_wconf 80' lang='lat' dir='ltr'>excutiens,</span> <span class='ocrx_word' id='word_1_297' title='bbox 298 1967 403 2006; x_wconf 86' lang='lat' dir='ltr'>serpentem</span> <span class='ocrx_word' id='word_1_298' title='bbox 415 1973 426 1995; x_wconf 91' lang='lat' dir='ltr'>a</span> <span class='ocrx_word' id='word_1_299' title='bbox 437 1961 508 1996; x_wconf 79' lang='lat' dir='ltr'>femore</span> <span class='ocrx_word' id='word_1_300' title='bbox 519 1963 655 2006; x_wconf 86' lang='lat' dir='ltr'>dependentem</span> <span class='ocrx_word' id='word_1_301' title='bbox 666 1963 742 1998; x_wconf 83' lang='lat' dir='ltr'>inuenit.</span> 
     </span>
    </p>
   </div>
   <div class='ocr_carea' id='block_1_5' title="bbox 41 2019 743 2575">
    <p class='ocr_par' dir='ltr' id='par_1_5' title="bbox 59 2019 258 2058">
     <span class='ocr_line' id='line_1_35' title="bbox 59 2019 258 2058; baseline 0.025 -5"><span class='ocrx_word' id='word_1_302' title='bbox 59 2019 64 2037; x_wconf 87' lang='lat'>¹</span> <span class='ocrx_word' id='word_1_303' title='bbox 75 2024 112 2055; x_wconf 86' lang='lat' dir='ltr'>Ant.</span> <span class='ocrx_word' id='word_1_304' title='bbox 120 2030 151 2057; x_wconf 92' lang='lat' dir='ltr'>and</span> <span class='ocrx_word' id='word_1_305' title='bbox 158 2029 198 2058; x_wconf 90' lang='lat' dir='ltr'>Coll.</span> <span class='ocrx_word' id='word_1_306' title='bbox 206 2029 222 2057; x_wconf 94' lang='lat' dir='ltr'>in</span> <span class='ocrx_word' id='word_1_307' title='bbox 229 2028 247 2058; x_wconf 90' lang='lat' dir='ltr'>T.</span> <span class='ocrx_word' id='word_1_308' title='bbox 254 2039 258 2058; x_wconf 74' lang='grc' dir='ltr'><strong>ε</strong></span> 
     </span>
    </p>

    <p class='ocr_par' dir='ltr' id='par_1_6' title="bbox 42 2056 743 2227">
     <span class='ocr_line' id='line_1_36' title="bbox 60 2056 743 2107; baseline 0.006 -13"><span class='ocrx_word' id='word_1_309' title='bbox 60 2056 108 2103; x_wconf 75' lang='lat' dir='ltr'>Auge</span> <span class='ocrx_word' id='word_1_310' title='bbox 115 2069 166 2107; x_wconf 85' lang='lat' dir='ltr'>nobis,</span> <span class='ocrx_word' id='word_1_311' title='bbox 174 2069 221 2097; x_wconf 87' lang='lat' dir='ltr'>ihesu</span> <span class='ocrx_word' id='word_1_312' title='bbox 228 2068 295 2105; x_wconf 85' lang='lat' dir='ltr'>Christe,</span> <span class='ocrx_word' id='word_1_313' title='bbox 301 2068 430 2097; x_wconf 86' lang='lat' dir='ltr'>benediccionem</span> <span class='ocrx_word' id='word_1_314' title='bbox 438 2066 490 2104; x_wconf 81' lang='lat' dir='ltr'>gracie</span> <span class='ocrx_word' id='word_1_315' title='bbox 497 2072 523 2097; x_wconf 88' lang='lat' dir='ltr'>tue</span> <span class='ocrx_word' id='word_1_316' title='bbox 530 2076 559 2106; x_wconf 89' lang='lat' dir='ltr'>per</span> <span class='ocrx_word' id='word_1_317' title='bbox 566 2067 622 2096; x_wconf 84' lang='lat' dir='ltr'>merita</span> <span class='ocrx_word' id='word_1_318' title='bbox 627 2067 709 2098; x_wconf 85' lang='lat' dir='ltr'>Wlihildis</span> <span class='ocrx_word' id='word_1_319' title='bbox 716 2073 743 2098; x_wconf 88' lang='lat' dir='ltr'>tue</span> 
     </span>
     <span class='ocr_line' id='line_1_37' title="bbox 42 2103 743 2144; baseline 0.011 -13"><span class='ocrx_word' id='word_1_320' title='bbox 42 2103 100 2142; x_wconf 83' lang='lat' dir='ltr'>dilecte,</span> <span class='ocrx_word' id='word_1_321' title='bbox 107 2117 136 2144; x_wconf 86' lang='lat' dir='ltr'>per</span> <span class='ocrx_word' id='word_1_322' title='bbox 143 2110 187 2138; x_wconf 90' lang='lat' dir='ltr'>cuius</span> <span class='ocrx_word' id='word_1_323' title='bbox 194 2109 275 2138; x_wconf 85' lang='lat' dir='ltr'>caritatem</span> <span class='ocrx_word' id='word_1_324' title='bbox 282 2113 343 2138; x_wconf 88' lang='lat' dir='ltr'>tantum</span> <span class='ocrx_word' id='word_1_325' title='bbox 350 2107 441 2137; x_wconf 84' lang='lat' dir='ltr'>miraculum</span> <span class='ocrx_word' id='word_1_326' title='bbox 448 2107 521 2144; x_wconf 81' lang='lat' dir='ltr'>dignatus</span> <span class='ocrx_word' id='word_1_327' title='bbox 528 2118 546 2137; x_wconf 87' lang='lat' dir='ltr'>es</span> <span class='ocrx_word' id='word_1_328' title='bbox 554 2107 640 2143; x_wconf 83' lang='lat' dir='ltr'>declarare,</span> <span class='ocrx_word' id='word_1_329' title='bbox 646 2112 664 2137; x_wconf 87' lang='lat' dir='ltr'>ut</span> <span class='ocrx_word' id='word_1_330' title='bbox 670 2109 743 2139; x_wconf 88' lang='lat' dir='ltr'>omnibus</span> 
     </span>
     <span class='ocr_line' id='line_1_38' title="bbox 42 2142 743 2186; baseline 0.011 -16"><span class='ocrx_word' id='word_1_331' title='bbox 42 2142 127 2181; x_wconf 89' lang='lat' dir='ltr'>hospitibus</span> <span class='ocrx_word' id='word_1_332' title='bbox 137 2148 201 2177; x_wconf 89' lang='lat' dir='ltr'>saciatis</span> <span class='ocrx_word' id='word_1_333' title='bbox 211 2148 263 2185; x_wconf 90' lang='lat' dir='ltr'>liquor</span> <span class='ocrx_word' id='word_1_334' title='bbox 273 2149 323 2185; x_wconf 86' lang='lat' dir='ltr'>priori</span> <span class='ocrx_word' id='word_1_335' title='bbox 333 2147 431 2185; x_wconf 90' lang='lat' dir='ltr'>plenitudine</span> <span class='ocrx_word' id='word_1_336' title='bbox 440 2148 542 2184; x_wconf 80' lang='lat' dir='ltr'>reperiretur.</span> <span class='ocrx_word' id='word_1_337' title='bbox 565 2147 640 2177; x_wconf 80' lang='lat' dir='ltr'>Pretiosa</span> <span class='ocrx_word' id='word_1_338' title='bbox 650 2149 743 2186; x_wconf 85' lang='lat' dir='ltr'>angelorum</span> 
     </span>
     <span class='ocr_line' id='line_1_39' title="bbox 42 2186 587 2227; baseline -0.004 -8"><span class='ocrx_word' id='word_1_339' title='bbox 42 2191 101 2218; x_wconf 68' lang='lat' dir='ltr'>gemma</span> <span class='ocrx_word' id='word_1_340' title='bbox 107 2186 204 2227; x_wconf 77' lang='lat' dir='ltr'>Wllhi[l]da‚</span> <span class='ocrx_word' id='word_1_341' title='bbox 213 2198 242 2226; x_wconf 89' lang='lat' dir='ltr'>pro</span> <span class='ocrx_word' id='word_1_342' title='bbox 249 2188 308 2218; x_wconf 88' lang='lat' dir='ltr'>nostris</span> <span class='ocrx_word' id='word_1_343' title='bbox 315 2188 406 2219; x_wconf 90' lang='lat' dir='ltr'>criminibus</span> <span class='ocrx_word' id='word_1_344' title='bbox 413 2186 492 2217; x_wconf 89' lang='lat' dir='ltr'>dominum</span> <span class='ocrx_word' id='word_1_345' title='bbox 500 2187 587 2225; x_wconf 85' lang='lat' dir='ltr'>interpella.</span> 
     </span>
    </p>

    <p class='ocr_par' dir='ltr' id='par_1_7' title="bbox 81 2227 743 2265">
     <span class='ocr_line' id='line_1_40' title="bbox 81 2227 743 2265; baseline 0.008 -11"><span class='ocrx_word' id='word_1_346' title='bbox 81 2235 108 2255; x_wconf 91' lang='lat' dir='ltr'>eus</span> <span class='ocrx_word' id='word_1_347' title='bbox 115 2229 190 2258; x_wconf 86' lang='lat' dir='ltr'>castitatis</span> <span class='ocrx_word' id='word_1_348' title='bbox 198 2232 258 2258; x_wconf 84' lang='lat' dir='ltr'>amator</span> <span class='ocrx_word' id='word_1_349' title='bbox 265 2232 281 2258; x_wconf 92' lang='lat' dir='ltr'>et</span> <span class='ocrx_word' id='word_1_350' title='bbox 290 2228 390 2258; x_wconf 88' lang='lat' dir='ltr'>continencie</span> <span class='ocrx_word' id='word_1_351' title='bbox 400 2232 508 2263; x_wconf 84' lang='lat' dir='ltr'>consenrator,</span> <span class='ocrx_word' id='word_1_352' title='bbox 515 2229 542 2265; x_wconf 91' lang='lat' dir='ltr'>qui</span> <span class='ocrx_word' id='word_1_353' title='bbox 549 2237 579 2265; x_wconf 89' lang='lat' dir='ltr'>pro</span> <span class='ocrx_word' id='word_1_354' title='bbox 588 2227 665 2265; x_wconf 82' lang='lat' dir='ltr'>pudicicia</span> <span class='ocrx_word' id='word_1_355' title='bbox 675 2228 743 2259; x_wconf 79' lang='lat' dir='ltr'>tribuisti</span> 
     </span>
    </p>

    <p class='ocr_par' dir='ltr' id='par_1_8' title="bbox 41 2259 743 2382">
     <span class='ocr_line' id='line_1_41' title="bbox 42 2259 743 2306; baseline 0.01 -15"><span class='ocrx_word' id='word_1_356' title='bbox 42 2259 85 2293; x_wconf 79' lang='lat' dir='ltr'>beate</span> <span class='ocrx_word' id='word_1_357' title='bbox 95 2265 173 2297; x_wconf 88' lang='lat' dir='ltr'>Wlihilde</span> <span class='ocrx_word' id='word_1_358' title='bbox 182 2268 286 2303; x_wconf 87' lang='lat' dir='ltr'>sanctitatem,</span> <span class='ocrx_word' id='word_1_359' title='bbox 297 2277 327 2305; x_wconf 86' lang='lat' dir='ltr'>pro</span> <span class='ocrx_word' id='word_1_360' title='bbox 337 2268 383 2297; x_wconf 89' lang='lat' dir='ltr'>bonis</span> <span class='ocrx_word' id='word_1_361' title='bbox 393 2266 467 2304; x_wconf 89' lang='lat' dir='ltr'>operibus</span> <span class='ocrx_word' id='word_1_362' title='bbox 477 2268 553 2304; x_wconf 83' lang='lat' dir='ltr'>gloriam:</span> <span class='ocrx_word' id='word_1_363' title='bbox 563 2268 633 2297; x_wconf 87' lang='lat' dir='ltr'>concede</span> <span class='ocrx_word' id='word_1_364' title='bbox 644 2267 695 2303; x_wconf 91' lang='lat' dir='ltr'>nobis,</span> <span class='ocrx_word' id='word_1_365' title='bbox 705 2278 743 2306; x_wconf 88' lang='lat' dir='ltr'>que·</span> 
     </span>
     <span class='ocr_line' id='line_1_42' title="bbox 42 2305 743 2347; baseline 0.01 -16"><span class='ocrx_word' id='word_1_366' title='bbox 42 2308 97 2339; x_wconf 78' lang='lat' dir='ltr'>sumus,</span> <span class='ocrx_word' id='word_1_367' title='bbox 106 2305 140 2335; x_wconf 91' lang='lat' dir='ltr'>elus</span> <span class='ocrx_word' id='word_1_368' title='bbox 150 2308 209 2336; x_wconf 89' lang='lat' dir='ltr'>sanctis</span> <span class='ocrx_word' id='word_1_369' title='bbox 219 2307 284 2343; x_wconf 82' lang='lat' dir='ltr'>meritis,</span> <span class='ocrx_word' id='word_1_370' title='bbox 292 2311 309 2336; x_wconf 91' lang='lat' dir='ltr'>ut</span> <span class='ocrx_word' id='word_1_371' title='bbox 316 2307 342 2346; x_wconf 88' lang='lat' dir='ltr'>[T.</span> <span class='ocrx_word' id='word_1_372' title='bbox 350 2306 379 2345; x_wconf 86' lang='lat' dir='ltr'>ita]</span> <span class='ocrx_word' id='word_1_373' title='bbox 386 2306 446 2343; x_wconf 87' lang='lat' dir='ltr'>apertis</span> <span class='ocrx_word' id='word_1_374' title='bbox 455 2306 506 2336; x_wconf 84' lang='lat' dir='ltr'>ianuis</span> <span class='ocrx_word' id='word_1_375' title='bbox 516 2306 561 2344; x_wconf 83' lang='lat' dir='ltr'>regni</span> <span class='ocrx_word' id='word_1_376' title='bbox 572 2306 635 2336; x_wconf 88' lang='lat' dir='ltr'>celestis</span> <span class='ocrx_word' id='word_1_377' title='bbox 645 2315 706 2337; x_wconf 85' lang='lat' dir='ltr'>summo</span> <span class='ocrx_word' id='word_1_378' title='bbox 717 2308 743 2347; x_wconf 87' lang='lat' dir='ltr'>[T.</span> 
     </span>
     <span class='ocr_line' id='line_1_43' title="bbox 41 2343 504 2382; baseline 0.015 -15"><span class='ocrx_word' id='word_1_379' title='bbox 41 2343 106 2381; x_wconf 83' lang='lat' dir='ltr'>summa]</span> <span class='ocrx_word' id='word_1_380' title='bbox 114 2346 148 2382; x_wconf 81' lang='lat' dir='ltr'>regi</span> <span class='ocrx_word' id='word_1_381' title='bbox 155 2355 190 2375; x_wconf 83' lang='lat' dir='ltr'>curn</span> <span class='ocrx_word' id='word_1_382' title='bbox 198 2346 234 2375; x_wconf 87' lang='lat' dir='ltr'>olco</span> <span class='ocrx_word' id='word_1_383' title='bbox 241 2346 292 2375; x_wconf 82' lang='lat' dir='ltr'>leticie</span> <span class='ocrx_word' id='word_1_384' title='bbox 299 2355 388 2376; x_wconf 86' lang='lat' dir='ltr'>mereamur</span> <span class='ocrx_word' id='word_1_385' title='bbox 394 2345 464 2380; x_wconf 79' lang='lat' dir='ltr'>obuiare,</span> <span class='ocrx_word' id='word_1_386' title='bbox 471 2354 504 2382; x_wconf 85' lang='lat' dir='ltr'>per.</span> 
     </span>
    </p>

    <p class='ocr_par' dir='ltr' id='par_1_9' title="bbox 41 2379 743 2551">
     <span class='ocr_line' id='line_1_44' title="bbox 60 2379 742 2423; baseline 0.007 -13"><span class='ocrx_word' id='word_1_387' title='bbox 60 2379 66 2396; x_wconf 82' lang='lat'>²</span> <span class='ocrx_word' id='word_1_388' title='bbox 76 2381 104 2411; x_wconf 90' lang='lat' dir='ltr'>Ed.</span> <span class='ocrx_word' id='word_1_389' title='bbox 112 2383 128 2412; x_wconf 93' lang='lat' dir='ltr'>in</span> <span class='ocrx_word' id='word_1_390' title='bbox 135 2385 155 2415; x_wconf 87' lang='grc' dir='ltr'>Α,</span> <span class='ocrx_word' id='word_1_391' title='bbox 163 2385 192 2415; x_wconf 89' lang='lat' dir='ltr'>SS.</span> <span class='ocrx_word' id='word_1_392' title='bbox 200 2385 241 2415; x_wconf 90' lang='lat' dir='ltr'>Boll.</span> <span class='ocrx_word' id='word_1_393' title='bbox 249 2395 269 2414; x_wconf 80' lang='lat' dir='ltr'>ao</span> <span class='ocrx_word' id='word_1_394' title='bbox 279 2385 324 2415; x_wconf 86' lang='lat' dir='ltr'>Febr.</span> <span class='ocrx_word' id='word_1_395' title='bbox 333 2385 362 2414; x_wconf 67' lang='lat' dir='ltr'>lli⁴</span> <span class='ocrx_word' id='word_1_396' title='bbox 372 2395 387 2422; x_wconf 94' lang='lat' dir='ltr'>p.</span> <span class='ocrx_word' id='word_1_397' title='bbox 395 2394 430 2422; x_wconf 74' lang='lat'>231,</span> <span class='ocrx_word' id='word_1_398' title='bbox 437 2384 476 2413; x_wconf 83' lang='lat' dir='ltr'>from</span> <span class='ocrx_word' id='word_1_399' title='bbox 486 2385 544 2423; x_wconf 81' lang='lat' dir='ltr'>Capgr.</span> <span class='ocrx_word' id='word_1_400' title='bbox 554 2385 586 2414; x_wconf 78' lang='lat' dir='ltr'>and</span> <span class='ocrx_word' id='word_1_401' title='bbox 596 2384 630 2414; x_wconf 81' lang='lat' dir='ltr'>MS.</span> <span class='ocrx_word' id='word_1_402' title='bbox 639 2384 680 2415; x_wconf 89' lang='lat' dir='ltr'>Rub.</span> <span class='ocrx_word' id='word_1_403' title='bbox 687 2384 742 2416; x_wconf 87' lang='lat' dir='ltr'>Vallis.</span> 
     </span>
     <span class='ocr_line' id='line_1_45' title="bbox 41 2415 743 2463; baseline 0.009 -14"><span class='ocrx_word' id='word_1_404' title='bbox 41 2415 77 2450; x_wconf 68' lang='grc' dir='ltr'>ΑΒΓ.</span> <span class='ocrx_word' id='word_1_405' title='bbox 89 2421 128 2452; x_wconf 83' lang='lat' dir='ltr'>from</span> <span class='ocrx_word' id='word_1_406' title='bbox 139 2424 167 2455; x_wconf 88' lang='lat' dir='ltr'>the</span> <span class='ocrx_word' id='word_1_407' title='bbox 177 2424 213 2455; x_wconf 89' lang='lat' dir='ltr'>Vita</span> <span class='ocrx_word' id='word_1_408' title='bbox 223 2425 245 2462; x_wconf 81' lang='lat' dir='ltr'>by</span> <span class='ocrx_word' id='word_1_409' title='bbox 255 2424 298 2462; x_wconf 87' lang='lat' dir='ltr'>John</span> <span class='ocrx_word' id='word_1_410' title='bbox 309 2425 327 2455; x_wconf 87' lang='lat' dir='ltr'>oi</span> <span class='ocrx_word' id='word_1_411' title='bbox 336 2425 382 2462; x_wconf 84' lang='lat' dir='ltr'>Ford,</span> <span class='ocrx_word' id='word_1_412' title='bbox 393 2424 409 2454; x_wconf 96' lang='lat' dir='ltr'>in</span> <span class='ocrx_word' id='word_1_413' title='bbox 423 2423 457 2454; x_wconf 81' lang='lat' dir='ltr'>MS.</span> <span class='ocrx_word' id='word_1_414' title='bbox 468 2423 510 2456; x_wconf 76' lang='lat' dir='ltr'>Coit.</span> <span class='ocrx_word' id='word_1_415' title='bbox 522 2424 574 2455; x_wconf 81' lang='lat' dir='ltr'>Faust.</span> <span class='ocrx_word' id='word_1_416' title='bbox 586 2424 605 2454; x_wconf 88' lang='lat' dir='ltr'>B.</span> <span class='ocrx_word' id='word_1_417' title='bbox 612 2424 645 2460; x_wconf 79' lang='lat' dir='ltr'>lv..</span> <span class='ocrx_word' id='word_1_418' title='bbox 657 2423 701 2455; x_wconf 85' lang='lat' dir='ltr'>Harl.</span> <span class='ocrx_word' id='word_1_419' title='bbox 712 2435 743 2463; x_wconf 77' lang='lat'>3²2</span> 
     </span>
     <span class='ocr_line' id='line_1_46' title="bbox 42 2458 742 2511; baseline 0.009 -23"><span class='ocrx_word' id='word_1_420' title='bbox 42 2458 68 2511; x_wconf 45' lang='lat' dir='ltr'>ian</span> <span class='ocrx_word' id='word_1_421' title='bbox 75 2460 182 2500; x_wconf 82' lang='lat' dir='ltr'>abridgement</span> <span class='ocrx_word' id='word_1_422' title='bbox 187 2465 205 2494; x_wconf 84' lang='lat' dir='ltr'>of</span> <span class='ocrx_word' id='word_1_423' title='bbox 210 2465 263 2494; x_wconf 88' lang='lat' dir='ltr'>which</span> <span class='ocrx_word' id='word_1_424' title='bbox 271 2465 285 2494; x_wconf 92' lang='lat' dir='ltr'>is</span> <span class='ocrx_word' id='word_1_425' title='bbox 292 2465 319 2495; x_wconf 89' lang='lat' dir='ltr'>the</span> <span class='ocrx_word' id='word_1_426' title='bbox 325 2465 378 2502; x_wconf 84' lang='lat' dir='ltr'>liseby</span> <span class='ocrx_word' id='word_1_427' title='bbox 383 2464 431 2494; x_wconf 86' lang='lat' dir='ltr'>iliath.</span> <span class='ocrx_word' id='word_1_428' title='bbox 436 2463 494 2503; x_wconf 88' lang='lat' dir='ltr'>Paris).</span> <span class='ocrx_word' id='word_1_429' title='bbox 531 2465 537 2481; x_wconf 81' lang='lat'>¹</span> <span class='ocrx_word' id='word_1_430' title='bbox 544 2464 571 2494; x_wconf 87' lang='lat' dir='ltr'>vit</span> <span class='ocrx_word' id='word_1_431' title='bbox 580 2464 661 2499; x_wconf 84' lang='lat' dir='ltr'>Wlsricus,</span> <span class='ocrx_word' id='word_1_432' title='bbox 667 2464 742 2495; x_wconf 87' lang='lat' dir='ltr'>ericus.</span> 
     </span>
     <span class='ocr_line' id='line_1_47' title="bbox 41 2496 741 2551; baseline 0.011 -23"><span class='ocrx_word' id='word_1_433' title='bbox 41 2496 71 2551; x_wconf 66' lang='lat' dir='ltr'>⁹E.</span> <span class='ocrx_word' id='word_1_434' title='bbox 78 2506 149 2535; x_wconf 77' lang='lat' dir='ltr'>centana.</span> <span class='ocrx_word' id='word_1_435' title='bbox 184 2505 215 2536; x_wconf 59' lang='grc' dir='ltr'>ὅΤ,</span> <span class='ocrx_word' id='word_1_436' title='bbox 222 2506 287 2535; x_wconf 81' lang='lat' dir='ltr'>distans.</span> <span class='ocrx_word' id='word_1_437' title='bbox 323 2505 354 2536; x_wconf 82' lang='lat' dir='ltr'>¹E.</span> <span class='ocrx_word' id='word_1_438' title='bbox 361 2504 485 2542; x_wconf 84' lang='lat' dir='ltr'>Halesbergiam.</span> <span class='ocrx_word' id='word_1_439' title='bbox 521 2503 527 2521; x_wconf 79' lang='lat'>¹</span> <span class='ocrx_word' id='word_1_440' title='bbox 536 2504 554 2534; x_wconf 88' lang='lat' dir='ltr'>E.</span> <span class='ocrx_word' id='word_1_441' title='bbox 561 2504 624 2535; x_wconf 82' lang='lat' dir='ltr'>oxonia.</span> <span class='ocrx_word' id='word_1_442' title='bbox 657 2505 689 2535; x_wconf 83' lang='lat' dir='ltr'>¹B.</span> <span class='ocrx_word' id='word_1_443' title='bbox 694 2509 741 2536; x_wconf 83' lang='lat' dir='ltr'>tecto.</span> 
     </span>
    </p>

    <p class='ocr_par' dir='ltr' id='par_1_10' title="bbox 54 2541 630 2575">
     <span class='ocr_line' id='line_1_48' title="bbox 54 2541 630 2575; baseline 0.002 -2"><span class='ocrx_word' id='word_1_444' title='bbox 54 2546 83 2569; x_wconf 72' lang='lat'>⁰¹¹1·</span> <span class='ocrx_word' id='word_1_445' title='bbox 91 2541 107 2570; x_wconf 82' lang='lat' dir='ltr'>in</span> <span class='ocrx_word' id='word_1_446' title='bbox 114 2542 132 2572; x_wconf 87' lang='lat' dir='ltr'>T.</span> <span class='ocrx_word' id='word_1_447' title='bbox 172 2545 184 2562; x_wconf 88' lang='lat'>¹¹</span> <span class='ocrx_word' id='word_1_448' title='bbox 195 2546 212 2574; x_wconf 88' lang='lat' dir='ltr'>E.</span> <span class='ocrx_word' id='word_1_449' title='bbox 220 2546 286 2575; x_wconf 81' lang='lat' dir='ltr'>eiulans.</span> <span class='ocrx_word' id='word_1_450' title='bbox 327 2546 338 2563; x_wconf 87' lang='lat'>¹¹</span> <span class='ocrx_word' id='word_1_451' title='bbox 350 2546 368 2575; x_wconf 84' lang='lat' dir='ltr'>E.</span> <span class='ocrx_word' id='word_1_452' title='bbox 375 2545 452 2575; x_wconf 85' lang='lat' dir='ltr'>alacriter.</span> <span class='ocrx_word' id='word_1_453' title='bbox 493 2543 506 2563; x_wconf 85' lang='lat'>¹¹</span> <span class='ocrx_word' id='word_1_454' title='bbox 517 2544 535 2575; x_wconf 85' lang='lat' dir='ltr'>E.</span> <span class='ocrx_word' id='word_1_455' title='bbox 543 2545 630 2574; x_wconf 85' lang='lat' dir='ltr'>incentina.</span> 
     </span>
    </p>
   </div>
   <div class='ocr_carea' id='block_1_6' title="bbox 0 0 886 2803">
    <p class='ocr_par' dir='ltr' id='par_1_11' title="bbox 0 0 886 2803">
     <span class='ocr_line' id='line_1_49' title="bbox 0 0 886 2803; baseline 0 0"><span class='ocrx_word' id='word_1_456' title='bbox 0 0 886 2803; x_wconf 95' lang='lat' dir='ltr'> </span> 
     </span>
    </p>
   </div>
  </div>
 </body>
</html>
