<?xml version="1.0" encoding="UTF-8"?>
<!DOCTYPE html PUBLIC "-//W3C//DTD XHTML 1.0 Transitional//EN"
    "http://www.w3.org/TR/xhtml1/DTD/xhtml1-transitional.dtd">
<html xmlns="http://www.w3.org/1999/xhtml" xml:lang="en" lang="en">
 <head>
  <title>
</title>
<meta http-equiv="Content-Type" content="text/html;charset=utf-8" />
  <meta name='ocr-system' content='tesseract 3.04.00' />
  <meta name='ocr-capabilities' content='ocr_page ocr_carea ocr_par ocr_line ocrx_word'/>
</head>
<body>
  <div class='ocr_page' id='page_1' title='image "./MN5111ucmf_0/MN5111ucmf_0_1233.png"; bbox 0 0 1762 2803; ppageno 0'>
   <div class='ocr_carea' id='block_1_1' title="bbox 57 124 755 185">
    <p class='ocr_par' dir='ltr' id='par_1_1' title="bbox 57 124 755 185">
     <span class='ocr_line' id='line_1_1' title="bbox 57 124 755 185; baseline -0.011 -10"><span class='ocrx_word' id='word_1_1' title='bbox 57 136 195 175; x_wconf 54' lang='lat' dir='ltr'>uenulas]</span> <span class='ocrx_word' id='word_1_2' title='bbox 216 124 680 185; x_wconf 43' lang='lat' dir='ltr'>memoremunuorcptttmattpte.</span> <span class='ocrx_word' id='word_1_3' title='bbox 711 128 755 181; x_wconf 89' lang='lat'>617</span> 
     </span>
    </p>
   </div>
   <div class='ocr_carea' id='block_1_2' title="bbox 56 247 788 2508">
    <p class='ocr_par' dir='ltr' id='par_1_2' title="bbox 56 247 788 2508">
     <span class='ocr_line' id='line_1_2' title="bbox 56 247 758 296; baseline -0.007 -11"><span class='ocrx_word' id='word_1_4' title='bbox 56 253 199 296; x_wconf 76' lang='lat' dir='ltr'>archiepiscopus,</span> <span class='ocrx_word' id='word_1_5' title='bbox 213 256 230 284; x_wconf 91' lang='lat' dir='ltr'>et</span> <span class='ocrx_word' id='word_1_6' title='bbox 245 248 274 281; x_wconf 91' lang='lat' dir='ltr'>alii</span> <span class='ocrx_word' id='word_1_7' title='bbox 289 247 365 290; x_wconf 84' lang='lat' dir='ltr'>episcopi</span> <span class='ocrx_word' id='word_1_8' title='bbox 380 248 465 290; x_wconf 86' lang='lat' dir='ltr'>ceterique</span> <span class='ocrx_word' id='word_1_9' title='bbox 480 247 566 290; x_wconf 80' lang='lat' dir='ltr'>principes</span> <span class='ocrx_word' id='word_1_10' title='bbox 579 247 627 288; x_wconf 85' lang='lat' dir='ltr'>regni</span> <span class='ocrx_word' id='word_1_11' title='bbox 643 247 672 290; x_wconf 89' lang='lat' dir='ltr'>qui</span> <span class='ocrx_word' id='word_1_12' title='bbox 686 248 758 281; x_wconf 88' lang='lat' dir='ltr'>aderant</span> 
     </span>
     <span class='ocr_line' id='line_1_3' title="bbox 56 297 757 343; baseline -0.013 -4"><span class='ocrx_word' id='word_1_13' title='bbox 56 304 148 343; x_wconf 83' lang='lat' dir='ltr'>audientes,</span> <span class='ocrx_word' id='word_1_14' title='bbox 157 304 258 334; x_wconf 88' lang='lat' dir='ltr'>censuerunt</span> <span class='ocrx_word' id='word_1_15' title='bbox 266 298 309 331; x_wconf 88' lang='lat' dir='ltr'>tanti</span> <span class='ocrx_word' id='word_1_16' title='bbox 317 297 349 330; x_wconf 89' lang='lat' dir='ltr'>loci</span> <span class='ocrx_word' id='word_1_17' title='bbox 357 303 423 330; x_wconf 84' lang='lat' dir='ltr'>tantam</span> <span class='ocrx_word' id='word_1_18' title='bbox 431 297 550 331; x_wconf 86' lang='lat' dir='ltr'>auctoritatem</span> <span class='ocrx_word' id='word_1_19' title='bbox 558 307 611 341; x_wconf 88' lang='lat' dir='ltr'>vsque</span> <span class='ocrx_word' id='word_1_20' title='bbox 619 297 637 330; x_wconf 94' lang='lat' dir='ltr'>in</span> <span class='ocrx_word' id='word_1_21' title='bbox 645 297 697 330; x_wconf 87' lang='lat' dir='ltr'>finem</span> <span class='ocrx_word' id='word_1_22' title='bbox 705 297 757 330; x_wconf 88' lang='lat' dir='ltr'>seculi</span> 
     </span>
     <span class='ocr_line' id='line_1_4' title="bbox 57 347 758 393; baseline -0.01 -7"><span class='ocrx_word' id='word_1_23' title='bbox 57 356 117 387; x_wconf 87' lang='lat' dir='ltr'>debere</span> <span class='ocrx_word' id='word_1_24' title='bbox 128 361 233 393; x_wconf 87' lang='lat' dir='ltr'>permanere.</span> <span class='ocrx_word' id='word_1_25' title='bbox 256 349 334 388; x_wconf 86' lang='lat' dir='ltr'>Quorum</span> <span class='ocrx_word' id='word_1_26' title='bbox 345 347 407 380; x_wconf 88' lang='lat' dir='ltr'>iudicio</span> <span class='ocrx_word' id='word_1_27' title='bbox 418 348 482 390; x_wconf 84' lang='lat' dir='ltr'>pariter</span> <span class='ocrx_word' id='word_1_28' title='bbox 492 354 511 380; x_wconf 87' lang='lat' dir='ltr'>et</span> <span class='ocrx_word' id='word_1_29' title='bbox 521 348 597 388; x_wconf 83' lang='lat' dir='ltr'>consilio,</span> <span class='ocrx_word' id='word_1_30' title='bbox 605 347 670 388; x_wconf 83' lang='lat' dir='ltr'>placuit</span> <span class='ocrx_word' id='word_1_31' title='bbox 680 347 758 389; x_wconf 86' lang='lat' dir='ltr'>predicto</span> 
     </span>
     <span class='ocr_line' id='line_1_5' title="bbox 56 396 758 446; baseline -0.009 -11"><span class='ocrx_word' id='word_1_32' title='bbox 56 404 90 446; x_wconf 85' lang='lat' dir='ltr'>regi</span> <span class='ocrx_word' id='word_1_33' title='bbox 99 402 184 433; x_wconf 90' lang='lat' dir='ltr'>Willelmo</span> <span class='ocrx_word' id='word_1_34' title='bbox 193 397 254 442; x_wconf 90' lang='lat' dir='ltr'>[illam]</span> <span class='ocrx_word' id='word_1_35' title='bbox 263 399 344 430; x_wconf 85' lang='lat' dir='ltr'>roborare</span> <span class='ocrx_word' id='word_1_36' title='bbox 351 403 440 440; x_wconf 86' lang='lat' dir='ltr'>precepto:</span> <span class='ocrx_word' id='word_1_37' title='bbox 456 404 474 430; x_wconf 88' lang='lat' dir='ltr'>vr</span> <span class='ocrx_word' id='word_1_38' title='bbox 482 398 504 430; x_wconf 86' lang='lat' dir='ltr'>ab</span> <span class='ocrx_word' id='word_1_39' title='bbox 512 398 575 430; x_wconf 86' lang='lat' dir='ltr'>Arsasti</span> <span class='ocrx_word' id='word_1_40' title='bbox 586 397 662 439; x_wconf 82' lang='lat' dir='ltr'>episcopi</span> <span class='ocrx_word' id='word_1_41' title='bbox 673 396 758 429; x_wconf 87' lang='lat' dir='ltr'>onmium-</span> 
     </span>
     <span class='ocr_line' id='line_1_6' title="bbox 57 448 775 496; baseline -0.007 -10"><span class='ocrx_word' id='word_1_42' title='bbox 57 464 89 496; x_wconf 88' lang='lat' dir='ltr'>que</span> <span class='ocrx_word' id='word_1_43' title='bbox 97 452 128 485; x_wconf 90' lang='lat' dir='ltr'>sibi</span> <span class='ocrx_word' id='word_1_44' title='bbox 134 461 164 493; x_wconf 92' lang='lat' dir='ltr'>per</span> <span class='ocrx_word' id='word_1_45' title='bbox 169 456 247 492; x_wconf 91' lang='lat' dir='ltr'>tempora</span> <span class='ocrx_word' id='word_1_46' title='bbox 254 448 385 482; x_wconf 80' lang='lat' dir='ltr'>succedencium</span> <span class='ocrx_word' id='word_1_47' title='bbox 393 449 511 491; x_wconf 91' lang='lat' dir='ltr'>episcoporum</span> <span class='ocrx_word' id='word_1_48' title='bbox 519 448 628 482; x_wconf 87' lang='lat' dir='ltr'>subieccione</span> <span class='ocrx_word' id='word_1_49' title='bbox 634 448 672 490; x_wconf 85' lang='lat' dir='ltr'>ipsa</span> <span class='ocrx_word' id='word_1_50' title='bbox 679 448 758 489; x_wconf 89' lang='lat' dir='ltr'>ecclesia,</span> <span class='ocrx_word' id='word_1_51' title='bbox 766 457 775 488; x_wconf 87' lang='lat'><strong>5</strong></span> 
     </span>
     <span class='ocr_line' id='line_1_7' title="bbox 57 497 758 543; baseline -0.006 -6"><span class='ocrx_word' id='word_1_52' title='bbox 57 510 73 537; x_wconf 91' lang='lat' dir='ltr'>et</span> <span class='ocrx_word' id='word_1_53' title='bbox 84 502 123 535; x_wconf 89' lang='lat' dir='ltr'>villa</span> <span class='ocrx_word' id='word_1_54' title='bbox 135 501 153 534; x_wconf 92' lang='lat' dir='ltr'>in</span> <span class='ocrx_word' id='word_1_55' title='bbox 166 511 200 543; x_wconf 87' lang='lat' dir='ltr'>qua</span> <span class='ocrx_word' id='word_1_56' title='bbox 212 498 246 533; x_wconf 87' lang='lat' dir='ltr'>sita</span> <span class='ocrx_word' id='word_1_57' title='bbox 257 505 284 532; x_wconf 90' lang='lat' dir='ltr'>est</span> <span class='ocrx_word' id='word_1_58' title='bbox 296 498 356 532; x_wconf 89' lang='lat' dir='ltr'>eadem</span> <span class='ocrx_word' id='word_1_59' title='bbox 368 498 445 539; x_wconf 91' lang='lat' dir='ltr'>ecclesia,</span> <span class='ocrx_word' id='word_1_60' title='bbox 457 497 478 533; x_wconf 89' lang='lat' dir='ltr'>sit</span> <span class='ocrx_word' id='word_1_61' title='bbox 490 498 615 542; x_wconf 84' lang='lat' dir='ltr'>imperpetuum</span> <span class='ocrx_word' id='word_1_62' title='bbox 627 498 691 539; x_wconf 83' lang='lat' dir='ltr'>libera;</span> <span class='ocrx_word' id='word_1_63' title='bbox 705 504 727 541; x_wconf 86' lang='lat' dir='ltr'>et,</span> <span class='ocrx_word' id='word_1_64' title='bbox 739 505 758 533; x_wconf 94' lang='lat' dir='ltr'>ut</span> 
     </span>
     <span class='ocr_line' id='line_1_8' title="bbox 57 549 757 592; baseline -0.004 -6"><span class='ocrx_word' id='word_1_65' title='bbox 57 555 88 586; x_wconf 88' lang='lat' dir='ltr'>hec</span> <span class='ocrx_word' id='word_1_66' title='bbox 102 551 194 585; x_wconf 89' lang='lat' dir='ltr'>auctoritas</span> <span class='ocrx_word' id='word_1_67' title='bbox 209 551 244 584; x_wconf 88' lang='lat' dir='ltr'>suis</span> <span class='ocrx_word' id='word_1_68' title='bbox 259 555 277 583; x_wconf 87' lang='lat' dir='ltr'>et</span> <span class='ocrx_word' id='word_1_69' title='bbox 289 549 349 583; x_wconf 82' lang='lat' dir='ltr'>futuris</span> <span class='ocrx_word' id='word_1_70' title='bbox 362 550 467 592; x_wconf 83' lang='lat' dir='ltr'>temporibus</span> <span class='ocrx_word' id='word_1_71' title='bbox 478 550 524 583; x_wconf 86' lang='lat' dir='ltr'>circa</span> <span class='ocrx_word' id='word_1_72' title='bbox 538 550 594 592; x_wconf 90' lang='lat' dir='ltr'>ipsum</span> <span class='ocrx_word' id='word_1_73' title='bbox 607 556 686 583; x_wconf 87' lang='lat' dir='ltr'>sanctum</span> <span class='ocrx_word' id='word_1_74' title='bbox 700 550 757 583; x_wconf 89' lang='lat' dir='ltr'>locum</span> 
     </span>
     <span class='ocr_line' id='line_1_9' title="bbox 56 599 758 645; baseline -0.001 -11"><span class='ocrx_word' id='word_1_75' title='bbox 56 600 164 645; x_wconf 88' lang='lat' dir='ltr'>perhenniter</span> <span class='ocrx_word' id='word_1_76' title='bbox 182 600 231 633; x_wconf 90' lang='lat' dir='ltr'>firma</span> <span class='ocrx_word' id='word_1_77' title='bbox 249 604 266 632; x_wconf 91' lang='lat' dir='ltr'>et</span> <span class='ocrx_word' id='word_1_78' title='bbox 285 599 366 633; x_wconf 82' lang='lat' dir='ltr'>inuiolata</span> <span class='ocrx_word' id='word_1_79' title='bbox 382 605 487 642; x_wconf 90' lang='lat' dir='ltr'>permaneat,</span> <span class='ocrx_word' id='word_1_80' title='bbox 504 599 549 632; x_wconf 88' lang='lat' dir='ltr'>hanc</span> <span class='ocrx_word' id='word_1_81' title='bbox 567 604 614 633; x_wconf 87' lang='lat' dir='ltr'>carta</span> <span class='ocrx_word' id='word_1_82' title='bbox 633 609 664 632; x_wconf 88' lang='lat' dir='ltr'>sua</span> <span class='ocrx_word' id='word_1_83' title='bbox 682 599 758 633; x_wconf 86' lang='lat' dir='ltr'>decreuit</span> 
     </span>
     <span class='ocr_line' id='line_1_10' title="bbox 56 649 758 694; baseline -0.001 -9"><span class='ocrx_word' id='word_1_84' title='bbox 56 653 140 692; x_wconf 86' lang='lat' dir='ltr'>roborare,</span> <span class='ocrx_word' id='word_1_85' title='bbox 148 655 165 684; x_wconf 90' lang='lat' dir='ltr'>et</span> <span class='ocrx_word' id='word_1_86' title='bbox 177 650 226 693; x_wconf 86' lang='lat' dir='ltr'>sigilli</span> <span class='ocrx_word' id='word_1_87' title='bbox 239 650 265 683; x_wconf 92' lang='lat' dir='ltr'>sui</span> <span class='ocrx_word' id='word_1_88' title='bbox 277 650 382 694; x_wconf 87' lang='lat' dir='ltr'>inpressione</span> <span class='ocrx_word' id='word_1_89' title='bbox 392 650 464 684; x_wconf 89' lang='lat' dir='ltr'>firmare.</span> <span class='ocrx_word' id='word_1_90' title='bbox 488 652 495 690; x_wconf 84' lang='grc' dir='ltr'>ΙΙ</span> <span class='ocrx_word' id='word_1_91' title='bbox 505 650 624 683; x_wconf 79' lang='lat' dir='ltr'>Hmnannus.</span> <span class='ocrx_word' id='word_1_92' title='bbox 645 650 685 683; x_wconf 92' lang='lat' dir='ltr'>Hoc</span> <span class='ocrx_word' id='word_1_93' title='bbox 695 649 758 684; x_wconf 91' lang='lat' dir='ltr'>iudicio</span> 
     </span>
     <span class='ocr_line' id='line_1_11' title="bbox 57 699 786 748; baseline 0.001 -13"><span class='ocrx_word' id='word_1_94' title='bbox 57 702 131 746; x_wconf 78' lang='lat' dir='ltr'>omniurn</span> <span class='ocrx_word' id='word_1_95' title='bbox 143 712 215 734; x_wconf 86' lang='lat' dir='ltr'>assensu</span> <span class='ocrx_word' id='word_1_96' title='bbox 229 700 315 734; x_wconf 88' lang='lat' dir='ltr'>communi</span> <span class='ocrx_word' id='word_1_97' title='bbox 326 701 398 741; x_wconf 86' lang='lat' dir='ltr'>firmato,</span> <span class='ocrx_word' id='word_1_98' title='bbox 406 700 480 748; x_wconf 76' lang='lat' dir='ltr'>assurgit</span> <span class='ocrx_word' id='word_1_99' title='bbox 490 700 573 734; x_wconf 88' lang='lat' dir='ltr'>contrarie</span> <span class='ocrx_word' id='word_1_100' title='bbox 583 700 617 734; x_wconf 90' lang='lat' dir='ltr'>iam</span> <span class='ocrx_word' id='word_1_101' title='bbox 629 699 685 733; x_wconf 87' lang='lat' dir='ltr'>dictus</span> <span class='ocrx_word' id='word_1_102' title='bbox 695 701 758 743; x_wconf 82' lang='lat' dir='ltr'>presul,</span> <span class='ocrx_word' id='word_1_103' title='bbox 768 716 786 736; x_wconf 86' lang='lat' dir='ltr'>ro</span> 
     </span>
     <span class='ocr_line' id='line_1_12' title="bbox 57 750 758 795; baseline -0.001 -10"><span class='ocrx_word' id='word_1_104' title='bbox 57 752 143 795; x_wconf 83' lang='lat' dir='ltr'>inpaciens</span> <span class='ocrx_word' id='word_1_105' title='bbox 150 752 214 785; x_wconf 89' lang='lat' dir='ltr'>mentis</span> <span class='ocrx_word' id='word_1_106' title='bbox 225 757 242 785; x_wconf 88' lang='lat' dir='ltr'>et</span> <span class='ocrx_word' id='word_1_107' title='bbox 252 752 295 793; x_wconf 88' lang='lat' dir='ltr'>exul,</span> <span class='ocrx_word' id='word_1_108' title='bbox 302 752 381 785; x_wconf 82' lang='lat' dir='ltr'>falsificat</span> <span class='ocrx_word' id='word_1_109' title='bbox 393 751 479 792; x_wconf 88' lang='lat' dir='ltr'>iudicium,</span> <span class='ocrx_word' id='word_1_110' title='bbox 489 762 539 784; x_wconf 92' lang='lat' dir='ltr'>suum</span> <span class='ocrx_word' id='word_1_111' title='bbox 546 750 625 784; x_wconf 86' lang='lat' dir='ltr'>videlicet</span> <span class='ocrx_word' id='word_1_112' title='bbox 636 750 758 791; x_wconf 81' lang='lat' dir='ltr'>infortunium3</span> 
     </span>
     <span class='ocr_line' id='line_1_13' title="bbox 57 801 759 844; baseline -0.001 -10"><span class='ocrx_word' id='word_1_113' title='bbox 57 813 87 844; x_wconf 92' lang='lat' dir='ltr'>pro</span> <span class='ocrx_word' id='word_1_114' title='bbox 98 812 133 843; x_wconf 91' lang='lat' dir='ltr'>quo</span> <span class='ocrx_word' id='word_1_115' title='bbox 145 801 192 833; x_wconf 87' lang='lat' dir='ltr'>dicto</span> <span class='ocrx_word' id='word_1_116' title='bbox 204 801 234 834; x_wconf 86' lang='lat' dir='ltr'>dat</span> <span class='ocrx_word' id='word_1_117' title='bbox 246 801 315 833; x_wconf 90' lang='lat' dir='ltr'>vadium</span> <span class='ocrx_word' id='word_1_118' title='bbox 328 812 367 833; x_wconf 91' lang='lat' dir='ltr'>cum</span> <span class='ocrx_word' id='word_1_119' title='bbox 380 801 441 833; x_wconf 88' lang='lat' dir='ltr'>baculo</span> <span class='ocrx_word' id='word_1_120' title='bbox 454 801 569 843; x_wconf 88' lang='lat' dir='ltr'>episcopalem</span> <span class='ocrx_word' id='word_1_121' title='bbox 580 801 668 841; x_wconf 89' lang='lat' dir='ltr'>annulum,</span> <span class='ocrx_word' id='word_1_122' title='bbox 677 801 712 833; x_wconf 81' lang='lat' dir='ltr'>sere</span> <span class='ocrx_word' id='word_1_123' title='bbox 723 812 759 833; x_wconf 90' lang='lat' dir='ltr'>non</span> 
     </span>
     <span class='ocr_line' id='line_1_14' title="bbox 57 850 758 894; baseline 0 -11"><span class='ocrx_word' id='word_1_124' title='bbox 57 852 90 883; x_wconf 85' lang='lat' dir='ltr'>iam</span> <span class='ocrx_word' id='word_1_125' title='bbox 101 851 191 892; x_wconf 87' lang='lat' dir='ltr'>episcopus</span> <span class='ocrx_word' id='word_1_126' title='bbox 204 857 230 883; x_wconf 87' lang='lat' dir='ltr'>set</span> <span class='ocrx_word' id='word_1_127' title='bbox 242 861 273 894; x_wconf 89' lang='lat' dir='ltr'>pro</span> <span class='ocrx_word' id='word_1_128' title='bbox 285 851 362 883; x_wconf 85' lang='lat' dir='ltr'>vindicta</span> <span class='ocrx_word' id='word_1_129' title='bbox 373 851 422 894; x_wconf 92' lang='lat' dir='ltr'>quasi</span> <span class='ocrx_word' id='word_1_130' title='bbox 435 851 528 894; x_wconf 87' lang='lat' dir='ltr'>depositus.</span> <span class='ocrx_word' id='word_1_131' title='bbox 551 851 598 883; x_wconf 88' lang='lat' dir='ltr'>Hinc</span> <span class='ocrx_word' id='word_1_132' title='bbox 608 850 713 883; x_wconf 87' lang='lat' dir='ltr'>dedecorosa</span> <span class='ocrx_word' id='word_1_133' title='bbox 726 851 758 883; x_wconf 89' lang='lat' dir='ltr'>sibi</span> 
     </span>
     <span class='ocr_line' id='line_1_15' title="bbox 57 900 758 945; baseline -0.001 -10"><span class='ocrx_word' id='word_1_134' title='bbox 57 901 131 935; x_wconf 84' lang='lat' dir='ltr'>nascilur</span> <span class='ocrx_word' id='word_1_135' title='bbox 143 902 226 942; x_wconf 80' lang='lat' dir='ltr'>conlusio,</span> <span class='ocrx_word' id='word_1_136' title='bbox 237 901 292 935; x_wconf 89' lang='lat' dir='ltr'>eciam</span> <span class='ocrx_word' id='word_1_137' title='bbox 303 902 388 945; x_wconf 87' lang='lat' dir='ltr'>usquead</span> <span class='ocrx_word' id='word_1_138' title='bbox 399 902 446 934; x_wconf 89' lang='lat' dir='ltr'>diem</span> <span class='ocrx_word' id='word_1_139' title='bbox 456 902 493 934; x_wconf 88' lang='lat' dir='ltr'>eins</span> <span class='ocrx_word' id='word_1_140' title='bbox 500 901 560 934; x_wconf 92' lang='lat' dir='ltr'>mortis</span> <span class='ocrx_word' id='word_1_141' title='bbox 571 900 621 934; x_wconf 90' lang='lat' dir='ltr'>huius</span> <span class='ocrx_word' id='word_1_142' title='bbox 633 901 679 934; x_wconf 88' lang='lat' dir='ltr'>vadii</span> <span class='ocrx_word' id='word_1_143' title='bbox 691 901 758 934; x_wconf 83' lang='lat' dir='ltr'>durauit</span> 
     </span>
     <span class='ocr_line' id='line_1_16' title="bbox 57 951 786 997; baseline 0.003 -13"><span class='ocrx_word' id='word_1_144' title='bbox 57 951 160 994; x_wconf 85' lang='lat' dir='ltr'>persolucio;</span> <span class='ocrx_word' id='word_1_145' title='bbox 172 952 230 985; x_wconf 89' lang='lat' dir='ltr'>dando</span> <span class='ocrx_word' id='word_1_146' title='bbox 243 952 295 985; x_wconf 86' lang='lat' dir='ltr'>libras</span> <span class='ocrx_word' id='word_1_147' title='bbox 306 962 415 985; x_wconf 88' lang='lat' dir='ltr'>nummorum</span> <span class='ocrx_word' id='word_1_148' title='bbox 426 952 507 985; x_wconf 90' lang='lat' dir='ltr'>vndecies</span> <span class='ocrx_word' id='word_1_149' title='bbox 519 958 594 992; x_wconf 87' lang='lat' dir='ltr'>centum,</span> <span class='ocrx_word' id='word_1_150' title='bbox 605 961 661 995; x_wconf 88' lang='lat' dir='ltr'>neque</span> <span class='ocrx_word' id='word_1_151' title='bbox 672 951 729 984; x_wconf 85' lang='lat' dir='ltr'>sciens</span> <span class='ocrx_word' id='word_1_152' title='bbox 741 951 758 984; x_wconf 93' lang='lat' dir='ltr'>in</span> <span class='ocrx_word' id='word_1_153' title='bbox 767 965 786 997; x_wconf 85' lang='lat'>¹5</span> 
     </span>
     <span class='ocr_line' id='line_1_17' title="bbox 57 1001 758 1045; baseline 0.003 -11"><span class='ocrx_word' id='word_1_154' title='bbox 57 1002 113 1034; x_wconf 90' lang='lat' dir='ltr'>dando</span> <span class='ocrx_word' id='word_1_155' title='bbox 124 1002 176 1034; x_wconf 83' lang='lat' dir='ltr'>ullum</span> <span class='ocrx_word' id='word_1_156' title='bbox 188 1002 220 1035; x_wconf 91' lang='lat' dir='ltr'>nisi</span> <span class='ocrx_word' id='word_1_157' title='bbox 231 1003 302 1035; x_wconf 89' lang='lat' dir='ltr'>modum</span> <span class='ocrx_word' id='word_1_158' title='bbox 314 1003 428 1044; x_wconf 83' lang='lat' dir='ltr'>indiffinitum,</span> <span class='ocrx_word' id='word_1_159' title='bbox 437 1009 454 1035; x_wconf 89' lang='lat' dir='ltr'>vt</span> <span class='ocrx_word' id='word_1_160' title='bbox 466 1001 517 1035; x_wconf 91' lang='lat' dir='ltr'>michi</span> <span class='ocrx_word' id='word_1_161' title='bbox 529 1003 618 1045; x_wconf 76' lang='lat' dir='ltr'>suspirans</span> <span class='ocrx_word' id='word_1_162' title='bbox 628 1002 686 1035; x_wconf 83' lang='lat' dir='ltr'>retulit</span> <span class='ocrx_word' id='word_1_163' title='bbox 698 1002 758 1036; x_wconf 88' lang='lat' dir='ltr'>diebus</span> 
     </span>
     <span class='ocr_line' id='line_1_18' title="bbox 56 1051 759 1094; baseline 0.001 -11"><span class='ocrx_word' id='word_1_164' title='bbox 56 1057 94 1083; x_wconf 83' lang='lat' dir='ltr'>octo</span> <span class='ocrx_word' id='word_1_165' title='bbox 102 1051 201 1094; x_wconf 84' lang='lat' dir='ltr'>priusquam</span> <span class='ocrx_word' id='word_1_166' title='bbox 209 1052 274 1085; x_wconf 87' lang='lat' dir='ltr'>obierit.</span> <span class='ocrx_word' id='word_1_167' title='bbox 286 1053 351 1085; x_wconf 87' lang='lat' dir='ltr'>Taliter</span> <span class='ocrx_word' id='word_1_168' title='bbox 358 1053 387 1085; x_wconf 89' lang='lat' dir='ltr'>dei</span> <span class='ocrx_word' id='word_1_169' title='bbox 394 1053 503 1085; x_wconf 90' lang='lat' dir='ltr'>corroborata</span> <span class='ocrx_word' id='word_1_170' title='bbox 507 1052 630 1093; x_wconf 88' lang='lat' dir='ltr'>misericordia,</span> <span class='ocrx_word' id='word_1_171' title='bbox 635 1052 682 1085; x_wconf 86' lang='lat' dir='ltr'>iuxta</span> <span class='ocrx_word' id='word_1_172' title='bbox 687 1052 759 1085; x_wconf 89' lang='lat' dir='ltr'>modum</span> 
     </span>
     <span class='ocr_line' id='line_1_19' title="bbox 58 1100 758 1145; baseline 0.006 -13"><span class='ocrx_word' id='word_1_173' title='bbox 58 1100 122 1133; x_wconf 86' lang='lat' dir='ltr'>iusticie</span> <span class='ocrx_word' id='word_1_174' title='bbox 136 1108 222 1143; x_wconf 86' lang='lat' dir='ltr'>prostrato</span> <span class='ocrx_word' id='word_1_175' title='bbox 237 1103 339 1136; x_wconf 84' lang='lat' dir='ltr'>calamitatis</span> <span class='ocrx_word' id='word_1_176' title='bbox 354 1103 415 1145; x_wconf 89' lang='lat' dir='ltr'>capite,</span> <span class='ocrx_word' id='word_1_177' title='bbox 430 1103 475 1144; x_wconf 86' lang='lat' dir='ltr'>regis</span> <span class='ocrx_word' id='word_1_178' title='bbox 490 1113 557 1145; x_wconf 88' lang='lat' dir='ltr'>qnoque</span> <span class='ocrx_word' id='word_1_179' title='bbox 573 1103 619 1135; x_wconf 89' lang='lat' dir='ltr'>bona</span> <span class='ocrx_word' id='word_1_180' title='bbox 634 1102 722 1135; x_wconf 88' lang='lat' dir='ltr'>voluntate</span> <span class='ocrx_word' id='word_1_181' title='bbox 741 1109 758 1136; x_wconf 86' lang='lat' dir='ltr'>et</span> 
     </span>
     <span class='ocr_line' id='line_1_20' title="bbox 57 1151 758 1196; baseline 0.004 -14"><span class='ocrx_word' id='word_1_182' title='bbox 57 1160 124 1183; x_wconf 88' lang='lat' dir='ltr'>suorum</span> <span class='ocrx_word' id='word_1_183' title='bbox 141 1151 258 1196; x_wconf 85' lang='lat' dir='ltr'>optimatu[m]</span> <span class='ocrx_word' id='word_1_184' title='bbox 273 1152 353 1186; x_wconf 89' lang='lat' dir='ltr'>concordi</span> <span class='ocrx_word' id='word_1_185' title='bbox 368 1153 430 1193; x_wconf 76' lang='lat' dir='ltr'>fauore,</span> <span class='ocrx_word' id='word_1_186' title='bbox 445 1152 561 1196; x_wconf 84' lang='lat' dir='ltr'>priuilegiatur</span> <span class='ocrx_word' id='word_1_187' title='bbox 578 1151 652 1186; x_wconf 89' lang='lat' dir='ltr'>martiris</span> <span class='ocrx_word' id='word_1_188' title='bbox 670 1152 758 1186; x_wconf 88' lang='lat' dir='ltr'>Edmundi</span> 
     </span>
     <span class='ocr_line' id='line_1_21' title="bbox 57 1201 787 1247; baseline 0.007 -14"><span class='ocrx_word' id='word_1_189' title='bbox 57 1201 102 1234; x_wconf 84' lang='lat' dir='ltr'>locus</span> <span class='ocrx_word' id='word_1_190' title='bbox 114 1201 243 1245; x_wconf 66' lang='lat' dir='ltr'>inperpetuum</span> <span class='ocrx_word' id='word_1_191' title='bbox 254 1202 298 1237; x_wconf 91' lang='lat' dir='ltr'>liber</span> <span class='ocrx_word' id='word_1_192' title='bbox 309 1203 327 1237; x_wconf 89' lang='lat' dir='ltr'>fit</span> <span class='ocrx_word' id='word_1_193' title='bbox 338 1204 359 1237; x_wconf 90' lang='lat' dir='ltr'>de</span> <span class='ocrx_word' id='word_1_194' title='bbox 370 1202 443 1246; x_wconf 84' lang='lat' dir='ltr'>subiugo</span> <span class='ocrx_word' id='word_1_195' title='bbox 455 1202 541 1237; x_wconf 84' lang='lat' dir='ltr'>diocesani</span> <span class='ocrx_word' id='word_1_196' title='bbox 553 1202 630 1247; x_wconf 90' lang='lat' dir='ltr'>presulis,</span> <span class='ocrx_word' id='word_1_197' title='bbox 638 1208 656 1237; x_wconf 89' lang='lat' dir='ltr'>vt</span> <span class='ocrx_word' id='word_1_198' title='bbox 664 1209 690 1237; x_wconf 89' lang='lat' dir='ltr'>est</span> <span class='ocrx_word' id='word_1_199' title='bbox 698 1209 758 1237; x_wconf 87' lang='lat' dir='ltr'>notum</span> <span class='ocrx_word' id='word_1_200' title='bbox 767 1217 787 1238; x_wconf 80' lang='lat' dir='ltr'>ao</span> 
     </span>
     <span class='ocr_line' id='line_1_22' title="bbox 57 1250 758 1287; baseline 0.007 -5"><span class='ocrx_word' id='word_1_201' title='bbox 57 1257 73 1283; x_wconf 90' lang='lat' dir='ltr'>et</span> <span class='ocrx_word' id='word_1_202' title='bbox 87 1250 210 1286; x_wconf 86' lang='lat' dir='ltr'>notificandum</span> <span class='ocrx_word' id='word_1_203' title='bbox 225 1254 243 1286; x_wconf 91' lang='lat' dir='ltr'>in</span> <span class='ocrx_word' id='word_1_204' title='bbox 258 1254 337 1287; x_wconf 90' lang='lat' dir='ltr'>omnibus</span> <span class='ocrx_word' id='word_1_205' title='bbox 352 1255 538 1287; x_wconf 77' lang='lat' dir='ltr'>seculis—Marianus</span> <span class='ocrx_word' id='word_1_206' title='bbox 551 1256 571 1287; x_wconf 80' lang='lat' dir='ltr'>in</span> <span class='ocrx_word' id='word_1_207' title='bbox 582 1254 659 1287; x_wconf 55' lang='lat' dir='ltr'>cronicis.</span> <span class='ocrx_word' id='word_1_208' title='bbox 689 1254 758 1287; x_wconf 85' lang='lat' dir='ltr'>Deinde</span> 
     </span>
     <span class='ocr_line' id='line_1_23' title="bbox 57 1300 759 1346; baseline 0.009 -16"><span class='ocrx_word' id='word_1_209' title='bbox 57 1300 101 1332; x_wconf 89' lang='lat' dir='ltr'>circa</span> <span class='ocrx_word' id='word_1_210' title='bbox 111 1310 175 1333; x_wconf 89' lang='lat' dir='ltr'>annum</span> <span class='ocrx_word' id='word_1_211' title='bbox 187 1302 252 1335; x_wconf 89' lang='lat' dir='ltr'>domini</span> <span class='ocrx_word' id='word_1_212' title='bbox 266 1303 437 1346; x_wconf 75' lang='lat' dir='ltr'>n1.cj¹¹1.,secundum</span> <span class='ocrx_word' id='word_1_213' title='bbox 449 1303 552 1343; x_wconf 78' lang='lat' dir='ltr'>lilarianum,</span> <span class='ocrx_word' id='word_1_214' title='bbox 562 1303 657 1336; x_wconf 83' lang='lat' dir='ltr'>Herbertus</span> <span class='ocrx_word' id='word_1_215' title='bbox 668 1302 759 1345; x_wconf 88' lang='lat' dir='ltr'>episcopus</span> 
     </span>
     <span class='ocr_line' id='line_1_24' title="bbox 57 1350 758 1395; baseline 0.006 -13"><span class='ocrx_word' id='word_1_216' title='bbox 57 1354 96 1382; x_wconf 93' lang='lat' dir='ltr'>tunc</span> <span class='ocrx_word' id='word_1_217' title='bbox 104 1350 219 1386; x_wconf 84' lang='lat' dir='ltr'>thesordensis</span> <span class='ocrx_word' id='word_1_218' title='bbox 226 1363 285 1386; x_wconf 89' lang='lat' dir='ltr'>versus</span> <span class='ocrx_word' id='word_1_219' title='bbox 295 1354 369 1387; x_wconf 84' lang='lat' dir='ltr'>Romam</span> <span class='ocrx_word' id='word_1_220' title='bbox 378 1353 410 1387; x_wconf 90' lang='lat' dir='ltr'>iter</span> <span class='ocrx_word' id='word_1_221' title='bbox 417 1352 492 1395; x_wconf 88' lang='lat' dir='ltr'>arripuit,</span> <span class='ocrx_word' id='word_1_222' title='bbox 500 1352 559 1395; x_wconf 86' lang='lat' dir='ltr'>iniqua</span> <span class='ocrx_word' id='word_1_223' title='bbox 570 1352 650 1395; x_wconf 86' lang='lat' dir='ltr'>cupidine</span> <span class='ocrx_word' id='word_1_224' title='bbox 658 1352 758 1386; x_wconf 89' lang='lat' dir='ltr'>dominandi</span> 
     </span>
     <span class='ocr_line' id='line_1_25' title="bbox 57 1401 758 1445; baseline 0.009 -14"><span class='ocrx_word' id='word_1_225' title='bbox 57 1408 107 1441; x_wconf 88' lang='lat' dir='ltr'>super</span> <span class='ocrx_word' id='word_1_226' title='bbox 129 1401 219 1436; x_wconf 87' lang='lat' dir='ltr'>abbaciam</span> <span class='ocrx_word' id='word_1_227' title='bbox 241 1402 295 1436; x_wconf 85' lang='lat' dir='ltr'>sancti</span> <span class='ocrx_word' id='word_1_228' title='bbox 315 1403 409 1436; x_wconf 83' lang='lat' dir='ltr'>Edmundi.</span> <span class='ocrx_word' id='word_1_229' title='bbox 437 1403 465 1436; x_wconf 83' lang='lat' dir='ltr'>De</span> <span class='ocrx_word' id='word_1_230' title='bbox 478 1403 554 1445; x_wconf 61' lang='lat' dir='ltr'>episcopo</span> <span class='ocrx_word' id='word_1_231' title='bbox 572 1402 661 1437; x_wconf 80' lang='lat' dir='ltr'>Herberto.</span> <span class='ocrx_word' id='word_1_232' title='bbox 690 1403 758 1437; x_wconf 87' lang='lat' dir='ltr'>Eadem</span> 
     </span>
     <span class='ocr_line' id='line_1_26' title="bbox 57 1448 785 1497; baseline 0.008 -16"><span class='ocrx_word' id='word_1_233' title='bbox 57 1448 133 1490; x_wconf 84' lang='lat' dir='ltr'>abbacia,</span> <span class='ocrx_word' id='word_1_234' title='bbox 145 1461 165 1484; x_wconf 84' lang='lat' dir='ltr'>ex</span> <span class='ocrx_word' id='word_1_235' title='bbox 176 1462 210 1494; x_wconf 89' lang='lat' dir='ltr'>quo</span> <span class='ocrx_word' id='word_1_236' title='bbox 221 1452 295 1496; x_wconf 89' lang='lat' dir='ltr'>primum</span> <span class='ocrx_word' id='word_1_237' title='bbox 305 1453 376 1486; x_wconf 82' lang='lat' dir='ltr'>lundata</span> <span class='ocrx_word' id='word_1_238' title='bbox 387 1454 423 1496; x_wconf 83' lang='lat' dir='ltr'>suit,</span> <span class='ocrx_word' id='word_1_239' title='bbox 434 1464 502 1497; x_wconf 87' lang='lat' dir='ltr'>semper</span> <span class='ocrx_word' id='word_1_240' title='bbox 512 1465 523 1487; x_wconf 90' lang='lat' dir='ltr'>a</span> <span class='ocrx_word' id='word_1_241' title='bbox 534 1453 642 1487; x_wconf 89' lang='lat' dir='ltr'>subieccione</span> <span class='ocrx_word' id='word_1_242' title='bbox 653 1452 709 1487; x_wconf 90' lang='lat' dir='ltr'>omnis</span> <span class='ocrx_word' id='word_1_243' title='bbox 722 1453 757 1497; x_wconf 90' lang='lat' dir='ltr'>epi·</span> <span class='ocrx_word' id='word_1_244' title='bbox 767 1462 785 1492; x_wconf 79' lang='lat'>²5</span> 
     </span>
     <span class='ocr_line' id='line_1_27' title="bbox 57 1499 759 1547; baseline 0.01 -17"><span class='ocrx_word' id='word_1_245' title='bbox 57 1499 103 1541; x_wconf 91' lang='lat' dir='ltr'>scopi</span> <span class='ocrx_word' id='word_1_246' title='bbox 114 1500 168 1533; x_wconf 83' lang='lat' dir='ltr'>libem</span> <span class='ocrx_word' id='word_1_247' title='bbox 178 1502 215 1544; x_wconf 83' lang='lat' dir='ltr'>fuit,</span> <span class='ocrx_word' id='word_1_248' title='bbox 223 1503 319 1536; x_wconf 84' lang='lat' dir='ltr'>libertatem</span> <span class='ocrx_word' id='word_1_249' title='bbox 331 1503 386 1546; x_wconf 86' lang='lat' dir='ltr'>ipsam</span> <span class='ocrx_word' id='word_1_250' title='bbox 398 1503 447 1547; x_wconf 86' lang='lat' dir='ltr'>quasi</span> <span class='ocrx_word' id='word_1_251' title='bbox 458 1515 469 1536; x_wconf 90' lang='lat' dir='ltr'>a</span> <span class='ocrx_word' id='word_1_252' title='bbox 480 1504 526 1537; x_wconf 88' lang='lat' dir='ltr'>beati</span> <span class='ocrx_word' id='word_1_253' title='bbox 538 1503 626 1537; x_wconf 88' lang='lat' dir='ltr'>Edmundi</span> <span class='ocrx_word' id='word_1_254' title='bbox 637 1504 712 1537; x_wconf 88' lang='lat' dir='ltr'>martiris</span> <span class='ocrx_word' id='word_1_255' title='bbox 722 1503 759 1537; x_wconf 88' lang='lat' dir='ltr'>iure</span> 
     </span>
     <span class='ocr_line' id='line_1_28' title="bbox 57 1549 759 1596; baseline 0.011 -17"><span class='ocrx_word' id='word_1_256' title='bbox 57 1549 131 1591; x_wconf 89' lang='lat' dir='ltr'>trahens,</span> <span class='ocrx_word' id='word_1_257' title='bbox 139 1551 167 1592; x_wconf 90' lang='lat' dir='ltr'>qui</span> <span class='ocrx_word' id='word_1_258' title='bbox 175 1552 213 1585; x_wconf 90' lang='lat' dir='ltr'>loco</span> <span class='ocrx_word' id='word_1_259' title='bbox 220 1553 237 1585; x_wconf 91' lang='lat' dir='ltr'>in</span> <span class='ocrx_word' id='word_1_260' title='bbox 242 1552 285 1594; x_wconf 90' lang='lat' dir='ltr'>quo¹</span> <span class='ocrx_word' id='word_1_261' title='bbox 292 1553 326 1585; x_wconf 89' lang='lat' dir='ltr'>iam</span> <span class='ocrx_word' id='word_1_262' title='bbox 332 1553 365 1587; x_wconf 86' lang='lat' dir='ltr'>sita</span> <span class='ocrx_word' id='word_1_263' title='bbox 372 1558 399 1586; x_wconf 87' lang='lat' dir='ltr'>est</span> <span class='ocrx_word' id='word_1_264' title='bbox 406 1554 443 1596; x_wconf 91' lang='lat' dir='ltr'>ipsa</span> <span class='ocrx_word' id='word_1_265' title='bbox 448 1553 520 1587; x_wconf 87' lang='lat' dir='ltr'>abbacia</span> <span class='ocrx_word' id='word_1_266' title='bbox 525 1553 577 1595; x_wconf 87' lang='lat' dir='ltr'>regali</span> <span class='ocrx_word' id='word_1_267' title='bbox 584 1553 671 1596; x_wconf 84' lang='lat' dir='ltr'>quondam</span> <span class='ocrx_word' id='word_1_268' title='bbox 679 1553 759 1596; x_wconf 88' lang='lat' dir='ltr'>potencia</span> 
     </span>
     <span class='ocr_line' id='line_1_29' title="bbox 57 1597 759 1648; baseline 0.011 -18"><span class='ocrx_word' id='word_1_269' title='bbox 57 1597 149 1642; x_wconf 87' lang='lat' dir='ltr'>presidens,</span> <span class='ocrx_word' id='word_1_270' title='bbox 163 1602 233 1645; x_wconf 89' lang='lat' dir='ltr'>speciali</span> <span class='ocrx_word' id='word_1_271' title='bbox 246 1603 321 1646; x_wconf 92' lang='lat' dir='ltr'>quadam</span> <span class='ocrx_word' id='word_1_272' title='bbox 334 1614 373 1638; x_wconf 89' lang='lat' dir='ltr'>eum</span> <span class='ocrx_word' id='word_1_273' title='bbox 384 1605 446 1645; x_wconf 87' lang='lat' dir='ltr'>locum,</span> <span class='ocrx_word' id='word_1_274' title='bbox 458 1603 499 1638; x_wconf 90' lang='lat' dir='ltr'>inibi</span> <span class='ocrx_word' id='word_1_275' title='bbox 514 1603 626 1648; x_wconf 88' lang='lat' dir='ltr'>corporaliter</span> <span class='ocrx_word' id='word_1_276' title='bbox 638 1603 679 1637; x_wconf 89' lang='lat' dir='ltr'>dum</span> <span class='ocrx_word' id='word_1_277' title='bbox 694 1603 759 1638; x_wconf 80' lang='lat' dir='ltr'>uiueret</span> 
     </span>
     <span class='ocr_line' id='line_1_30' title="bbox 57 1647 759 1699; baseline 0.013 -19"><span class='ocrx_word' id='word_1_278' title='bbox 57 1647 126 1691; x_wconf 87' lang='lat' dir='ltr'>degens,</span> <span class='ocrx_word' id='word_1_279' title='bbox 133 1651 212 1686; x_wconf 88' lang='lat' dir='ltr'>libertate</span> <span class='ocrx_word' id='word_1_280' title='bbox 224 1655 328 1696; x_wconf 80' lang='lat' dir='ltr'>donauerat3</span> <span class='ocrx_word' id='word_1_281' title='bbox 339 1666 392 1699; x_wconf 90' lang='lat' dir='ltr'>quam</span> <span class='ocrx_word' id='word_1_282' title='bbox 400 1656 495 1689; x_wconf 85' lang='lat' dir='ltr'>libertatem</span> <span class='ocrx_word' id='word_1_283' title='bbox 506 1666 556 1698; x_wconf 85' lang='lat' dir='ltr'>reges</span> <span class='ocrx_word' id='word_1_284' title='bbox 566 1661 584 1689; x_wconf 86' lang='lat' dir='ltr'>et</span> <span class='ocrx_word' id='word_1_285' title='bbox 594 1655 660 1688; x_wconf 87' lang='lat' dir='ltr'>romani</span> <span class='ocrx_word' id='word_1_286' title='bbox 668 1656 759 1698; x_wconf 83' lang='lat' dir='ltr'>pontifices</span> 
     </span>
     <span class='ocr_line' id='line_1_31' title="bbox 57 1702 787 1754; baseline 0.012 -24"><span class='ocrx_word' id='word_1_287' title='bbox 57 1704 115 1754; x_wconf 80' lang='lat' dir='ltr'>sancto</span> <span class='ocrx_word' id='word_1_288' title='bbox 127 1702 221 1737; x_wconf 87' lang='lat' dir='ltr'>Edmundo</span> <span class='ocrx_word' id='word_1_289' title='bbox 230 1711 331 1746; x_wconf 86' lang='lat' dir='ltr'>annuemnt,</span> <span class='ocrx_word' id='word_1_290' title='bbox 343 1706 471 1746; x_wconf 84' lang='lat' dir='ltr'>roboranerunt,</span> <span class='ocrx_word' id='word_1_291' title='bbox 481 1711 498 1739; x_wconf 90' lang='lat' dir='ltr'>et</span> <span class='ocrx_word' id='word_1_292' title='bbox 510 1705 628 1739; x_wconf 90' lang='lat' dir='ltr'>inconuulsam</span> <span class='ocrx_word' id='word_1_293' title='bbox 638 1716 707 1740; x_wconf 90' lang='lat' dir='ltr'>manere</span> <span class='ocrx_word' id='word_1_294' title='bbox 717 1717 759 1740; x_wconf 90' lang='lat' dir='ltr'>con·</span> <span class='ocrx_word' id='word_1_295' title='bbox 767 1716 787 1747; x_wconf 76' lang='lat'>³⁰</span> 
     </span>
     <span class='ocr_line' id='line_1_32' title="bbox 57 1753 759 1799; baseline 0.014 -20"><span class='ocrx_word' id='word_1_296' title='bbox 57 1754 152 1784; x_wconf 82' lang='lat' dir='ltr'>stituerunt.</span> <span class='ocrx_word' id='word_1_297' title='bbox 175 1753 210 1786; x_wconf 87' lang='lat' dir='ltr'>Hic</span> <span class='ocrx_word' id='word_1_298' title='bbox 221 1754 279 1797; x_wconf 89' lang='lat' dir='ltr'>itaque</span> <span class='ocrx_word' id='word_1_299' title='bbox 290 1756 385 1788; x_wconf 89' lang='lat' dir='ltr'>Herbertus</span> <span class='ocrx_word' id='word_1_300' title='bbox 396 1755 487 1798; x_wconf 89' lang='lat' dir='ltr'>episcopus</span> <span class='ocrx_word' id='word_1_301' title='bbox 500 1767 539 1788; x_wconf 91' lang='lat' dir='ltr'>cum</span> <span class='ocrx_word' id='word_1_302' title='bbox 550 1762 608 1799; x_wconf 88' lang='lat' dir='ltr'>partes</span> <span class='ocrx_word' id='word_1_303' title='bbox 620 1755 709 1798; x_wconf 88' lang='lat' dir='ltr'>Lugdunie</span> <span class='ocrx_word' id='word_1_304' title='bbox 720 1756 759 1789; x_wconf 86' lang='lat' dir='ltr'>atti·</span> 
     </span>
     <span class='ocr_line' id='line_1_33' title="bbox 58 1797 759 1848; baseline 0.01 -17"><span class='ocrx_word' id='word_1_305' title='bbox 58 1797 121 1837; x_wconf 81' lang='lat' dir='ltr'>gisset:</span> <span class='ocrx_word' id='word_1_306' title='bbox 135 1804 270 1845; x_wconf 90' lang='lat' dir='ltr'>comprehensus</span> <span class='ocrx_word' id='word_1_307' title='bbox 282 1811 307 1837; x_wconf 86' lang='lat' dir='ltr'>est</span> <span class='ocrx_word' id='word_1_308' title='bbox 320 1815 331 1837; x_wconf 94' lang='lat' dir='ltr'>a</span> <span class='ocrx_word' id='word_1_309' title='bbox 342 1804 418 1848; x_wconf 88' lang='lat' dir='ltr'>quodam</span> <span class='ocrx_word' id='word_1_310' title='bbox 433 1804 512 1838; x_wconf 89' lang='lat' dir='ltr'>Guidone</span> <span class='ocrx_word' id='word_1_311' title='bbox 523 1805 561 1837; x_wconf 91' lang='lat' dir='ltr'>viro</span> <span class='ocrx_word' id='word_1_312' title='bbox 576 1811 677 1848; x_wconf 87' lang='lat' dir='ltr'>prepotente</span> <span class='ocrx_word' id='word_1_313' title='bbox 688 1811 706 1838; x_wconf 88' lang='lat' dir='ltr'>et</span> <span class='ocrx_word' id='word_1_314' title='bbox 717 1805 759 1846; x_wconf 81' lang='lat' dir='ltr'>fero,</span> 
     </span>
     <span class='ocr_line' id='line_1_34' title="bbox 58 1847 759 1897; baseline 0.011 -17"><span class='ocrx_word' id='word_1_315' title='bbox 58 1847 84 1880; x_wconf 91' lang='lat' dir='ltr'>cui</span> <span class='ocrx_word' id='word_1_316' title='bbox 96 1850 123 1882; x_wconf 67' lang='lat' dir='ltr'>xla</span> <span class='ocrx_word' id='word_1_317' title='bbox 134 1861 201 1886; x_wconf 86' lang='lat' dir='ltr'>marcas</span> <span class='ocrx_word' id='word_1_318' title='bbox 215 1853 279 1886; x_wconf 89' lang='lat' dir='ltr'>inuitus</span> <span class='ocrx_word' id='word_1_319' title='bbox 290 1854 357 1897; x_wconf 88' lang='lat' dir='ltr'>reliquit</span> <span class='ocrx_word' id='word_1_320' title='bbox 370 1865 413 1897; x_wconf 90' lang='lat' dir='ltr'>quas</span> <span class='ocrx_word' id='word_1_321' title='bbox 426 1861 487 1888; x_wconf 89' lang='lat' dir='ltr'>contra</span> <span class='ocrx_word' id='word_1_322' title='bbox 498 1855 589 1888; x_wconf 88' lang='lat' dir='ltr'>ecclesiam</span> <span class='ocrx_word' id='word_1_323' title='bbox 601 1855 655 1888; x_wconf 86' lang='lat' dir='ltr'>sancti</span> <span class='ocrx_word' id='word_1_324' title='bbox 671 1856 759 1889; x_wconf 89' lang='lat' dir='ltr'>Edmundi</span> 
     </span>
     <span class='ocr_line' id='line_1_35' title="bbox 58 1898 759 1956; baseline 0.013 -24"><span class='ocrx_word' id='word_1_325' title='bbox 58 1898 137 1956; x_wconf 82' lang='lat' dir='ltr'>Angliam</span> <span class='ocrx_word' id='word_1_326' title='bbox 145 1903 233 1946; x_wconf 83' lang='lat' dir='ltr'>egrediens</span> <span class='ocrx_word' id='word_1_327' title='bbox 241 1903 348 1948; x_wconf 89' lang='lat' dir='ltr'>disposuerat</span> <span class='ocrx_word' id='word_1_328' title='bbox 356 1905 463 1948; x_wconf 86' lang='lat' dir='ltr'>expendisse.</span> <span class='ocrx_word' id='word_1_329' title='bbox 486 1906 532 1941; x_wconf 89' lang='lat' dir='ltr'>Hinc</span> <span class='ocrx_word' id='word_1_330' title='bbox 540 1906 608 1941; x_wconf 89' lang='lat' dir='ltr'>rediens</span> <span class='ocrx_word' id='word_1_331' title='bbox 615 1905 691 1948; x_wconf 87' lang='lat' dir='ltr'>domum,</span> <span class='ocrx_word' id='word_1_332' title='bbox 699 1906 759 1941; x_wconf 89' lang='lat' dir='ltr'>sedem</span> 
     </span>
     <span class='ocr_line' id='line_1_36' title="bbox 58 1954 786 2001; baseline 0.015 -20"><span class='ocrx_word' id='word_1_333' title='bbox 58 1954 171 1994; x_wconf 82' lang='lat' dir='ltr'>episcopalem</span> <span class='ocrx_word' id='word_1_334' title='bbox 179 1955 265 1989; x_wconf 86' lang='lat' dir='ltr'>transtulit</span> <span class='ocrx_word' id='word_1_335' title='bbox 273 1955 295 1989; x_wconf 93' lang='lat' dir='ltr'>de</span> <span class='ocrx_word' id='word_1_336' title='bbox 302 1956 396 1990; x_wconf 82' lang='lat' dir='ltr'>Thesordia</span> <span class='ocrx_word' id='word_1_337' title='bbox 403 1956 426 1989; x_wconf 92' lang='lat' dir='ltr'>ad</span> <span class='ocrx_word' id='word_1_338' title='bbox 438 1956 542 1999; x_wconf 84' lang='lat' dir='ltr'>Norulcum,</span> <span class='ocrx_word' id='word_1_339' title='bbox 550 1963 567 1991; x_wconf 86' lang='lat' dir='ltr'>et</span> <span class='ocrx_word' id='word_1_340' title='bbox 579 1957 622 1991; x_wconf 80' lang='lat' dir='ltr'>infra</span> <span class='ocrx_word' id='word_1_341' title='bbox 630 1957 682 1991; x_wconf 90' lang='lat' dir='ltr'>breue</span> <span class='ocrx_word' id='word_1_342' title='bbox 693 1963 758 2001; x_wconf 85' lang='lat' dir='ltr'>postea,</span> <span class='ocrx_word' id='word_1_343' title='bbox 767 1968 786 2000; x_wconf 78' lang='lat'>35</span> 
     </span>
     <span class='ocr_line' id='line_1_37' title="bbox 58 2003 760 2050; baseline 0.014 -19"><span class='ocrx_word' id='word_1_344' title='bbox 58 2010 103 2032; x_wconf 92' lang='lat' dir='ltr'>anno</span> <span class='ocrx_word' id='word_1_345' title='bbox 111 2003 190 2037; x_wconf 87' lang='lat' dir='ltr'>videlicet</span> <span class='ocrx_word' id='word_1_346' title='bbox 196 2005 362 2048; x_wconf 78' lang='lat' dir='ltr'>proximo‘sequenre</span> <span class='ocrx_word' id='word_1_347' title='bbox 370 2008 488 2048; x_wconf 85' lang='lat' dir='ltr'>etannoregis</span> <span class='ocrx_word' id='word_1_348' title='bbox 495 2008 565 2040; x_wconf 84' lang='lat' dir='ltr'>Henrici</span> <span class='ocrx_word' id='word_1_349' title='bbox 570 2007 620 2049; x_wconf 90' lang='lat' dir='ltr'>primi</span> <span class='ocrx_word' id='word_1_350' title='bbox 628 2007 760 2050; x_wconf 84' lang='lat' dir='ltr'>iij⁰.,proposuit</span> 
     </span>
     <span class='ocr_line' id='line_1_38' title="bbox 58 2049 760 2100; baseline 0.013 -18"><span class='ocrx_word' id='word_1_351' title='bbox 58 2049 172 2094; x_wconf 85' lang='lat' dir='ltr'>calumpniam</span> <span class='ocrx_word' id='word_1_352' title='bbox 190 2054 232 2088; x_wconf 88' lang='lat' dir='ltr'>satis</span> <span class='ocrx_word' id='word_1_353' title='bbox 250 2055 323 2089; x_wconf 84' lang='lat' dir='ltr'>facunde</span> <span class='ocrx_word' id='word_1_354' title='bbox 342 2055 363 2089; x_wconf 91' lang='lat' dir='ltr'>de</span> <span class='ocrx_word' id='word_1_355' title='bbox 381 2056 489 2091; x_wconf 88' lang='lat' dir='ltr'>subieccione</span> <span class='ocrx_word' id='word_1_356' title='bbox 505 2057 578 2091; x_wconf 89' lang='lat' dir='ltr'>ecclesie</span> <span class='ocrx_word' id='word_1_357' title='bbox 595 2056 649 2090; x_wconf 89' lang='lat' dir='ltr'>sancti</span> <span class='ocrx_word' id='word_1_358' title='bbox 665 2057 760 2100; x_wconf 89' lang='lat' dir='ltr'>Edmundi,</span> 
     </span>
     <span class='ocr_line' id='line_1_39' title="bbox 57 2100 760 2151; baseline 0.017 -19"><span class='ocrx_word' id='word_1_359' title='bbox 57 2100 148 2145; x_wconf 86' lang='lat' dir='ltr'>multisque</span> <span class='ocrx_word' id='word_1_360' title='bbox 159 2104 181 2137; x_wconf 89' lang='lat' dir='ltr'>de</span> <span class='ocrx_word' id='word_1_361' title='bbox 193 2104 249 2138; x_wconf 87' lang='lat' dir='ltr'>causis</span> <span class='ocrx_word' id='word_1_362' title='bbox 261 2105 324 2139; x_wconf 89' lang='lat' dir='ltr'>iustam</span> <span class='ocrx_word' id='word_1_363' title='bbox 335 2117 356 2139; x_wconf 91' lang='lat' dir='ltr'>ac</span> <span class='ocrx_word' id='word_1_364' title='bbox 369 2106 483 2140; x_wconf 83' lang='lat' dir='ltr'>necessariam</span> <span class='ocrx_word' id='word_1_365' title='bbox 495 2106 519 2140; x_wconf 90' lang='lat' dir='ltr'>ibi</span> <span class='ocrx_word' id='word_1_366' title='bbox 530 2107 566 2141; x_wconf 83' lang='lat' dir='ltr'>sore</span> <span class='ocrx_word' id='word_1_367' title='bbox 579 2118 628 2142; x_wconf 86' lang='lat' dir='ltr'>suam</span> <span class='ocrx_word' id='word_1_368' title='bbox 640 2108 760 2151; x_wconf 85' lang='lat' dir='ltr'>prelacionem.</span> 
     </span>
     <span class='ocr_line' id='line_1_40' title="bbox 59 2150 760 2201; baseline 0.013 -17"><span class='ocrx_word' id='word_1_369' title='bbox 59 2150 88 2184; x_wconf 88' lang='lat' dir='ltr'>Set</span> <span class='ocrx_word' id='word_1_370' title='bbox 102 2163 155 2186; x_wconf 86' lang='lat' dir='ltr'>causa</span> <span class='ocrx_word' id='word_1_371' title='bbox 166 2155 257 2198; x_wconf 84' lang='lat' dir='ltr'>diligenter</span> <span class='ocrx_word' id='word_1_372' title='bbox 269 2156 356 2198; x_wconf 87' lang='lat' dir='ltr'>ventilata,</span> <span class='ocrx_word' id='word_1_373' title='bbox 368 2158 482 2200; x_wconf 86' lang='lat' dir='ltr'>calumpniam</span> <span class='ocrx_word' id='word_1_374' title='bbox 498 2157 552 2201; x_wconf 89' lang='lat' dir='ltr'>ipsius</span> <span class='ocrx_word' id='word_1_375' title='bbox 564 2159 629 2191; x_wconf 90' lang='lat' dir='ltr'>irritam</span> <span class='ocrx_word' id='word_1_376' title='bbox 644 2169 683 2192; x_wconf 88' lang='lat' dir='ltr'>csse</span> <span class='ocrx_word' id='word_1_377' title='bbox 698 2159 760 2195; x_wconf 90' lang='lat' dir='ltr'>debere</span> 
     </span>
     <span class='ocr_line' id='line_1_41' title="bbox 58 2204 788 2254; baseline 0.011 -18"><span class='ocrx_word' id='word_1_378' title='bbox 58 2204 175 2245; x_wconf 82' lang='lat' dir='ltr'>comprobauit</span> <span class='ocrx_word' id='word_1_379' title='bbox 189 2216 210 2240; x_wconf 89' lang='lat' dir='ltr'>ac</span> <span class='ocrx_word' id='word_1_380' title='bbox 226 2207 301 2240; x_wconf 88' lang='lat' dir='ltr'>decreuit</span> <span class='ocrx_word' id='word_1_381' title='bbox 316 2207 395 2241; x_wconf 81' lang='lat' dir='ltr'>uniuersa</span> <span class='ocrx_word' id='word_1_382' title='bbox 408 2208 484 2250; x_wconf 85' lang='lat' dir='ltr'>synodus</span> <span class='ocrx_word' id='word_1_383' title='bbox 499 2209 522 2242; x_wconf 93' lang='lat' dir='ltr'>ab</span> <span class='ocrx_word' id='word_1_384' title='bbox 535 2209 618 2243; x_wconf 90' lang='lat' dir='ltr'>Anselmo</span> <span class='ocrx_word' id='word_1_385' title='bbox 631 2209 760 2254; x_wconf 89' lang='lat' dir='ltr'>archiepiscopo</span> <span class='ocrx_word' id='word_1_386' title='bbox 767 2222 788 2253; x_wconf 86' lang='lat' dir='ltr'>4o</span> 
     </span>
     <span class='ocr_line' id='line_1_42' title="bbox 58 2254 760 2302; baseline 0.013 -18"><span class='ocrx_word' id='word_1_387' title='bbox 58 2254 171 2288; x_wconf 86' lang='lat' dir='ltr'>cantuariensi</span> <span class='ocrx_word' id='word_1_388' title='bbox 182 2256 281 2289; x_wconf 76' lang='lat' dir='ltr'>Londonie²</span> <span class='ocrx_word' id='word_1_389' title='bbox 291 2257 386 2298; x_wconf 82' lang='lat' dir='ltr'>celebrata3</span> <span class='ocrx_word' id='word_1_390' title='bbox 400 2258 440 2300; x_wconf 89' lang='lat' dir='ltr'>quia</span> <span class='ocrx_word' id='word_1_391' title='bbox 449 2257 525 2301; x_wconf 88' lang='lat' dir='ltr'>episcopi</span> <span class='ocrx_word' id='word_1_392' title='bbox 535 2259 645 2302; x_wconf 88' lang='lat' dir='ltr'>quamplures</span> <span class='ocrx_word' id='word_1_393' title='bbox 655 2267 673 2293; x_wconf 90' lang='lat' dir='ltr'>et</span> <span class='ocrx_word' id='word_1_394' title='bbox 683 2261 760 2300; x_wconf 88' lang='lat' dir='ltr'>abbates,</span> 
     </span>
     <span class='ocr_line' id='line_1_43' title="bbox 58 2305 759 2359; baseline 0.017 -26"><span class='ocrx_word' id='word_1_395' title='bbox 58 2309 124 2359; x_wconf 75' lang='lat' dir='ltr'>necnon</span> <span class='ocrx_word' id='word_1_396' title='bbox 130 2305 182 2339; x_wconf 89' lang='lat' dir='ltr'>duces</span> <span class='ocrx_word' id='word_1_397' title='bbox 188 2305 626 2350; x_wconf 81' lang='lat' dir='ltr'>regni³considentes‚⁴affirmaueruntseinterfuisse</span> <span class='ocrx_word' id='word_1_398' title='bbox 632 2310 689 2345; x_wconf 86' lang='lat' dir='ltr'>causis</span> <span class='ocrx_word' id='word_1_399' title='bbox 695 2311 759 2346; x_wconf 80' lang='lat' dir='ltr'>Arlasti</span> 
     </span>
     <span class='ocr_line' id='line_1_44' title="bbox 58 2355 760 2405; baseline 0.016 -19"><span class='ocrx_word' id='word_1_400' title='bbox 58 2355 132 2398; x_wconf 84' lang='lat' dir='ltr'>eprscopi</span> <span class='ocrx_word' id='word_1_401' title='bbox 147 2358 250 2392; x_wconf 88' lang='lat' dir='ltr'>elmanensis</span> <span class='ocrx_word' id='word_1_402' title='bbox 265 2363 283 2393; x_wconf 89' lang='lat' dir='ltr'>et</span> <span class='ocrx_word' id='word_1_403' title='bbox 300 2359 393 2394; x_wconf 84' lang='lat' dir='ltr'>Baldeuini</span> <span class='ocrx_word' id='word_1_404' title='bbox 408 2360 476 2394; x_wconf 87' lang='lat' dir='ltr'>abbatis</span> <span class='ocrx_word' id='word_1_405' title='bbox 491 2361 546 2396; x_wconf 91' lang='lat' dir='ltr'>sancti</span> <span class='ocrx_word' id='word_1_406' title='bbox 562 2361 655 2403; x_wconf 83' lang='lat' dir='ltr'>Edmundi,</span> <span class='ocrx_word' id='word_1_407' title='bbox 670 2362 760 2405; x_wconf 89' lang='lat' dir='ltr'>ipsumque</span> 
     </span>
     <span class='ocr_line' id='line_1_45' title="bbox 58 2402 760 2455; baseline 0.016 -19"><span class='ocrx_word' id='word_1_408' title='bbox 58 2402 145 2439; x_wconf 83' lang='lat' dir='ltr'>Arfastum</span> <span class='ocrx_word' id='word_1_409' title='bbox 158 2419 169 2440; x_wconf 88' lang='lat' dir='ltr'>a</span> <span class='ocrx_word' id='word_1_410' title='bbox 183 2419 235 2443; x_wconf 88' lang='lat' dir='ltr'>causa</span> <span class='ocrx_word' id='word_1_411' title='bbox 248 2409 336 2451; x_wconf 86' lang='lat' dir='ltr'>cecidisse,</span> <span class='ocrx_word' id='word_1_412' title='bbox 348 2410 429 2445; x_wconf 87' lang='lat' dir='ltr'>abbatem</span> <span class='ocrx_word' id='word_1_413' title='bbox 441 2421 482 2445; x_wconf 84' lang='lat' dir='ltr'>vero</span> <span class='ocrx_word' id='word_1_414' title='bbox 497 2412 615 2446; x_wconf 87' lang='lat' dir='ltr'>Baldewinum</span> <span class='ocrx_word' id='word_1_415' title='bbox 630 2423 661 2455; x_wconf 91' lang='lat' dir='ltr'>per</span> <span class='ocrx_word' id='word_1_416' title='bbox 674 2413 760 2455; x_wconf 87' lang='lat' dir='ltr'>legitimos</span> 
     </span>
     <span class='ocr_line' id='line_1_46' title="bbox 58 2455 787 2508; baseline 0.018 -23"><span class='ocrx_word' id='word_1_417' title='bbox 58 2455 110 2488; x_wconf 82' lang='lat' dir='ltr'>tesres</span> <span class='ocrx_word' id='word_1_418' title='bbox 118 2460 239 2501; x_wconf 88' lang='lat' dir='ltr'>comprobasse</span> <span class='ocrx_word' id='word_1_419' title='bbox 247 2471 292 2495; x_wconf 86' lang='lat' dir='ltr'>scae</span> <span class='ocrx_word' id='word_1_420' title='bbox 299 2473 348 2495; x_wconf 92' lang='lat' dir='ltr'>suam</span> <span class='ocrx_word' id='word_1_421' title='bbox 356 2462 447 2497; x_wconf 89' lang='lat' dir='ltr'>abbaciam</span> <span class='ocrx_word' id='word_1_422' title='bbox 454 2474 485 2506; x_wconf 90' lang='lat' dir='ltr'>per</span> <span class='ocrx_word' id='word_1_423' title='bbox 491 2463 515 2507; x_wconf 92' lang='lat' dir='ltr'>liij</span> <span class='ocrx_word' id='word_1_424' title='bbox 524 2475 578 2498; x_wconf 89' lang='lat' dir='ltr'>annos</span> <span class='ocrx_word' id='word_1_425' title='bbox 583 2464 654 2497; x_wconf 82' lang='lat' dir='ltr'>liberam</span> <span class='ocrx_word' id='word_1_426' title='bbox 661 2471 678 2498; x_wconf 87' lang='lat' dir='ltr'>ct</span> <span class='ocrx_word' id='word_1_427' title='bbox 684 2464 760 2507; x_wconf 87' lang='lat' dir='ltr'>quietam</span> <span class='ocrx_word' id='word_1_428' title='bbox 767 2478 787 2508; x_wconf 79' lang='lat'>45</span> 
     </span>
    </p>
   </div>
   <div class='ocr_carea' id='block_1_3' title="bbox 136 2540 681 2618">
    <p class='ocr_par' dir='ltr' id='par_1_3' title="bbox 136 2540 681 2618">
     <span class='ocr_line' id='line_1_47' title="bbox 136 2540 681 2586; baseline 0.007 -14"><span class='ocrx_word' id='word_1_429' title='bbox 136 2540 141 2558; x_wconf 92' lang='lat'>¹</span> <span class='ocrx_word' id='word_1_430' title='bbox 153 2542 187 2572; x_wconf 84' lang='lat' dir='ltr'>MS.</span> <span class='ocrx_word' id='word_1_431' title='bbox 194 2552 230 2582; x_wconf 82' lang='lat' dir='ltr'>qua.</span> <span class='ocrx_word' id='word_1_432' title='bbox 314 2544 321 2561; x_wconf 80' lang='lat'>²</span> <span class='ocrx_word' id='word_1_433' title='bbox 331 2545 365 2574; x_wconf 87' lang='lat' dir='ltr'>MS.</span> <span class='ocrx_word' id='word_1_434' title='bbox 371 2545 471 2575; x_wconf 79' lang='lat' dir='ltr'>londoniensi</span> <span class='ocrx_word' id='word_1_435' title='bbox 565 2546 572 2564; x_wconf 79' lang='lat'>⁸</span> <span class='ocrx_word' id='word_1_436' title='bbox 582 2546 616 2576; x_wconf 82' lang='lat' dir='ltr'>MS.</span> <span class='ocrx_word' id='word_1_437' title='bbox 623 2555 681 2586; x_wconf 80' lang='lat' dir='ltr'>regum.</span> 
     </span>
     <span class='ocr_line' id='line_1_48' title="bbox 341 2583 494 2618; baseline 0.02 -4"><span class='ocrx_word' id='word_1_438' title='bbox 341 2583 347 2601; x_wconf 82' lang='lat'><strong>⁴</strong></span> <span class='ocrx_word' id='word_1_439' title='bbox 357 2584 391 2617; x_wconf 84' lang='lat' dir='ltr'>MS.</span> <span class='ocrx_word' id='word_1_440' title='bbox 398 2585 494 2618; x_wconf 82' lang='lat' dir='ltr'>confidentes.</span> 
     </span>
    </p>
   </div>
   <div class='ocr_carea' id='block_1_4' title="bbox 0 0 888 2803">
    <p class='ocr_par' dir='ltr' id='par_1_4' title="bbox 0 0 888 2803">
     <span class='ocr_line' id='line_1_49' title="bbox 0 0 888 2803; baseline 0 0"><span class='ocrx_word' id='word_1_441' title='bbox 0 0 888 2803; x_wconf 95' lang='lat' dir='ltr'> </span> 
     </span>
    </p>
   </div>
  </div>
 </body>
</html>
