<?xml version="1.0" encoding="UTF-8"?>
<!DOCTYPE html PUBLIC "-//W3C//DTD XHTML 1.0 Transitional//EN"
    "http://www.w3.org/TR/xhtml1/DTD/xhtml1-transitional.dtd">
<html xmlns="http://www.w3.org/1999/xhtml" xml:lang="en" lang="en">
 <head>
  <title>
</title>
<meta http-equiv="Content-Type" content="text/html;charset=utf-8" />
  <meta name='ocr-system' content='tesseract 3.04.00' />
  <meta name='ocr-capabilities' content='ocr_page ocr_carea ocr_par ocr_line ocrx_word'/>
</head>
<body>
  <div class='ocr_page' id='page_1' title='image "./MN5111ucmf_0/MN5111ucmf_0_1314.png"; bbox 0 0 1762 2803; ppageno 0'>
   <div class='ocr_carea' id='block_1_1' title="bbox 101 105 582 184">
    <p class='ocr_par' dir='ltr' id='par_1_1' title="bbox 101 105 582 184">
     <span class='ocr_line' id='line_1_1' title="bbox 101 105 582 184; baseline -0.004 -19"><span class='ocrx_word' id='word_1_1' title='bbox 101 105 150 168; x_wconf 74' lang='lat'>&#39;698</span> <span class='ocrx_word' id='word_1_2' title='bbox 202 180 204 184; x_wconf 68' lang='lat'>,</span> <span class='ocrx_word' id='word_1_3' title='bbox 315 108 547 169; x_wconf 69' lang='lat' dir='ltr'>supponitur.</span> <span class='ocrx_word' id='word_1_4' title='bbox 577 108 582 113; x_wconf 84' lang='grc'><strong>”</strong></span> 
     </span>
    </p>
   </div>
   <div class='ocr_carea' id='block_1_2' title="bbox 82 227 815 1532">
    <p class='ocr_par' dir='ltr' id='par_1_2' title="bbox 82 227 815 1532">
     <span class='ocr_line' id='line_1_2' title="bbox 105 227 802 275; baseline 0 -11"><span class='ocrx_word' id='word_1_5' title='bbox 105 227 186 273; x_wconf 85' lang='lat' dir='ltr'>predictis</span> <span class='ocrx_word' id='word_1_6' title='bbox 199 231 238 263; x_wconf 83' lang='lat' dir='ltr'>cum</span> <span class='ocrx_word' id='word_1_7' title='bbox 252 240 319 264; x_wconf 88' lang='lat' dir='ltr'>summa</span> <span class='ocrx_word' id='word_1_8' title='bbox 332 230 431 264; x_wconf 88' lang='lat' dir='ltr'>reuerencia</span> <span class='ocrx_word' id='word_1_9' title='bbox 446 230 577 265; x_wconf 89' lang='lat' dir='ltr'>custodiendum</span> <span class='ocrx_word' id='word_1_10' title='bbox 592 229 686 275; x_wconf 78' lang='lat' dir='ltr'>dereliquit.</span> <span class='ocrx_word' id='word_1_11' title='bbox 710 230 749 274; x_wconf 89' lang='lat' dir='ltr'>lpse</span> <span class='ocrx_word' id='word_1_12' title='bbox 761 240 802 264; x_wconf 86' lang='lat' dir='ltr'>uero</span> 
     </span>
     <span class='ocr_line' id='line_1_3' title="bbox 106 273 807 325; baseline 0.001 -10"><span class='ocrx_word' id='word_1_13' title='bbox 106 280 200 325; x_wconf 81' lang='lat' dir='ltr'>preparatis</span> <span class='ocrx_word' id='word_1_14' title='bbox 216 282 238 315; x_wconf 89' lang='lat' dir='ltr'>ad</span> <span class='ocrx_word' id='word_1_15' title='bbox 254 281 286 314; x_wconf 90' lang='lat' dir='ltr'>iter</span> <span class='ocrx_word' id='word_1_16' title='bbox 301 293 350 315; x_wconf 92' lang='lat' dir='ltr'>suum</span> <span class='ocrx_word' id='word_1_17' title='bbox 365 282 472 323; x_wconf 87' lang='lat' dir='ltr'>necessariis,</span> <span class='ocrx_word' id='word_1_18' title='bbox 487 284 562 316; x_wconf 83' lang='lat' dir='ltr'>Romam</span> <span class='ocrx_word' id='word_1_19' title='bbox 577 282 662 325; x_wconf 82' lang='lat' dir='ltr'>proiectus</span> <span class='ocrx_word' id='word_1_20' title='bbox 675 292 737 325; x_wconf 86' lang='lat' dir='ltr'>papam</span> <span class='ocrx_word' id='word_1_21' title='bbox 753 273 807 324; x_wconf 60' lang='lat' dir='ltr'>petiit*</span> 
     </span>
     <span class='ocr_line' id='line_1_4' title="bbox 106 330 808 375; baseline 0 -11"><span class='ocrx_word' id='word_1_22' title='bbox 106 330 191 366; x_wconf 87' lang='lat' dir='ltr'>mirabilia</span> <span class='ocrx_word' id='word_1_23' title='bbox 201 341 235 375; x_wconf 87' lang='lat' dir='ltr'>que</span> <span class='ocrx_word' id='word_1_24' title='bbox 245 342 277 374; x_wconf 84' lang='lat' dir='ltr'>per</span> <span class='ocrx_word' id='word_1_25' title='bbox 287 333 362 366; x_wconf 88' lang='lat' dir='ltr'>martiris</span> <span class='ocrx_word' id='word_1_26' title='bbox 373 333 399 366; x_wconf 89' lang='lat' dir='ltr'>sui</span> <span class='ocrx_word' id='word_1_27' title='bbox 411 333 477 374; x_wconf 85' lang='lat' dir='ltr'>merita,</span> <span class='ocrx_word' id='word_1_28' title='bbox 487 332 546 367; x_wconf 86' lang='lat' dir='ltr'>diuina</span> <span class='ocrx_word' id='word_1_29' title='bbox 558 332 637 375; x_wconf 87' lang='lat' dir='ltr'>potencia</span> <span class='ocrx_word' id='word_1_30' title='bbox 648 332 711 366; x_wconf 81' lang='lat' dir='ltr'>cotidie</span> <span class='ocrx_word' id='word_1_31' title='bbox 723 341 762 365; x_wconf 87' lang='lat' dir='ltr'>cum</span> <span class='ocrx_word' id='word_1_32' title='bbox 774 332 808 365; x_wconf 91' lang='lat' dir='ltr'>fide</span> 
     </span>
     <span class='ocr_line' id='line_1_5' title="bbox 106 382 808 425; baseline 0.001 -11"><span class='ocrx_word' id='word_1_33' title='bbox 106 382 204 424; x_wconf 90' lang='lat' dir='ltr'>petentibus</span> <span class='ocrx_word' id='word_1_34' title='bbox 218 383 326 424; x_wconf 80' lang='lat' dir='ltr'>operabatur,</span> <span class='ocrx_word' id='word_1_35' title='bbox 338 393 396 415; x_wconf 83' lang='lat' dir='ltr'>coram</span> <span class='ocrx_word' id='word_1_36' title='bbox 407 383 478 425; x_wconf 89' lang='lat' dir='ltr'>singulis</span> <span class='ocrx_word' id='word_1_37' title='bbox 490 383 591 425; x_wconf 88' lang='lat' dir='ltr'>insinuauit;</span> <span class='ocrx_word' id='word_1_38' title='bbox 608 383 680 425; x_wconf 83' lang='lat' dir='ltr'>qualiter</span> <span class='ocrx_word' id='word_1_39' title='bbox 691 392 753 424; x_wconf 88' lang='lat' dir='ltr'>corpus</span> <span class='ocrx_word' id='word_1_40' title='bbox 764 392 808 415; x_wconf 87' lang='lat' dir='ltr'>mar·</span> 
     </span>
     <span class='ocr_line' id='line_1_6' title="bbox 90 432 809 477; baseline 0 -13"><span class='ocrx_word' id='word_1_41' title='bbox 90 432 143 470; x_wconf 89' lang='lat' dir='ltr'>5tiris</span> <span class='ocrx_word' id='word_1_42' title='bbox 154 432 243 464; x_wconf 88' lang='lat' dir='ltr'>inuentum</span> <span class='ocrx_word' id='word_1_43' title='bbox 255 442 294 465; x_wconf 86' lang='lat' dir='ltr'>oum</span> <span class='ocrx_word' id='word_1_44' title='bbox 305 432 396 475; x_wconf 89' lang='lat' dir='ltr'>sepulchro</span> <span class='ocrx_word' id='word_1_45' title='bbox 409 434 498 475; x_wconf 90' lang='lat' dir='ltr'>detulerat,</span> <span class='ocrx_word' id='word_1_46' title='bbox 510 434 541 467; x_wconf 93' lang='lat' dir='ltr'>sed</span> <span class='ocrx_word' id='word_1_47' title='bbox 552 444 586 477; x_wconf 89' lang='lat' dir='ltr'>quo</span> <span class='ocrx_word' id='word_1_48' title='bbox 598 443 637 466; x_wconf 92' lang='lat' dir='ltr'>eum</span> <span class='ocrx_word' id='word_1_49' title='bbox 648 433 759 465; x_wconf 81' lang='lat' dir='ltr'>deserendum</span> <span class='ocrx_word' id='word_1_50' title='bbox 770 441 809 474; x_wconf 90' lang='lat' dir='ltr'>pro·</span> 
     </span>
     <span class='ocr_line' id='line_1_7' title="bbox 106 482 809 526; baseline 0 -11"><span class='ocrx_word' id='word_1_51' title='bbox 106 488 192 525; x_wconf 86' lang='lat' dir='ltr'>posuerat,</span> <span class='ocrx_word' id='word_1_52' title='bbox 203 492 242 515; x_wconf 89' lang='lat' dir='ltr'>eum</span> <span class='ocrx_word' id='word_1_53' title='bbox 253 482 319 516; x_wconf 82' lang='lat' dir='ltr'>deferre</span> <span class='ocrx_word' id='word_1_54' title='bbox 329 493 363 516; x_wconf 92' lang='lat' dir='ltr'>non</span> <span class='ocrx_word' id='word_1_55' title='bbox 374 493 430 525; x_wconf 84' lang='lat' dir='ltr'>posse,</span> <span class='ocrx_word' id='word_1_56' title='bbox 439 483 562 526; x_wconf 84' lang='lat' dir='ltr'>pronunciauit.</span> <span class='ocrx_word' id='word_1_57' title='bbox 586 485 625 516; x_wconf 91' lang='lat' dir='ltr'>Hec</span> <span class='ocrx_word' id='word_1_58' title='bbox 635 489 652 516; x_wconf 86' lang='lat' dir='ltr'>et</span> <span class='ocrx_word' id='word_1_59' title='bbox 663 482 697 515; x_wconf 90' lang='lat' dir='ltr'>alia</span> <span class='ocrx_word' id='word_1_60' title='bbox 706 482 809 526; x_wconf 81' lang='lat' dir='ltr'>quamplura</span> 
     </span>
     <span class='ocr_line' id='line_1_8' title="bbox 106 533 809 578; baseline 0 -12"><span class='ocrx_word' id='word_1_61' title='bbox 106 542 138 575; x_wconf 88' lang='lat' dir='ltr'>per</span> <span class='ocrx_word' id='word_1_62' title='bbox 145 537 223 566; x_wconf 87' lang='lat' dir='ltr'>sanctum</span> <span class='ocrx_word' id='word_1_63' title='bbox 231 533 359 567; x_wconf 85' lang='lat' dir='ltr'>Freemundum</span> <span class='ocrx_word' id='word_1_64' title='bbox 368 533 443 567; x_wconf 83' lang='lat' dir='ltr'>exhibita</span> <span class='ocrx_word' id='word_1_65' title='bbox 454 535 499 568; x_wconf 87' lang='lat' dir='ltr'>sedis</span> <span class='ocrx_word' id='word_1_66' title='bbox 509 534 603 578; x_wconf 89' lang='lat' dir='ltr'>apostolice</span> <span class='ocrx_word' id='word_1_67' title='bbox 612 533 670 577; x_wconf 88' lang='lat' dir='ltr'>presul</span> <span class='ocrx_word' id='word_1_68' title='bbox 680 533 755 576; x_wconf 86' lang='lat' dir='ltr'>miratur,</span> <span class='ocrx_word' id='word_1_69' title='bbox 764 539 782 567; x_wconf 90' lang='lat' dir='ltr'>et</span> <span class='ocrx_word' id='word_1_70' title='bbox 791 533 809 566; x_wconf 89' lang='lat' dir='ltr'>in</span> 
     </span>
     <span class='ocr_line' id='line_1_9' title="bbox 107 583 810 626; baseline -0.001 -10"><span class='ocrx_word' id='word_1_71' title='bbox 107 584 178 625; x_wconf 86' lang='lat' dir='ltr'>singulis</span> <span class='ocrx_word' id='word_1_72' title='bbox 186 583 268 617; x_wconf 87' lang='lat' dir='ltr'>miraculo</span> <span class='ocrx_word' id='word_1_73' title='bbox 275 584 331 625; x_wconf 83' lang='lat' dir='ltr'>dignis</span> <span class='ocrx_word' id='word_1_74' title='bbox 339 585 402 618; x_wconf 83' lang='lat' dir='ltr'>Christi</span> <span class='ocrx_word' id='word_1_75' title='bbox 413 585 511 626; x_wconf 85' lang='lat' dir='ltr'>potenciam</span> <span class='ocrx_word' id='word_1_76' title='bbox 520 591 538 617; x_wconf 90' lang='lat' dir='ltr'>et</span> <span class='ocrx_word' id='word_1_77' title='bbox 548 585 622 617; x_wconf 84' lang='lat' dir='ltr'>martiris</span> <span class='ocrx_word' id='word_1_78' title='bbox 631 584 703 626; x_wconf 82' lang='lat' dir='ltr'>gloriam</span> <span class='ocrx_word' id='word_1_79' title='bbox 713 589 810 616; x_wconf 82' lang='lat' dir='ltr'>ueneratur.</span> 
     </span>
     <span class='ocr_line' id='line_1_10' title="bbox 107 632 811 676; baseline -0.001 -11"><span class='ocrx_word' id='word_1_80' title='bbox 107 633 205 675; x_wconf 88' lang='lat' dir='ltr'>Episcopus</span> <span class='ocrx_word' id='word_1_81' title='bbox 221 632 272 675; x_wconf 89' lang='lat' dir='ltr'>igitur</span> <span class='ocrx_word' id='word_1_82' title='bbox 287 633 364 673; x_wconf 86' lang='lat' dir='ltr'>Beriuus,</span> <span class='ocrx_word' id='word_1_83' title='bbox 380 634 459 668; x_wconf 89' lang='lat' dir='ltr'>omnibus</span> <span class='ocrx_word' id='word_1_84' title='bbox 474 634 548 676; x_wconf 82' lang='lat' dir='ltr'>peractis</span> <span class='ocrx_word' id='word_1_85' title='bbox 565 634 588 667; x_wconf 92' lang='lat' dir='ltr'>ad</span> <span class='ocrx_word' id='word_1_86' title='bbox 603 633 677 667; x_wconf 92' lang='lat' dir='ltr'>diocesis</span> <span class='ocrx_word' id='word_1_87' title='bbox 692 643 723 666; x_wconf 91' lang='lat' dir='ltr'>sue</span> <span class='ocrx_word' id='word_1_88' title='bbox 738 633 811 674; x_wconf 90' lang='lat' dir='ltr'>negocia</span> 
     </span>
     <span class='ocr_line' id='line_1_11' title="bbox 82 682 811 727; baseline 0.003 -14"><span class='ocrx_word' id='word_1_89' title='bbox 82 691 100 713; x_wconf 88' lang='lat' dir='ltr'>ro</span> <span class='ocrx_word' id='word_1_90' title='bbox 108 682 238 725; x_wconf 83' lang='lat' dir='ltr'>pertinentibus,</span> <span class='ocrx_word' id='word_1_91' title='bbox 253 683 372 718; x_wconf 87' lang='lat' dir='ltr'>benedictione</span> <span class='ocrx_word' id='word_1_92' title='bbox 387 690 468 727; x_wconf 90' lang='lat' dir='ltr'>percepta</span> <span class='ocrx_word' id='word_1_93' title='bbox 481 684 504 716; x_wconf 90' lang='lat' dir='ltr'>ad</span> <span class='ocrx_word' id='word_1_94' title='bbox 518 683 599 725; x_wconf 87' lang='lat' dir='ltr'>Angliam</span> <span class='ocrx_word' id='word_1_95' title='bbox 613 683 674 717; x_wconf 85' lang='lat' dir='ltr'>rediit:</span> <span class='ocrx_word' id='word_1_96' title='bbox 693 688 711 716; x_wconf 88' lang='lat' dir='ltr'>et</span> <span class='ocrx_word' id='word_1_97' title='bbox 726 682 811 725; x_wconf 84' lang='lat' dir='ltr'>susceptis</span> 
     </span>
     <span class='ocr_line' id='line_1_12' title="bbox 108 732 811 777; baseline 0 -11"><span class='ocrx_word' id='word_1_98' title='bbox 108 733 168 767; x_wconf 89' lang='lat' dir='ltr'>litteris</span> <span class='ocrx_word' id='word_1_99' title='bbox 181 733 246 766; x_wconf 88' lang='lat' dir='ltr'>domini</span> <span class='ocrx_word' id='word_1_100' title='bbox 261 744 311 776; x_wconf 86' lang='lat' dir='ltr'>pape,</span> <span class='ocrx_word' id='word_1_101' title='bbox 325 734 380 767; x_wconf 88' lang='lat' dir='ltr'>sancti</span> <span class='ocrx_word' id='word_1_102' title='bbox 395 734 498 767; x_wconf 86' lang='lat' dir='ltr'>Freemundi</span> <span class='ocrx_word' id='word_1_103' title='bbox 513 744 575 777; x_wconf 90' lang='lat' dir='ltr'>corpus</span> <span class='ocrx_word' id='word_1_104' title='bbox 588 745 599 767; x_wconf 88' lang='lat' dir='ltr'>a</span> <span class='ocrx_word' id='word_1_105' title='bbox 611 733 702 777; x_wconf 88' lang='lat' dir='ltr'>sepulchro</span> <span class='ocrx_word' id='word_1_106' title='bbox 718 732 782 767; x_wconf 86' lang='lat' dir='ltr'>eleuari</span> <span class='ocrx_word' id='word_1_107' title='bbox 793 737 811 767; x_wconf 91' lang='lat' dir='ltr'>et</span> 
     </span>
     <span class='ocr_line' id='line_1_13' title="bbox 108 782 811 828; baseline -0.001 -11"><span class='ocrx_word' id='word_1_108' title='bbox 108 784 250 818; x_wconf 88' lang='lat' dir='ltr'>honorificencius</span> <span class='ocrx_word' id='word_1_109' title='bbox 265 785 282 817; x_wconf 94' lang='lat' dir='ltr'>in</span> <span class='ocrx_word' id='word_1_110' title='bbox 298 785 360 818; x_wconf 81' lang='lat' dir='ltr'>feretro</span> <span class='ocrx_word' id='word_1_111' title='bbox 379 791 428 827; x_wconf 87' lang='lat' dir='ltr'>prout</span> <span class='ocrx_word' id='word_1_112' title='bbox 444 790 502 828; x_wconf 86' lang='lat' dir='ltr'>posset</span> <span class='ocrx_word' id='word_1_113' title='bbox 517 785 598 818; x_wconf 85' lang='lat' dir='ltr'>decenter</span> <span class='ocrx_word' id='word_1_114' title='bbox 613 784 709 827; x_wconf 87' lang='lat' dir='ltr'>composito</span> <span class='ocrx_word' id='word_1_115' title='bbox 724 782 811 818; x_wconf 81' lang='lat' dir='ltr'>transferri</span> 
     </span>
     <span class='ocr_line' id='line_1_14' title="bbox 109 835 811 878; baseline 0 -10"><span class='ocrx_word' id='word_1_116' title='bbox 109 835 247 878; x_wconf 81' lang='lat' dir='ltr'>precipientibus,</span> <span class='ocrx_word' id='word_1_117' title='bbox 259 835 303 868; x_wconf 92' lang='lat' dir='ltr'>sicut</span> <span class='ocrx_word' id='word_1_118' title='bbox 316 836 417 868; x_wconf 91' lang='lat' dir='ltr'>mandatum</span> <span class='ocrx_word' id='word_1_119' title='bbox 429 835 502 877; x_wconf 88' lang='lat' dir='ltr'>accepit,</span> <span class='ocrx_word' id='word_1_120' title='bbox 515 835 611 878; x_wconf 87' lang='lat' dir='ltr'>episcopos,</span> <span class='ocrx_word' id='word_1_121' title='bbox 623 835 700 877; x_wconf 83' lang='lat' dir='ltr'>abbates,</span> <span class='ocrx_word' id='word_1_122' title='bbox 711 841 811 877; x_wconf 84' lang='lat' dir='ltr'>ceterasque</span> 
     </span>
     <span class='ocr_line' id='line_1_15' title="bbox 109 884 812 927; baseline 0 -10"><span class='ocrx_word' id='word_1_123' title='bbox 109 886 196 927; x_wconf 83' lang='lat' dir='ltr'>religiosas</span> <span class='ocrx_word' id='word_1_124' title='bbox 204 884 335 926; x_wconf 85' lang='lat' dir='ltr'>circumquaque</span> <span class='ocrx_word' id='word_1_125' title='bbox 344 894 431 926; x_wconf 86' lang='lat' dir='ltr'>personas,</span> <span class='ocrx_word' id='word_1_126' title='bbox 439 895 479 918; x_wconf 90' lang='lat' dir='ltr'>cum</span> <span class='ocrx_word' id='word_1_127' title='bbox 488 884 597 918; x_wconf 88' lang='lat' dir='ltr'>multitudine</span> <span class='ocrx_word' id='word_1_128' title='bbox 606 885 691 918; x_wconf 86' lang='lat' dir='ltr'>nobilium</span> <span class='ocrx_word' id='word_1_129' title='bbox 698 890 715 918; x_wconf 93' lang='lat' dir='ltr'>et</span> <span class='ocrx_word' id='word_1_130' title='bbox 722 885 812 917; x_wconf 81' lang='lat' dir='ltr'>innumero</span> 
     </span>
     <span class='ocr_line' id='line_1_16' title="bbox 83 934 812 980; baseline 0.003 -14"><span class='ocrx_word' id='word_1_131' title='bbox 83 945 101 976; x_wconf 78' lang='lat'>15</span> <span class='ocrx_word' id='word_1_132' title='bbox 110 941 147 968; x_wconf 92' lang='lat' dir='ltr'>cetu</span> <span class='ocrx_word' id='word_1_133' title='bbox 155 934 234 978; x_wconf 88' lang='lat' dir='ltr'>plebium,</span> <span class='ocrx_word' id='word_1_134' title='bbox 242 934 265 967; x_wconf 91' lang='lat' dir='ltr'>ad</span> <span class='ocrx_word' id='word_1_135' title='bbox 272 934 329 967; x_wconf 91' lang='lat' dir='ltr'>locum</span> <span class='ocrx_word' id='word_1_136' title='bbox 336 944 370 978; x_wconf 92' lang='lat' dir='ltr'>quo</span> <span class='ocrx_word' id='word_1_137' title='bbox 379 934 454 968; x_wconf 87' lang='lat' dir='ltr'>martiris</span> <span class='ocrx_word' id='word_1_138' title='bbox 463 945 525 979; x_wconf 91' lang='lat' dir='ltr'>corpus</span> <span class='ocrx_word' id='word_1_139' title='bbox 534 935 634 980; x_wconf 83' lang='lat' dir='ltr'>quiescebat</span> <span class='ocrx_word' id='word_1_140' title='bbox 645 934 758 975; x_wconf 87' lang='lat' dir='ltr'>conuocauit;</span> <span class='ocrx_word' id='word_1_141' title='bbox 769 939 786 969; x_wconf 87' lang='lat' dir='ltr'>et</span> <span class='ocrx_word' id='word_1_142' title='bbox 794 934 812 968; x_wconf 86' lang='lat' dir='ltr'>in</span> 
     </span>
     <span class='ocr_line' id='line_1_17' title="bbox 109 985 812 1029; baseline 0 -10"><span class='ocrx_word' id='word_1_143' title='bbox 109 986 170 1027; x_wconf 85' lang='lat' dir='ltr'>loculo,</span> <span class='ocrx_word' id='word_1_144' title='bbox 177 985 245 1019; x_wconf 87' lang='lat' dir='ltr'>laminis</span> <span class='ocrx_word' id='word_1_145' title='bbox 255 986 345 1027; x_wconf 82' lang='lat' dir='ltr'>argenteis,</span> <span class='ocrx_word' id='word_1_146' title='bbox 352 996 387 1028; x_wconf 88' lang='lat' dir='ltr'>que</span> <span class='ocrx_word' id='word_1_147' title='bbox 397 986 472 1019; x_wconf 78' lang='lat' dir='ltr'>fidelium</span> <span class='ocrx_word' id='word_1_148' title='bbox 484 987 576 1020; x_wconf 86' lang='lat' dir='ltr'>deuotione</span> <span class='ocrx_word' id='word_1_149' title='bbox 585 987 607 1019; x_wconf 89' lang='lat' dir='ltr'>ad</span> <span class='ocrx_word' id='word_1_150' title='bbox 618 987 692 1019; x_wconf 88' lang='lat' dir='ltr'>martiris</span> <span class='ocrx_word' id='word_1_151' title='bbox 703 986 812 1029; x_wconf 88' lang='lat' dir='ltr'>sepulchrum</span> 
     </span>
     <span class='ocr_line' id='line_1_18' title="bbox 109 1036 813 1079; baseline -0.003 -9"><span class='ocrx_word' id='word_1_152' title='bbox 109 1037 167 1070; x_wconf 91' lang='lat' dir='ltr'>oblata</span> <span class='ocrx_word' id='word_1_153' title='bbox 176 1036 248 1077; x_wconf 83' lang='lat' dir='ltr'>fuerant,</span> <span class='ocrx_word' id='word_1_154' title='bbox 256 1036 386 1078; x_wconf 84' lang='lat' dir='ltr'>decentiopere</span> <span class='ocrx_word' id='word_1_155' title='bbox 397 1037 483 1069; x_wconf 83' lang='lat' dir='ltr'>deauratis</span> <span class='ocrx_word' id='word_1_156' title='bbox 493 1036 593 1079; x_wconf 90' lang='lat' dir='ltr'>composito,</span> <span class='ocrx_word' id='word_1_157' title='bbox 602 1037 656 1069; x_wconf 88' lang='lat' dir='ltr'>sancti</span> <span class='ocrx_word' id='word_1_158' title='bbox 666 1036 740 1069; x_wconf 90' lang='lat' dir='ltr'>martiris</span> <span class='ocrx_word' id='word_1_159' title='bbox 752 1046 813 1077; x_wconf 91' lang='lat' dir='ltr'>corpus</span> 
     </span>
     <span class='ocr_line' id='line_1_19' title="bbox 110 1086 812 1128; baseline -0.003 -8"><span class='ocrx_word' id='word_1_160' title='bbox 110 1086 213 1120; x_wconf 86' lang='lat' dir='ltr'>Freemundi</span> <span class='ocrx_word' id='word_1_161' title='bbox 224 1097 264 1119; x_wconf 89' lang='lat' dir='ltr'>cum</span> <span class='ocrx_word' id='word_1_162' title='bbox 274 1086 343 1127; x_wconf 86' lang='lat' dir='ltr'>ympnis</span> <span class='ocrx_word' id='word_1_163' title='bbox 354 1092 371 1119; x_wconf 89' lang='lat' dir='ltr'>et</span> <span class='ocrx_word' id='word_1_164' title='bbox 384 1086 464 1119; x_wconf 86' lang='lat' dir='ltr'>laudibus</span> <span class='ocrx_word' id='word_1_165' title='bbox 476 1087 498 1119; x_wconf 91' lang='lat' dir='ltr'>de</span> <span class='ocrx_word' id='word_1_166' title='bbox 509 1087 599 1128; x_wconf 88' lang='lat' dir='ltr'>sepulchro</span> <span class='ocrx_word' id='word_1_167' title='bbox 612 1087 666 1120; x_wconf 89' lang='lat' dir='ltr'>ueteri</span> <span class='ocrx_word' id='word_1_168' title='bbox 678 1087 769 1126; x_wconf 86' lang='lat' dir='ltr'>eleuatum,</span> <span class='ocrx_word' id='word_1_169' title='bbox 780 1086 812 1118; x_wconf 87' lang='lat' dir='ltr'>sub</span> 
     </span>
     <span class='ocr_line' id='line_1_20' title="bbox 109 1135 811 1179; baseline -0.001 -9"><span class='ocrx_word' id='word_1_170' title='bbox 109 1136 191 1170; x_wconf 90' lang='lat' dir='ltr'>vicesima</span> <span class='ocrx_word' id='word_1_171' title='bbox 198 1140 260 1169; x_wconf 89' lang='lat' dir='ltr'>octaua</span> <span class='ocrx_word' id='word_1_172' title='bbox 269 1136 298 1168; x_wconf 87' lang='lat' dir='ltr'>die</span> <span class='ocrx_word' id='word_1_173' title='bbox 309 1135 374 1177; x_wconf 90' lang='lat' dir='ltr'>Martii,</span> <span class='ocrx_word' id='word_1_174' title='bbox 383 1136 513 1169; x_wconf 86' lang='lat' dir='ltr'>coruscantibus</span> <span class='ocrx_word' id='word_1_175' title='bbox 524 1137 600 1179; x_wconf 89' lang='lat' dir='ltr'>undique</span> <span class='ocrx_word' id='word_1_176' title='bbox 609 1136 699 1177; x_wconf 87' lang='lat' dir='ltr'>miraculis,</span> <span class='ocrx_word' id='word_1_177' title='bbox 709 1135 811 1176; x_wconf 87' lang='lat' dir='ltr'>collocauit;</span> 
     </span>
     <span class='ocr_line' id='line_1_21' title="bbox 83 1184 811 1229; baseline 0 -11"><span class='ocrx_word' id='word_1_178' title='bbox 83 1197 103 1218; x_wconf 85' lang='lat'>20</span> <span class='ocrx_word' id='word_1_179' title='bbox 109 1192 127 1220; x_wconf 90' lang='lat' dir='ltr'>et</span> <span class='ocrx_word' id='word_1_180' title='bbox 139 1197 160 1220; x_wconf 85' lang='lat' dir='ltr'>ex</span> <span class='ocrx_word' id='word_1_181' title='bbox 169 1192 247 1219; x_wconf 88' lang='lat' dir='ltr'>cemento</span> <span class='ocrx_word' id='word_1_182' title='bbox 259 1191 276 1219; x_wconf 92' lang='lat' dir='ltr'>et</span> <span class='ocrx_word' id='word_1_183' title='bbox 289 1186 346 1229; x_wconf 91' lang='lat' dir='ltr'>lapide</span> <span class='ocrx_word' id='word_1_184' title='bbox 358 1187 457 1219; x_wconf 88' lang='lat' dir='ltr'>uenustiore</span> <span class='ocrx_word' id='word_1_185' title='bbox 468 1196 520 1229; x_wconf 90' lang='lat' dir='ltr'>opere</span> <span class='ocrx_word' id='word_1_186' title='bbox 531 1196 583 1229; x_wconf 90' lang='lat' dir='ltr'>super</span> <span class='ocrx_word' id='word_1_187' title='bbox 594 1196 633 1220; x_wconf 93' lang='lat' dir='ltr'>eum</span> <span class='ocrx_word' id='word_1_188' title='bbox 645 1192 707 1229; x_wconf 89' lang='lat' dir='ltr'>postea</span> <span class='ocrx_word' id='word_1_189' title='bbox 717 1184 811 1219; x_wconf 88' lang='lat' dir='ltr'>oratorium</span> 
     </span>
     <span class='ocr_line' id='line_1_22' title="bbox 109 1236 812 1280; baseline -0.004 -8"><span class='ocrx_word' id='word_1_190' title='bbox 109 1236 204 1272; x_wconf 85' lang='lat' dir='ltr'>fabricauit.</span> <span class='ocrx_word' id='word_1_191' title='bbox 227 1238 291 1271; x_wconf 89' lang='lat' dir='ltr'>Passus</span> <span class='ocrx_word' id='word_1_192' title='bbox 299 1243 325 1271; x_wconf 93' lang='lat' dir='ltr'>est</span> <span class='ocrx_word' id='word_1_193' title='bbox 333 1236 391 1280; x_wconf 91' lang='lat' dir='ltr'>itaque</span> <span class='ocrx_word' id='word_1_194' title='bbox 398 1236 477 1279; x_wconf 87' lang='lat' dir='ltr'>egregius</span> <span class='ocrx_word' id='word_1_195' title='bbox 486 1237 550 1272; x_wconf 85' lang='lat' dir='ltr'>Christi</span> <span class='ocrx_word' id='word_1_196' title='bbox 558 1237 618 1271; x_wconf 86' lang='lat' dir='ltr'>martir</span> <span class='ocrx_word' id='word_1_197' title='bbox 627 1238 745 1271; x_wconf 86' lang='lat' dir='ltr'>Freemundus</span> <span class='ocrx_word' id='word_1_198' title='bbox 753 1237 812 1279; x_wconf 91' lang='lat' dir='ltr'>quinto</span> 
     </span>
     <span class='ocr_line' id='line_1_23' title="bbox 111 1286 813 1331; baseline -0.003 -9"><span class='ocrx_word' id='word_1_199' title='bbox 111 1289 152 1322; x_wconf 92' lang='lat' dir='ltr'>Idus</span> <span class='ocrx_word' id='word_1_200' title='bbox 160 1286 214 1322; x_wconf 87' lang='lat' dir='ltr'>Maii:</span> <span class='ocrx_word' id='word_1_201' title='bbox 226 1287 274 1321; x_wconf 93' lang='lat' dir='ltr'>cuius</span> <span class='ocrx_word' id='word_1_202' title='bbox 281 1287 347 1320; x_wconf 87' lang='lat' dir='ltr'>meritis</span> <span class='ocrx_word' id='word_1_203' title='bbox 358 1294 375 1322; x_wconf 90' lang='lat' dir='ltr'>et</span> <span class='ocrx_word' id='word_1_204' title='bbox 385 1287 470 1330; x_wconf 76' lang='lat' dir='ltr'>suffragiis</span> <span class='ocrx_word' id='word_1_205' title='bbox 479 1299 510 1321; x_wconf 92' lang='lat' dir='ltr'>nos</span> <span class='ocrx_word' id='word_1_206' title='bbox 518 1294 618 1330; x_wconf 89' lang='lat' dir='ltr'>peccatores</span> <span class='ocrx_word' id='word_1_207' title='bbox 629 1298 697 1331; x_wconf 85' lang='lat' dir='ltr'>semper</span> <span class='ocrx_word' id='word_1_208' title='bbox 706 1287 813 1327; x_wconf 85' lang='lat' dir='ltr'>adiuuemur,</span> 
     </span>
     <span class='ocr_line' id='line_1_24' title="bbox 110 1337 813 1380; baseline -0.003 -9"><span class='ocrx_word' id='word_1_209' title='bbox 110 1342 128 1371; x_wconf 85' lang='lat' dir='ltr'>vt</span> <span class='ocrx_word' id='word_1_210' title='bbox 140 1349 171 1380; x_wconf 87' lang='lat' dir='ltr'>per</span> <span class='ocrx_word' id='word_1_211' title='bbox 182 1337 217 1371; x_wconf 88' lang='lat' dir='ltr'>eius</span> <span class='ocrx_word' id='word_1_212' title='bbox 229 1338 346 1378; x_wconf 89' lang='lat' dir='ltr'>temporalem,</span> <span class='ocrx_word' id='word_1_213' title='bbox 360 1347 412 1379; x_wconf 87' lang='lat' dir='ltr'>quarn</span> <span class='ocrx_word' id='word_1_214' title='bbox 427 1339 538 1378; x_wconf 86' lang='lat' dir='ltr'>celebramus,</span> <span class='ocrx_word' id='word_1_215' title='bbox 553 1337 669 1378; x_wconf 83' lang='lat' dir='ltr'>festiuitatem,</span> <span class='ocrx_word' id='word_1_216' title='bbox 683 1338 761 1370; x_wconf 88' lang='lat' dir='ltr'>uotiuam</span> <span class='ocrx_word' id='word_1_217' title='bbox 775 1337 813 1369; x_wconf 88' lang='lat' dir='ltr'>eius</span> 
     </span>
     <span class='ocr_line' id='line_1_25' title="bbox 110 1386 815 1432; baseline -0.001 -10"><span class='ocrx_word' id='word_1_218' title='bbox 110 1392 127 1422; x_wconf 91' lang='lat' dir='ltr'>et</span> <span class='ocrx_word' id='word_1_219' title='bbox 140 1386 217 1421; x_wconf 90' lang='lat' dir='ltr'>omnium</span> <span class='ocrx_word' id='word_1_220' title='bbox 229 1392 327 1420; x_wconf 86' lang='lat' dir='ltr'>sanctorum</span> <span class='ocrx_word' id='word_1_221' title='bbox 340 1398 465 1432; x_wconf 87' lang='lat' dir='ltr'>consequamur</span> <span class='ocrx_word' id='word_1_222' title='bbox 477 1388 583 1423; x_wconf 87' lang='lat' dir='ltr'>societatem.</span> <span class='ocrx_word' id='word_1_223' title='bbox 606 1389 640 1423; x_wconf 88' lang='lat' dir='ltr'>Per</span> <span class='ocrx_word' id='word_1_224' title='bbox 652 1398 692 1423; x_wconf 87' lang='lat' dir='ltr'>eum</span> <span class='ocrx_word' id='word_1_225' title='bbox 703 1388 732 1431; x_wconf 87' lang='lat' dir='ltr'>qui</span> <span class='ocrx_word' id='word_1_226' title='bbox 744 1387 786 1422; x_wconf 89' lang='lat' dir='ltr'>uiuit</span> <span class='ocrx_word' id='word_1_227' title='bbox 797 1392 815 1421; x_wconf 83' lang='lat' dir='ltr'>et</span> 
     </span>
     <span class='ocr_line' id='line_1_26' title="bbox 84 1438 562 1482; baseline 0.004 -13"><span class='ocrx_word' id='word_1_228' title='bbox 84 1448 103 1478; x_wconf 86' lang='lat'>25</span> <span class='ocrx_word' id='word_1_229' title='bbox 111 1445 172 1482; x_wconf 88' lang='lat' dir='ltr'>regnat</span> <span class='ocrx_word' id='word_1_230' title='bbox 180 1444 197 1471; x_wconf 91' lang='lat' dir='ltr'>et</span> <span class='ocrx_word' id='word_1_231' title='bbox 205 1438 277 1481; x_wconf 91' lang='lat' dir='ltr'>imperat</span> <span class='ocrx_word' id='word_1_232' title='bbox 285 1439 302 1472; x_wconf 92' lang='lat' dir='ltr'>in</span> <span class='ocrx_word' id='word_1_233' title='bbox 311 1439 369 1472; x_wconf 89' lang='lat' dir='ltr'>secula</span> <span class='ocrx_word' id='word_1_234' title='bbox 376 1440 477 1472; x_wconf 88' lang='lat' dir='ltr'>seculomm.</span> <span class='ocrx_word' id='word_1_235' title='bbox 499 1440 562 1472; x_wconf 87' lang='lat' dir='ltr'>Amen.</span> 
     </span>
     <span class='ocr_line' id='line_1_27' title="bbox 133 1487 725 1532; baseline -0.002 -10"><span class='ocrx_word' id='word_1_236' title='bbox 133 1487 208 1532; x_wconf 84' lang='lat' dir='ltr'>Explicit</span> <span class='ocrx_word' id='word_1_237' title='bbox 216 1488 274 1530; x_wconf 91' lang='lat' dir='ltr'>passio</span> <span class='ocrx_word' id='word_1_238' title='bbox 282 1493 299 1521; x_wconf 92' lang='lat' dir='ltr'>et</span> <span class='ocrx_word' id='word_1_239' title='bbox 307 1487 384 1522; x_wconf 88' lang='lat' dir='ltr'>inuentio</span> <span class='ocrx_word' id='word_1_240' title='bbox 391 1489 447 1522; x_wconf 88' lang='lat' dir='ltr'>sancti</span> <span class='ocrx_word' id='word_1_241' title='bbox 455 1489 469 1521; x_wconf 84' lang='lat' dir='ltr'>F</span> <span class='ocrx_word' id='word_1_242' title='bbox 470 1489 559 1522; x_wconf 84' lang='lat' dir='ltr'>reemundi</span> <span class='ocrx_word' id='word_1_243' title='bbox 567 1489 613 1531; x_wconf 89' lang='lat' dir='ltr'>regis</span> <span class='ocrx_word' id='word_1_244' title='bbox 620 1495 638 1522; x_wconf 92' lang='lat' dir='ltr'>et</span> <span class='ocrx_word' id='word_1_245' title='bbox 645 1487 725 1521; x_wconf 85' lang='lat' dir='ltr'>martiris.</span> 
     </span>
    </p>
   </div>
   <div class='ocr_carea' id='block_1_3' title="bbox 118 1567 810 1609">
    <p class='ocr_par' dir='ltr' id='par_1_3' title="bbox 118 1567 810 1609">
     <span class='ocr_line' id='line_1_28' title="bbox 118 1567 810 1609; baseline -0.003 -6"><span class='ocrx_word' id='word_1_246' title='bbox 118 1579 133 1603; x_wconf 84' lang='lat'>2.</span> <span class='ocrx_word' id='word_1_247' title='bbox 144 1570 194 1603; x_wconf 71' lang='lat' dir='ltr'>Vtra</span> <span class='ocrx_word' id='word_1_248' title='bbox 201 1576 269 1602; x_wconf 78' lang='lat' dir='ltr'>sartori</span> <span class='ocrx_word' id='word_1_249' title='bbox 278 1570 379 1603; x_wconf 71' lang='lat' dir='ltr'>curario</span> <span class='ocrx_word' id='word_1_250' title='bbox 387 1576 518 1609; x_wconf 78' lang='lat' dir='ltr'>nuacnomrn,</span> <span class='ocrx_word' id='word_1_251' title='bbox 526 1577 617 1602; x_wconf 77' lang='lat' dir='ltr'>aucrona</span> <span class='ocrx_word' id='word_1_252' title='bbox 625 1571 691 1602; x_wconf 75' lang='lat' dir='ltr'>Panno</span> <span class='ocrx_word' id='word_1_253' title='bbox 699 1571 793 1602; x_wconf 80' lang='lat' dir='ltr'>Bunsnrtsr</span> <span class='ocrx_word' id='word_1_254' title='bbox 798 1567 810 1600; x_wconf 91' lang='lat'>¹.</span> 
     </span>
    </p>
   </div>
   <div class='ocr_carea' id='block_1_4' title="bbox 112 1631 816 1717">
    <p class='ocr_par' dir='ltr' id='par_1_4' title="bbox 112 1631 816 1717">
     <span class='ocr_line' id='line_1_29' title="bbox 135 1631 816 1674; baseline 0 -9"><span class='ocrx_word' id='word_1_255' title='bbox 135 1633 211 1665; x_wconf 78' lang='lat' dir='ltr'>lucana</span> <span class='ocrx_word' id='word_1_256' title='bbox 224 1631 298 1674; x_wconf 88' lang='lat' dir='ltr'>epistola</span> <span class='ocrx_word' id='word_1_257' title='bbox 315 1631 393 1674; x_wconf 83' lang='lat' dir='ltr'>magistri</span> <span class='ocrx_word' id='word_1_258' title='bbox 407 1631 453 1665; x_wconf 86' lang='lat' dir='ltr'>Petri</span> <span class='ocrx_word' id='word_1_259' title='bbox 469 1631 556 1665; x_wconf 88' lang='lat' dir='ltr'>Blesensis</span> <span class='ocrx_word' id='word_1_260' title='bbox 571 1631 594 1665; x_wconf 89' lang='lat' dir='ltr'>ad</span> <span class='ocrx_word' id='word_1_261' title='bbox 608 1632 704 1674; x_wconf 91' lang='lat' dir='ltr'>dompnum</span> <span class='ocrx_word' id='word_1_262' title='bbox 720 1631 816 1665; x_wconf 90' lang='lat' dir='ltr'>Heuricum</span> 
     </span>
     <span class='ocr_line' id='line_1_30' title="bbox 112 1680 533 1717; baseline -0.005 0"><span class='ocrx_word' id='word_1_263' title='bbox 112 1684 194 1717; x_wconf 83' lang='lat' dir='ltr'>abbatem</span> <span class='ocrx_word' id='word_1_264' title='bbox 202 1680 312 1715; x_wconf 72' lang='lat' dir='ltr'>Croilandie²</span> <span class='ocrx_word' id='word_1_265' title='bbox 320 1682 342 1714; x_wconf 92' lang='lat' dir='ltr'>de</span> <span class='ocrx_word' id='word_1_266' title='bbox 349 1681 385 1714; x_wconf 88' lang='lat' dir='ltr'>uitu</span> <span class='ocrx_word' id='word_1_267' title='bbox 393 1682 438 1715; x_wconf 88' lang='lat' dir='ltr'>beati</span> <span class='ocrx_word' id='word_1_268' title='bbox 447 1682 533 1716; x_wconf 86' lang='lat' dir='ltr'>Guthlaci.</span> 
     </span>
    </p>
   </div>
   <div class='ocr_carea' id='block_1_5' title="bbox 87 1738 820 2523">
    <p class='ocr_par' dir='ltr' id='par_1_5' title="bbox 156 1738 816 1831">
     <span class='ocr_line' id='line_1_31' title="bbox 156 1738 816 1783; baseline 0 -10"><span class='ocrx_word' id='word_1_269' title='bbox 156 1741 291 1774; x_wconf 87' lang='lat' dir='ltr'>Enerentissimo</span> <span class='ocrx_word' id='word_1_270' title='bbox 302 1740 347 1783; x_wconf 85' lang='lat' dir='ltr'>patri</span> <span class='ocrx_word' id='word_1_271' title='bbox 357 1745 374 1773; x_wconf 91' lang='lat' dir='ltr'>et</span> <span class='ocrx_word' id='word_1_272' title='bbox 384 1739 460 1782; x_wconf 86' lang='lat' dir='ltr'>domino,</span> <span class='ocrx_word' id='word_1_273' title='bbox 471 1740 547 1783; x_wconf 89' lang='lat' dir='ltr'>dompno</span> <span class='ocrx_word' id='word_1_274' title='bbox 557 1740 634 1774; x_wconf 88' lang='lat' dir='ltr'>Henrico</span> <span class='ocrx_word' id='word_1_275' title='bbox 643 1738 701 1773; x_wconf 86' lang='lat' dir='ltr'>abbati</span> <span class='ocrx_word' id='word_1_276' title='bbox 713 1739 816 1781; x_wconf 89' lang='lat' dir='ltr'>Croilandie,</span> 
     </span>
     <span class='ocr_line' id='line_1_32' title="bbox 178 1782 816 1831; baseline -0.003 -6"><span class='ocrx_word' id='word_1_277' title='bbox 178 1792 239 1825; x_wconf 86' lang='lat' dir='ltr'>Petrus</span> <span class='ocrx_word' id='word_1_278' title='bbox 252 1790 339 1825; x_wconf 88' lang='lat' dir='ltr'>Biesensis</span> <span class='ocrx_word' id='word_1_279' title='bbox 353 1790 474 1825; x_wconf 88' lang='lat' dir='ltr'>Bathoniensis</span> <span class='ocrx_word' id='word_1_280' title='bbox 485 1791 622 1831; x_wconf 85' lang='lat' dir='ltr'>archidiaconus,</span> <span class='ocrx_word' id='word_1_281' title='bbox 633 1782 705 1823; x_wconf 79' lang='lat' dir='ltr'>salut&#39;em</span> <span class='ocrx_word' id='word_1_282' title='bbox 717 1791 735 1822; x_wconf 90' lang='lat' dir='ltr'>in</span> <span class='ocrx_word' id='word_1_283' title='bbox 747 1801 768 1824; x_wconf 89' lang='lat' dir='ltr'>eo</span> <span class='ocrx_word' id='word_1_284' title='bbox 779 1791 816 1823; x_wconf 88' lang='lat' dir='ltr'>sine</span> 
     </span>
    </p>

    <p class='ocr_par' dir='ltr' id='par_1_6' title="bbox 87 1840 817 1985">
     <span class='ocr_line' id='line_1_33' title="bbox 113 1840 817 1885; baseline -0.004 -9"><span class='ocrx_word' id='word_1_285' title='bbox 113 1852 148 1885; x_wconf 90' lang='lat' dir='ltr'>quo</span> <span class='ocrx_word' id='word_1_286' title='bbox 162 1850 198 1876; x_wconf 89' lang='lat' dir='ltr'>non</span> <span class='ocrx_word' id='word_1_287' title='bbox 213 1847 239 1875; x_wconf 86' lang='lat' dir='ltr'>est</span> <span class='ocrx_word' id='word_1_288' title='bbox 254 1841 306 1874; x_wconf 89' lang='lat' dir='ltr'>salus.</span> <span class='ocrx_word' id='word_1_289' title='bbox 334 1840 379 1882; x_wconf 88' lang='lat' dir='ltr'>Quia</span> <span class='ocrx_word' id='word_1_290' title='bbox 396 1846 446 1882; x_wconf 84' lang='lat' dir='ltr'>gesta</span> <span class='ocrx_word' id='word_1_291' title='bbox 462 1840 538 1874; x_wconf 88' lang='lat' dir='ltr'>uirorum</span> <span class='ocrx_word' id='word_1_292' title='bbox 556 1841 647 1874; x_wconf 88' lang='lat' dir='ltr'>illustrium</span> <span class='ocrx_word' id='word_1_293' title='bbox 665 1841 708 1874; x_wconf 91' lang='lat' dir='ltr'>solet</span> <span class='ocrx_word' id='word_1_294' title='bbox 725 1842 817 1874; x_wconf 87' lang='lat' dir='ltr'>obscurare</span> 
     </span>
     <span class='ocr_line' id='line_1_34' title="bbox 87 1890 817 1935; baseline -0.004 -9"><span class='ocrx_word' id='word_1_295' title='bbox 87 1904 106 1935; x_wconf 80' lang='lat'>30</span> <span class='ocrx_word' id='word_1_296' title='bbox 114 1898 197 1932; x_wconf 81' lang='lat' dir='ltr'>uetustas,</span> <span class='ocrx_word' id='word_1_297' title='bbox 212 1890 270 1924; x_wconf 89' lang='lat' dir='ltr'>subtili</span> <span class='ocrx_word' id='word_1_298' title='bbox 288 1890 360 1923; x_wconf 86' lang='lat' dir='ltr'>artificio</span> <span class='ocrx_word' id='word_1_299' title='bbox 376 1890 477 1933; x_wconf 87' lang='lat' dir='ltr'>prudentior</span> <span class='ocrx_word' id='word_1_300' title='bbox 493 1891 561 1924; x_wconf 92' lang='lat' dir='ltr'>cautela</span> <span class='ocrx_word' id='word_1_301' title='bbox 574 1891 651 1924; x_wconf 90' lang='lat' dir='ltr'>decreuit</span> <span class='ocrx_word' id='word_1_302' title='bbox 666 1901 688 1924; x_wconf 89' lang='lat' dir='ltr'>ea</span> <span class='ocrx_word' id='word_1_303' title='bbox 704 1891 781 1933; x_wconf 82' lang='lat' dir='ltr'>redigere</span> <span class='ocrx_word' id='word_1_304' title='bbox 799 1891 817 1924; x_wconf 94' lang='lat' dir='ltr'>in</span> 
     </span>
     <span class='ocr_line' id='line_1_35' title="bbox 114 1941 817 1985; baseline -0.003 -8"><span class='ocrx_word' id='word_1_305' title='bbox 114 1942 221 1985; x_wconf 86' lang='lat' dir='ltr'>scripturam,</span> <span class='ocrx_word' id='word_1_306' title='bbox 229 1947 247 1974; x_wconf 85' lang='lat' dir='ltr'>ut</span> <span class='ocrx_word' id='word_1_307' title='bbox 257 1941 341 1974; x_wconf 86' lang='lat' dir='ltr'>beneficio</span> <span class='ocrx_word' id='word_1_308' title='bbox 350 1941 444 1974; x_wconf 90' lang='lat' dir='ltr'>litterarum</span> <span class='ocrx_word' id='word_1_309' title='bbox 454 1941 558 1975; x_wconf 90' lang='lat' dir='ltr'>senescentis</span> <span class='ocrx_word' id='word_1_310' title='bbox 568 1941 650 1975; x_wconf 88' lang='lat' dir='ltr'>memorie</span> <span class='ocrx_word' id='word_1_311' title='bbox 657 1941 767 1984; x_wconf 89' lang='lat' dir='ltr'>dispendium</span> <span class='ocrx_word' id='word_1_312' title='bbox 774 1942 817 1975; x_wconf 89' lang='lat' dir='ltr'>rele-</span> 
     </span>
    </p>

    <p class='ocr_par' dir='ltr' id='par_1_7' title="bbox 88 1991 820 2383">
     <span class='ocr_line' id='line_1_36' title="bbox 91 1991 818 2035; baseline -0.004 -8"><span class='ocrx_word' id='word_1_313' title='bbox 91 2014 92 2017; x_wconf 66' lang='lat'><em>=</em></span> <span class='ocrx_word' id='word_1_314' title='bbox 115 2000 168 2027; x_wconf 87' lang='lat' dir='ltr'>uetur¹</span> <span class='ocrx_word' id='word_1_315' title='bbox 191 1993 258 2025; x_wconf 86' lang='lat' dir='ltr'>Iustum</span> <span class='ocrx_word' id='word_1_316' title='bbox 269 1991 432 2034; x_wconf 89' lang='lat' dir='ltr'>equidemarebus</span> <span class='ocrx_word' id='word_1_317' title='bbox 446 1992 525 2025; x_wconf 87' lang='lat' dir='ltr'>humanis</span> <span class='ocrx_word' id='word_1_318' title='bbox 539 1999 637 2034; x_wconf 83' lang='lat' dir='ltr'>exemptum</span> <span class='ocrx_word' id='word_1_319' title='bbox 647 1993 731 2034; x_wconf 82' lang='lat' dir='ltr'>scriptura</span> <span class='ocrx_word' id='word_1_320' title='bbox 742 1993 818 2035; x_wconf 89' lang='lat' dir='ltr'>quodam</span> 
     </span>
     <span class='ocr_line' id='line_1_37' title="bbox 115 2038 817 2084; baseline -0.004 -8"><span class='ocrx_word' id='word_1_321' title='bbox 115 2044 167 2076; x_wconf 89' lang='lat' dir='ltr'>modo</span> <span class='ocrx_word' id='word_1_322' title='bbox 178 2042 258 2083; x_wconf 89' lang='lat' dir='ltr'>uiuificat,</span> <span class='ocrx_word' id='word_1_323' title='bbox 270 2038 311 2074; x_wconf 89' lang='lat' dir='ltr'>dum</span> <span class='ocrx_word' id='word_1_324' title='bbox 323 2041 341 2074; x_wconf 92' lang='lat' dir='ltr'>id</span> <span class='ocrx_word' id='word_1_325' title='bbox 354 2041 390 2083; x_wconf 83' lang='lat' dir='ltr'>agit</span> <span class='ocrx_word' id='word_1_326' title='bbox 403 2047 422 2074; x_wconf 90' lang='lat' dir='ltr'>ut</span> <span class='ocrx_word' id='word_1_327' title='bbox 433 2047 522 2084; x_wconf 88' lang='lat' dir='ltr'>tamquam</span> <span class='ocrx_word' id='word_1_328' title='bbox 535 2041 578 2075; x_wconf 91' lang='lat' dir='ltr'>liber</span> <span class='ocrx_word' id='word_1_329' title='bbox 591 2042 635 2074; x_wconf 88' lang='lat' dir='ltr'>inter</span> <span class='ocrx_word' id='word_1_330' title='bbox 647 2047 723 2074; x_wconf 88' lang='lat' dir='ltr'>mortuos</span> <span class='ocrx_word' id='word_1_331' title='bbox 736 2042 789 2082; x_wconf 90' lang='lat' dir='ltr'>uiuat,</span> <span class='ocrx_word' id='word_1_332' title='bbox 801 2046 817 2073; x_wconf 94' lang='lat' dir='ltr'>et</span> 
     </span>
     <span class='ocr_line' id='line_1_38' title="bbox 116 2088 819 2132; baseline -0.004 -8"><span class='ocrx_word' id='word_1_333' title='bbox 116 2091 199 2124; x_wconf 89' lang='lat' dir='ltr'>aduersus</span> <span class='ocrx_word' id='word_1_334' title='bbox 210 2089 282 2131; x_wconf 88' lang='lat' dir='ltr'>gloriam</span> <span class='ocrx_word' id='word_1_335' title='bbox 295 2088 331 2122; x_wconf 94' lang='lat' dir='ltr'>eius</span> <span class='ocrx_word' id='word_1_336' title='bbox 343 2090 390 2122; x_wconf 91' lang='lat' dir='ltr'>nulla</span> <span class='ocrx_word' id='word_1_337' title='bbox 402 2089 483 2130; x_wconf 90' lang='lat' dir='ltr'>temporis</span> <span class='ocrx_word' id='word_1_338' title='bbox 496 2088 583 2130; x_wconf 89' lang='lat' dir='ltr'>longitudo</span> <span class='ocrx_word' id='word_1_339' title='bbox 595 2089 694 2131; x_wconf 89' lang='lat' dir='ltr'>prescribat.</span> <span class='ocrx_word' id='word_1_340' title='bbox 717 2090 819 2132; x_wconf 84' lang='lat' dir='ltr'>Propulsata</span> 
     </span>
     <span class='ocr_line' id='line_1_39' title="bbox 88 2138 819 2184; baseline -0.003 -10"><span class='ocrx_word' id='word_1_341' title='bbox 88 2152 107 2183; x_wconf 81' lang='lat'>35</span> <span class='ocrx_word' id='word_1_342' title='bbox 116 2141 173 2183; x_wconf 88' lang='lat' dir='ltr'>itaque</span> <span class='ocrx_word' id='word_1_343' title='bbox 188 2139 275 2173; x_wconf 88' lang='lat' dir='ltr'>desidiose</span> <span class='ocrx_word' id='word_1_344' title='bbox 293 2138 385 2172; x_wconf 85' lang='lat' dir='ltr'>obliuionis</span> <span class='ocrx_word' id='word_1_345' title='bbox 403 2138 464 2173; x_wconf 85' lang='lat' dir='ltr'>iniuria</span> <span class='ocrx_word' id='word_1_346' title='bbox 479 2140 570 2182; x_wconf 91' lang='lat' dir='ltr'>posteritas</span> <span class='ocrx_word' id='word_1_347' title='bbox 585 2150 619 2183; x_wconf 90' lang='lat' dir='ltr'>que</span> <span class='ocrx_word' id='word_1_348' title='bbox 635 2146 733 2173; x_wconf 88' lang='lat' dir='ltr'>sanctorum</span> <span class='ocrx_word' id='word_1_349' title='bbox 750 2147 819 2184; x_wconf 89' lang='lat' dir='ltr'>patrum</span> 
     </span>
     <span class='ocr_line' id='line_1_40' title="bbox 116 2190 819 2234; baseline 0 -11"><span class='ocrx_word' id='word_1_350' title='bbox 116 2191 197 2234; x_wconf 78' lang='lat' dir='ltr'>preconia</span> <span class='ocrx_word' id='word_1_351' title='bbox 209 2190 260 2224; x_wconf 87' lang='lat' dir='ltr'>laude</span> <span class='ocrx_word' id='word_1_352' title='bbox 273 2190 387 2233; x_wconf 88' lang='lat' dir='ltr'>prosequitur,</span> <span class='ocrx_word' id='word_1_353' title='bbox 400 2201 459 2223; x_wconf 88' lang='lat' dir='ltr'>eorum</span> <span class='ocrx_word' id='word_1_354' title='bbox 473 2191 569 2232; x_wconf 82' lang='lat' dir='ltr'>patrocinia</span> <span class='ocrx_word' id='word_1_355' title='bbox 581 2191 651 2224; x_wconf 86' lang='lat' dir='ltr'>assidue</span> <span class='ocrx_word' id='word_1_356' title='bbox 663 2190 754 2233; x_wconf 82' lang='lat' dir='ltr'>experitur,</span> <span class='ocrx_word' id='word_1_357' title='bbox 766 2196 784 2224; x_wconf 87' lang='lat' dir='ltr'>et</span> <span class='ocrx_word' id='word_1_358' title='bbox 796 2190 819 2223; x_wconf 88' lang='lat' dir='ltr'>ad</span> 
     </span>
     <span class='ocr_line' id='line_1_41' title="bbox 117 2239 819 2284; baseline -0.001 -10"><span class='ocrx_word' id='word_1_359' title='bbox 117 2240 210 2274; x_wconf 86' lang='lat' dir='ltr'>emulanda</span> <span class='ocrx_word' id='word_1_360' title='bbox 225 2239 281 2273; x_wconf 90' lang='lat' dir='ltr'>studia</span> <span class='ocrx_word' id='word_1_361' title='bbox 295 2240 391 2274; x_wconf 87' lang='lat' dir='ltr'>honestatis</span> <span class='ocrx_word' id='word_1_362' title='bbox 406 2241 488 2274; x_wconf 88' lang='lat' dir='ltr'>uirtutum</span> <span class='ocrx_word' id='word_1_363' title='bbox 506 2241 631 2284; x_wconf 80' lang='lat' dir='ltr'>exemplaribus</span> <span class='ocrx_word' id='word_1_364' title='bbox 650 2240 737 2275; x_wconf 85' lang='lat' dir='ltr'>excitatur.</span> <span class='ocrx_word' id='word_1_365' title='bbox 760 2240 819 2274; x_wconf 87' lang='lat' dir='ltr'>Vitam</span> 
     </span>
     <span class='ocr_line' id='line_1_42' title="bbox 117 2290 820 2333; baseline -0.003 -8"><span class='ocrx_word' id='word_1_366' title='bbox 117 2292 175 2333; x_wconf 87' lang='lat' dir='ltr'>itaque</span> <span class='ocrx_word' id='word_1_367' title='bbox 190 2291 236 2333; x_wconf 85' lang='lat' dir='ltr'>beati</span> <span class='ocrx_word' id='word_1_368' title='bbox 252 2291 338 2328; x_wconf 90' lang='lat' dir='ltr'>Guthlaci,</span> <span class='ocrx_word' id='word_1_369' title='bbox 353 2300 405 2331; x_wconf 90' lang='lat' dir='ltr'>quam</span> <span class='ocrx_word' id='word_1_370' title='bbox 420 2291 492 2323; x_wconf 85' lang='lat' dir='ltr'>celebris</span> <span class='ocrx_word' id='word_1_371' title='bbox 506 2291 628 2323; x_wconf 87' lang='lat' dir='ltr'>miraculorum</span> <span class='ocrx_word' id='word_1_372' title='bbox 642 2291 702 2331; x_wconf 86' lang='lat' dir='ltr'>gloria,</span> <span class='ocrx_word' id='word_1_373' title='bbox 717 2300 770 2333; x_wconf 87' lang='lat' dir='ltr'>quam</span> <span class='ocrx_word' id='word_1_374' title='bbox 784 2290 820 2323; x_wconf 86' lang='lat' dir='ltr'>dis-</span> 
     </span>
     <span class='ocr_line' id='line_1_43' title="bbox 117 2337 819 2383; baseline -0.003 -9"><span class='ocrx_word' id='word_1_375' title='bbox 117 2341 216 2374; x_wconf 83' lang='lat' dir='ltr'>trictissime</span> <span class='ocrx_word' id='word_1_376' title='bbox 231 2337 319 2380; x_wconf 84' lang='lat' dir='ltr'>religionis</span> <span class='ocrx_word' id='word_1_377' title='bbox 334 2340 428 2372; x_wconf 85' lang='lat' dir='ltr'>auctoritas</span> <span class='ocrx_word' id='word_1_378' title='bbox 445 2340 492 2373; x_wconf 85' lang='lat' dir='ltr'>finali</span> <span class='ocrx_word' id='word_1_379' title='bbox 506 2340 638 2383; x_wconf 88' lang='lat' dir='ltr'>perseuerancia</span> <span class='ocrx_word' id='word_1_380' title='bbox 652 2340 786 2381; x_wconf 81' lang='lat' dir='ltr'>commendauit,</span> <span class='ocrx_word' id='word_1_381' title='bbox 801 2339 819 2373; x_wconf 85' lang='lat' dir='ltr'>in</span> 
     </span>
    </p>

    <p class='ocr_par' dir='ltr' id='par_1_8' title="bbox 139 2401 820 2442">
     <span class='ocr_line' id='line_1_44' title="bbox 139 2401 820 2442; baseline -0.004 -8"><span class='ocrx_word' id='word_1_382' title='bbox 139 2403 145 2420; x_wconf 88' lang='lat'>²</span> <span class='ocrx_word' id='word_1_383' title='bbox 153 2405 162 2434; x_wconf 90' lang='grc' dir='ltr'>Ι</span> <span class='ocrx_word' id='word_1_384' title='bbox 169 2413 195 2434; x_wconf 90' lang='lat' dir='ltr'>am</span> <span class='ocrx_word' id='word_1_385' title='bbox 201 2401 274 2433; x_wconf 85' lang='lat' dir='ltr'>indebted</span> <span class='ocrx_word' id='word_1_386' title='bbox 281 2405 298 2432; x_wconf 89' lang='lat' dir='ltr'>to</span> <span class='ocrx_word' id='word_1_387' title='bbox 305 2401 331 2432; x_wconf 90' lang='lat' dir='ltr'>the</span> <span class='ocrx_word' id='word_1_388' title='bbox 336 2401 374 2432; x_wconf 84' lang='lat' dir='ltr'>Rev.</span> <span class='ocrx_word' id='word_1_389' title='bbox 378 2401 404 2434; x_wconf 68' lang='lat' dir='ltr'>W,</span> <span class='ocrx_word' id='word_1_390' title='bbox 411 2402 430 2433; x_wconf 89' lang='lat' dir='ltr'>G.</span> <span class='ocrx_word' id='word_1_391' title='bbox 437 2402 489 2434; x_wconf 83' lang='lat' dir='ltr'>Searle</span> <span class='ocrx_word' id='word_1_392' title='bbox 494 2402 518 2433; x_wconf 84' lang='lat' dir='ltr'>ior</span> <span class='ocrx_word' id='word_1_393' title='bbox 523 2402 580 2441; x_wconf 85' lang='lat' dir='ltr'>calling</span> <span class='ocrx_word' id='word_1_394' title='bbox 585 2412 611 2442; x_wconf 88' lang='lat' dir='ltr'>my</span> <span class='ocrx_word' id='word_1_395' title='bbox 618 2403 691 2434; x_wconf 78' lang='lat' dir='ltr'>attention</span> <span class='ocrx_word' id='word_1_396' title='bbox 697 2407 713 2434; x_wconf 92' lang='lat' dir='ltr'>to</span> <span class='ocrx_word' id='word_1_397' title='bbox 719 2403 749 2434; x_wconf 94' lang='lat' dir='ltr'>this</span> <span class='ocrx_word' id='word_1_398' title='bbox 754 2412 788 2433; x_wconf 88' lang='lat' dir='ltr'>new</span> <span class='ocrx_word' id='word_1_399' title='bbox 793 2401 820 2432; x_wconf 89' lang='lat' dir='ltr'>lil&#39;e</span> 
     </span>
    </p>

    <p class='ocr_par' dir='ltr' id='par_1_9' title="bbox 118 2441 820 2523">
     <span class='ocr_line' id='line_1_45' title="bbox 118 2441 820 2481; baseline -0.003 -8"><span class='ocrx_word' id='word_1_400' title='bbox 118 2444 136 2473; x_wconf 85' lang='lat' dir='ltr'>of</span> <span class='ocrx_word' id='word_1_401' title='bbox 144 2444 166 2474; x_wconf 90' lang='lat' dir='ltr'>St.</span> <span class='ocrx_word' id='word_1_402' title='bbox 174 2443 247 2477; x_wconf 85' lang='lat' dir='ltr'>Guthlao,</span> <span class='ocrx_word' id='word_1_403' title='bbox 254 2442 306 2472; x_wconf 84' lang='lat' dir='ltr'>which</span> <span class='ocrx_word' id='word_1_404' title='bbox 314 2451 368 2481; x_wconf 85' lang='lat' dir='ltr'>proves</span> <span class='ocrx_word' id='word_1_405' title='bbox 375 2445 392 2472; x_wconf 87' lang='lat' dir='ltr'>to</span> <span class='ocrx_word' id='word_1_406' title='bbox 401 2442 420 2472; x_wconf 88' lang='lat' dir='ltr'>be</span> <span class='ocrx_word' id='word_1_407' title='bbox 428 2443 462 2472; x_wconf 88' lang='lat' dir='ltr'>that</span> <span class='ocrx_word' id='word_1_408' title='bbox 468 2442 508 2472; x_wconf 72' lang='lat' dir='ltr'>from</span> <span class='ocrx_word' id='word_1_409' title='bbox 514 2443 565 2472; x_wconf 84' lang='lat' dir='ltr'>which</span> <span class='ocrx_word' id='word_1_410' title='bbox 571 2442 612 2481; x_wconf 90' lang='lat' dir='ltr'>John</span> <span class='ocrx_word' id='word_1_411' title='bbox 618 2443 635 2472; x_wconf 85' lang='lat' dir='ltr'>ol</span> <span class='ocrx_word' id='word_1_412' title='bbox 640 2442 736 2481; x_wconf 85' lang='lat' dir='ltr'>Tynemouth</span> <span class='ocrx_word' id='word_1_413' title='bbox 744 2442 789 2473; x_wconf 87' lang='lat' dir='ltr'>made</span> <span class='ocrx_word' id='word_1_414' title='bbox 796 2441 820 2471; x_wconf 93' lang='lat' dir='ltr'>his</span> 
     </span>
     <span class='ocr_line' id='line_1_46' title="bbox 119 2481 820 2523; baseline -0.003 -11"><span class='ocrx_word' id='word_1_415' title='bbox 119 2483 220 2523; x_wconf 83' lang='lat' dir='ltr'>abridgmeut,</span> <span class='ocrx_word' id='word_1_416' title='bbox 227 2481 309 2512; x_wconf 87' lang='lat' dir='ltr'>wherefore</span> <span class='ocrx_word' id='word_1_417' title='bbox 317 2482 325 2511; x_wconf 92' lang='grc' dir='ltr'>Ι</span> <span class='ocrx_word' id='word_1_418' title='bbox 332 2481 377 2512; x_wconf 87' lang='lat' dir='ltr'>insert</span> <span class='ocrx_word' id='word_1_419' title='bbox 384 2482 397 2511; x_wconf 95' lang='lat' dir='ltr'>it</span> <span class='ocrx_word' id='word_1_420' title='bbox 404 2481 444 2513; x_wconf 85' lang='lat' dir='ltr'>here.</span> <span class='ocrx_word' id='word_1_421' title='bbox 464 2482 479 2512; x_wconf 88' lang='lat' dir='ltr'>It</span> <span class='ocrx_word' id='word_1_422' title='bbox 485 2486 524 2512; x_wconf 85' lang='lat' dir='ltr'>rests</span> <span class='ocrx_word' id='word_1_423' title='bbox 530 2491 550 2512; x_wconf 91' lang='lat' dir='ltr'>on</span> <span class='ocrx_word' id='word_1_424' title='bbox 557 2482 583 2512; x_wconf 89' lang='lat' dir='ltr'>the</span> <span class='ocrx_word' id='word_1_425' title='bbox 589 2481 616 2514; x_wconf 81' lang='lat' dir='ltr'>iiie</span> <span class='ocrx_word' id='word_1_426' title='bbox 623 2483 642 2522; x_wconf 79' lang='lat' dir='ltr'>by</span> <span class='ocrx_word' id='word_1_427' title='bbox 650 2482 698 2519; x_wconf 79' lang='lat' dir='ltr'>Felix,</span> <span class='ocrx_word' id='word_1_428' title='bbox 707 2482 737 2512; x_wconf 91' lang='lat' dir='ltr'>and</span> <span class='ocrx_word' id='word_1_429' title='bbox 743 2482 756 2513; x_wconf 88' lang='lat' dir='ltr'>is</span> <span class='ocrx_word' id='word_1_430' title='bbox 762 2481 820 2520; x_wconf 81' lang='lat' dir='ltr'>largely</span> 
     </span>
    </p>
   </div>
   <div class='ocr_carea' id='block_1_6' title="bbox 119 2519 822 2601">
    <p class='ocr_par' dir='ltr' id='par_1_10' title="bbox 119 2519 822 2601">
     <span class='ocr_line' id='line_1_47' title="bbox 119 2519 822 2561; baseline -0.006 -9"><span class='ocrx_word' id='word_1_431' title='bbox 119 2523 164 2552; x_wconf 88' lang='lat' dir='ltr'>made</span> <span class='ocrx_word' id='word_1_432' title='bbox 170 2533 191 2561; x_wconf 91' lang='lat' dir='ltr'>up</span> <span class='ocrx_word' id='word_1_433' title='bbox 198 2522 237 2551; x_wconf 86' lang='lat' dir='ltr'>from</span> <span class='ocrx_word' id='word_1_434' title='bbox 244 2522 308 2552; x_wconf 86' lang='lat' dir='ltr'>biblioal</span> <span class='ocrx_word' id='word_1_435' title='bbox 316 2521 383 2560; x_wconf 83' lang='lat' dir='ltr'>phrases.</span> <span class='ocrx_word' id='word_1_436' title='bbox 456 2521 463 2538; x_wconf 80' lang='lat'>²</span> <span class='ocrx_word' id='word_1_437' title='bbox 473 2522 526 2559; x_wconf 86' lang='lat' dir='ltr'>Henry</span> <span class='ocrx_word' id='word_1_438' title='bbox 532 2522 552 2550; x_wconf 91' lang='lat' dir='ltr'>de</span> <span class='ocrx_word' id='word_1_439' title='bbox 558 2521 664 2560; x_wconf 80' lang='lat' dir='ltr'>Lougchamp,</span> <span class='ocrx_word' id='word_1_440' title='bbox 672 2526 688 2551; x_wconf 92' lang='lat' dir='ltr'>to</span> <span class='ocrx_word' id='word_1_441' title='bbox 695 2521 747 2551; x_wconf 84' lang='lat' dir='ltr'>whom</span> <span class='ocrx_word' id='word_1_442' title='bbox 753 2521 797 2551; x_wconf 83' lang='lat' dir='ltr'>Peter</span> <span class='ocrx_word' id='word_1_443' title='bbox 804 2519 822 2549; x_wconf 78' lang='lat' dir='ltr'>ot</span> 
     </span>
     <span class='ocr_line' id='line_1_48' title="bbox 119 2559 726 2601; baseline 0 -9"><span class='ocrx_word' id='word_1_444' title='bbox 119 2562 162 2592; x_wconf 83' lang='lat' dir='ltr'>Btois</span> <span class='ocrx_word' id='word_1_445' title='bbox 168 2563 202 2592; x_wconf 83' lang='lat' dir='ltr'>also</span> <span class='ocrx_word' id='word_1_446' title='bbox 208 2560 288 2591; x_wconf 87' lang='lat' dir='ltr'>dedicated</span> <span class='ocrx_word' id='word_1_447' title='bbox 294 2560 318 2591; x_wconf 89' lang='lat' dir='ltr'>his</span> <span class='ocrx_word' id='word_1_448' title='bbox 325 2559 430 2591; x_wconf 80' lang='lat' dir='ltr'>conmuatiou</span> <span class='ocrx_word' id='word_1_449' title='bbox 437 2559 455 2591; x_wconf 83' lang='lat' dir='ltr'>oi</span> <span class='ocrx_word' id='word_1_450' title='bbox 460 2559 532 2601; x_wconf 85' lang='lat' dir='ltr'>Iugulph,</span> <span class='ocrx_word' id='word_1_451' title='bbox 538 2571 570 2592; x_wconf 88' lang='lat' dir='ltr'>was</span> <span class='ocrx_word' id='word_1_452' title='bbox 577 2560 624 2592; x_wconf 86' lang='lat' dir='ltr'>abbot</span> <span class='ocrx_word' id='word_1_453' title='bbox 632 2560 726 2601; x_wconf 72' lang='lat'>1191-1236.</span> 
     </span>
    </p>
   </div>
   <div class='ocr_carea' id='block_1_7' title="bbox 0 0 903 2803">
    <p class='ocr_par' dir='ltr' id='par_1_11' title="bbox 0 0 903 2803">
     <span class='ocr_line' id='line_1_49' title="bbox 0 0 903 2803; baseline 0 0"><span class='ocrx_word' id='word_1_454' title='bbox 0 0 903 2803; x_wconf 95' lang='lat' dir='ltr'> </span> 
     </span>
    </p>
   </div>
  </div>
 </body>
</html>
