1762 2803
53 129 191 168 MS.Bodlal⁰·]
232 117 278 172 me
291 112 573 171 mehumemoootta
709 126 752 169 553

53 247 98 292 prius
106 243 180 276 existens
188 249 227 273 curn
235 236 325 281 paciencia
335 241 353 270 et
360 235 457 270 humilitate
465 234 560 279 ceterisque
567 234 663 276 virtutibus,
671 234 694 267 ad
701 235 753 267 talem

52 296 136 332 maculam
146 290 261 333 detegendam
271 288 349 321 sufficere
358 287 452 321 videbatur.
475 287 506 321 Set
516 286 562 330 quod
573 292 614 319 ante
625 284 754 318 conuersionem

53 356 100 381 suam
112 345 134 376 ab
145 340 195 374 huius
207 339 270 372 delicto
281 338 349 380 penitus
362 338 450 371 abstinens
463 343 523 370 contra
536 335 686 379 concupiscencias
697 334 754 368 camis

53 401 138 429 certamen
146 390 208 430 inierit,
215 396 232 421 et
240 389 321 421 virtutum
329 393 395 420 amator
402 388 458 420 sactus
466 388 499 420 deo
507 387 591 420 adherens
601 386 638 419 eius
645 384 753 418 dulcedinem

54 445 108 480 adbuc
118 440 199 475 secularis
209 437 267 481 sepius
278 437 400 479 degustauerit,
410 447 445 471 non
455 438 510 470 solum
520 447 541 470 ex
550 435 686 478 precedentibus,
694 444 753 468 verum
762 441 771 471 5

54 494 106 530 eciam
118 503 139 526 ex
150 489 206 524 verbis
217 487 295 523 eiusdem
306 488 390 531 perpendi
401 493 463 530 potest,
472 487 534 531 quibus
542 485 559 520 in
567 490 613 530 eap⁰.
622 494 692 520 xxvrrt.
703 485 753 529 primi

54 544 91 579 libri
108 543 136 575 De
154 539 223 584 speculo
239 537 316 572 caritatis
333 538 409 580 seipsum
427 538 504 571 districte
521 544 595 571 accusat.
622 538 692 579 Quanta
707 535 754 569 enim

54 593 147 629 efferendus
159 590 181 623 sit
192 591 248 630 laude,
258 595 357 632 quantoque
368 588 449 631 preconio
461 598 500 621 eum
512 589 593 622 extollere
603 587 678 621 debeant
689 587 754 626 fideles,

55 653 131 679 sermone
139 641 202 673 diserto
213 639 286 683 stiloque
295 639 369 682 eleganti
378 637 457 681 exprimit
465 637 567 672 venerabilis
575 638 630 672 abbas
640 637 726 671 Gilbertus
737 636 754 670 ia

55 698 125 729 tractatu
132 702 164 725 suo
172 691 227 733 Super
234 689 302 723 cantica
309 689 419 730 canticorum,
428 688 490 721 omelia
496 689 527 722 udss.
764 700 782 724 ιο

55 795 71 828 p.
76 780 119 824 798]
127 790 142 814 a.
151 780 226 813 lucrum
233 786 279 811 vira
285 785 353 812 seueri
361 779 434 812 Taoua
442 785 533 813 uouacur
541 785 636 812 maurinis
644 779 755 812 Douortum.

56 855 109 929 AD
121 852 195 890 laudem,
203 850 275 891 gloriam
285 855 303 883 et
311 850 396 883 honorem
406 849 480 883 nominis
491 849 556 883 domini
567 849 622 883 nostri
630 849 683 882 lhesu
691 849 755 882 Christi

114 911 178 940 omnes,
190 900 219 942 qui
231 900 320 931 credentes
331 899 372 932 estis
384 900 401 931 in
413 900 448 940 illo,
459 900 505 932 hunc
516 899 572 932 locum
583 899 717 941 frequentantes,
725 908 755 931 seu

56 963 85 997 per
97 952 142 984 hunc
154 951 210 983 locum
222 954 340 983 transeuntes:
356 949 371 982 si
382 950 427 983 hanc
438 949 574 993 qualemcunque
585 949 687 992 scripturam
698 949 756 991 legere

56 1000 169 1041 decreueritis,
177 1010 211 1033 non
219 1000 280 1042 ipsam,
288 1010 347 1042 queso,
354 1000 415 1033 rudem
423 1000 514 1033 verborum
525 999 588 1032 seriem
595 999 652 1032 minus
660 1006 700 1042 apte
708 1010 756 1032 com-

56 1058 123 1096 pactam
131 1050 250 1084 tantummodo
258 1049 352 1092 corrigatis,
360 1061 418 1084 verum
429 1050 483 1084 eciam
492 1050 557 1084 domini
567 1050 621 1085 nostri
630 1050 682 1084 lhesu
691 1050 755 1085 Christi
765 1061 782 1091 ¹5

57 1108 165 1137 sacrosancta
178 1103 261 1135 virtutum
276 1102 368 1143 magnalia,
383 1112 417 1144 que
431 1100 496 1134 meritis
513 1101 570 1134 dilecti
590 1101 635 1134 serui
653 1100 680 1133 sui
698 1101 756 1135 fratris

57 1154 121 1185 Thome
135 1151 157 1184 cle
172 1152 189 1183 la
205 1151 256 1193 Hale,
271 1152 359 1194 quondam
373 1151 424 1184 huius
438 1151 510 1185 ecclesie
527 1151 614 1192 monachi,
628 1152 662 1184 hoc
680 1151 698 1184 in
716 1151 756 1184 loco

57 1202 139 1240 tumulati,
154 1201 218 1234 Christi
237 1202 317 1235 fidelibus
331 1201 388 1236 varias
407 1200 525 1236 infirmitates¹
539 1207 575 1236 tam
594 1211 685 1245 corporum
703 1211 756 1245 quam

57 1253 149 1285 animarum
157 1251 272 1286 diuersimode
280 1253 404 1287 sustinentibus
411 1259 429 1287 et
437 1254 468 1286 sub
477 1263 507 1296 spe
515 1253 640 1286 melioracionis
648 1252 756 1295 impetrande

57 1303 100 1336 hunc
111 1303 170 1344 prefati
182 1304 262 1336 monachi
273 1305 357 1340 tumulum
367 1315 399 1346 per
411 1315 430 1337 se
441 1304 468 1336 vel
479 1314 510 1346 per
520 1304 564 1337 alios
574 1304 644 1337 visitare
655 1304 756 1337 vouenribus
765 1315 785 1337 ao

58 1353 136 1386 diuinitus
144 1358 182 1386 sunt
190 1359 260 1387 ostensa
267 1360 283 1386 et
291 1353 369 1394 graciose
378 1354 444 1393 collata,
453 1359 489 1386 tota
498 1352 561 1385 mentis
571 1353 666 1385 deuocione
673 1353 757 1394 venerari,

58 1401 143 1443 predicare
150 1408 167 1436 et
175 1402 254 1436 attollere
260 1403 316 1436 velitis
324 1415 329 1436 ι
340 1404 421 1446 quatinus
425 1402 487 1437 exinde
495 1403 564 1436 Christo
570 1403 631 1436 laudes
638 1408 656 1436 et
663 1403 757 1445 gratiarum

58 1452 134 1485 acciones
148 1464 159 1485 a
174 1453 209 1485 suis
222 1452 301 1487 fidelibus
315 1455 389 1497 persolui
401 1454 470 1487 valeant
484 1454 575 1487 uberiores.
599 1454 646 1487 Nam
659 1453 702 1488 sieut
715 1463 758 1487 uoce

58 1501 131 1535 veritatis
143 1504 236 1540 asseritur:
249 1515 284 1537 non
294 1510 320 1537 est
330 1515 404 1538 accensa
414 1505 484 1538 lucerna
495 1505 528 1538 sub
538 1503 597 1537 modio
607 1504 723 1546 recondenda,
731 1510 757 1538 set

59 1563 107 1594 super
114 1554 236 1588 candelabrum
244 1554 301 1588 verius
308 1556 403 1589 attollenda
411 1567 415 1590 :
427 1562 445 1590 vt
453 1556 481 1598 qui
490 1555 533 1590 iuste
540 1555 598 1589 viuere
604 1554 693 1594 uoluerint¹
699 1554 758 1588 lumen
767 1567 785 1597 ²5

58 1603 132 1636 veritaris
143 1606 213 1637 valeant
229 1605 296 1647 intueri,
310 1612 327 1640 et
340 1606 395 1649 ipsum
408 1606 470 1640 saltem
482 1605 549 1639 discant
562 1604 644 1646 venerari,
657 1605 728 1638 laudare
741 1612 758 1639 et

58 1652 149 1692 glorificare
157 1655 186 1697 qui
194 1655 246 1688 dicit:
258 1656 308 1698 ‘Ego
320 1666 358 1690 sum
369 1657 398 1690 lux
408 1655 480 1698 mundi;
492 1655 521 1699 qui
530 1654 607 1699 sequitur
613 1665 647 1694 me,
655 1665 690 1688 non
698 1655 759 1688 ambu-

58 1701 98 1736 labit
106 1702 122 1735 in
131 1704 211 1746 tenebris,
219 1712 245 1740 set
252 1706 322 1741 habebit
330 1707 388 1740 lumen
393 1706 438 1740 vite!
457 1707 485 1740 Ex
492 1707 526 1740 hac
533 1707 597 1750 quippe
604 1716 645 1740 vera
653 1706 712 1739 mundi
721 1707 759 1739 luce

60 1752 143 1787 lohannes
158 1755 265 1798 euangelista
279 1757 354 1800 loquitur
368 1758 438 1791 dicens:
455 1758 508 1791 ‘Erat
523 1758 552 1790 lux
566 1768 612 1796 vera,
626 1767 659 1801 que
674 1757 759 1791 illuminat

59 1812 126 1837 onmem
136 1805 225 1840 hominem
232 1807 329 1840 venientem
337 1808 355 1840 in
363 1808 409 1842 hunc
417 1809 510 1841 mundum.'
533 1809 560 1841 Ex
568 1809 601 1841 hac
609 1808 664 1841 eciam
672 1818 713 1840 vera
720 1808 758 1841 luce
767 1820 788 1849 ³⁰

59 1851 87 1883 illa
97 1856 174 1895 preclara
187 1857 272 1890 beneficia
283 1857 391 1897 miraculosa,
404 1858 466 1900 quibus
481 1857 544 1890 cotidie
558 1857 621 1890 Christi
637 1856 709 1890 fidetes²
723 1863 759 1890 tam

59 1900 76 1933 in
83 1912 153 1945 corpore
160 1916 212 1949 quam
224 1906 242 1940 in
252 1907 310 1940 anima
317 1906 395 1950 graciose
403 1912 486 1941 sanantur
493 1913 510 1941 et
518 1906 645 1947 illuminantur3
658 1917 678 1940 ex
686 1917 759 1950 quorum

59 1961 98 1986 vero
105 1963 176 1990 numero
185 1958 281 1991 monachus
293 1956 325 1991 iste
335 1956 373 1991 luit.
396 1958 461 1991 Omnia
467 1957 531 2002 quippe
539 1957 576 1991 sine
584 1958 637 1991 dubio
644 1958 667 1991 ab
674 1958 713 2000 ipsa
721 1959 759 1992 luce

60 2005 158 2042 proueniunt
166 2014 183 2041 et
190 2010 289 2051 procedunt.
313 2010 360 2051 Ergo
371 2019 406 2042 non
418 2008 503 2042 immerito
514 2019 525 2042 a
536 2008 592 2042 cuntis
605 2008 668 2042 Christi
680 2009 759 2044 fidelibus

60 2052 87 2094 qui
95 2054 111 2088 in
119 2057 184 2092 mundo
192 2066 231 2093 sunt
242 2060 274 2094 hec
282 2061 339 2101 verba,
347 2065 364 2094 et
371 2060 448 2103 preclara
458 2066 474 2093 et
485 2059 560 2102 gloriosa
569 2060 598 2093 lux
608 2059 654 2092 omni
665 2059 759 2095 deuocione
768 2073 787 2106 55

59 2109 84 2137 est
95 2106 187 2149 adoranda,
195 2111 269 2144 colenda
280 2117 297 2144 et
305 2111 408 2144 veneranda.
430 2112 482 2144 Nune
490 2111 541 2153 igitur
552 2110 569 2144 in
579 2110 629 2144 huius
637 2111 760 2152 gloriosissime

60 2152 100 2187 lucis
111 2159 180 2191 nomine
195 2165 212 2192 et
227 2162 292 2193 honore
306 2161 385 2202 legantur
395 2161 470 2203 quedam
485 2166 534 2202 gesta
548 2159 715 2203 com[ur]endabilia,
727 2171 761 2204 que

60 2206 152 2241 monachus
160 2208 198 2252 iste,
206 2210 248 2243 dum
256 2210 274 2243 in
282 2211 315 2244 hae
322 2210 358 2245 vita
365 2210 455 2254 temporali
464 2216 576 2244 conuersatus
583 2216 616 2251 est,
624 2217 693 2245 strenue
701 2211 761 2254 gessit.

62 2253 68 2292 ΙΙ
81 2255 100 2288 ln
110 2257 169 2298 primis
177 2260 262 2303 siquidem
271 2272 319 2295 sacre
327 2260 410 2303 scripture
417 2272 452 2294 aon
460 2262 555 2302 immernor,
563 2273 598 2305 qua
605 2261 680 2295 dicitur:
691 2263 761 2295 ‘Iustus

61 2312 80 2335 ex
90 2305 123 2339 fide
130 2307 183 2349 viuit,'
192 2316 208 2344 et
219 2310 283 2344 idcirco
294 2311 353 2345 firmus
364 2317 381 2345 et
392 2311 458 2345 stabilis
469 2322 538 2356 semper
548 2311 566 2346 in
578 2312 612 2345 fide
619 2312 665 2354 vixit,
674 2319 691 2346 et
702 2313 761 2347 omnia
768 2324 789 2353 4⁰

60 2361 92 2394 ‘lue
98 2367 137 2407 vere
148 2359 188 2393 fidei
199 2369 308 2395 sacramenta
319 2363 452 2404 concernebant
460 2362 593 2404 magnanimiter
600 2362 702 2403 obseruauit,
711 2363 761 2396 bonis

60 2405 133 2440 moribus
145 2416 162 2442 et
173 2411 226 2444 sacris
236 2412 316 2454 operibus
326 2412 362 2445 suis
373 2412 433 2445 fideles
440 2423 516 2455 quosque
524 2412 640 2455 multiplieiter
647 2413 761 2446 confortando

61 2458 76 2485 et
87 2465 125 2490 vere
136 2457 244 2502 letificand03
260 2461 301 2504 quia
313 2462 409 2496 secundum
418 2462 473 2496 verba
482 2462 529 2496 beati
541 2462 618 2505 Gregorii
632 2462 681 2497 ‘felix
693 2468 719 2497 est
731 2462 760 2506 qui

61 2504 145 2541 credendo
157 2509 201 2545 bene
212 2511 259 2554 viuit,
271 2519 288 2547 et
300 2512 345 2548 bene
356 2512 430 2548 uiuendo
442 2513 494 2548 fidem
506 2520 571 2548 rectam
583 2512 658 2547 custodit
663 2511 674 2546 ³.
697 2513 720 2547 Et
732 2512 760 2548 ille

79 2565 303 2615 ¹1lls.varitsinfirmitatibue
366 2575 417 2608 arus.
425 2576 500 2610 euersas.
562 2576 598 2607 ὀη
605 2577 630 2608 ae
637 2577 706 2615 marga:
717 2577 761 2608 seru

61 2609 83 2634 est
89 2616 115 2646 qur
122 2611 159 2641 bene
166 2613 209 2646 uiuit.
