1762 2803
327 125 373 181 bt
388 122 488 177 &aaut
503 122 599 179 bauto.
769 130 810 169 261

111 242 185 278 extincti
197 245 229 279 filii
239 246 329 288 seruabat,
339 246 369 290 qui
382 245 461 289 Magnus
471 246 575 280 vocabatur.
598 245 639 287 Que
649 245 717 279 cadens
724 246 747 279 ad
755 246 814 289 pedes

111 295 156 340 eius,
171 296 281 342 importunis
297 299 406 343 deprecatur
424 298 535 333 clamoribus
549 303 568 333 vt
584 298 612 333 sui
629 297 752 332 misereretur.
779 297 813 333 Ille

110 360 155 384 vero
173 352 245 386 mulieri
264 353 382 396 compatiens,
397 352 463 386 faciem
480 353 580 397 lachrymis
599 352 669 397 rigauit,
685 358 703 386 et
718 352 813 386 dominum

111 402 169 436 orauit
179 403 252 438 dicens:
264 404 354 438 ‘Domine
362 405 409 438 deus
416 414 475 446 meus,
483 404 514 448 qui
524 404 543 438 in
555 405 604 438 hunc
616 405 705 438 mundum
716 414 750 447 pro
760 404 814 438 nobis

111 456 237 498 peccatoribus
245 458 268 491 de
276 457 317 492 sinu
325 457 382 502 patris
393 457 505 492 descendisti
513 463 532 492 vt
540 468 574 492 nos
583 458 685 493 redimeres
696 458 720 492 de
731 456 813 491 saucibus
822 471 831 501 5

111 508 179 552 antiqui
187 510 250 551 hostis,
258 510 347 544 miserere
354 510 407 544 istius
414 510 469 544 vidue
479 516 497 544 et
505 511 528 544 da
535 510 590 544 vitam
600 510 654 544 vnico
665 510 703 544 filio
713 521 747 544 suo
759 515 814 554 atque

111 561 180 605 inspira
191 562 209 595 in
219 574 241 597 eo
250 563 361 607 spiraculum
371 563 414 605 vite,
422 569 442 598 vt
451 563 578 608 magnificetur
585 574 653 598 nomen
664 570 715 598 tuum
724 563 742 598 in
752 564 813 598 secula

111 615 225 650 seculorum.¹
246 616 268 651 Et
277 617 337 652 statim
345 618 434 652 redeunte
443 617 504 652 anima
511 627 578 661 corpus
585 617 698 652 contremuit.
715 617 738 652 Et
746 623 813 652 tenens

111 667 164 710 pueri
175 678 255 712 manum,
266 670 329 704 viuum
342 675 360 704 et
373 680 439 704 sanum
452 670 531 704 reddidit
544 669 598 704 matri
611 680 649 705 sue.
673 670 696 704 Et
707 670 731 704 ait
743 676 812 705 mater:

112 719 178 755 ‘Michi
189 727 272 757 mortuus
282 722 388 759 filiuserat:
400 723 432 757 tibi
442 734 486 758 vero
497 729 515 758 et
525 724 560 758 deo
570 724 637 758 amodo
645 723 705 758 uiuat)
729 723 813 769 Cumque
823 737 842 760 ro

111 785 176 809 omnes
188 782 271 809 sanctum
284 777 343 810 Dauid
353 777 449 822 predicare
458 783 551 821 cogerent,
561 777 614 810 iussit
622 787 701 821 puerum
711 788 772 822 nuper
784 788 813 811 re-

111 828 217 862 suscitatum
222 829 315 862 sudarium
323 841 377 863 suum
384 830 419 863 sub
427 830 505 873 pedibus
513 830 552 862 suis
558 840 663 872 exponere,
676 835 694 862 et
704 840 761 873 super
768 830 813 863 illud

112 884 167 922 stans,
175 881 291 924 euangelium
298 886 316 915 et
320 881 380 925 legern
387 881 439 924 quasi
447 891 471 915 ex
478 881 556 915 buccina
562 880 651 924 exposuit.
671 881 737 915 Coram
744 881 814 916 cunctis

111 931 166 966 niuea
179 932 243 967 celitus
254 932 323 967 emissa
336 933 420 967 columba
431 933 450 966 in
462 933 502 967 eius
515 932 598 966 humeris
609 932 683 974 resedit,
695 944 731 976 que
746 933 814 967 tamdiu

111 985 213 1029 permansit
223 985 309 1029 quamdiu
319 985 349 1019 ille
359 985 465 1030 predicauit.
488 985 535 1019 Cum
544 990 605 1019 autem
614 985 663 1019 clara
669 996 715 1020 voce
723 985 814 1030 omnibus,
825 1001 842 1031 ¹5

112 1044 130 1072 et
143 1038 174 1081 qui
185 1038 204 1071 in
214 1039 299 1082 proximo
311 1044 329 1073 et
340 1039 371 1083 qui
385 1039 404 1073 in
420 1039 520 1083 longinquo
533 1044 590 1081 erant,
603 1039 691 1083 equaliter
705 1039 814 1083 predicaret,

111 1095 161 1125 terra
168 1092 202 1125 sub
210 1091 251 1135 ipso
259 1102 366 1125 accrescens
375 1092 461 1126 attollitur
469 1092 487 1125 in
496 1091 572 1126 collem:
583 1091 614 1125 Ab
622 1091 707 1126 omnibus
714 1091 733 1125 in
742 1102 815 1126 summo

112 1143 182 1188 positus
194 1144 279 1187 cernitur,
286 1149 306 1178 vt
317 1144 335 1179 in
347 1150 428 1180 montem
440 1145 534 1179 excelsum
546 1150 597 1179 stans
608 1144 660 1190 quasi
671 1145 715 1180 tuba
726 1145 814 1180 exaltaret

111 1209 176 1231 vocem
185 1208 242 1232 suam.
265 1198 287 1231 In
295 1198 346 1232 cuius
354 1198 406 1232 collis
416 1199 509 1232 cacumine
521 1198 603 1240 ecclesia,
610 1209 669 1242 vsque
677 1199 696 1232 in
704 1199 814 1233 hodiernum

113 1249 160 1283 diem
173 1260 301 1293 perseuerans,
315 1251 414 1284 edificatur.
438 1251 521 1294 Expulsa
533 1251 594 1294 itaque
605 1251 672 1291 heresi,
680 1257 698 1285 et
706 1251 753 1284 fides
763 1251 814 1285 sanis
824 1263 844 1285 ao

112 1302 216 1346 pectoribus
224 1303 318 1337 roboratur
326 1308 344 1338 et
351 1308 425 1338 sanctus
434 1303 493 1337 Dauid
501 1303 556 1338 totius
564 1303 658 1338 Britannie
665 1303 814 1348 archiepiscopus

112 1355 231 1398 constituitur,
243 1367 315 1390 necnon
329 1356 392 1390 ciuitas
406 1356 446 1390 eius
458 1356 512 1390 totius
525 1356 584 1400 patrie
597 1356 704 1400 metropolis
716 1356 814 1398 dedicatur,

112 1407 136 1442 ita
150 1414 170 1444 vt
185 1408 288 1453 quicunque
307 1420 347 1443 eam
363 1414 434 1453 regeret
454 1408 602 1453 archiepiscopus
621 1409 683 1445 foret¹.
728 1402 815 1454 Expulsa

112 1462 172 1506 itaque
183 1462 249 1505 heresi,
260 1473 325 1496 omnes
336 1462 429 1496 Britannie
440 1462 518 1496 ecclesie
529 1463 605 1496 modurn
617 1468 635 1497 et
647 1463 728 1507 regulam
740 1474 815 1497 romana

112 1515 217 1548 auctoritate
229 1521 344 1558 aeceperunt,
352 1515 463 1549 monasteria
475 1526 510 1558 per
521 1515 561 1549 loca
572 1521 707 1558 construuntur,
716 1521 734 1550 et
741 1522 815 1550 sanctus
825 1528 843 1557 ²5

113 1567 172 1601 Dauid
184 1577 267 1601 summus
278 1572 374 1610 protector,
382 1578 466 1602 summus
477 1567 585 1611 predicator,
593 1578 647 1612 aquo
655 1579 720 1602 omnes
731 1579 815 1602 normam

113 1626 166 1664 atque
178 1620 255 1653 sormam
267 1626 317 1654 recte
327 1620 402 1655 uiuendi
413 1626 529 1665 acceperunt,
540 1621 616 1655 effectus
628 1627 662 1655 est.
689 1621 733 1666 lpse
747 1622 816 1656 cunctis

113 1675 162 1714 ordo,
171 1674 263 1715 correctio,
271 1674 351 1716 imitatio,
362 1674 464 1721 legentibus
476 1674 563 1717 doctrina,
574 1674 671 1719 egentibus
678 1675 720 1716 vita,
728 1675 816 1719 orphanis

113 1727 249 1769 nutrimentum,
255 1727 725 1772 nudis²fuleimen,patrie³caputmonachisreguta,
731 1729 816 1763 seculari-

113 1781 147 1813 bus
155 1780 202 1813 vita⁴
210 1780 246 1814 fuit
290 1774 460 1823 Appropinquante
470 1785 530 1815 autem
538 1781 584 1814 hora
595 1780 654 1815 obitus
666 1781 700 1823 sui,
708 1781 791 1825 apparuit
799 1781 816 1816 ei
825 1793 844 1822 3⁰

113 1832 189 1876 angelus
204 1832 273 1865 domini
288 1832 363 1867 dicens:
383 1833 506 1873 ‘Desiderata
521 1832 584 1877 inquit,
600 1834 669 1867 dudum
688 1833 728 1868 dies
745 1834 782 1869 iam
797 1834 816 1868 in

113 1885 197 1928 proximo
209 1885 269 1918 futura
283 1890 316 1918 est.
339 1885 421 1927 Parate,
433 1885 475 1928 quia
486 1886 569 1919 kalendis
580 1886 640 1919 martii
652 1886 738 1920 dominus
750 1887 816 1921 ihesus

114 1936 197 1971 Christus
207 1937 264 1970 multa
276 1936 388 1981 constipatus
400 1937 507 1981 angelorum
518 1937 582 1971 militia
592 1937 665 1971 obuiam
676 1937 709 1972 tibi
721 1938 816 1973 adueniet.’

114 1989 147 2023 Cui
162 1989 203 2023 ille:
220 1989 283 2022 ‘Nunc
298 1989 368 2023 dimitte
383 2000 458 2023 seruum
473 1995 525 2023 tuum
540 1989 614 2024 domine
628 1990 647 2024 in
663 1993 719 2034 pace.¹
742 1991 816 2026 Fratres

113 2047 173 2077 autem
188 2052 254 2077 sonum
269 2041 351 2076 tantum⁵
367 2041 441 2076 auribus
458 2042 557 2086 capientes,
571 2053 605 2078 nec
618 2043 675 2078 verba
688 2043 844 2087 intelligentes,35

114 2095 182 2140 pariter
197 2093 278 2129 exterriti
293 2094 312 2128 in
327 2100 395 2129 terram
410 2095 519 2130 ceciderunt.
548 2096 627 2131 Sanctus
642 2102 703 2131 autem
718 2098 817 2142 episcopus

113 2160 158 2183 voce
165 2158 231 2193 magna
239 2147 322 2181 clamauit
330 2148 404 2183 dicens:
413 2149 502 2183 ‘Domine
511 2149 567 2184 ihesu
576 2150 653 2192 Christe,
661 2151 724 2195 accipe
732 2151 816 2195 spiritum

114 2203 186 2235 meum!
209 2201 232 2234 Et
243 2201 314 2241 iratres,
322 2201 415 2243 planetum
427 2212 514 2244 magnum
525 2202 635 2244 emittentes,
643 2203 716 2237 blandis
727 2204 817 2237 sermoni-

114 2255 148 2287 bus
164 2253 283 2292 demulcebat,
298 2252 373 2287 dicens:
391 2253 510 2288 ‘Constantes
525 2259 589 2297 estote,
604 2254 674 2297 fratres,
689 2254 751 2299 iugum
767 2256 816 2299 quod

114 2307 210 2351 accepistis
217 2305 313 2340 vnanimes
321 2307 344 2339 ad
351 2306 409 2340 finem
416 2307 517 2350 perducite,
525 2312 543 2341 et
551 2318 660 2351 quecunque
668 2318 740 2341 meeum
745 2308 817 2342 vidistis
825 2319 846 2349 4⁰

114 2365 132 2396 et
143 2359 224 2402 audistis,
232 2359 320 2394 custodite
332 2364 350 2394 et
360 2358 446 2403 implete?
467 2359 498 2394 Ab
509 2359 540 2394 illa
550 2370 595 2395 vero
607 2360 652 2395 hora
662 2371 721 2404 vsque
732 2361 756 2395 ad
767 2360 816 2396 diern

115 2413 174 2448 obitus
180 2413 209 2447 sui
214 2414 233 2447 in
240 2412 317 2447 ecclesia
323 2422 427 2454 remanens,
432 2413 518 2447 omnibus
525 2413 637 2458 predicabat.
656 2413 713 2447 Fama
719 2413 817 2459 itaqueilla

134 2499 273 2529 ¹Atthehottom
283 2499 301 2529 ot*
308 2498 583 2535 [sobinT.:....hiencuiavei
592 2500 629 2529 vrbs
637 2500 693 2529 Dauid.
701 2500 818 2532 ldem:Roma

114 2538 462 2609 issitcgffium’datbssMffleffltamum'
496 2538 543 2569 ²Vit.
551 2539 607 2572 viduis.
642 2539 733 2579 ³patribus,
771 2541 818 2572 ‘via
