1762 2803
109 116 111 120 '
152 122 212 197 480·
343 119 423 173 annua
439 116 555 180 trenna
571 117 663 181 anglie.
731 119 856 166 trienni

153 250 219 275 uersus
234 244 273 274 est:
294 239 325 284 qui
342 239 422 274 filiorum
440 240 518 273 duorum
537 251 557 274 ac
576 246 654 284 quatuor
671 240 750 275 filiarum
769 240 856 275 feliciter¹

154 294 240 339 exemplo
254 294 324 328 attracti
339 300 393 338 atque
408 293 535 328 exhortatione
549 294 638 338 persuasi,
647 295 679 330 vni
690 294 769 329 liliorum
781 304 856 329 suorum

155 348 223 382 Karolo
234 357 312 390 regnum
323 347 453 390 relinquentes,
462 357 539 390 peregre
550 358 584 391 pro
593 347 666 381 Christo
674 346 801 382 vniuersorum
811 358 856 391 rege

154 406 172 435 et
187 400 261 434 domino
276 399 352 444 profecti
367 404 416 434 sunt.
444 399 539 444 Septimus
555 411 619 444 regum
638 400 716 444 Pipinus
735 401 758 434 de
773 400 856 434 orientali

138 458 203 492 5terre
214 452 262 487 illius
274 452 332 496 plaga,
345 463 387 486 cum
399 462 457 486 vxore
471 452 538 487 illustri
554 452 653 496 Margarita
664 453 789 496 proficiscitur.
813 452 856 486 Erat

155 509 215 540 autem
228 505 268 548 ipse
281 516 315 539 rex
329 504 396 539 Vrsule
408 504 485 548 virginis
498 505 650 549 consanguineus.
673 506 755 549 Quatuor
766 516 811 539 sane
825 505 856 539 filii

155 569 218 594 eorum
230 558 258 593 et¹
270 564 308 593 tres
320 558 356 593 filie
368 558 474 602 religiosum
486 570 548 603 regem
560 564 578 593 et
589 564 667 593 matrem
678 561 763 594 deuotam
775 558 857 604 reginam

154 618 173 647 et
184 611 233 655 piam
245 623 287 646 cum
298 611 340 646 liliis
351 617 370 646 et
380 611 452 646 filiabus
459 613 545 647 undecim
554 612 617 646 liberis
628 618 734 656 sequuntur,
742 623 776 656 pro
784 612 857 646 Christo

154 675 198 699 vero
210 675 253 708 rege
265 664 406 709 attemptantes¹
417 665 482 698 omnia.
506 664 586 698 Octauus
599 665 680 698 etenim¹
693 676 727 699 rex
742 664 857 707 Odulphus¹,

129 724 148 746 1⁰
155 717 191 751 iarn
199 717 242 750 dicti
249 717 299 761 regis
307 716 367 760 Pipini
375 717 428 759 filius,
436 717 490 751 homo
499 715 653 760 religiosissimus,
661 727 703 751 cum
711 728 768 752 vxore
777 716 858 751 Dionisia

155 770 233 804 honesta
239 770 293 804 valde
301 770 364 814 regina
374 775 392 804 et
399 769 485 812 virtuosa,
494 769 541 814 patri
552 774 570 804 et
580 770 633 803 matri
643 769 740 804 adiunctus
749 770 808 815 pergit
817 780 858 805 cum

156 822 202 865 illis;
214 823 261 857 filios
268 834 313 857 vero
322 828 340 856 et
351 823 397 857 filias
406 833 469 857 secum
478 823 566 857 ducentes
573 822 706 866 omnibusque¹
714 823 778 857 mundi
785 823 859 867 pompis

156 876 315 918 abrenunciantes,
331 876 363 910 leti
378 876 472 909 dominum
488 880 594 918 sequuntur.
624 875 688 910 Nonus
704 886 777 919 quoque
792 886 857 918 regum

157 927 236 962 Anitus⁸
250 927 329 969 nomine,
341 928 370 961 vir
381 927 434 961 diues
446 932 464 960 et
477 927 551 969 probus,
562 926 609 961 filias
621 928 666 961 duas
678 933 766 971 sequutus
777 927 859 961 illustris·

131 989 149 1020 15
158 980 214 1015 simas
227 979 307 1023 virgines
321 980 394 1013 beatam
410 979 517 1013 Columbam
533 984 551 1013 et
567 990 651 1014 sororem
667 980 770 1015 Cordulam.
793 981 860 1015 Sancta

157 1032 237 1077 denique
250 1032 338 1067 Columba
351 1044 375 1068 ex
387 1044 464 1067 numero
476 1032 509 1067 fuit
521 1033 612 1076 virginum
625 1034 710 1068 undecim
726 1033 860 1078 principalium.

157 1086 266 1123 Auunculus
277 1092 361 1130 preterea
372 1091 410 1120 erat
418 1086 478 1120 Odilie
486 1086 567 1130 virginis,
575 1098 611 1130 que
619 1097 655 1121 vna
663 1091 701 1122 erat
709 1087 801 1131 virginum
808 1087 860 1131 prIn-

158 1140 249 1185 cipalium.
276 1140 363 1174 Decimus
375 1150 420 1174 sane
432 1150 496 1183 regum
508 1139 557 1173 erat¹
568 1139 662 1180 Firanus⁷,
675 1139 705 1183 qui
718 1140 775 1175 multa
788 1150 860 1173 morum

157 1193 247 1236 probitate
262 1192 347 1235 pollebat,
359 1196 378 1225 et
393 1191 423 1226 hic
439 1202 481 1226 cum
495 1202 553 1226 vxore
569 1191 633 1225 Sibilia
647 1191 790 1226 illustrissimam
804 1191 860 1225 filiam

132 1255 150 1277 ²0
159 1245 242 1281 Sibiliam
250 1250 268 1279 et
278 1251 315 1280 tres
326 1243 373 1280 illius
381 1256 455 1280 sorores
465 1249 554 1290 sequutus
565 1250 594 1280 est
599 1245 610 1280 ¹.
633 1245 718 1290 Denique
728 1245 781 1280 beata
792 1245 861 1286 Sibilia,

158 1301 210 1343 virgo
222 1300 303 1343 prudens
315 1304 334 1334 et
347 1300 424 1334 honesta
436 1299 495 1341 valde,
507 1299 530 1333 de
542 1298 674 1343 principalibus
685 1299 718 1333 suit
728 1299 814 1333 vndecim
824 1298 861 1334 vir-

159 1353 237 1397 ginibus,
244 1352 295 1387 mille
302 1351 384 1396 virgines
391 1352 502 1396 gubernans.
523 1351 637 1386 Vndecimus
647 1351 737 1396 siquidem
748 1363 812 1396 regum
823 1357 861 1386 erat

158 1406 230 1440 inclitus
241 1417 274 1438 rex
284 1405 379 1438 Danorum
390 1405 483 1446 Refridus‚
492 1404 522 1449 qui
534 1415 568 1449 per
575 1414 652 1440 uxorem
660 1405 733 1439 Oliuam
741 1405 800 1439 adhuc
809 1405 861 1439 valde

158 1459 275 1493 iuuenculam
287 1468 393 1499 conuersus,
401 1457 451 1491 illam
464 1457 590 1500 sequebatur¹‚
599 1457 677 1500 iungens
689 1468 710 1491 se
721 1467 815 1491 sacrarum
825 1457 861 1491 vir·

133 1517 151 1548 ²5
159 1512 222 1556 ginum
235 1510 288 1545 cetui.
311 1509 352 1544 Hec
366 1511 431 1544 eadem
444 1509 497 1544 Oliua
511 1509 547 1544 filia
560 1508 612 1544 ducis
626 1510 649 1544 de
662 1509 748 1553 Saxonia,
761 1510 795 1545 viri
811 1509 862 1544 nobi·

160 1563 230 1605 lissimi,
238 1564 291 1607 quasi
302 1563 342 1607 apis
354 1562 489 1598 studiosissima
501 1562 570 1605 circuit,
581 1574 661 1606 querens
674 1574 720 1607 quos
731 1564 755 1597 ad
767 1562 861 1597 dominum

160 1621 260 1652 conuertat.
284 1616 323 1649 Nos
334 1627 379 1649 sane
390 1626 455 1649 omnes
464 1615 512 1657 [hos]
521 1626 575 1658 reges
583 1621 601 1648 et
609 1616 688 1658 reginas,
696 1617 752 1649 duces
761 1620 779 1649 et
787 1615 862 1649 comites

160 1668 317 1711 subsequentesw,
324 1679 361 1701 non
367 1667 457 1701 audemus
463 1667 554 1701 affirmare
560 1666 656 1711 legitimos,
663 1668 696 1701 sed
704 1668 782 1702 tamen¹¹
790 1667 862 1709 virtute,

160 1721 247 1767 potentia,
256 1720 329 1763 diuitiis,
338 1727 357 1754 et
369 1732 437 1765 genere
448 1720 522 1764 regibus
534 1720 641 1765 comparari,
651 1726 669 1755 et
681 1731 745 1765 regum
757 1720 862 1755 nominibus

133 1775 254 1820 3oappellari.
283 1775 322 1809 Nos
340 1774 402 1818 itaque
424 1774 520 1808 veritatem
543 1773 644 1818 diligentes,
660 1784 706 1818 pure
725 1774 808 1808 veritatis
826 1778 862 1808 tra-

160 1829 204 1864 mite
209 1828 222 1848 ¹²
234 1829 347 1870 incedentes,
360 1827 441 1862 reuelata
453 1827 555 1869 scribimus,
567 1826 667 1862 salsitatis¹³
679 1827 794 1872 ambaginem
810 1836 862 1872 pror-

160 1893 192 1917 sus
200 1883 317 1916 detestantes.
340 1881 397 1915 Erant
405 1881 455 1915 enim
466 1882 516 1924 [tunc
524 1881 620 1924 temporis]
628 1881 641 1900 ¹¹
648 1891 713 1924 regum
721 1892 778 1924 regna
787 1881 862 1919 modica,

160 1937 207 1969 sicut
218 1934 237 1967 in
248 1935 294 1967 libro
306 1944 370 1976 regum
381 1933 447 1976 legitur
458 1933 501 1977 quia
506 1932 518 1953 ¹¹
526 1932 599 1976 triginta
607 1935 643 1967 duo
653 1944 708 1977 reges
720 1939 783 1967 contra
791 1938 829 1966 tres
840 1932 862 1965 ad

160 1987 228 2023 bellum
238 1992 327 2021 venerant
338 1986 441 2031 preparati;
454 1986 466 2006 ¹¹
472 1986 498 2030 [et
510 1985 564 2021 etiam
576 1986 608 2020 filii
620 1997 685 2031 regum
696 1997 757 2031 reges,
767 1992 785 2021 et
796 1986 863 2021 ducum

134 2053 152 2084 35
161 2043 223 2083 duces,
232 2046 250 2074 et
257 2040 344 2074 comitum
352 2040 428 2074 comites
436 2040 524 2084 appellari
532 2040 598 2083 solent]
607 2040 625 2074 ¹¹.

182 2120 198 2154 ti
210 2119 263 2160 Quod
273 2119 308 2151 sibi
319 2124 362 2151 sunt
370 2119 503 2152 concordantes
511 2118 529 2151 in
538 2120 572 2151 hac
580 2118 664 2152 vndeeim
673 2117 743 2151 milium
750 2118 843 2162 virginum

197 2170 313 2215 expeditione
322 2171 378 2205 frater
385 2171 438 2205 huius
446 2171 522 2206 historie
530 2170 617 2213 notarius,
623 2176 641 2205 et
649 2170 723 2206 domina
731 2170 830 2206 Elizabeth.

183 2232 211 2273 Vt
217 2238 322 2273 auctoritate
330 2238 406 2274 aliorum
414 2244 433 2274 et
440 2238 544 2274 testimonio
552 2243 633 2274 nostram
641 2237 742 2274 tueamur¹¹
750 2239 864 2284 paruitatem‚

162 2292 238 2337 virginis
245 2292 312 2327 Christi
320 2292 414 2327 Elizabeth
422 2294 488 2327 deuote
495 2293 514 2327 in
522 2292 603 2327 medium
611 2292 727 2337 proferemus
734 2292 864 2331 testimonium,

162 2353 181 2382 et
196 2346 239 2390 quid
255 2345 286 2379 illa
301 2346 324 2380 de
339 2350 377 2379 tam
392 2345 497 2380 sublimium
512 2355 634 2389 personarum
649 2345 781 2390 prosectione¹⁸
798 2344 863 2381 sentiat

183 2415 253 2444 ¹om.in
261 2414 279 2444 Β.
321 2414 488 2444 ¹B.contemnentes.
524 2413 617 2444 ³B.etiam.
653 2413 784 2451 ⁴B.Adulphus.
818 2413 864 2449 ⁵q11e

163 2455 243 2485 ominB.
280 2453 382 2482 ⁶B.Auirus.
419 2453 531 2483 ⁷B.Siranus.
570 2452 709 2484 tusecunsunt.
750 2452 863 2489 ⁹B.sequitur.

163 2495 175 2512 ¹⁰
186 2494 204 2524 B.
212 2497 302 2531 sequentes.
367 2492 379 2509 ¹¹
390 2492 407 2523 E.
416 2501 455 2523 cum.
520 2491 531 2508 ¹¹
539 2492 556 2523 E.
565 2493 647 2522 tramitem.
708 2492 719 2510 ¹¹
730 2492 748 2523 Β.
757 2492 864 2529 falsitatisque.

162 2535 174 2553 ¹⁴
185 2543 215 2565 om.
223 2533 239 2562 in
247 2533 265 2563 E.
307 2532 344 2563 ¹¹B⁴
352 2533 398 2571 quod.
439 2531 509 2564 ¹¹-¹¹om.
518 2532 533 2562 in
541 2532 559 2564 E.
599 2532 609 2550 ¹¹
621 2533 639 2564 B.
649 2533 784 2565 Et...tuta1nur.
826 2529 864 2561 ωΕ.

163 2574 266 2614 perfectione.
