1762 2803
133 163 175 215 136
322 159 402 211 tunna
418 157 534 220 tantuna
550 156 642 219 tinnit.

131 282 215 325 sequenti
234 279 289 315 astitit
305 280 333 315 vir
351 281 424 324 quidam
443 285 513 315 statura
530 280 633 321 mediocris,
651 289 732 322 persona
750 278 833 323 insignis,

131 335 193 368 habitu
205 334 310 376 monachus,
322 333 367 368 facie
378 334 456 376 ignotus,
468 339 486 367 et
499 334 570 366 cuidam
586 332 637 365 tratri
652 332 675 364 de
692 333 833 375 congregatione

132 389 187 423 deum
206 388 277 422 timenti
295 386 351 422 dixit:
373 386 449 421 ‘Scisne
468 397 523 431 quam
542 386 565 419 ob
584 395 658 420 causam
676 384 785 419 Lambertus
802 384 833 419 ille

132 443 229 475 saxonicus
243 440 335 484 inopinata
347 445 406 474 morte
418 446 482 483 raptus
495 440 538 474 siti’
566 440 599 473 Cui
616 449 658 473 curn
674 449 694 473 se
711 440 833 482 responderet

114 508 123 536 5
132 495 215 528 nescire:
231 493 298 533 ‘Scias
307 494 370 535 inquit,
380 494 422 535 quia
433 503 456 526 eo
467 494 515 535 quod
527 502 593 535 corpus
604 491 696 534 Bregwini
708 492 731 524 de
744 502 778 525 sua
788 492 833 524 sede

131 545 208 586 auferre,
220 544 291 587 sibique
302 550 378 578 conatus
390 550 418 578 est
428 545 531 578 vendicare.
561 544 600 577 Nec
611 545 661 577 enim
672 544 713 577 talis
726 543 785 577 meriti
800 543 833 577 tuit

131 599 150 630 in
161 599 218 630 oculis
230 597 260 630 dei
270 601 289 630 vt
300 597 346 629 tanti
357 597 448 640 pontificis
462 597 555 640 presentia
570 596 600 631 vel
615 596 734 639 possessione
751 595 834 629 debuerit

130 652 169 683 iure
181 650 245 695 potiri.’
275 649 372 683 Translata
383 655 426 683 sunt
437 651 487 683 enim
498 650 532 683 hac
544 649 639 683 occasione
651 660 693 682 ossa
704 649 758 682 huius
770 648 833 689 sancti,

131 715 173 738 cum
184 704 257 738 ossibus
269 703 326 737 sancti
339 702 448 747 Plegmundi
459 703 597 747 archiepiscopi,
609 702 627 736 in
641 702 739 736 australem
756 701 834 735 ecclesie

104 771 123 792 10
131 761 208 801 partem,
216 761 234 790 et
244 761 294 790 retro
303 757 360 790 altare
370 757 418 790 beati
429 756 511 800 Gregorii
521 766 569 800 pape
578 756 709 790 decentissime
718 755 834 789 collocantur.

154 871 201 913 [MS.
209 870 249 904 Tib.
257 871 313 905 adds:
431 870 516 905 Narratio
521 871 532 904 ¹.

153 929 222 972 ¹Circa
235 948 304 972 annum
316 938 384 972 domini
397 938 514 972 millesimum
528 938 655 972 duodecimum
668 937 741 981 contigit
754 937 779 981 (in
790 947 834 981 qua-

133 991 182 1032 dam)
194 991 237 1024 uilla
249 991 329 1025 Saxonie
340 991 359 1025 in
373 992 450 1025 ecclesia
463 992 521 1025 sancti
534 991 597 1035 Magni
609 990 713 1034 (martirilsz
730 991 834 1034 quindecim

132 1042 176 1076 uiris
187 1048 205 1076 et
216 1042 274 1076 tribus
285 1042 391 1077 mulieribus
402 1048 455 1077 nocte
467 1043 531 1077 natalis
542 1042 611 1077 domini
621 1043 706 1077 choream
717 1042 735 1076 in
747 1042 835 1077 cimiterio

132 1095 246 1137 ducentibus,
263 1095 354 1139 presbiter
370 1095 447 1130 ecclesie
463 1096 491 1130 ira
509 1101 611 1129 commotus
629 1095 740 1138 imprecatus
759 1100 787 1129 est
806 1093 835 1129 dei

106 1158 123 1188 15
133 1148 237 1190 uindictam,
249 1148 323 1182 dicens:
343 1148 427 1182 ‘Vtinam
438 1148 468 1182 dei
480 1148 547 1192 uirtute
563 1155 581 1182 et
598 1148 683 1191 merit(is)
699 1148 757 1182 sancti
773 1147 836 1191 Magni

132 1200 158 1234 sic
169 1200 245 1244 inquieti
256 1211 290 1234 uos
301 1211 369 1235 annum
381 1201 483 1244 peragatis!
506 1201 559 1243 Quod
570 1206 588 1234 et
599 1200 666 1235 tactum
677 1206 716 1235 est:
735 1201 782 1234 Nam
793 1205 835 1244 post

132 1264 201 1287 annum
222 1253 316 1287 euolutum
335 1254 400 1287 eadem
419 1259 472 1288 nocte
491 1253 556 1288 natalis
574 1253 643 1287 domini
661 1263 719 1297 usque
737 1254 760 1287 ad
779 1253 836 1288 latera

132 1306 174 1340 niue
193 1306 274 1341 demersi
289 1306 358 1351 reperti
373 1301 421 1350 sunt,
439 1306 506 1341 chorea
521 1308 615 1340 ducentes.
647 1306 738 1340 Iohannes
755 1305 835 1350 quidam,

132 1358 230 1403 presbiteri
240 1359 293 1400 filius,
305 1370 387 1393 sororem
399 1370 450 1394 suam
461 1352 564 1394 cantantem
574 1370 608 1404 per
619 1360 714 1393 brachium
724 1359 805 1403 arripuit,
818 1364 836 1393 et

105 1423 124 1443 20
132 1412 193 1446 statim
204 1412 249 1446 illud
260 1423 271 1445 a
282 1424 359 1456 corpore
371 1412 442 1454 auulsit,
454 1418 482 1447 set
496 1418 546 1456 gutta
559 1412 653 1456 sanguinis
665 1412 707 1446 inde
721 1423 758 1446 non
773 1412 835 1446 exiuit.

133 1465 166 1497 Illa
177 1475 221 1498 uero
233 1470 270 1498 toto
282 1475 330 1498 anno
342 1475 383 1499 cum
395 1465 460 1499 ceteris
473 1464 574 1508 permansit
588 1465 663 1498 chorum
677 1466 746 1499 ducens
759 1470 777 1498 et
794 1476 836 1499 can-

132 1521 185 1558 tans3
202 1516 264 1559 pluuia
280 1526 317 1550 non
334 1516 399 1550 cecidit
415 1527 471 1559 super
488 1527 525 1557 eos,
542 1527 579 1550 non
595 1516 657 1560 frigus,
673 1527 710 1550 non
728 1517 781 1557 calor,
799 1527 835 1550 non

133 1567 197 1611 fames,
203 1579 240 1601 non
248 1567 293 1611 sitis,
300 1579 337 1601 non
345 1567 432 1601 lassitudo
440 1580 472 1602 eos
480 1568 544 1602 affecit.
565 1568 675 1602 Indumenta
682 1568 711 1602 uel
720 1568 837 1602 calciamenta

133 1631 170 1654 non
182 1626 225 1655 sunt
238 1620 303 1654 attrita.
331 1620 409 1655 Euoluto
425 1631 478 1663 anno,
494 1621 597 1655 Herbertus
612 1621 723 1656 coloniensis
739 1621 836 1666 episcopus

106 1684 125 1713 25
134 1684 166 1707 eos
178 1672 256 1708 absoluit
266 1683 277 1706 a
288 1674 335 1706 nodo
346 1685 382 1717 quo
391 1684 457 1708 manus
470 1684 533 1707 eorum
542 1673 649 1717 ligabantur,
662 1680 680 1708 et
692 1674 729 1708 filia
739 1674 836 1719 presbiteri

134 1737 176 1760 cum
187 1726 227 1759 aliis
239 1726 309 1760 duobus
322 1726 425 1760 exanimata
437 1732 470 1768 est,
482 1731 500 1760 et
511 1727 568 1761 ceteri
581 1726 670 1761 continuis
682 1727 740 1762 tribus
753 1727 837 1762 noctibus

134 1778 224 1822 proximis
232 1777 350 1814 dormierunt.
372 1778 434 1823 Aliqui
442 1784 506 1822 postea
514 1778 603 1821 obierunt,
612 1785 630 1814 et
639 1779 736 1823 miraculis,
745 1785 765 1814 ut
774 1779 836 1823 fertur,

133 1831 269 1873 choruscamnt‚
278 1831 319 1874 quia
331 1832 384 1865 ualde
396 1831 522 1875 penituerunt;
538 1831 593 1867 ceteri
605 1842 671 1876 penam
683 1842 735 1867 suam
745 1834 837 1867 membro·

134 1894 174 1916 rum
185 1890 265 1918 tremore
276 1883 407 1928 prodiderunt]

215 2021 230 2057 u
243 2013 277 2055 Dr
288 2031 358 2055 sxxcro
371 2013 562 2055 Bnauonuoxnuarr
573 2022 603 2065 [rr
615 2022 738 2066 consessore]
745 2021 757 2056 ⁵.

105 2119 125 2148 50
136 2105 239 2182 SAnctus
254 2105 304 2139 enim
319 2104 428 2140 Brendanus
443 2105 499 2139 abbas
514 2105 533 2138 in
548 2106 654 2139 occidentali
673 2110 726 2150 parte
745 2106 835 2141 Hibemie

189 2158 278 2202 originem
289 2158 355 2192 traxit:
368 2157 418 2191 cuius
429 2164 482 2201 pater
494 2158 595 2203 Findlugus
603 2159 711 2201 vocabatur,
723 2164 782 2194 mater
790 2170 835 2194 vero

134 2213 194 2248 sinum
203 2222 257 2247 suum
264 2210 309 2245 vidit
317 2222 361 2245 auro
370 2210 441 2244 obriso³
449 2211 531 2255 plenum,
537 2216 555 2246 et
563 2210 652 2246 mamillas
660 2210 703 2247 suas
710 2211 766 2246 nimio
774 2212 834 2256 splen-

133 2267 178 2298 dore
189 2263 287 2298 radiantes.
310 2263 364 2296 Hanc
372 2264 461 2297 visionem
470 2264 528 2298 Ercus
536 2264 633 2306 episcopus
641 2265 771 2307 interpretatus
780 2265 835 2300 dixit:

133 2318 182 2361 quod
193 2328 217 2352 ex
228 2316 258 2349 illa
267 2316 344 2350 muliere
352 2316 400 2349 filius
408 2326 475 2360 magne
480 2315 552 2349 virtutis
560 2322 614 2360 atque
622 2316 723 2350 sanctitatis
731 2316 835 2350 nasciturus

107 2381 125 2410 55
134 2374 188 2404 esset.
205 2369 249 2403 Erat
256 2373 317 2403 autem
323 2368 342 2402 in
350 2368 389 2402 loco
394 2367 424 2402 illo
432 2369 604 2413 quidampropheta
611 2368 686 2403 nomine
694 2369 731 2403 Bec
739 2381 743 2403 r
752 2370 774 2402 ad
779 2380 835 2414 quem

154 2441 161 2460 ¹
171 2442 194 2472 cf.
201 2442 246 2472 Vinc.
254 2442 294 2473 Bell.
302 2442 330 2480 Sp.
338 2441 359 2472 H.
367 2441 417 2472 XXV.
427 2452 449 2472 ιο,
471 2442 518 2472 Same
526 2443 604 2472 narrative
611 2425 631 2471 111
642 2443 669 2471 the
677 2442 702 2471 old
712 2442 779 2480 English
788 2452 835 2481 poem

136 2491 157 2510 ou
165 2481 188 2512 St.
196 2482 258 2511 Editha.
317 2482 323 2498 ²
334 2482 415 2518 Compiled
423 2482 462 2511 from
469 2483 497 2511 the
504 2483 544 2512 Aeta
550 2482 566 2512 S.
575 2481 659 2517 Breudani,
667 2483 697 2520 ed,
706 2481 746 2511 from
753 2483 781 2512 the
788 2483 836 2512 Liber

136 2522 259 2558 Kilhenniensis‚
270 2522 291 2558 by
298 2522 315 2552 P.
325 2522 341 2552 F.
351 2522 412 2560 Moran,
423 2522 486 2560 Dublin,
496 2523 543 2560 1⁸72}
554 2522 585 2551 and
596 2522 623 2551 the
635 2521 718 2559 Navigatio
728 2522 745 2552 S.
755 2522 835 2552 Brendani

137 2561 168 2599 (ed,
176 2561 197 2598 by
205 2561 269 2597 lubinal,
278 2561 326 2598 Paris,
335 2563 378 2600 1836,
386 2563 417 2592 and
425 2562 486 2598 Morari,
492 2563 549 2599 partly,
555 2563 593 2598 also,
599 2562 615 2591 in
623 2562 683 2599 Colgan
690 2563 702 2593 I.
711 2572 726 2600 p.
736 2564 777 2602 721),
783 2564 836 2593 which

136 2609 171 2631 was
178 2601 248 2630 inserted
256 2600 272 2628 in
280 2601 306 2629 the
313 2601 358 2632 Acta.
419 2601 425 2618 ³
435 2611 447 2630 r.
456 2602 514 2638 obrizo.
