1762 2803
110 113 153 179 362
234 191 236 194 .
300 125 380 177 noba
395 122 511 185 taccam
527 103 619 187 uncte.

109 249 196 280 terrestre
212 244 317 289 despiciens
332 249 350 278 et
365 245 433 280 celeste
448 245 562 290 desiderans,
575 257 598 280 ne
614 245 724 280 retineretur
737 243 811 286 inuitus,

109 298 188 334 indutias
203 299 306 344 postulauit.
335 299 393 333 Nocte
407 301 493 344 sequenti
508 312 544 335 vox
559 300 640 344 angelica
651 299 753 344 ,alloquitur
768 310 810 333 eum

110 352 185 387 dicens:
206 353 265 387 ‘Ecce
283 358 323 386 asto
339 357 357 386 et
372 354 448 387 consulo
464 365 488 388 ne
506 359 607 397 postponas
626 353 746 388 intentionem
761 357 811 387 tuam

110 405 200 448 primam;
216 406 302 438 caducam
315 405 436 439 hereditatem
451 417 475 440 ne
492 406 562 450 diligas,
575 406 665 440 infinitam
680 406 758 449 patriam
774 415 811 438 non

93 459 188 493 samittas.
211 458 323 502 Quecunque
331 458 384 492 vides
395 459 414 492 in
426 460 488 493 seculo
500 463 611 494 euanescunt
622 469 664 493 cum
675 458 724 493 luctu
733 463 751 493 et
762 457 811 501 peri-

110 510 160 552 culo,
176 511 258 545 luctuosa
271 511 358 545 uniuersa
371 522 407 556 que
421 512 478 554 audis,
490 511 594 556 periculosa
605 511 667 546 omnia
680 521 716 555 que
728 509 811 554 respicis¹

110 563 174 605 Qualis
187 563 236 599 enim
248 568 266 597 et
278 569 356 608 quantus
369 566 424 599 debet
435 575 478 599 esse
489 565 540 608 vigor
551 563 666 607 intrinsecus,
678 568 697 599 vt
709 562 768 608 possit
780 573 811 597 ex-

110 615 153 659 pelli
161 617 242 650 occultus
250 617 345 652 insidiator
353 623 371 652 et
378 618 463 652 inimicus
470 622 474 652 1
491 617 525 652 Die
533 629 577 661 ergo
585 617 665 652 crastina
672 617 780 651 festinanter
788 616 811 649 ad

110 679 161 702 mare
177 671 238 709 tende,
247 674 265 703 et
280 671 303 703 ad
320 670 433 703 Britanniam
450 670 525 703 transito
540 674 597 712 ponto
612 670 646 703 deo
661 669 728 702 comite
743 670 811 712 perge!

84 730 102 750 10
111 719 165 754 Mane
180 727 247 764 autem,
260 721 360 765 assumptis
375 733 438 756 secum
453 727 493 756 octo
507 721 606 765 discipulis,
619 722 670 756 venit
684 722 708 755 ad
721 731 778 762 mare,
792 725 811 754 et

110 773 213 808 nauiculam
227 776 319 817 quandam
332 775 372 809 sine
386 776 455 818 remige
461 776 472 817 1,
484 785 536 808 remo
548 780 566 808 et
578 775 619 808 velo
631 776 707 816 intrans,
721 784 812 818 prospero

110 826 167 861 flante
174 833 229 862 vento
241 828 353 863 Britanniam
364 828 464 873 applicuitt
487 827 559 862 Relicta
570 832 631 862 autem
639 829 662 862 ad
671 827 721 862 littus
731 827 772 862 sine
783 838 811 861 re·

110 881 190 916 tinaculo
198 881 286 925 nauicula,
294 884 339 917 dum
347 882 366 916 in
373 883 416 917 villa
423 882 507 926 proxima
515 882 571 926 quieti
578 881 644 916 fratres
652 882 735 916 membra
742 882 812 921 darent,

111 934 180 969 missus
195 940 223 968 est
237 946 285 969 vnus
301 935 323 969 ad
339 946 390 969 mare
403 935 434 978 qui
449 935 551 969 nauiculam
566 935 644 969 solutam
661 934 749 977 alligaret.
776 934 812 975 Qui

85 998 102 1027 ¹5
111 986 167 1021 littori
182 988 277 1031 accedens,
289 987 334 1022 vidit
346 999 421 1022 ceruum
437 999 488 1022 more
503 988 583 1021 humano
598 998 640 1021 cum
655 987 733 1031 pedibus
749 986 811 1020 funem

111 1041 222 1075 retinentem
236 1045 254 1075 et
268 1051 279 1075 a
294 1041 422 1075 submersione
437 1041 540 1076 nauiculam
555 1046 699 1084 preseruantem.
726 1040 812 1074 Adducto

110 1098 172 1127 autem
180 1094 203 1128 ad
210 1093 269 1127 virum
278 1093 307 1128 dei
315 1105 375 1135 ceruo,
383 1094 441 1128 virtus
449 1094 479 1128 dei
490 1093 549 1138 coegit
559 1092 636 1128 bestiam
644 1092 662 1127 in
670 1098 739 1127 terram
746 1095 812 1135 iacere,

110 1147 176 1180 collum
185 1148 295 1191 protendere
303 1152 321 1182 et
332 1147 405 1191 signum
416 1147 511 1182 occisionis
519 1147 622 1182 ostendere.
645 1146 756 1182 Occiderunt
767 1157 812 1190 ergo

110 1210 153 1233 eum
168 1205 186 1234 et
201 1199 269 1234 cibaria
285 1200 372 1234 fratribus
386 1205 538 1244 preparauerunt.
596 1192 641 1234 Rex
655 1199 749 1244 prouincie
764 1199 813 1234 illius

84 1265 103 1285 ao
111 1252 185 1286 nomine
193 1252 291 1295 Cradocus,
299 1252 360 1287 audita
370 1253 404 1288 viri
412 1253 441 1287 dei
450 1253 503 1295 sama,
511 1253 581 1296 legatos
589 1253 612 1287 ad
620 1252 697 1296 [illum]³
705 1252 760 1294 misit,
768 1263 812 1296 qua-

111 1305 160 1338 tinus
171 1305 277 1349 euangelica
286 1306 400 1340 hortamenta
409 1306 432 1339 ab
442 1306 473 1340 illo
484 1306 559 1347 audiret,
568 1310 586 1340 et
595 1305 657 1339 audita
664 1304 756 1339 retineret.
779 1305 812 1339 Ille

110 1363 171 1391 autem
183 1357 277 1392 humiliter
287 1358 353 1402 legatis
364 1358 470 1402 respondit:
483 1358 537 1392 ‘Rex
544 1362 611 1399 vester,
619 1357 635 1392 si
645 1357 705 1400 cupiat
716 1356 762 1392 nos⁴
769 1356 812 1391 visi·

111 1416 156 1453 tare,
172 1410 207 1447 huc
222 1409 293 1455 veniat;
313 1422 347 1455 ego
359 1416 420 1446 autem
435 1422 498 1456 regem
514 1411 621 1455 secularem,
634 1416 652 1446 et
666 1410 759 1455 copiosam
773 1410 813 1445 eius

111 1464 204 1506 familiam,
212 1475 249 1498 non
257 1464 344 1499 visitabo!
368 1465 408 1507 Quo
418 1465 479 1499 audito
491 1476 530 1506 rex,
538 1464 639 1509 assumptis
650 1475 714 1499 secum
726 1464 812 1499 militibus

85 1528 103 1557 ²5
112 1517 178 1559 multis,
188 1523 271 1551 sanctum
280 1518 383 1551 Thatheum
393 1517 477 1559 uisitauit,
485 1518 581 1551 immensis
593 1518 678 1560 precibus
690 1527 757 1560 rogans
769 1527 812 1560 qua-

112 1569 161 1602 tinus
169 1569 187 1602 in
196 1570 240 1602 vrbe
248 1578 281 1602 sua
289 1569 379 1602 scolarum
387 1570 467 1602 studium
476 1574 553 1612 regeret.
576 1569 611 1610 Qui
622 1570 710 1602 talentum
720 1569 754 1602 sibi
764 1579 813 1602 com·

112 1620 813 1665 missumseminarecupiens,[con]ssuentibus⁵undiquescolaribusadroga-

111 1679 151 1710 tum
159 1674 208 1718 regis
215 1673 297 1710 studium
305 1685 370 1718 regere
377 1675 436 1719 cepit;
448 1679 466 1708 et
474 1674 538 1708 collato
546 1674 581 1708 sibi
589 1684 650 1718 arege
658 1684 707 1718 agro,
716 1673 813 1708 ecclesiam

112 1733 175 1762 sancte
182 1727 267 1761 trinitatis
275 1728 346 1761 honore
353 1728 459 1769 construxit,
465 1733 483 1762 et
491 1728 514 1761 de
522 1727 597 1762 consilio
605 1727 723 1762 landauensis
731 1727 813 1772 episcopi

84 1790 104 1817 30
112 1781 208 1814 duodecim
221 1781 318 1814 canonicos
329 1780 397 1814 ibidem
409 1781 444 1813 deo
457 1780 559 1815 seruientes
570 1780 652 1814 instituit.
697 1773 747 1814 Cum
759 1790 814 1814 vacca

111 1833 145 1867 viri
157 1832 187 1867 dei
198 1831 217 1865 in
228 1837 281 1876 prato
293 1832 420 1874 custodiretur,
431 1838 579 1876 superuenerunt
590 1831 676 1876 armigeri
684 1832 763 1876 quidam,
771 1843 813 1867 cum

111 1886 304 1930 quadragintaseptem
319 1885 377 1929 equis,
391 1885 422 1930 qui
436 1886 534 1921 incidendo
549 1891 567 1920 et
581 1885 667 1920 calcando
678 1890 736 1920 totum
751 1896 813 1920 corru-

111 1945 189 1983 perunt:
208 1945 226 1974 et
239 1939 279 1974 sine
292 1949 343 1974 mora
356 1939 399 1984 equi
411 1949 476 1974 omnes
489 1938 508 1973 in
520 1944 587 1975 terram
602 1940 694 1982 cadentes,
706 1938 773 1973 mortui
786 1938 814 1973 in·

111 1993 161 2028 uenti
175 1998 223 2027 sunt.
247 1992 287 2035 Quo
300 1992 366 2035 audito,
379 2003 412 2027 rex
424 1992 465 2026 illos
478 1991 579 2036 armigeros
591 1992 698 2027 verberibus
713 1992 789 2027 afflictos
802 2003 813 2027 a

84 2055 102 2084 35
111 2046 161 2081 curia
178 2057 211 2081 sua
228 2046 304 2090 expulit,
319 2051 338 2082 et
352 2046 406 2082 nudis
421 2046 505 2089 pedibus,
520 2046 588 2080 familia
606 2050 700 2089 sequente,
715 2047 738 2079 ad
752 2045 813 2080 virum

112 2099 141 2133 dei
157 2099 234 2133 ueniens
240 2097 251 2140 ⁶,
266 2098 372 2142 genuflexit,
388 2104 406 2133 et
421 2099 494 2132 veniam
509 2098 610 2142 postulans,
625 2098 711 2142 quicquid
725 2098 754 2132 sui
769 2098 814 2132 deli-

112 2157 193 2196 querant,
203 2153 226 2186 ad
237 2152 349 2186 voluntatem
360 2151 439 2187 Thathei
450 2150 603 2188 satisfactionem⁷
615 2151 714 2196 pollicetur.
738 2151 761 2185 Et
772 2152 814 2185 data

113 2204 206 2239 humiliter
216 2215 227 2237 a
235 2215 289 2238 seruo
297 2204 326 2239 dei
334 2204 392 2246 venia,
401 2215 466 2239 omnes
474 2203 517 2247 equi
528 2204 547 2238 in
555 2208 621 2238 statum
629 2204 727 2248 pristinum
736 2203 813 2238 restituti

112 2261 159 2291 sunt.
183 2256 224 2291 Hoc
232 2256 272 2290 viso
280 2257 372 2299 miraculo,
378 2256 427 2291 dedit
436 2256 452 2290 ei
461 2267 494 2290 rex
502 2260 558 2289 totam
566 2256 642 2290 vrbem³
650 2266 692 2290 cum
700 2256 767 2300 palatio
775 2267 813 2291 suo.

84 2322 104 2352 40
113 2302 177 2357 Nocte
189 2309 267 2357 quadam
279 2309 359 2344 latrones
371 2311 394 2345 de
405 2309 481 2354 regione
489 2308 568 2344 Gundlei
579 2308 628 2353 regis
636 2308 732 2345 venientes
739 2319 813 2345 vaccam

112 2363 146 2399 viri
159 2363 189 2397 dei
204 2373 267 2397 secum
280 2364 303 2399 ad
316 2362 364 2398 illius
378 2363 446 2399 curiam
459 2363 555 2399 adductam
569 2362 705 2405 interfecerunt,
717 2363 765 2398 etin
778 2363 814 2398 cal·

132 2504 165 2533 1Ε,
173 2502 233 2540 remigi.
280 2501 342 2532 ²sein
350 2501 413 2532 Gwent.
461 2483 608 2538 ’cormeum
656 2502 731 2533 Ἔνος.
780 2501 814 2530 5Ε.

111 2543 221 2615 Eqr'qgtgbtqsmm
252 2540 531 2580 ⁶T.ueiuentens;E.deueniens.
583 2540 630 2574 ⁷Vit.
638 2543 726 2573 emendare.
779 2540 813 2572 ⁸T.
