1762 2803
65 112 67 118 v
122 92 167 151 art
400 89 524 152 traconit
541 90 573 137 11.

121 220 178 265 palem
184 219 293 259 constituere,
297 224 314 251 et
320 217 338 251 in
342 227 373 252 suo
379 216 499 251 eumdominio
504 214 594 257 subiugare
600 213 701 257 temptabat.
711 212 824 247 Herarrannur

100 268 103 273 ’
122 271 214 305 archidiac.
222 269 295 311 Arfastt'
306 266 441 310 Tltesordrnszis]
453 265 543 309 episcopi&
574 266 648 298 Volebat
660 264 739 306 redigere
754 264 824 297 consilio

122 330 192 354 suorum
198 320 215 351 in
220 318 375 360 seruitutem,quod
379 328 428 359 reges
434 327 455 350 ac
460 317 487 350 sui
494 317 624 359 predecessores
632 314 741 347 firmauerant
749 313 766 345 in
774 312 824 346 iiber-

122 375 180 403 tatem.
204 369 272 401 Partem
283 377 312 401 sue
324 367 401 410 diocesis,
413 368 469 401 locum
478 366 547 400 dicebat
556 375 595 399 esse
606 363 728 407 preciosissimi
738 363 824 397 martiris:

105 433 114 464 5
123 429 196 465 querens
206 419 268 453 iniuste
278 418 337 461 pocius
346 428 420 462 preesse,
428 428 481 461 quam
488 417 582 451 secundum
591 416 642 449 deum
650 421 667 448 vt
676 415 733 448 debuit
739 414 825 457 prodesse.

124 471 243 505 insectabatur
249 469 284 512 lupi
292 479 340 502 more
347 469 400 502 caulis
408 469 471 509 ouium,
478 468 541 501 scilicet
547 466 594 509 gregi
600 466 724 498 monachorum
731 465 825 499 aduersaris

123 519 185 563 inique,
194 520 239 552 intro
246 518 322 561 gestiens
330 530 394 561 ponere
401 520 463 561 pedem
470 518 550 561 primum,
559 517 606 550 sicvt
614 516 691 558 ingerere
698 521 757 557 posset
765 515 826 548 deinde

123 580 185 612 corpus
196 575 256 601 totum.
280 570 345 602 Contra
356 569 402 612 quod
413 569 467 602 abbas
479 566 577 601 Baldwinus
587 576 642 608 pauca
652 564 746 608 respondit,
758 575 826 598 securus

123 629 184 661 regum
191 619 285 662 priuilegiis
292 619 325 652 sibi
333 629 354 652 ac
361 618 397 652 suis
405 617 554 662 predecessoribus
565 616 726 659 successoribusque
737 615 826 649 concessis.

98 668 310 714 10[Nec]²pi'0piel'hoc
321 670 385 712 quieuit
396 669 491 712 episcopus,
498 666 565 701 factust
575 667 614 700 loco
625 667 692 710 locique
703 666 826 710 pertinentibus

125 721 232 763 inportunus.
254 720 370 753 Grassabatur
377 720 394 752 in
400 719 486 752 maliciam
494 718 551 752 modis
559 718 711 757 omnibus,nullius
719 717 785 750 habens
791 716 827 758 epi·

125 771 173 811 scopi
181 770 207 802 sui
216 769 298 810 scriptum
305 769 454 808 antecessoris,vel
462 769 581 810 cirographum
589 765 752 800 testimonium⁴sue
758 766 827 799 calami·

125 819 166 853 tatis
171 817 183 851 ὅ.
194 819 263 852 Deinde
270 818 315 861 regis
323 818 395 851 licencia
402 819 482 852 baculum
490 818 577 862 quendam
583 816 697 860 episcopalem
706 816 794 850 cuiusdam
802 816 827 850 sui

125 869 238 902 antecessoris
249 880 260 902 a
271 868 374 902 monasterio
384 869 446 911 rapuit,
454 874 517 911 putans
528 867 553 901 sic
564 878 595 911 per
602 867 682 901 baculum
694 866 726 901 sibi
737 866 828 901 vendicare

99 935 117 963 15
125 919 168 953 tanti
181 918 214 952 loci
228 918 341 961 participium.
363 920 463 952 Marianus.
476 920 519 952 Orta
532 919 583 960 igitur
595 918 625 951 tali
638 928 659 951 ex
673 928 726 951 causa
740 917 785 951 inter
799 928 828 951 eos

126 969 173 1012 graui
186 969 297 1002 contencione
310 974 327 1002 et
341 968 389 1012 graui
405 968 531 1003 controuersia:
548 968 646 1002 Baldtvinus
659 969 714 1002 abbas
726 968 797 1003 consilio
812 975 829 1003 et

125 1019 188 1053 anxilio
195 1020 240 1061 regis
248 1020 329 1052 Willehni
337 1019 387 1061 primi
395 1021 470 1053 Romam
482 1020 567 1061 proiectus
575 1026 602 1052 est
609 1029 613 1059 ς
624 1019 652 1051 vbi
661 1029 672 1052 a
679 1030 724 1061 papa
732 1019 828 1052 Alexandro

126 1075 215 1111 susceptus
227 1069 325 1110 honorifice,
333 1069 418 1111 presbiter
429 1069 517 1102 ordinatus
529 1075 560 1102 est.
583 1069 644 1111 Aque
656 1069 710 1101 eciam
722 1067 829 1110 priuilegium

125 1118 241 1162 exempcionis
248 1118 326 1161 optinuit,
332 1118 349 1152 in
357 1129 390 1162 quo
398 1118 494 1152 continetur
501 1118 545 1152 inter
552 1124 620 1153 cetera:
628 1124 647 1152 vt
655 1117 701 1152 idem
708 1117 830 1152 monasterium

100 1169 181 1205 20sancti
193 1169 282 1202 Edmundi
297 1170 329 1201 sub
342 1170 411 1202 abbatis
425 1170 508 1211 regimine
522 1169 648 1212 imperpetuum
664 1168 719 1202 ordini
734 1168 829 1202 monastico

126 1220 217 1261 deseruiat,
232 1230 265 1252 nee
280 1219 337 1263 aliqua
351 1225 429 1262 potestas
444 1219 525 1253 secularis
540 1224 570 1252 aut
584 1218 701 1252 ecclesiastica
715 1218 750 1251 iam
765 1217 829 1251 dietum

125 1271 183 1303 locum
195 1270 212 1302 in
222 1270 281 1302 sedem
293 1269 408 1311 episcopalem
420 1274 520 1309 conuertat5
537 1275 554 1301 et
566 1274 585 1301 vt
597 1269 654 1302 nuilus
665 1278 700 1308 rex,
714 1269 753 1307 dux,
767 1278 829 1307 comes,

126 1319 223 1363 episcopus,
231 1319 290 1361 abbas,
297 1329 327 1352 seu
334 1319 392 1362 aliqua
399 1328 473 1361 persona
481 1318 562 1352 secularis
570 1324 599 1352 aut
605 1317 726 1359 ecclesiastica,
734 1317 829 1361 predictum

126 1369 249 1404 monasterium
260 1370 314 1402 sancti
326 1369 414 1402 Edmundi
422 1370 449 1403 vel
460 1370 554 1402 monachos
566 1369 590 1402 ibi
598 1369 631 1402 deo
643 1369 736 1403 seruientes
746 1370 778 1403 sub
785 1379 830 1412 pena

100 1434 119 1463 25
126 1419 242 1454 anathematis
253 1419 352 1463 inquietare,
360 1430 392 1453 nee
400 1420 465 1463 aliquid
475 1431 533 1453 eorum
541 1431 574 1464 que
582 1430 628 1454 nunc
635 1421 688 1454 habet
695 1421 722 1453 vel
731 1420 748 1453 in
756 1420 830 1453 futurum

127 1470 227 1514 adquisierit
241 1469 320 1512 diripere,
336 1470 422 1510 inuadere,
437 1477 466 1504 aut
480 1471 555 1503 alienare
569 1477 661 1511 presumat.
684 1472 707 1503 Et
723 1470 770 1502 dedit
785 1470 831 1501 idem

128 1530 174 1562 papa
181 1520 240 1552 abbati
248 1519 348 1552 Baldewino
355 1519 421 1561 virgam
428 1520 531 1562 pastoralem
539 1525 556 1553 et
563 1520 651 1561 annulum,
659 1526 676 1553 et
688 1521 741 1553 altare
752 1518 831 1563 portatile

128 1581 149 1604 ex
163 1569 220 1612 lapide
235 1569 331 1612 porphirieo
346 1569 442 1612 preciosum
457 1577 475 1603 et
488 1569 506 1603 in
520 1571 585 1604 honore
599 1576 658 1604 sancte
673 1570 729 1604 Marie
744 1576 761 1604 et
777 1568 830 1603 sancti

129 1619 218 1654 Edmundi
226 1620 342 1662 sollempniter
353 1620 375 1653 ab
386 1620 425 1663 ipso
436 1626 558 1662 consecratum,
571 1621 641 1655 dicens:
654 1622 682 1656 'Si
693 1627 748 1655 totum
759 1630 831 1663 regnum

102 1685 121 1714 30
128 1672 223 1712 AngIorum
230 1671 288 1713 aliqua
293 1672 476 1705 excommunicacionis
482 1682 534 1705 causa
539 1683 550 1705 a
555 1671 614 1705 diuino
620 1678 693 1705 cessaret
699 1672 763 1705 officio:
772 1680 831 1713 quam·

128 1721 158 1755 diu
165 1721 219 1754 altare
225 1721 271 1753 istud
279 1721 363 1761 integrum
371 1727 388 1754 et
395 1722 478 1754 illibatum
485 1721 570 1754 custodire
577 1721 659 1763 poteritis,
665 1732 752 1764 nunquam
760 1732 771 1753 a
779 1720 831 1754 saeris

128 1771 220 1804 missarum
232 1769 337 1811 sollempniis
348 1780 380 1811 pro
388 1770 446 1813 aliqua
457 1770 578 1814 prohibicione,
586 1770 620 1804 nisi
631 1781 677 1813 papa
688 1772 721 1804 hoc
730 1769 832 1803 nominatim

128 1819 238 1860 interdixerit,
247 1819 347 1853 cessabitis!
370 1822 425 1865 Super
432 1821 557 1865 quod'quidem
564 1823 618 1856 altare
625 1821 648 1855 hii
657 1833 715 1856 versus
725 1821 831 1856 scribuntur:

129 1870 203 1905 ‘Altaris
216 1881 295 1904 mensam
307 1882 346 1904 cum
358 1871 435 1915 reliquiis
448 1872 492 1906 bene
504 1880 591 1916 comptam
604 1874 645 1914 Dat,
662 1879 718 1907 sacrat
729 1874 774 1907 hanc
783 1871 832 1906 uobis

101 1920 229 1960 35Baldewino
245 1926 293 1963 pater
307 1920 353 1954 orbis
371 1923 508 1966 Pontificumque
527 1922 573 1957 sidus
589 1924 720 1967 Alexanderque
737 1922 833 1958 secundus.¹

128 1970 355 2007 ttHermannusarchidiac.
368 1972 519 2016 Arsastr'qbr'sropz'.
533 1972 833 2016 Postearediitabbasdomumpriui-

129 2020 173 2063 legio
181 2021 257 2054 munitus
265 2021 359 2064 apostolico
367 2024 462 2056 secundum
470 2023 566 2057 libertatem
578 2035 588 2057 a
595 2024 664 2067 regibus
672 2031 732 2058 sancto
740 2023 832 2058 Edmundo

129 2081 234 2104 concessam.
248 2071 278 2104 Set
284 2073 341 2115 presul
348 2073 470 2108 nichilominus
475 2074 530 2115 magis
538 2073 638 2116 exardescit,
644 2074 686 2108 iram
692 2074 808 2117 multiplicans
815 2073 833 2106 in

129 2121 232 2161 tribulando,
240 2122 269 2154 zeli
278 2122 318 2155 mali
326 2122 371 2156 circa
378 2123 435 2157 locum
443 2124 498 2158 sancti
504 2125 581 2166 gestiens
587 2125 729 2167 amaritudinem,⁸
738 2131 755 2159 et
763 2131 833 2158 conatur

102 2186 122 2215 40
130 2172 185 2205 modis
194 2172 273 2205 omnibus
281 2171 346 2206 ibidem
353 2174 411 2206 sedern
419 2184 468 2207 suam
477 2175 566 2209 collocare.
575 2176 613 2208 Nec
621 2175 706 2217 preteribo
712 2175 769 2209 silenti
777 2184 833 2208 carac-

130 2228 171 2261 tere,
179 2221 282 2254 coniusionis
290 2223 357 2254 deterso
362 2224 428 2264 rubore,
434 2225 480 2266 quod
487 2224 568 2257 audiente
575 2234 603 2257 me
611 2225 667 2266 presul
675 2224 721 2257 idem
727 2222 833 2257 tractrauerit

130 2270 225 2314 sepissime,
234 2276 250 2303 et
258 2271 294 2312 regi
301 2272 378 2314 predicto
388 2278 458 2316 propter
464 2273 536 2308 eandem
542 2274 632 2307 abbaciam
638 2273 661 2308 ad
668 2274 728 2308 sedem
736 2285 785 2308 suam
793 2283 833 2306 con-

130 2322 236 2357 stituendam
247 2333 275 2354 me
283 2322 363 2365 dictante,
368 2323 475 2367 dictatasque
483 2324 574 2364 scribente,
582 2324 639 2358 literas
646 2330 694 2358 trans
705 2336 753 2358 mare
764 2322 834 2361 miserit,

130 2372 210 2405 remissas
219 2382 287 2416 quoque
294 2372 364 2415 legerim
373 2374 433 2416 quales
441 2375 498 2417 presul
509 2374 608 2417 susceperit.
632 2374 669 2418 Que
680 2376 752 2410 remisse
763 2372 834 2409 consilio

103 2436 122 2466 45
131 2423 239 2467 quomndam
252 2422 345 2466 aliquando
358 2423 426 2457 fuerunt
438 2425 521 2466 allectiue,
532 2426 625 2467 aliquando
637 2426 693 2459 eciam
706 2427 769 2458 virtute
780 2422 834 2457 sancti

192 2517 197 2535 ¹
208 2518 232 2548 cf.
240 2519 275 2549 Tib.
283 2518 309 2550 fol.
317 2526 341 2557 52.
448 2518 454 2537 ²
464 2528 494 2551 om.
600 2520 606 2539 ⁹
617 2520 638 2551 H.
646 2520 733 2561 quiescit„
741 2542 745 2549 .
753 2520 775 2552 fit,

263 2558 269 2575 ¹
280 2559 301 2590 H.
309 2558 401 2591 testimonio.
502 2560 509 2579 ⁵
522 2574 535 2586 =
543 2559 644 2598 clamationis,
651 2561 702 2592 claim.
