<?xml version="1.0" encoding="UTF-8"?>
<!DOCTYPE html PUBLIC "-//W3C//DTD XHTML 1.0 Transitional//EN"
    "http://www.w3.org/TR/xhtml1/DTD/xhtml1-transitional.dtd">
<html xmlns="http://www.w3.org/1999/xhtml" xml:lang="en" lang="en">
 <head>
  <title>
</title>
<meta http-equiv="Content-Type" content="text/html;charset=utf-8" />
  <meta name='ocr-system' content='tesseract 3.04.00' />
  <meta name='ocr-capabilities' content='ocr_page ocr_carea ocr_par ocr_line ocrx_word'/>
</head>
<body>
  <div class='ocr_page' id='page_1' title='image "./MN5111ucmf_0/MN5111ucmf_0_1287.png"; bbox 0 0 1762 2803; ppageno 0'>
   <div class='ocr_carea' id='block_1_1' title="bbox 59 118 758 181">
    <p class='ocr_par' dir='ltr' id='par_1_1' title="bbox 59 118 758 181">
     <span class='ocr_line' id='line_1_1' title="bbox 59 118 758 181; baseline 0.023 -20"><span class='ocrx_word' id='word_1_1' title='bbox 59 125 192 167; x_wconf 65' lang='lat' dir='ltr'>assonam</span> <span class='ocrx_word' id='word_1_2' title='bbox 214 119 259 174; x_wconf 59' lang='lat' dir='ltr'>me</span> <span class='ocrx_word' id='word_1_3' title='bbox 273 118 310 171; x_wconf 51' lang='lat' dir='ltr'>a.</span> <span class='ocrx_word' id='word_1_4' title='bbox 321 119 453 170; x_wconf 68' lang='lat' dir='ltr'>cumanae</span> <span class='ocrx_word' id='word_1_5' title='bbox 468 128 525 180; x_wconf 76' lang='lat' dir='ltr'>tene</span> <span class='ocrx_word' id='word_1_6' title='bbox 540 123 564 170; x_wconf 81' lang='lat' dir='ltr'>tt</span> <span class='ocrx_word' id='word_1_7' title='bbox 577 123 693 181; x_wconf 66' lang='lat' dir='ltr'>matuta.</span> <span class='ocrx_word' id='word_1_8' title='bbox 716 122 758 176; x_wconf 75' lang='grc' dir='ltr'>67ι</span> 
     </span>
    </p>
   </div>
   <div class='ocr_carea' id='block_1_2' title="bbox 61 259 763 296">
    <p class='ocr_par' dir='ltr' id='par_1_2' title="bbox 61 259 763 296">
     <span class='ocr_line' id='line_1_2' title="bbox 61 259 763 296; baseline 0.003 -4"><span class='ocrx_word' id='word_1_9' title='bbox 61 259 92 292; x_wconf 80' lang='lat' dir='ltr'>Da</span> <span class='ocrx_word' id='word_1_10' title='bbox 103 266 222 295; x_wconf 76' lang='lat' dir='ltr'>canuaninis</span> <span class='ocrx_word' id='word_1_11' title='bbox 235 268 260 294; x_wconf 81' lang='lat' dir='ltr'>nr</span> <span class='ocrx_word' id='word_1_12' title='bbox 271 269 355 296; x_wconf 80' lang='lat' dir='ltr'>naumis</span> <span class='ocrx_word' id='word_1_13' title='bbox 366 269 403 295; x_wconf 73' lang='lat' dir='ltr'>nnn</span> <span class='ocrx_word' id='word_1_14' title='bbox 414 263 539 296; x_wconf 79' lang='lat' dir='ltr'>Wrnnnnnrunr</span> <span class='ocrx_word' id='word_1_15' title='bbox 551 263 640 296; x_wconf 83' lang='lat' dir='ltr'>Nonwrcr</span> <span class='ocrx_word' id='word_1_16' title='bbox 654 268 763 295; x_wconf 74' lang='lat' dir='ltr'>nirscorurr</span> 
     </span>
    </p>
   </div>
   <div class='ocr_carea' id='block_1_3' title="bbox 104 313 762 397">
    <p class='ocr_par' dir='ltr' id='par_1_3' title="bbox 104 313 762 397">
     <span class='ocr_line' id='line_1_3' title="bbox 104 313 762 347; baseline 0.002 -4"><span class='ocrx_word' id='word_1_17' title='bbox 104 318 229 346; x_wconf 78' lang='lat' dir='ltr'>nrounsrnnro</span> <span class='ocrx_word' id='word_1_18' title='bbox 242 320 310 346; x_wconf 80' lang='lat' dir='ltr'>snucrr</span> <span class='ocrx_word' id='word_1_19' title='bbox 324 313 420 346; x_wconf 81' lang='lat' dir='ltr'>Ennnnnr</span> <span class='ocrx_word' id='word_1_20' title='bbox 435 321 508 347; x_wconf 76' lang='lat' dir='ltr'>rmnrrs</span> <span class='ocrx_word' id='word_1_21' title='bbox 520 321 545 347; x_wconf 78' lang='lat' dir='ltr'>nr</span> <span class='ocrx_word' id='word_1_22' title='bbox 556 321 594 346; x_wconf 75' lang='lat' dir='ltr'>nnn</span> <span class='ocrx_word' id='word_1_23' title='bbox 607 320 682 346; x_wconf 79' lang='lat' dir='ltr'>tannim</span> <span class='ocrx_word' id='word_1_24' title='bbox 694 319 762 346; x_wconf 81' lang='lat' dir='ltr'>sANch</span> 
     </span>
     <span class='ocr_line' id='line_1_4' title="bbox 104 361 425 397; baseline 0.006 -4"><span class='ocrx_word' id='word_1_25' title='bbox 104 361 201 394; x_wconf 81' lang='lat' dir='ltr'>Ennrunnr</span> <span class='ocrx_word' id='word_1_26' title='bbox 213 369 338 396; x_wconf 79' lang='lat' dir='ltr'>umacunosa</span> <span class='ocrx_word' id='word_1_27' title='bbox 349 370 425 397; x_wconf 78' lang='lat' dir='ltr'>FlNlTls.</span> 
     </span>
    </p>
   </div>
   <div class='ocr_carea' id='block_1_4' title="bbox 62 433 804 2542">
    <p class='ocr_par' dir='ltr' id='par_1_4' title="bbox 62 433 804 2542">
     <span class='ocr_line' id='line_1_5' title="bbox 64 433 764 510; baseline 0.003 -43"><span class='ocrx_word' id='word_1_28' title='bbox 64 433 128 510; x_wconf 52' lang='grc' dir='ltr'>Καὶ</span> <span class='ocrx_word' id='word_1_29' title='bbox 139 434 264 468; x_wconf 86' lang='lat' dir='ltr'>monasterium</span> <span class='ocrx_word' id='word_1_30' title='bbox 275 434 330 467; x_wconf 90' lang='lat' dir='ltr'>sancti</span> <span class='ocrx_word' id='word_1_31' title='bbox 342 434 430 468; x_wconf 90' lang='lat' dir='ltr'>Edmundi</span> <span class='ocrx_word' id='word_1_32' title='bbox 439 446 478 469; x_wconf 90' lang='lat' dir='ltr'>cnm</span> <span class='ocrx_word' id='word_1_33' title='bbox 485 436 531 478; x_wconf 88' lang='lat' dir='ltr'>villa,</span> <span class='ocrx_word' id='word_1_34' title='bbox 539 435 623 479; x_wconf 90' lang='lat' dir='ltr'>personis,</span> <span class='ocrx_word' id='word_1_35' title='bbox 631 436 681 470; x_wconf 89' lang='lat' dir='ltr'>rebus</span> <span class='ocrx_word' id='word_1_36' title='bbox 693 441 710 469; x_wconf 90' lang='lat' dir='ltr'>et</span> <span class='ocrx_word' id='word_1_37' title='bbox 722 434 764 469; x_wconf 90' lang='lat' dir='ltr'>locis</span> 
     </span>
     <span class='ocr_line' id='line_1_6' title="bbox 125 485 764 529; baseline 0.002 -12"><span class='ocrx_word' id='word_1_38' title='bbox 125 485 169 518; x_wconf 81' lang='lat' dir='ltr'>infra</span> <span class='ocrx_word' id='word_1_39' title='bbox 176 490 250 527; x_wconf 87' lang='lat' dir='ltr'>quatuor</span> <span class='ocrx_word' id='word_1_40' title='bbox 257 495 317 518; x_wconf 90' lang='lat' dir='ltr'>cruces</span> <span class='ocrx_word' id='word_1_41' title='bbox 324 495 356 527; x_wconf 92' lang='lat' dir='ltr'>per</span> <span class='ocrx_word' id='word_1_42' title='bbox 363 495 415 518; x_wconf 88' lang='lat' dir='ltr'>vnum</span> <span class='ocrx_word' id='word_1_43' title='bbox 423 485 489 518; x_wconf 88' lang='lat' dir='ltr'>miliare</span> <span class='ocrx_word' id='word_1_44' title='bbox 496 487 519 519; x_wconf 85' lang='lat' dir='ltr'>ab</span> <span class='ocrx_word' id='word_1_45' title='bbox 527 486 576 519; x_wconf 84' lang='lat' dir='ltr'>altari</span> <span class='ocrx_word' id='word_1_46' title='bbox 586 485 676 529; x_wconf 87' lang='lat' dir='ltr'>principali</span> <span class='ocrx_word' id='word_1_47' title='bbox 686 486 764 519; x_wconf 87' lang='lat' dir='ltr'>eiusdem</span> 
     </span>
     <span class='ocr_line' id='line_1_7' title="bbox 62 534 765 579; baseline -0.001 -10"><span class='ocrx_word' id='word_1_48' title='bbox 62 534 160 569; x_wconf 91' lang='lat' dir='ltr'>monasterii</span> <span class='ocrx_word' id='word_1_49' title='bbox 169 534 286 575; x_wconf 83' lang='lat' dir='ltr'>existentibus,</span> <span class='ocrx_word' id='word_1_50' title='bbox 295 540 331 567; x_wconf 83' lang='lat' dir='ltr'>tam</span> <span class='ocrx_word' id='word_1_51' title='bbox 338 545 369 577; x_wconf 90' lang='lat' dir='ltr'>per</span> <span class='ocrx_word' id='word_1_52' title='bbox 375 534 465 577; x_wconf 85' lang='lat' dir='ltr'>priuilegia</span> <span class='ocrx_word' id='word_1_53' title='bbox 474 536 539 578; x_wconf 77' lang='lat' dir='ltr'>regalia</span> <span class='ocrx_word' id='word_1_54' title='bbox 546 541 563 569; x_wconf 89' lang='lat' dir='ltr'>et</span> <span class='ocrx_word' id='word_1_55' title='bbox 571 536 671 579; x_wconf 85' lang='lat' dir='ltr'>apostolica,</span> <span class='ocrx_word' id='word_1_56' title='bbox 679 546 731 579; x_wconf 87' lang='lat' dir='ltr'>quam</span> <span class='ocrx_word' id='word_1_57' title='bbox 742 536 765 568; x_wconf 89' lang='lat' dir='ltr'>de</span> 
     </span>
     <span class='ocr_line' id='line_1_8' title="bbox 63 584 765 627; baseline -0.001 -8"><span class='ocrx_word' id='word_1_58' title='bbox 63 584 187 619; x_wconf 88' lang='lat' dir='ltr'>consuetudine</span> <span class='ocrx_word' id='word_1_59' title='bbox 198 585 294 627; x_wconf 87' lang='lat' dir='ltr'>prescripta</span> <span class='ocrx_word' id='word_1_60' title='bbox 304 591 322 618; x_wconf 87' lang='lat' dir='ltr'>et</span> <span class='ocrx_word' id='word_1_61' title='bbox 332 596 343 618; x_wconf 89' lang='lat' dir='ltr'>a</span> <span class='ocrx_word' id='word_1_62' title='bbox 350 592 427 627; x_wconf 88' lang='lat' dir='ltr'>tempore</span> <span class='ocrx_word' id='word_1_63' title='bbox 435 585 483 619; x_wconf 89' lang='lat' dir='ltr'>cuius</span> <span class='ocrx_word' id='word_1_64' title='bbox 493 586 573 619; x_wconf 86' lang='lat' dir='ltr'>contrarii</span> <span class='ocrx_word' id='word_1_65' title='bbox 584 586 666 619; x_wconf 89' lang='lat' dir='ltr'>memoria</span> <span class='ocrx_word' id='word_1_66' title='bbox 677 586 765 618; x_wconf 89' lang='lat' dir='ltr'>hominum</span> 
     </span>
     <span class='ocr_line' id='line_1_9' title="bbox 64 634 784 679; baseline 0.004 -11"><span class='ocrx_word' id='word_1_67' title='bbox 64 646 100 669; x_wconf 90' lang='lat' dir='ltr'>non</span> <span class='ocrx_word' id='word_1_68' title='bbox 112 634 174 675; x_wconf 85' lang='lat' dir='ltr'>existit,</span> <span class='ocrx_word' id='word_1_69' title='bbox 185 635 235 668; x_wconf 81' lang='lat' dir='ltr'>suerit</span> <span class='ocrx_word' id='word_1_70' title='bbox 248 640 266 668; x_wconf 87' lang='lat' dir='ltr'>et</span> <span class='ocrx_word' id='word_1_71' title='bbox 277 635 299 668; x_wconf 88' lang='lat' dir='ltr'>sit</span> <span class='ocrx_word' id='word_1_72' title='bbox 310 641 408 678; x_wconf 88' lang='lat' dir='ltr'>exemptum</span> <span class='ocrx_word' id='word_1_73' title='bbox 420 636 442 668; x_wconf 89' lang='lat' dir='ltr'>ab</span> <span class='ocrx_word' id='word_1_74' title='bbox 454 636 501 668; x_wconf 89' lang='lat' dir='ltr'>omni</span> <span class='ocrx_word' id='word_1_75' title='bbox 513 635 633 669; x_wconf 78' lang='lat' dir='ltr'>iurisdiccione</span> <span class='ocrx_word' id='word_1_76' title='bbox 645 636 765 679; x_wconf 82' lang='lat' dir='ltr'>cuiuscumque</span> <span class='ocrx_word' id='word_1_77' title='bbox 776 641 784 671; x_wconf 84' lang='grc'>5</span> 
     </span>
     <span class='ocr_line' id='line_1_10' title="bbox 63 685 767 729; baseline -0.003 -9"><span class='ocrx_word' id='word_1_78' title='bbox 63 685 150 727; x_wconf 87' lang='lat' dir='ltr'>ordinarii,</span> <span class='ocrx_word' id='word_1_79' title='bbox 161 691 178 719; x_wconf 90' lang='lat' dir='ltr'>et</span> <span class='ocrx_word' id='word_1_80' title='bbox 190 685 290 719; x_wconf 74' lang='lat' dir='ltr'>immediate</span> <span class='ocrx_word' id='word_1_81' title='bbox 303 686 340 720; x_wconf 88' lang='lat' dir='ltr'>sedi</span> <span class='ocrx_word' id='word_1_82' title='bbox 352 686 446 729; x_wconf 88' lang='lat' dir='ltr'>apostolice</span> <span class='ocrx_word' id='word_1_83' title='bbox 459 686 559 728; x_wconf 87' lang='lat' dir='ltr'>subiectum,</span> <span class='ocrx_word' id='word_1_84' title='bbox 570 697 591 720; x_wconf 91' lang='lat' dir='ltr'>ac</span> <span class='ocrx_word' id='word_1_85' title='bbox 602 686 657 719; x_wconf 89' lang='lat' dir='ltr'>eciam</span> <span class='ocrx_word' id='word_1_86' title='bbox 668 696 679 718; x_wconf 86' lang='lat' dir='ltr'>a</span> <span class='ocrx_word' id='word_1_87' title='bbox 690 686 767 729; x_wconf 83' lang='lat' dir='ltr'>predicta</span> 
     </span>
     <span class='ocr_line' id='line_1_11' title="bbox 64 735 767 780; baseline -0.004 -9"><span class='ocrx_word' id='word_1_88' title='bbox 64 737 106 771; x_wconf 91' lang='lat' dir='ltr'>sede</span> <span class='ocrx_word' id='word_1_89' title='bbox 111 736 236 779; x_wconf 84' lang='lat' dir='ltr'>priuilegiatum</span> <span class='ocrx_word' id='word_1_90' title='bbox 242 735 275 771; x_wconf 88' lang='lat'>:-¹</span> <span class='ocrx_word' id='word_1_91' title='bbox 282 736 395 778; x_wconf 76' lang='lat' dir='ltr'>(Edmundus</span> <span class='ocrx_word' id='word_1_92' title='bbox 400 736 439 779; x_wconf 77' lang='lat' dir='ltr'>rex)</span> <span class='ocrx_word' id='word_1_93' title='bbox 444 737 523 771; x_wconf 89' lang='lat' dir='ltr'>videlicet</span> <span class='ocrx_word' id='word_1_94' title='bbox 529 737 575 780; x_wconf 90' lang='lat' dir='ltr'>quod</span> <span class='ocrx_word' id='word_1_95' title='bbox 580 736 675 780; x_wconf 89' lang='lat' dir='ltr'>predictum</span> <span class='ocrx_word' id='word_1_96' title='bbox 681 743 767 769; x_wconf 89' lang='lat' dir='ltr'>monaste-</span> 
     </span>
     <span class='ocr_line' id='line_1_12' title="bbox 64 786 767 830; baseline -0.003 -9"><span class='ocrx_word' id='word_1_97' title='bbox 64 789 108 821; x_wconf 93' lang='lat' dir='ltr'>rium</span> <span class='ocrx_word' id='word_1_98' title='bbox 116 797 155 820; x_wconf 92' lang='lat' dir='ltr'>cum</span> <span class='ocrx_word' id='word_1_99' title='bbox 163 787 243 821; x_wconf 88' lang='lat' dir='ltr'>omnibus</span> <span class='ocrx_word' id='word_1_100' title='bbox 252 797 286 830; x_wconf 92' lang='lat' dir='ltr'>que</span> <span class='ocrx_word' id='word_1_101' title='bbox 294 787 317 821; x_wconf 88' lang='lat' dir='ltr'>ad</span> <span class='ocrx_word' id='word_1_102' title='bbox 324 786 371 820; x_wconf 87' lang='lat' dir='ltr'>illum</span> <span class='ocrx_word' id='word_1_103' title='bbox 380 788 437 820; x_wconf 91' lang='lat' dir='ltr'>locum</span> <span class='ocrx_word' id='word_1_104' title='bbox 447 787 538 830; x_wconf 86' lang='lat' dir='ltr'>pertinent,</span> <span class='ocrx_word' id='word_1_105' title='bbox 545 793 582 820; x_wconf 91' lang='lat' dir='ltr'>tam</span> <span class='ocrx_word' id='word_1_106' title='bbox 589 787 608 820; x_wconf 89' lang='lat' dir='ltr'>in</span> <span class='ocrx_word' id='word_1_107' title='bbox 615 786 682 829; x_wconf 84' lang='lat' dir='ltr'>magnis</span> <span class='ocrx_word' id='word_1_108' title='bbox 690 796 742 829; x_wconf 87' lang='lat' dir='ltr'>quam</span> <span class='ocrx_word' id='word_1_109' title='bbox 749 786 767 819; x_wconf 96' lang='lat' dir='ltr'>in</span> 
     </span>
     <span class='ocr_line' id='line_1_13' title="bbox 64 836 767 880; baseline -0.003 -8"><span class='ocrx_word' id='word_1_110' title='bbox 64 838 138 872; x_wconf 83' lang='lat' dir='ltr'>modicis</span> <span class='ocrx_word' id='word_1_111' title='bbox 150 838 201 871; x_wconf 90' lang='lat' dir='ltr'>rebus</span> <span class='ocrx_word' id='word_1_112' title='bbox 214 838 237 871; x_wconf 86' lang='lat' dir='ltr'>ab</span> <span class='ocrx_word' id='word_1_113' title='bbox 249 838 296 871; x_wconf 91' lang='lat' dir='ltr'>omni</span> <span class='ocrx_word' id='word_1_114' title='bbox 311 837 393 871; x_wconf 79' lang='lat' dir='ltr'>mundiali</span> <span class='ocrx_word' id='word_1_115' title='bbox 406 838 496 871; x_wconf 88' lang='lat' dir='ltr'>obstaculo</span> <span class='ocrx_word' id='word_1_116' title='bbox 510 845 527 871; x_wconf 92' lang='lat' dir='ltr'>et</span> <span class='ocrx_word' id='word_1_117' title='bbox 542 837 662 880; x_wconf 89' lang='lat' dir='ltr'>episcoporum</span> <span class='ocrx_word' id='word_1_118' title='bbox 677 836 767 879; x_wconf 85' lang='lat' dir='ltr'>Estanglie</span> 
     </span>
     <span class='ocr_line' id='line_1_14' title="bbox 65 880 797 927; baseline -0.003 -7"><span class='ocrx_word' id='word_1_119' title='bbox 65 887 184 921; x_wconf 87' lang='lat' dir='ltr'>dominacione</span> <span class='ocrx_word' id='word_1_120' title='bbox 194 894 211 920; x_wconf 91' lang='lat' dir='ltr'>et</span> <span class='ocrx_word' id='word_1_121' title='bbox 222 887 341 920; x_wconf 85' lang='lat' dir='ltr'>iurisdiccione</span> <span class='ocrx_word' id='word_1_122' title='bbox 350 880 372 920; x_wconf 81' lang='lat' dir='ltr'>sit</span> <span class='ocrx_word' id='word_1_123' title='bbox 381 888 466 920; x_wconf 86' lang='lat' dir='ltr'>liberum:</span> <span class='ocrx_word' id='word_1_124' title='bbox 479 888 566 927; x_wconf 79' lang='lat' dir='ltr'>(canutus</span> <span class='ocrx_word' id='word_1_125' title='bbox 573 897 610 927; x_wconf 75' lang='lat' dir='ltr'>rex,</span> <span class='ocrx_word' id='word_1_126' title='bbox 617 887 718 919; x_wconf 72' lang='lat' dir='ltr'>Edwardus</span> <span class='ocrx_word' id='word_1_127' title='bbox 730 886 768 926; x_wconf 75' lang='lat' dir='ltr'>rex)</span> <span class='ocrx_word' id='word_1_128' title='bbox 779 894 797 914; x_wconf 84' lang='lat'>10</span> 
     </span>
     <span class='ocr_line' id='line_1_15' title="bbox 66 935 769 981; baseline -0.001 -10"><span class='ocrx_word' id='word_1_129' title='bbox 66 939 94 971; x_wconf 87' lang='lat' dir='ltr'>Ita</span> <span class='ocrx_word' id='word_1_130' title='bbox 101 937 147 980; x_wconf 87' lang='lat' dir='ltr'>quod</span> <span class='ocrx_word' id='word_1_131' title='bbox 158 938 214 970; x_wconf 91' lang='lat' dir='ltr'>nullus</span> <span class='ocrx_word' id='word_1_132' title='bbox 225 938 317 981; x_wconf 88' lang='lat' dir='ltr'>episcopus</span> <span class='ocrx_word' id='word_1_133' title='bbox 329 937 448 971; x_wconf 85' lang='lat' dir='ltr'>Northsolchie</span> <span class='ocrx_word' id='word_1_134' title='bbox 456 938 483 971; x_wconf 89' lang='lat' dir='ltr'>vel</span> <span class='ocrx_word' id='word_1_135' title='bbox 491 937 602 977; x_wconf 83' lang='lat' dir='ltr'>Suthiolchie,</span> <span class='ocrx_word' id='word_1_136' title='bbox 609 936 684 979; x_wconf 91' lang='lat' dir='ltr'>ipsiusve</span> <span class='ocrx_word' id='word_1_137' title='bbox 691 935 769 970; x_wconf 85' lang='lat' dir='ltr'>minister</span> 
     </span>
     <span class='ocr_line' id='line_1_16' title="bbox 65 986 769 1032; baseline -0.003 -9"><span class='ocrx_word' id='word_1_138' title='bbox 65 987 126 1032; x_wconf 90' lang='lat' dir='ltr'>aliquis</span> <span class='ocrx_word' id='word_1_139' title='bbox 138 998 168 1022; x_wconf 86' lang='lat' dir='ltr'>seu</span> <span class='ocrx_word' id='word_1_140' title='bbox 179 988 312 1030; x_wconf 87' lang='lat' dir='ltr'>commissarius,</span> <span class='ocrx_word' id='word_1_141' title='bbox 321 988 383 1022; x_wconf 84' lang='lat' dir='ltr'>habeat</span> <span class='ocrx_word' id='word_1_142' title='bbox 391 999 472 1032; x_wconf 81' lang='lat' dir='ltr'>umquam</span> <span class='ocrx_word' id='word_1_143' title='bbox 484 994 587 1032; x_wconf 89' lang='lat' dir='ltr'>potestatem</span> <span class='ocrx_word' id='word_1_144' title='bbox 598 987 673 1031; x_wconf 85' lang='lat' dir='ltr'>aliquam</span> <span class='ocrx_word' id='word_1_145' title='bbox 681 988 708 1023; x_wconf 87' lang='lat' dir='ltr'>vel</span> <span class='ocrx_word' id='word_1_146' title='bbox 720 986 769 1021; x_wconf 84' lang='lat' dir='ltr'>inris-</span> 
     </span>
     <span class='ocr_line' id='line_1_17' title="bbox 66 1038 768 1077; baseline -0.003 -4"><span class='ocrx_word' id='word_1_147' title='bbox 66 1039 161 1073; x_wconf 87' lang='lat' dir='ltr'>diccionem</span> <span class='ocrx_word' id='word_1_148' title='bbox 174 1039 192 1072; x_wconf 92' lang='lat' dir='ltr'>in</span> <span class='ocrx_word' id='word_1_149' title='bbox 202 1039 307 1072; x_wconf 89' lang='lat' dir='ltr'>monasterio</span> <span class='ocrx_word' id='word_1_150' title='bbox 318 1038 373 1073; x_wconf 86' lang='lat' dir='ltr'>sancti</span> <span class='ocrx_word' id='word_1_151' title='bbox 384 1039 473 1073; x_wconf 87' lang='lat' dir='ltr'>Edmundi</span> <span class='ocrx_word' id='word_1_152' title='bbox 481 1039 509 1073; x_wconf 84' lang='lat' dir='ltr'>vel</span> <span class='ocrx_word' id='word_1_153' title='bbox 521 1038 564 1073; x_wconf 84' lang='lat' dir='ltr'>inira</span> <span class='ocrx_word' id='word_1_154' title='bbox 576 1039 618 1073; x_wconf 82' lang='lat' dir='ltr'>lines</span> <span class='ocrx_word' id='word_1_155' title='bbox 630 1039 707 1072; x_wconf 84' lang='lat' dir='ltr'>eiusdem</span> <span class='ocrx_word' id='word_1_156' title='bbox 717 1038 768 1077; x_wconf 87' lang='lat' dir='ltr'>ville;</span> 
     </span>
     <span class='ocr_line' id='line_1_18' title="bbox 66 1089 769 1132; baseline 0 -10"><span class='ocrx_word' id='word_1_157' title='bbox 66 1090 153 1132; x_wconf 68' lang='lat' dir='ltr'>(cantatus</span> <span class='ocrx_word' id='word_1_158' title='bbox 164 1094 181 1121; x_wconf 85' lang='lat' dir='ltr'>ct</span> <span class='ocrx_word' id='word_1_159' title='bbox 191 1099 224 1121; x_wconf 81' lang='lat' dir='ltr'>rex</span> <span class='ocrx_word' id='word_1_160' title='bbox 233 1089 349 1130; x_wconf 78' lang='lat' dir='ltr'>Eduuardus)</span> <span class='ocrx_word' id='word_1_161' title='bbox 360 1090 383 1122; x_wconf 89' lang='lat' dir='ltr'>Et</span> <span class='ocrx_word' id='word_1_162' title='bbox 394 1090 441 1132; x_wconf 89' lang='lat' dir='ltr'>quod</span> <span class='ocrx_word' id='word_1_163' title='bbox 452 1089 499 1123; x_wconf 88' lang='lat' dir='ltr'>idem</span> <span class='ocrx_word' id='word_1_164' title='bbox 509 1089 633 1123; x_wconf 87' lang='lat' dir='ltr'>monasterium</span> <span class='ocrx_word' id='word_1_165' title='bbox 644 1089 665 1123; x_wconf 90' lang='lat' dir='ltr'>sit</span> <span class='ocrx_word' id='word_1_166' title='bbox 676 1099 707 1131; x_wconf 87' lang='lat' dir='ltr'>per</span> <span class='ocrx_word' id='word_1_167' title='bbox 718 1098 769 1122; x_wconf 89' lang='lat' dir='ltr'>omne</span> 
     </span>
     <span class='ocr_line' id='line_1_19' title="bbox 66 1137 798 1181; baseline -0.004 -8"><span class='ocrx_word' id='word_1_168' title='bbox 66 1149 118 1173; x_wconf 87' lang='lat' dir='ltr'>cuum</span> <span class='ocrx_word' id='word_1_169' title='bbox 132 1137 227 1180; x_wconf 86' lang='lat' dir='ltr'>monachis,</span> <span class='ocrx_word' id='word_1_170' title='bbox 242 1144 260 1172; x_wconf 90' lang='lat' dir='ltr'>et</span> <span class='ocrx_word' id='word_1_171' title='bbox 274 1149 309 1172; x_wconf 90' lang='lat' dir='ltr'>non</span> <span class='ocrx_word' id='word_1_172' title='bbox 324 1138 362 1173; x_wconf 90' lang='lat' dir='ltr'>aliis</span> <span class='ocrx_word' id='word_1_173' title='bbox 378 1138 461 1181; x_wconf 85' lang='lat' dir='ltr'>personis,</span> <span class='ocrx_word' id='word_1_174' title='bbox 473 1139 574 1181; x_wconf 86' lang='lat' dir='ltr'>deputatum</span> <span class='ocrx_word' id='word_1_175' title='bbox 588 1138 611 1172; x_wconf 87' lang='lat' dir='ltr'>ad</span> <span class='ocrx_word' id='word_1_176' title='bbox 626 1138 798 1179; x_wconf 80' lang='lat' dir='ltr'>inhabitandum315</span> 
     </span>
     <span class='ocr_line' id='line_1_20' title="bbox 67 1188 770 1231; baseline 0 -10"><span class='ocrx_word' id='word_1_177' title='bbox 67 1188 217 1231; x_wconf 79' lang='lat' dir='ltr'>(Hardecanulus)</span> <span class='ocrx_word' id='word_1_178' title='bbox 225 1190 269 1222; x_wconf 89' lang='lat' dir='ltr'>Item</span> <span class='ocrx_word' id='word_1_179' title='bbox 280 1189 327 1231; x_wconf 90' lang='lat' dir='ltr'>quod</span> <span class='ocrx_word' id='word_1_180' title='bbox 338 1189 394 1222; x_wconf 92' lang='lat' dir='ltr'>nullus</span> <span class='ocrx_word' id='word_1_181' title='bbox 404 1189 571 1231; x_wconf 87' lang='lat' dir='ltr'>archiepiscoporum</span> <span class='ocrx_word' id='word_1_182' title='bbox 578 1190 606 1222; x_wconf 89' lang='lat' dir='ltr'>vel</span> <span class='ocrx_word' id='word_1_183' title='bbox 613 1189 732 1231; x_wconf 82' lang='lat' dir='ltr'>episcoporum</span> <span class='ocrx_word' id='word_1_184' title='bbox 740 1195 770 1221; x_wconf 88' lang='lat' dir='ltr'>aut</span> 
     </span>
     <span class='ocr_line' id='line_1_21' title="bbox 67 1238 769 1282; baseline -0.001 -9"><span class='ocrx_word' id='word_1_185' title='bbox 67 1239 125 1282; x_wconf 87' lang='lat' dir='ltr'>aliqua</span> <span class='ocrx_word' id='word_1_186' title='bbox 143 1238 198 1273; x_wconf 88' lang='lat' dir='ltr'>sancti</span> <span class='ocrx_word' id='word_1_187' title='bbox 217 1238 282 1273; x_wconf 90' lang='lat' dir='ltr'>ordinis</span> <span class='ocrx_word' id='word_1_188' title='bbox 303 1249 361 1273; x_wconf 90' lang='lat' dir='ltr'>eorum</span> <span class='ocrx_word' id='word_1_189' title='bbox 380 1239 495 1282; x_wconf 86' lang='lat' dir='ltr'>disciplinatui</span> <span class='ocrx_word' id='word_1_190' title='bbox 516 1238 638 1274; x_wconf 88' lang='lat' dir='ltr'>adherencium</span> <span class='ocrx_word' id='word_1_191' title='bbox 657 1249 769 1281; x_wconf 86' lang='lat' dir='ltr'>personarum</span> 
     </span>
     <span class='ocr_line' id='line_1_22' title="bbox 67 1289 770 1333; baseline 0 -10"><span class='ocrx_word' id='word_1_192' title='bbox 67 1295 154 1333; x_wconf 90' lang='lat' dir='ltr'>presumat</span> <span class='ocrx_word' id='word_1_193' title='bbox 167 1289 259 1333; x_wconf 87' lang='lat' dir='ltr'>quicquam</span> <span class='ocrx_word' id='word_1_194' title='bbox 271 1289 400 1323; x_wconf 88' lang='lat' dir='ltr'>consuetudinis</span> <span class='ocrx_word' id='word_1_195' title='bbox 411 1289 448 1323; x_wconf 89' lang='lat' dir='ltr'>sine</span> <span class='ocrx_word' id='word_1_196' title='bbox 459 1290 586 1323; x_wconf 87' lang='lat' dir='ltr'>dominacionis</span> <span class='ocrx_word' id='word_1_197' title='bbox 597 1289 614 1323; x_wconf 93' lang='lat' dir='ltr'>in</span> <span class='ocrx_word' id='word_1_198' title='bbox 626 1289 688 1323; x_wconf 88' lang='lat' dir='ltr'>endem</span> <span class='ocrx_word' id='word_1_199' title='bbox 701 1300 770 1323; x_wconf 86' lang='lat' dir='ltr'>monas-</span> 
     </span>
     <span class='ocr_line' id='line_1_23' title="bbox 67 1339 770 1382; baseline 0 -9"><span class='ocrx_word' id='word_1_200' title='bbox 67 1339 110 1374; x_wconf 88' lang='lat' dir='ltr'>terio</span> <span class='ocrx_word' id='word_1_201' title='bbox 123 1346 140 1373; x_wconf 89' lang='lat' dir='ltr'>et</span> <span class='ocrx_word' id='word_1_202' title='bbox 151 1339 192 1373; x_wconf 89' lang='lat' dir='ltr'>villa</span> <span class='ocrx_word' id='word_1_203' title='bbox 204 1350 255 1382; x_wconf 90' lang='lat' dir='ltr'>super</span> <span class='ocrx_word' id='word_1_204' title='bbox 266 1340 366 1380; x_wconf 88' lang='lat' dir='ltr'>monachos,</span> <span class='ocrx_word' id='word_1_205' title='bbox 376 1340 448 1373; x_wconf 89' lang='lat' dir='ltr'>clericos</span> <span class='ocrx_word' id='word_1_206' title='bbox 459 1346 488 1373; x_wconf 88' lang='lat' dir='ltr'>aut</span> <span class='ocrx_word' id='word_1_207' title='bbox 499 1340 552 1373; x_wconf 90' lang='lat' dir='ltr'>laicos</span> <span class='ocrx_word' id='word_1_208' title='bbox 564 1340 675 1382; x_wconf 83' lang='lat' dir='ltr'>proclamare,</span> <span class='ocrx_word' id='word_1_209' title='bbox 683 1350 770 1382; x_wconf 82' lang='lat' dir='ltr'>usurpare,</span> 
     </span>
     <span class='ocr_line' id='line_1_24' title="bbox 68 1388 800 1432; baseline -0.001 -9"><span class='ocrx_word' id='word_1_210' title='bbox 68 1389 153 1423; x_wconf 89' lang='lat' dir='ltr'>iusticiam</span> <span class='ocrx_word' id='word_1_211' title='bbox 161 1389 236 1432; x_wconf 83' lang='lat' dir='ltr'>aliquam</span> <span class='ocrx_word' id='word_1_212' title='bbox 244 1390 305 1431; x_wconf 88' lang='lat' dir='ltr'>iacere,</span> <span class='ocrx_word' id='word_1_213' title='bbox 310 1395 340 1422; x_wconf 89' lang='lat' dir='ltr'>aut</span> <span class='ocrx_word' id='word_1_214' title='bbox 345 1389 408 1422; x_wconf 87' lang='lat' dir='ltr'>missas</span> <span class='ocrx_word' id='word_1_215' title='bbox 414 1389 506 1430; x_wconf 86' lang='lat' dir='ltr'>celebrare,</span> <span class='ocrx_word' id='word_1_216' title='bbox 512 1389 545 1422; x_wconf 90' lang='lat' dir='ltr'>nisi</span> <span class='ocrx_word' id='word_1_217' title='bbox 551 1389 627 1423; x_wconf 88' lang='lat' dir='ltr'>monitus</span> <span class='ocrx_word' id='word_1_218' title='bbox 634 1395 664 1422; x_wconf 92' lang='lat' dir='ltr'>aut</span> <span class='ocrx_word' id='word_1_219' title='bbox 671 1388 771 1423; x_wconf 77' lang='lat' dir='ltr'>licentiatus</span> <span class='ocrx_word' id='word_1_220' title='bbox 781 1398 800 1419; x_wconf 78' lang='lat'>20</span> 
     </span>
     <span class='ocr_line' id='line_1_25' title="bbox 67 1439 771 1483; baseline 0 -10"><span class='ocrx_word' id='word_1_221' title='bbox 67 1440 118 1474; x_wconf 79' lang='lat' dir='ltr'>fuerit</span> <span class='ocrx_word' id='word_1_222' title='bbox 132 1440 155 1473; x_wconf 85' lang='lat' dir='ltr'>ab</span> <span class='ocrx_word' id='word_1_223' title='bbox 170 1440 223 1483; x_wconf 90' lang='lat' dir='ltr'>ipsius</span> <span class='ocrx_word' id='word_1_224' title='bbox 238 1439 270 1473; x_wconf 87' lang='lat' dir='ltr'>loci</span> <span class='ocrx_word' id='word_1_225' title='bbox 285 1439 361 1482; x_wconf 81' lang='lat' dir='ltr'>abbate3</span> <span class='ocrx_word' id='word_1_226' title='bbox 380 1450 402 1473; x_wconf 92' lang='lat' dir='ltr'>ne</span> <span class='ocrx_word' id='word_1_227' title='bbox 417 1439 459 1473; x_wconf 90' lang='lat' dir='ltr'>inibi</span> <span class='ocrx_word' id='word_1_228' title='bbox 478 1440 549 1473; x_wconf 91' lang='lat' dir='ltr'>domino</span> <span class='ocrx_word' id='word_1_229' title='bbox 563 1440 667 1473; x_wconf 83' lang='lat' dir='ltr'>famulantes</span> <span class='ocrx_word' id='word_1_230' title='bbox 686 1439 771 1480; x_wconf 83' lang='lat' dir='ltr'>cenobite,</span> 
     </span>
     <span class='ocr_line' id='line_1_26' title="bbox 68 1490 772 1534; baseline -0.001 -10"><span class='ocrx_word' id='word_1_231' title='bbox 68 1497 156 1534; x_wconf 84' lang='lat' dir='ltr'>pastorum</span> <span class='ocrx_word' id='word_1_232' title='bbox 168 1490 321 1524; x_wconf 86' lang='lat' dir='ltr'>ecclesiasticorum</span> <span class='ocrx_word' id='word_1_233' title='bbox 329 1497 359 1524; x_wconf 89' lang='lat' dir='ltr'>aut</span> <span class='ocrx_word' id='word_1_234' title='bbox 367 1490 390 1523; x_wconf 86' lang='lat' dir='ltr'>ad</span> <span class='ocrx_word' id='word_1_235' title='bbox 397 1501 416 1523; x_wconf 88' lang='lat' dir='ltr'>se</span> <span class='ocrx_word' id='word_1_236' title='bbox 424 1491 549 1533; x_wconf 87' lang='lat' dir='ltr'>pertinencium</span> <span class='ocrx_word' id='word_1_237' title='bbox 560 1500 673 1533; x_wconf 88' lang='lat' dir='ltr'>personarum</span> <span class='ocrx_word' id='word_1_238' title='bbox 680 1491 715 1523; x_wconf 86' lang='lat' dir='ltr'>vllo</span> <span class='ocrx_word' id='word_1_239' title='bbox 723 1490 772 1523; x_wconf 87' lang='lat' dir='ltr'>dein-</span> 
     </span>
     <span class='ocr_line' id='line_1_27' title="bbox 68 1540 772 1584; baseline -0.001 -9"><span class='ocrx_word' id='word_1_240' title='bbox 68 1551 109 1583; x_wconf 88' lang='lat' dir='ltr'>ceps</span> <span class='ocrx_word' id='word_1_241' title='bbox 121 1547 197 1583; x_wconf 86' lang='lat' dir='ltr'>tempore</span> <span class='ocrx_word' id='word_1_242' title='bbox 209 1540 287 1575; x_wconf 85' lang='lat' dir='ltr'>molestia</span> <span class='ocrx_word' id='word_1_243' title='bbox 298 1541 398 1584; x_wconf 87' lang='lat' dir='ltr'>quaciantur</span> <span class='ocrx_word' id='word_1_244' title='bbox 408 1546 438 1574; x_wconf 86' lang='lat' dir='ltr'>aut</span> <span class='ocrx_word' id='word_1_245' title='bbox 449 1540 561 1584; x_wconf 85' lang='lat' dir='ltr'>oppressione</span> <span class='ocrx_word' id='word_1_246' title='bbox 569 1540 685 1583; x_wconf 88' lang='lat' dir='ltr'>inquietentur</span> <span class='ocrx_word' id='word_1_247' title='bbox 692 1547 709 1574; x_wconf 87' lang='lat' dir='ltr'>et</span> <span class='ocrx_word' id='word_1_248' title='bbox 717 1540 772 1584; x_wconf 86' lang='lat' dir='ltr'>impe-</span> 
     </span>
     <span class='ocr_line' id='line_1_28' title="bbox 68 1590 773 1634; baseline 0.001 -10"><span class='ocrx_word' id='word_1_249' title='bbox 68 1591 141 1625; x_wconf 87' lang='lat' dir='ltr'>diantur.</span> <span class='ocrx_word' id='word_1_250' title='bbox 165 1591 277 1633; x_wconf 81' lang='lat' dir='ltr'>(Edmundns</span> <span class='ocrx_word' id='word_1_251' title='bbox 294 1590 332 1632; x_wconf 81' lang='lat' dir='ltr'>rex)</span> <span class='ocrx_word' id='word_1_252' title='bbox 356 1590 374 1625; x_wconf 91' lang='lat' dir='ltr'>Si</span> <span class='ocrx_word' id='word_1_253' title='bbox 392 1591 430 1634; x_wconf 91' lang='lat' dir='ltr'>quis</span> <span class='ocrx_word' id='word_1_254' title='bbox 448 1602 490 1625; x_wconf 87' lang='lat' dir='ltr'>vero</span> <span class='ocrx_word' id='word_1_255' title='bbox 508 1597 616 1634; x_wconf 84' lang='lat' dir='ltr'>posterorum</span> <span class='ocrx_word' id='word_1_256' title='bbox 634 1592 666 1625; x_wconf 89' lang='lat' dir='ltr'>has</span> <span class='ocrx_word' id='word_1_257' title='bbox 684 1591 773 1625; x_wconf 86' lang='lat' dir='ltr'>libertates</span> 
     </span>
     <span class='ocr_line' id='line_1_29' title="bbox 69 1641 801 1684; baseline 0 -10"><span class='ocrx_word' id='word_1_258' title='bbox 69 1642 145 1684; x_wconf 90' lang='lat' dir='ltr'>quolibet</span> <span class='ocrx_word' id='word_1_259' title='bbox 156 1648 218 1674; x_wconf 88' lang='lat' dir='ltr'>conatu</span> <span class='ocrx_word' id='word_1_260' title='bbox 229 1641 289 1683; x_wconf 78' lang='lat' dir='ltr'>nititur</span> <span class='ocrx_word' id='word_1_261' title='bbox 300 1641 391 1683; x_wconf 82' lang='lat' dir='ltr'>infringere</span> <span class='ocrx_word' id='word_1_262' title='bbox 399 1643 426 1674; x_wconf 88' lang='lat' dir='ltr'>vel</span> <span class='ocrx_word' id='word_1_263' title='bbox 434 1648 505 1681; x_wconf 87' lang='lat' dir='ltr'>mutare,</span> <span class='ocrx_word' id='word_1_264' title='bbox 513 1642 556 1674; x_wconf 87' lang='lat' dir='ltr'>sciat</span> <span class='ocrx_word' id='word_1_265' title='bbox 568 1652 587 1673; x_wconf 90' lang='lat' dir='ltr'>se</span> <span class='ocrx_word' id='word_1_266' title='bbox 598 1642 657 1683; x_wconf 87' lang='lat' dir='ltr'>procul</span> <span class='ocrx_word' id='word_1_267' title='bbox 668 1642 721 1674; x_wconf 91' lang='lat' dir='ltr'>dubio</span> <span class='ocrx_word' id='word_1_268' title='bbox 732 1649 773 1675; x_wconf 88' lang='lat' dir='ltr'>ante</span> <span class='ocrx_word' id='word_1_269' title='bbox 783 1650 801 1680; x_wconf 77' lang='lat'>²5</span> 
     </span>
     <span class='ocr_line' id='line_1_30' title="bbox 69 1690 772 1735; baseline -0.001 -10"><span class='ocrx_word' id='word_1_270' title='bbox 69 1690 144 1726; x_wconf 83' lang='lat' dir='ltr'>tribunal</span> <span class='ocrx_word' id='word_1_271' title='bbox 159 1690 231 1724; x_wconf 89' lang='lat' dir='ltr'>districti</span> <span class='ocrx_word' id='word_1_272' title='bbox 243 1691 304 1724; x_wconf 89' lang='lat' dir='ltr'>iudicis</span> <span class='ocrx_word' id='word_1_273' title='bbox 319 1691 422 1725; x_wconf 85' lang='lat' dir='ltr'>titubantem</span> <span class='ocrx_word' id='word_1_274' title='bbox 436 1691 603 1735; x_wconf 87' lang='lat' dir='ltr'>tremebundamque</span> <span class='ocrx_word' id='word_1_275' title='bbox 615 1691 702 1725; x_wconf 88' lang='lat' dir='ltr'>racionem</span> <span class='ocrx_word' id='word_1_276' title='bbox 714 1692 772 1725; x_wconf 90' lang='lat' dir='ltr'>reddi·</span> 
     </span>
     <span class='ocr_line' id='line_1_31' title="bbox 69 1741 773 1785; baseline 0.001 -11"><span class='ocrx_word' id='word_1_277' title='bbox 69 1748 131 1783; x_wconf 88' lang='lat' dir='ltr'>turum,</span> <span class='ocrx_word' id='word_1_278' title='bbox 144 1741 237 1783; x_wconf 80' lang='lat' dir='ltr'>(Canutus)</span> <span class='ocrx_word' id='word_1_279' title='bbox 251 1742 274 1774; x_wconf 89' lang='lat' dir='ltr'>Et</span> <span class='ocrx_word' id='word_1_280' title='bbox 287 1742 310 1775; x_wconf 93' lang='lat' dir='ltr'>sit</span> <span class='ocrx_word' id='word_1_281' title='bbox 321 1742 400 1775; x_wconf 87' lang='lat' dir='ltr'>addictus</span> <span class='ocrx_word' id='word_1_282' title='bbox 413 1741 509 1785; x_wconf 87' lang='lat' dir='ltr'>captiuitati</span> <span class='ocrx_word' id='word_1_283' title='bbox 522 1747 581 1775; x_wconf 87' lang='lat' dir='ltr'>eterne</span> <span class='ocrx_word' id='word_1_284' title='bbox 594 1752 654 1775; x_wconf 87' lang='lat' dir='ltr'>carens</span> <span class='ocrx_word' id='word_1_285' title='bbox 668 1741 773 1784; x_wconf 91' lang='lat' dir='ltr'>sempiterna</span> 
     </span>
     <span class='ocr_line' id='line_1_32' title="bbox 70 1791 773 1836; baseline -0.001 -10"><span class='ocrx_word' id='word_1_286' title='bbox 70 1792 153 1833; x_wconf 88' lang='lat' dir='ltr'>libertate,</span> <span class='ocrx_word' id='word_1_287' title='bbox 165 1798 216 1835; x_wconf 90' lang='lat' dir='ltr'>atque</span> <span class='ocrx_word' id='word_1_288' title='bbox 228 1791 337 1834; x_wconf 87' lang='lat' dir='ltr'>mancipatus</span> <span class='ocrx_word' id='word_1_289' title='bbox 348 1792 421 1826; x_wconf 88' lang='lat' dir='ltr'>seruicio</span> <span class='ocrx_word' id='word_1_290' title='bbox 432 1792 502 1833; x_wconf 87' lang='lat' dir='ltr'>diaboli,</span> <span class='ocrx_word' id='word_1_291' title='bbox 513 1792 583 1836; x_wconf 90' lang='lat' dir='ltr'>eiusque</span> <span class='ocrx_word' id='word_1_292' title='bbox 594 1792 681 1826; x_wconf 89' lang='lat' dir='ltr'>consortio</span> <span class='ocrx_word' id='word_1_293' title='bbox 692 1792 713 1826; x_wconf 92' lang='lat' dir='ltr'>sit</span> <span class='ocrx_word' id='word_1_294' title='bbox 725 1793 773 1826; x_wconf 86' lang='lat' dir='ltr'>inex-</span> 
     </span>
     <span class='ocr_line' id='line_1_33' title="bbox 70 1841 772 1885; baseline 0 -8"><span class='ocrx_word' id='word_1_295' title='bbox 70 1842 175 1878; x_wconf 84' lang='lat' dir='ltr'>tricabilibus</span> <span class='ocrx_word' id='word_1_296' title='bbox 194 1842 243 1885; x_wconf 87' lang='lat' dir='ltr'>penis</span> <span class='ocrx_word' id='word_1_297' title='bbox 262 1842 369 1883; x_wconf 87' lang='lat' dir='ltr'>constrictus,</span> <span class='ocrx_word' id='word_1_298' title='bbox 385 1841 528 1885; x_wconf 75' lang='lat' dir='ltr'>(Hardecanutas</span> <span class='ocrx_word' id='word_1_299' title='bbox 545 1846 561 1875; x_wconf 79' lang='lat' dir='ltr'>et</span> <span class='ocrx_word' id='word_1_300' title='bbox 578 1846 649 1876; x_wconf 79' lang='lat' dir='ltr'>sanctus</span> <span class='ocrx_word' id='word_1_301' title='bbox 664 1844 772 1885; x_wconf 57' lang='lat' dir='ltr'>ailwardus)</span> 
     </span>
     <span class='ocr_line' id='line_1_34' title="bbox 71 1892 801 1936; baseline 0.001 -10"><span class='ocrx_word' id='word_1_302' title='bbox 71 1895 172 1935; x_wconf 89' lang='lat' dir='ltr'>Prolateque</span> <span class='ocrx_word' id='word_1_303' title='bbox 187 1893 275 1926; x_wconf 83' lang='lat' dir='ltr'>subiaceat</span> <span class='ocrx_word' id='word_1_304' title='bbox 287 1892 466 1934; x_wconf 68' lang='lat' dir='ltr'>ercommunicacioni,</span> <span class='ocrx_word' id='word_1_305' title='bbox 479 1899 496 1925; x_wconf 93' lang='lat' dir='ltr'>et</span> <span class='ocrx_word' id='word_1_306' title='bbox 508 1893 526 1925; x_wconf 95' lang='lat' dir='ltr'>in</span> <span class='ocrx_word' id='word_1_307' title='bbox 541 1893 615 1926; x_wconf 83' lang='lat' dir='ltr'>iehenna</span> <span class='ocrx_word' id='word_1_308' title='bbox 626 1893 671 1936; x_wconf 89' lang='lat' dir='ltr'>ignis</span> <span class='ocrx_word' id='word_1_309' title='bbox 684 1894 773 1927; x_wconf 88' lang='lat' dir='ltr'>demersus</span> <span class='ocrx_word' id='word_1_310' title='bbox 782 1902 801 1930; x_wconf 70' lang='lat'>50</span> 
     </span>
     <span class='ocr_line' id='line_1_35' title="bbox 71 1942 774 1987; baseline 0.001 -10"><span class='ocrx_word' id='word_1_311' title='bbox 71 1954 111 1977; x_wconf 90' lang='lat' dir='ltr'>cum</span> <span class='ocrx_word' id='word_1_312' title='bbox 122 1944 166 1977; x_wconf 89' lang='lat' dir='ltr'>Iuda</span> <span class='ocrx_word' id='word_1_313' title='bbox 178 1943 265 1987; x_wconf 88' lang='lat' dir='ltr'>proditore</span> <span class='ocrx_word' id='word_1_314' title='bbox 278 1942 324 1985; x_wconf 84' lang='lat' dir='ltr'>ignis</span> <span class='ocrx_word' id='word_1_315' title='bbox 335 1944 405 1976; x_wconf 85' lang='lat' dir='ltr'>tartarei</span> <span class='ocrx_word' id='word_1_316' title='bbox 415 1953 471 1987; x_wconf 87' lang='lat' dir='ltr'>penas</span> <span class='ocrx_word' id='word_1_317' title='bbox 481 1943 598 1977; x_wconf 86' lang='lat' dir='ltr'>indesinenter</span> <span class='ocrx_word' id='word_1_318' title='bbox 609 1944 644 1977; x_wconf 85' lang='lat' dir='ltr'>luat</span> <span class='ocrx_word' id='word_1_319' title='bbox 655 1950 672 1977; x_wconf 92' lang='lat' dir='ltr'>et</span> <span class='ocrx_word' id='word_1_320' title='bbox 683 1944 774 1986; x_wconf 86' lang='lat' dir='ltr'>sustineat,</span> 
     </span>
     <span class='ocr_line' id='line_1_36' title="bbox 71 1993 774 2039; baseline 0.001 -10"><span class='ocrx_word' id='word_1_321' title='bbox 71 1995 104 2029; x_wconf 92' lang='lat' dir='ltr'>nisi</span> <span class='ocrx_word' id='word_1_322' title='bbox 112 1994 159 2039; x_wconf 90' lang='lat' dir='ltr'>prius</span> <span class='ocrx_word' id='word_1_323' title='bbox 167 1995 184 2028; x_wconf 95' lang='lat' dir='ltr'>in</span> <span class='ocrx_word' id='word_1_324' title='bbox 192 1995 225 2028; x_wconf 91' lang='lat' dir='ltr'>hac</span> <span class='ocrx_word' id='word_1_325' title='bbox 231 1994 266 2028; x_wconf 82' lang='lat' dir='ltr'>vila</span> <span class='ocrx_word' id='word_1_326' title='bbox 274 1994 327 2037; x_wconf 86' lang='lat' dir='ltr'>digne</span> <span class='ocrx_word' id='word_1_327' title='bbox 334 1993 445 2037; x_wconf 77' lang='lat' dir='ltr'>satisfecerit;</span> <span class='ocrx_word' id='word_1_328' title='bbox 458 1994 607 2037; x_wconf 74' lang='lat' dir='ltr'>(Hardecanurns)</span> <span class='ocrx_word' id='word_1_329' title='bbox 619 1996 643 2029; x_wconf 91' lang='lat' dir='ltr'>Et</span> <span class='ocrx_word' id='word_1_330' title='bbox 651 1994 721 2038; x_wconf 88' lang='lat' dir='ltr'>insuper</span> <span class='ocrx_word' id='word_1_331' title='bbox 728 1997 774 2038; x_wconf 72' lang='lat' dir='ltr'>regio</span> 
     </span>
     <span class='ocr_line' id='line_1_37' title="bbox 71 2045 775 2089; baseline 0.001 -10"><span class='ocrx_word' id='word_1_332' title='bbox 71 2046 113 2079; x_wconf 84' lang='lat' dir='ltr'>fisco</span> <span class='ocrx_word' id='word_1_333' title='bbox 125 2046 200 2088; x_wconf 55' lang='lat' dir='ltr'>ingrata</span> <span class='ocrx_word' id='word_1_334' title='bbox 213 2046 256 2078; x_wconf 74' lang='lat' dir='ltr'>ami</span> <span class='ocrx_word' id='word_1_335' title='bbox 267 2045 333 2078; x_wconf 79' lang='lat' dir='ltr'>talenta</span> <span class='ocrx_word' id='word_1_336' title='bbox 341 2046 437 2087; x_wconf 73' lang='lat' dir='ltr'>persoluat.</span> <span class='ocrx_word' id='word_1_337' title='bbox 459 2047 483 2079; x_wconf 87' lang='lat' dir='ltr'>Et</span> <span class='ocrx_word' id='word_1_338' title='bbox 494 2057 546 2088; x_wconf 90' lang='lat' dir='ltr'>super</span> <span class='ocrx_word' id='word_1_339' title='bbox 557 2052 687 2080; x_wconf 85' lang='lat' dir='ltr'>conseruatores</span> <span class='ocrx_word' id='word_1_340' title='bbox 698 2048 775 2089; x_wconf 86' lang='lat' dir='ltr'>predicte</span> 
     </span>
     <span class='ocr_line' id='line_1_38' title="bbox 72 2094 774 2137; baseline 0.003 -8"><span class='ocrx_word' id='word_1_341' title='bbox 72 2095 156 2130; x_wconf 86' lang='lat' dir='ltr'>libertatis</span> <span class='ocrx_word' id='word_1_342' title='bbox 167 2094 225 2129; x_wconf 89' lang='lat' dir='ltr'>ueniat</span> <span class='ocrx_word' id='word_1_343' title='bbox 236 2094 263 2128; x_wconf 88' lang='lat' dir='ltr'>dei</span> <span class='ocrx_word' id='word_1_344' title='bbox 275 2094 381 2136; x_wconf 83' lang='lat' dir='ltr'>benedicci0,</span> <span class='ocrx_word' id='word_1_345' title='bbox 389 2095 493 2129; x_wconf 90' lang='lat' dir='ltr'>adiutorium</span> <span class='ocrx_word' id='word_1_346' title='bbox 504 2102 521 2129; x_wconf 88' lang='lat' dir='ltr'>et</span> <span class='ocrx_word' id='word_1_347' title='bbox 533 2094 631 2129; x_wconf 87' lang='lat' dir='ltr'>consolacio</span> <span class='ocrx_word' id='word_1_348' title='bbox 639 2095 679 2137; x_wconf 89' lang='lat' dir='ltr'>vite,</span> <span class='ocrx_word' id='word_1_349' title='bbox 687 2102 705 2130; x_wconf 91' lang='lat' dir='ltr'>et</span> <span class='ocrx_word' id='word_1_350' title='bbox 717 2107 774 2131; x_wconf 87' lang='lat' dir='ltr'>rerum</span> 
     </span>
     <span class='ocr_line' id='line_1_39' title="bbox 72 2145 802 2188; baseline 0.005 -9"><span class='ocrx_word' id='word_1_351' title='bbox 72 2156 148 2188; x_wconf 83' lang='lat' dir='ltr'>congrua</span> <span class='ocrx_word' id='word_1_352' title='bbox 155 2145 274 2187; x_wconf 85' lang='lat' dir='ltr'>tranquillitas,</span> <span class='ocrx_word' id='word_1_353' title='bbox 282 2145 358 2187; x_wconf 89' lang='lat' dir='ltr'>corporis</span> <span class='ocrx_word' id='word_1_354' title='bbox 365 2151 382 2177; x_wconf 91' lang='lat' dir='ltr'>et</span> <span class='ocrx_word' id='word_1_355' title='bbox 390 2145 452 2178; x_wconf 90' lang='lat' dir='ltr'>mentis</span> <span class='ocrx_word' id='word_1_356' title='bbox 461 2145 505 2186; x_wconf 85' lang='lat' dir='ltr'>iugis</span> <span class='ocrx_word' id='word_1_357' title='bbox 515 2146 607 2187; x_wconf 87' lang='lat' dir='ltr'>proteccio,</span> <span class='ocrx_word' id='word_1_358' title='bbox 615 2146 662 2178; x_wconf 87' lang='lat' dir='ltr'>salus</span> <span class='ocrx_word' id='word_1_359' title='bbox 669 2151 687 2179; x_wconf 91' lang='lat' dir='ltr'>et</span> <span class='ocrx_word' id='word_1_360' title='bbox 696 2147 762 2181; x_wconf 87' lang='lat' dir='ltr'>sanitas</span> <span class='ocrx_word' id='word_1_361' title='bbox 769 2157 774 2187; x_wconf 76' lang='grc' dir='ltr'>ς</span> <span class='ocrx_word' id='word_1_362' title='bbox 784 2153 802 2183; x_wconf 78' lang='lat'>55</span> 
     </span>
     <span class='ocr_line' id='line_1_40' title="bbox 73 2194 775 2239; baseline 0.001 -9"><span class='ocrx_word' id='word_1_363' title='bbox 73 2201 91 2230; x_wconf 90' lang='lat' dir='ltr'>vt</span> <span class='ocrx_word' id='word_1_364' title='bbox 103 2202 120 2230; x_wconf 93' lang='lat' dir='ltr'>et</span> <span class='ocrx_word' id='word_1_365' title='bbox 132 2195 160 2229; x_wconf 93' lang='lat' dir='ltr'>hic</span> <span class='ocrx_word' id='word_1_366' title='bbox 172 2205 273 2239; x_wconf 83' lang='lat' dir='ltr'>prosperam</span> <span class='ocrx_word' id='word_1_367' title='bbox 283 2194 336 2229; x_wconf 89' lang='lat' dir='ltr'>vitam</span> <span class='ocrx_word' id='word_1_368' title='bbox 347 2195 411 2230; x_wconf 89' lang='lat' dir='ltr'>ducant</span> <span class='ocrx_word' id='word_1_369' title='bbox 423 2204 462 2229; x_wconf 92' lang='lat' dir='ltr'>cum</span> <span class='ocrx_word' id='word_1_370' title='bbox 473 2195 529 2229; x_wconf 76' lang='lat' dir='ltr'>fructu</span> <span class='ocrx_word' id='word_1_371' title='bbox 541 2195 573 2229; x_wconf 89' lang='lat' dir='ltr'>deo</span> <span class='ocrx_word' id='word_1_372' title='bbox 585 2195 686 2239; x_wconf 86' lang='lat' dir='ltr'>placitorum</span> <span class='ocrx_word' id='word_1_373' title='bbox 699 2207 775 2239; x_wconf 89' lang='lat' dir='ltr'>operum,</span> 
     </span>
     <span class='ocr_line' id='line_1_41' title="bbox 73 2245 775 2291; baseline 0 -10"><span class='ocrx_word' id='word_1_374' title='bbox 73 2252 125 2290; x_wconf 87' lang='lat' dir='ltr'>atque</span> <span class='ocrx_word' id='word_1_375' title='bbox 144 2252 182 2289; x_wconf 88' lang='lat' dir='ltr'>post</span> <span class='ocrx_word' id='word_1_376' title='bbox 201 2246 257 2279; x_wconf 84' lang='lat' dir='ltr'>carnis</span> <span class='ocrx_word' id='word_1_377' title='bbox 276 2245 341 2280; x_wconf 93' lang='lat' dir='ltr'>obitum</span> <span class='ocrx_word' id='word_1_378' title='bbox 356 2252 457 2289; x_wconf 88' lang='lat' dir='ltr'>perpetuum</span> <span class='ocrx_word' id='word_1_379' title='bbox 472 2245 530 2279; x_wconf 92' lang='lat' dir='ltr'>diuine</span> <span class='ocrx_word' id='word_1_380' title='bbox 549 2246 702 2290; x_wconf 88' lang='lat' dir='ltr'>contemplacionis</span> <span class='ocrx_word' id='word_1_381' title='bbox 717 2248 775 2291; x_wconf 87' lang='lat' dir='ltr'>adepti</span> 
     </span>
     <span class='ocr_line' id='line_1_42' title="bbox 73 2296 775 2341; baseline 0.001 -10"><span class='ocrx_word' id='word_1_382' title='bbox 73 2297 154 2340; x_wconf 86' lang='lat' dir='ltr'>gaudium</span> <span class='ocrx_word' id='word_1_383' title='bbox 164 2297 236 2331; x_wconf 82' lang='lat' dir='ltr'>feliciter</span> <span class='ocrx_word' id='word_1_384' title='bbox 247 2296 265 2330; x_wconf 96' lang='lat' dir='ltr'>in</span> <span class='ocrx_word' id='word_1_385' title='bbox 276 2302 321 2331; x_wconf 87' lang='lat' dir='ltr'>sorte</span> <span class='ocrx_word' id='word_1_386' title='bbox 333 2302 415 2330; x_wconf 85' lang='lat' dir='ltr'>maneant</span> <span class='ocrx_word' id='word_1_387' title='bbox 426 2302 444 2330; x_wconf 92' lang='lat' dir='ltr'>et</span> <span class='ocrx_word' id='word_1_388' title='bbox 457 2297 546 2330; x_wconf 87' lang='lat' dir='ltr'>consorcio</span> <span class='ocrx_word' id='word_1_389' title='bbox 559 2302 663 2331; x_wconf 88' lang='lat' dir='ltr'>sanctorum.</span> <span class='ocrx_word' id='word_1_390' title='bbox 686 2300 725 2332; x_wconf 88' lang='lat' dir='ltr'>Has</span> <span class='ocrx_word' id='word_1_391' title='bbox 736 2310 775 2341; x_wconf 91' lang='lat' dir='ltr'>pre·</span> 
     </span>
     <span class='ocr_line' id='line_1_43' title="bbox 73 2346 775 2389; baseline 0.001 -9"><span class='ocrx_word' id='word_1_392' title='bbox 73 2347 128 2381; x_wconf 85' lang='lat' dir='ltr'>dictas</span> <span class='ocrx_word' id='word_1_393' title='bbox 136 2346 223 2380; x_wconf 86' lang='lat' dir='ltr'>libertates</span> <span class='ocrx_word' id='word_1_394' title='bbox 234 2357 264 2389; x_wconf 92' lang='lat' dir='ltr'>per</span> <span class='ocrx_word' id='word_1_395' title='bbox 272 2354 328 2380; x_wconf 88' lang='lat' dir='ltr'>cartas</span> <span class='ocrx_word' id='word_1_396' title='bbox 337 2346 394 2389; x_wconf 82' lang='lat' dir='ltr'>regias</span> <span class='ocrx_word' id='word_1_397' title='bbox 405 2347 509 2380; x_wconf 86' lang='lat' dir='ltr'>monasterio</span> <span class='ocrx_word' id='word_1_398' title='bbox 519 2347 574 2380; x_wconf 86' lang='lat' dir='ltr'>sancti</span> <span class='ocrx_word' id='word_1_399' title='bbox 582 2348 670 2381; x_wconf 86' lang='lat' dir='ltr'>Edmundi</span> <span class='ocrx_word' id='word_1_400' title='bbox 679 2358 775 2389; x_wconf 84' lang='lat' dir='ltr'>concessas,</span> 
     </span>
     <span class='ocr_line' id='line_1_44' title="bbox 74 2396 804 2442; baseline 0.001 -12"><span class='ocrx_word' id='word_1_401' title='bbox 74 2398 130 2442; x_wconf 84' lang='lat' dir='ltr'>plures</span> <span class='ocrx_word' id='word_1_402' title='bbox 145 2396 220 2429; x_wconf 88' lang='lat' dir='ltr'>Romani</span> <span class='ocrx_word' id='word_1_403' title='bbox 235 2397 324 2440; x_wconf 84' lang='lat' dir='ltr'>pontifices</span> <span class='ocrx_word' id='word_1_404' title='bbox 338 2408 369 2440; x_wconf 91' lang='lat' dir='ltr'>per</span> <span class='ocrx_word' id='word_1_405' title='bbox 387 2398 442 2430; x_wconf 88' lang='lat' dir='ltr'>bullas</span> <span class='ocrx_word' id='word_1_406' title='bbox 460 2407 501 2430; x_wconf 87' lang='lat' dir='ltr'>suas</span> <span class='ocrx_word' id='word_1_407' title='bbox 516 2397 661 2432; x_wconf 86' lang='lat' dir='ltr'>confirmauerunt</span> <span class='ocrx_word' id='word_1_408' title='bbox 677 2397 735 2439; x_wconf 75' lang='lat' dir='ltr'>(Alex.</span> <span class='ocrx_word' id='word_1_409' title='bbox 750 2399 804 2438; x_wconf 52' lang='grc' dir='ltr'>ΠΛΟ</span> 
     </span>
     <span class='ocr_line' id='line_1_45' title="bbox 74 2447 776 2490; baseline 0 -9"><span class='ocrx_word' id='word_1_410' title='bbox 74 2449 167 2481; x_wconf 70' lang='lat' dir='ltr'>Adrianus</span> <span class='ocrx_word' id='word_1_411' title='bbox 174 2448 218 2480; x_wconf 84' lang='lat' dir='ltr'><em>IIII</em></span> <span class='ocrx_word' id='word_1_412' title='bbox 222 2451 239 2479; x_wconf 80' lang='lat' dir='ltr'>et</span> <span class='ocrx_word' id='word_1_413' title='bbox 245 2447 297 2480; x_wconf 74' lang='lat' dir='ltr'>Alex.</span> <span class='ocrx_word' id='word_1_414' title='bbox 306 2452 339 2489; x_wconf 79' lang='lat'>3¹¹¹,</span> <span class='ocrx_word' id='word_1_415' title='bbox 351 2447 429 2481; x_wconf 76' lang='lat' dir='ltr'>Vrbanus</span> <span class='ocrx_word' id='word_1_416' title='bbox 436 2452 468 2490; x_wconf 80' lang='lat'>3¹¹³,</span> <span class='ocrx_word' id='word_1_417' title='bbox 478 2448 560 2482; x_wconf 83' lang='lat' dir='ltr'>Celestius</span> <span class='ocrx_word' id='word_1_418' title='bbox 569 2452 601 2490; x_wconf 75' lang='lat'>3¹¹¹,</span> <span class='ocrx_word' id='word_1_419' title='bbox 613 2452 629 2481; x_wconf 79' lang='lat' dir='ltr'>et</span> <span class='ocrx_word' id='word_1_420' title='bbox 639 2448 734 2482; x_wconf 81' lang='lat' dir='ltr'>Nr&#39;cltolaus</span> <span class='ocrx_word' id='word_1_421' title='bbox 742 2452 776 2490; x_wconf 77' lang='lat'>3¹¹⁸)</span> 
     </span>
     <span class='ocr_line' id='line_1_46' title="bbox 74 2497 776 2542; baseline 0 -9"><span class='ocrx_word' id='word_1_422' title='bbox 74 2499 165 2534; x_wconf 89' lang='lat' dir='ltr'>adiciendo</span> <span class='ocrx_word' id='word_1_423' title='bbox 176 2504 194 2532; x_wconf 88' lang='lat' dir='ltr'>et</span> <span class='ocrx_word' id='word_1_424' title='bbox 205 2497 321 2541; x_wconf 88' lang='lat' dir='ltr'>specificando</span> <span class='ocrx_word' id='word_1_425' title='bbox 329 2498 375 2541; x_wconf 90' lang='lat' dir='ltr'>quod</span> <span class='ocrx_word' id='word_1_426' title='bbox 383 2498 506 2532; x_wconf 87' lang='lat' dir='ltr'>monasterium</span> <span class='ocrx_word' id='word_1_427' title='bbox 517 2497 572 2532; x_wconf 88' lang='lat' dir='ltr'>sancti</span> <span class='ocrx_word' id='word_1_428' title='bbox 582 2497 670 2532; x_wconf 90' lang='lat' dir='ltr'>Edmundi</span> <span class='ocrx_word' id='word_1_429' title='bbox 679 2498 776 2542; x_wconf 88' lang='lat' dir='ltr'>predictum</span> 
     </span>
    </p>
   </div>
   <div class='ocr_carea' id='block_1_5' title="bbox 204 2580 647 2621">
    <p class='ocr_par' dir='ltr' id='par_1_5' title="bbox 204 2580 647 2621">
     <span class='ocr_line' id='line_1_47' title="bbox 204 2580 647 2621; baseline 0 -9"><span class='ocrx_word' id='word_1_430' title='bbox 204 2581 210 2598; x_wconf 86' lang='lat'>¹</span> <span class='ocrx_word' id='word_1_431' title='bbox 221 2581 254 2612; x_wconf 89' lang='lat' dir='ltr'>The</span> <span class='ocrx_word' id='word_1_432' title='bbox 262 2581 332 2612; x_wconf 82' lang='lat' dir='ltr'>Chaners</span> <span class='ocrx_word' id='word_1_433' title='bbox 338 2591 364 2612; x_wconf 81' lang='lat' dir='ltr'>are</span> <span class='ocrx_word' id='word_1_434' title='bbox 370 2581 415 2619; x_wconf 81' lang='lat' dir='ltr'>given</span> <span class='ocrx_word' id='word_1_435' title='bbox 422 2581 438 2611; x_wconf 91' lang='lat' dir='ltr'>in</span> <span class='ocrx_word' id='word_1_436' title='bbox 445 2582 512 2613; x_wconf 70' lang='lat' dir='ltr'>irenen.</span> <span class='ocrx_word' id='word_1_437' title='bbox 519 2580 566 2619; x_wconf 75' lang='lat' dir='ltr'>nugi.</span> <span class='ocrx_word' id='word_1_438' title='bbox 574 2580 604 2612; x_wconf 89' lang='lat' dir='ltr'>Ill.</span> <span class='ocrx_word' id='word_1_439' title='bbox 613 2587 647 2621; x_wconf 80' lang='lat'><strong>137.</strong></span> 
     </span>
    </p>
   </div>
   <div class='ocr_carea' id='block_1_6' title="bbox 0 0 902 2803">
    <p class='ocr_par' dir='ltr' id='par_1_6' title="bbox 0 0 902 2803">
     <span class='ocr_line' id='line_1_48' title="bbox 0 0 902 2803; baseline 0 0"><span class='ocrx_word' id='word_1_440' title='bbox 0 0 902 2803; x_wconf 95' lang='lat' dir='ltr'> </span> 
     </span>
    </p>
   </div>
  </div>
 </body>
</html>
