1762 2803
57 125 187 167 asanaa-1
203 117 248 172 me
261 117 297 171 a.
310 118 442 171 domuum
456 127 514 180 reue
527 122 551 170 et
564 122 681 179 matuta.
714 122 758 176 687

56 236 91 271 vita
102 237 242 280 desperauerant,
254 238 288 272 iam
299 239 386 273 uiuentem
397 247 415 274 et
427 240 542 275 considentem
553 238 669 284 inspicientes,
681 239 732 273 deum
743 246 760 274 et

56 293 135 322 sanctum
143 288 255 322 Edmundum
263 289 387 325 collaudabant.

102 356 167 390 Uidam
179 357 248 400 insuper
256 360 336 402 puerulus
348 370 387 393 cum
400 371 457 394 sorore
467 359 559 394 innocente
571 361 589 393 iu
601 361 677 393 manerio
688 361 727 394 ville
738 360 761 393 de

124 407 197 448 lngham
212 418 277 450 vagans
292 418 313 441 ac
330 409 446 451 progrediens,
461 409 552 443 casualiter
568 408 586 442 in
604 416 674 453 puteum
690 409 761 453 plenum

58 457 142 491 horrendo
150 467 193 491 ceno
201 457 269 499 cecidit,
277 464 294 492 et
302 458 327 492 sic
334 469 401 494 mersus
409 464 434 494 est
442 465 460 493 ut
467 459 514 494 nulla
521 471 561 505 pars
569 460 645 505 corporis
652 460 680 495 vel
687 461 760 496 vestium
769 472 778 503 5

58 519 69 541 a
76 518 163 551 quoquam
170 515 229 551 posset
236 509 325 553 perpendi.
340 510 391 552 Quod
399 510 460 544 uidens
468 520 521 552 soror,
528 516 545 545 et
552 511 671 553 ingemiscens,
679 511 760 546 clamauit

57 559 128 591 fratrem
141 569 180 593 esse
193 559 285 593 delossum.
307 559 385 593 Audiens
398 569 438 593 vero
451 566 506 594 mater
518 561 556 600 hec,
568 560 614 595 tleuit
626 561 691 595 sortiter
704 567 721 595 et
734 561 761 594 in-

58 608 133 650 gemuit3
150 619 253 651 sumensque
264 616 337 642 rastrum
350 615 368 642 et
381 609 410 642 diu
422 620 495 652 querens
508 620 579 652 puerum
593 611 610 643 in
622 617 679 652 puteo,
690 612 761 644 tandem

58 657 128 690 attraxit
136 663 153 690 et
161 657 232 691 extraxit
240 668 279 691 eum
290 659 312 691 de
323 664 429 701 puteo-nec
438 657 500 691 mirum
514 658 528 692 si
537 658 573 692 iam
582 664 660 692 mortuus
670 665 722 701 esset,
728 659 761 693 etsi

58 706 103 741 vires
111 706 168 740 valide
176 707 303 751 suppecissent!
327 709 394 742 Leuant
401 719 463 751 corpus
472 714 489 742 et
496 708 605 749 vestimenta,
612 708 678 741 sonetur
687 720 730 752 puer
739 709 762 742 ad
771 720 791 742 10

59 756 121 801 ignem,
133 768 165 791 nec
176 764 259 792 mouetur.
282 758 360 793 Tandem
369 765 439 793 sanctus
449 758 553 793 Edmundus
563 758 661 794 inuocatur:
676 765 694 793 et
705 759 762 793 statim

59 818 101 851 puer
115 809 193 851 spiritum
207 808 272 852 recipit,
287 809 345 845 oculos
360 809 421 851 aperit,
435 820 497 844 manus
512 809 594 853 expandit
608 815 625 843 et
638 808 683 844 vires
699 809 763 849 sumitt

59 858 140 900 ambulat,
147 858 213 893 iocatur
220 865 238 892 et
245 870 293 892 more
299 854 348 902 pueri
355 860 408 893 verba
414 860 481 893 format.

61 931 135 1008 Clrca
145 942 209 964 annum
218 932 282 965 Christi
294 940 334 975 1351
343 942 374 976 per
384 932 444 966 merita
454 932 500 966 beati
510 932 598 967 Edmundi
608 932 653 975 regis
661 937 678 967 et
688 932 763 966 martiris

119 982 163 1015 infra
170 981 186 1023 vj
198 981 283 1015 mensium
294 982 372 1025 spacium
383 988 456 1025 quatuor
465 983 527 1016 mortui
538 982 555 1015 in
563 982 644 1016 comitatu
653 982 763 1023 Suthfolchie,
773 994 790 1025 ¹5

60 1032 88 1065 vel
95 1042 135 1065 vere
146 1032 208 1066 mortui
219 1031 292 1074 reputati
304 1043 335 1075 per
342 1043 382 1066 vera
393 1032 444 1075 signa
454 1038 472 1066 et
480 1032 545 1066 indicia
554 1044 587 1076 que
598 1032 615 1067 in
625 1032 697 1067 mortuis
708 1034 763 1067 solent

60 1092 149 1123 apparere,
157 1082 191 1115 vite
199 1081 271 1124 pristine
279 1088 296 1114 et
304 1081 354 1115 saluti
363 1082 428 1123 integre
435 1082 508 1115 restituti
516 1089 584 1115 sunt.-

98 1170 134 1203 Um
142 1174 212 1204 sanctus
220 1175 318 1204 sanctorum
325 1180 357 1213 per
364 1180 383 1204 se
390 1168 447 1213 ipsum
454 1175 526 1204 testetur
534 1170 575 1213 quia
583 1170 654 1204 lucerna
664 1171 697 1204 sub
706 1170 765 1205 modio

119 1230 154 1253 non
162 1220 183 1253 sit
191 1220 304 1254 occultanda:
315 1220 377 1254 mirum
385 1231 415 1253 cur
422 1226 492 1254 sanctus
500 1221 603 1255 Edmundus
613 1227 683 1263 propter
692 1221 764 1254 miracu·

60 1271 116 1303 lorum
128 1269 244 1312 frequenciam
259 1269 276 1303 in
290 1269 369 1304 uniuersa
381 1276 427 1304 terra
439 1280 474 1304 non
487 1271 568 1304 adoretur
580 1277 597 1305 et
610 1271 711 1315 predicetur.
734 1273 793 1306 Setae

61 1331 113 1354 causa
125 1320 175 1353 huius
186 1320 254 1363 ignauie
263 1321 326 1363 duplex
337 1331 375 1355 esse
385 1327 453 1364 potest:
464 1327 494 1354 aut
503 1321 543 1363 quia
553 1327 577 1355 tot
588 1326 668 1363 operatur
678 1321 724 1364 quod
734 1332 765 1364 pre

61 1369 170 1402 multitudine
180 1369 266 1403 numerari
276 1380 312 1402 uon
322 1375 406 1413 possunt3
417 1376 447 1403 aut
454 1376 501 1403 certe
512 1380 571 1403 eorum
579 1375 648 1404 notatur
659 1370 765 1412 ingratitudo

61 1420 90 1464 qui
106 1420 138 1452 sibi
153 1425 223 1453 ostensa
238 1419 320 1452 miracula
335 1421 411 1453 reuelare
426 1425 443 1453 et
458 1419 545 1462 publicare
560 1419 647 1460 deberent,
661 1425 690 1453 aut
705 1430 764 1454 eorum

62 1477 121 1513 torpor
128 1475 145 1504 et
153 1469 259 1512 necligencia
266 1469 295 1513 qui
303 1470 336 1503 hec
343 1469 418 1504 scribere
426 1475 443 1503 et
455 1469 527 1503 ecclesie
535 1467 673 1513 com[m]entlare
680 1476 765 1503 tenentur.

62 1521 109 1553 Nam
116 1519 164 1552 milia
174 1526 254 1561 operatus
263 1524 290 1553 est
300 1519 382 1553 miracula
393 1530 427 1562 que
436 1530 471 1552 non
482 1519 583 1560 reseruntur,
594 1526 611 1552 et
622 1520 663 1553 item
673 1520 721 1554 milia
732 1530 766 1563 que
775 1530 793 1561 25

62 1581 97 1604 non
109 1570 210 1613 scribuntur,
222 1576 239 1603 et
250 1569 275 1603 sic
286 1580 317 1614 per
330 1569 452 1613 necligenciam
464 1580 523 1604 eorum
536 1570 565 1614 qui
577 1569 651 1604 scribere
664 1570 766 1612 debuerunt,

62 1632 73 1654 a
83 1621 147 1653 noticia
158 1622 207 1662 lapsa
217 1626 267 1660 sunt;
279 1620 323 1652 sicut
332 1621 452 1661 naulragorum
461 1620 548 1660 liberatio,
560 1620 665 1652 infirmorum
676 1619 766 1661 releuacio,

62 1675 172 1714 peccatorum
183 1668 272 1711 relauacio,
280 1669 415 1711 temptacionum
425 1669 523 1711 euacuacio,
531 1669 636 1712 aliorumque
646 1680 766 1713 oppressorum

62 1731 97 1754 non
111 1721 166 1753 solum
179 1720 223 1753 mira
235 1726 260 1753 set
271 1718 306 1754 cita
317 1726 334 1753 et
345 1720 418 1753 salubris
429 1720 529 1753 subuencio.
551 1720 630 1762 Quodam
643 1719 694 1761 igitur
706 1730 766 1753 recen-

63 1770 110 1804 ciora
117 1770 208 1803 scribenda
219 1775 263 1810 sunt,
271 1775 290 1803 vt
301 1768 344 1802 tanti
357 1780 420 1802 nomen
430 1769 504 1802 martiris
512 1769 574 1802 suturis
583 1769 688 1811 temporibus
698 1780 767 1811 semper
774 1779 794 1808 30

63 1820 266 1863 permaneatgloriosum.
284 1811 766 1862 ¹Cumenimproptertempestateminauditamspecio-

63 1882 102 1905 sum
112 1876 130 1904 et
136 1870 187 1904 valde
196 1869 290 1913 spectabile
300 1869 347 1902 beati
355 1869 443 1902 Edmundi
452 1869 521 1903 caderet
531 1868 626 1912 campanile
635 1876 652 1903 et
663 1869 766 1903 incedendo

63 1921 139 1964 pluribus
152 1927 225 1954 mortem
238 1921 335 1960 intentaret,
347 1920 371 1952 ita
383 1920 429 1962 quod
440 1919 495 1952 nullus
509 1925 545 1953 tum
559 1925 629 1962 propter
641 1919 708 1952 ruinam
721 1919 766 1952 illius

64 1970 203 2013 im[rn]inentem,
209 1976 245 2001 tum
254 1976 323 2011 propter
330 1969 364 2000 alia
372 1978 403 2011 per
410 1968 451 2000 illud
458 1979 489 2001 seu
497 1979 528 2010 per
534 1973 655 2011 tempestatem
663 1969 766 2001 horrendam

63 2020 111 2054 ruine
127 2019 208 2064 patencla
224 2025 279 2053 tutum
296 2018 329 2052 sibi
345 2019 403 2052 locum
420 2024 493 2062 putaret,
510 2023 594 2061 patronus
610 2023 669 2052 noster
686 2024 703 2053 et
718 2023 793 2062 pater35

64 2077 134 2105 sanctus
148 2070 251 2105 Edmundus
267 2079 327 2104 omnes
340 2068 425 2113 protexit;
440 2078 480 2102 cum
493 2074 550 2102 tamen
563 2068 609 2102 dicto
624 2073 642 2103 et
654 2068 713 2102 audito
726 2079 767 2102 con-

64 2121 142 2155 sideratis
156 2119 296 2161 circumstauciis‚
312 2120 345 2153 hoc
359 2129 441 2161 magnum
456 2125 493 2152 erat
507 2117 612 2152 miraculum.
637 2119 718 2163 Namque
732 2129 767 2152 nou

65 2172 120 2206 solum
129 2171 145 2205 in
154 2172 192 2214 ipsa
199 2170 277 2211 ecclesia,
288 2170 325 2203 scil.
330 2169 436 2212 presbiterio,
445 2169 497 2203 choro
506 2175 523 2203 et
534 2169 600 2212 capella
609 2169 659 2203 beate
671 2169 731 2209 Marie,
739 2169 767 2202 vbi

65 2221 159 2255 maximum
166 2220 266 2254 imminebat
274 2219 374 2262 periculum,
382 2219 419 2252 set'*
426 2218 481 2252 eciam
489 2218 507 2252 in
515 2218 553 2261 ipso
560 2217 653 2260 campanili
660 2228 720 2261 parum
728 2225 768 2251 ante

65 2281 124 2305 casum
135 2270 172 2304 eius
182 2270 271 2304 hominum
281 2268 373 2303 multitudo
382 2268 462 2302 affuerat:
474 2268 526 2302 setin
535 2267 608 2302 diuersis
616 2267 693 2309 cameris,
701 2266 767 2309 studiis,
775 2277 795 2307 4⁰

65 2328 82 2355 et
96 2320 134 2355 aliis
146 2320 188 2354 locis
201 2321 230 2354 vbi
242 2327 280 2363 post
292 2319 412 2363 paruissimum
424 2319 533 2352 interuallum
544 2319 583 2362 ipsa
596 2319 645 2352 ruina
657 2318 767 2359 contingebat

63 2371 126 2404 fratres
136 2380 196 2402 omnes
207 2370 236 2402 hic
246 2370 287 2403 inde
298 2370 411 2403 consistentes
422 2368 514 2403 manifesta
525 2369 552 2403 dei
564 2369 625 2403 virtute
636 2375 653 2401 et
664 2368 719 2402 sancti
730 2368 767 2400 Ed·

65 2420 125 2454 mundi
137 2430 188 2463 prece
199 2420 222 2453 ab
231 2420 278 2453 omni
288 2420 348 2454 mortis
358 2418 433 2462 periculo
445 2419 538 2460 salutantur,
545 2430 578 2452 nec
585 2419 658 2451 famulus
665 2418 733 2460 aliquis,
741 2420 768 2451 vel

66 2470 137 2511 catulus,
150 2470 201 2502 vllam
213 2469 266 2502 sensit
278 2469 361 2502 lesionem
374 2480 409 2512 qua
423 2478 496 2502 mortem
509 2470 536 2503 vel
548 2468 662 2502 mutilacionis
675 2468 768 2501 discrimen

85 2543 91 2560 ¹
102 2543 136 2574 The
143 2543 223 2582 following
230 2552 279 2574 seems
285 2547 302 2574 to
308 2543 348 2574 refer
354 2546 370 2574 to
377 2543 403 2574 the
411 2542 438 2573 sall
447 2542 465 2573 ol
472 2543 498 2573 the
505 2541 560 2573 chnrch
568 2546 615 2572 touer
621 2541 638 2572 in
646 2550 690 2579 1210,
697 2541 716 2573 ct'.
724 2541 768 2574 Mon.

66 2583 113 2622 Aupl⁴
120 2583 151 2614 111.
159 2591 192 2623 1⁰5·
363 2583 369 2601 ²
379 2583 413 2615 MS.
420 2592 451 2614 seu.
