1762 2803
145 190 175 243 ¹76
341 188 421 240 tutuo
437 186 554 250 termut
570 188 663 251 tortia

145 307 222 354 uestigia
234 308 351 354 nostrasquc¹
360 309 431 344 animas
443 310 531 353 perducat
542 310 565 344 ad
574 310 649 344 Abrahe
657 309 722 344 solatia
730 309 848 353 sempiterna

148 354 249 405 ingruente
257 368 352 408 peroptato
361 369 443 407 tempore
452 374 488 407 quo
496 364 618 407 corruptionis
626 375 692 398 carnee
701 363 780 409 prelium
789 363 849 397 immi·

147 422 199 449 neret
207 415 302 460 animaque
311 416 389 460 gratiosa
398 427 431 459 pro
443 417 533 460 imperiali
545 417 619 450 victoria
630 418 688 451 nubes
699 418 784 452 ethereas
792 427 850 460 pene-

146 473 209 511 traret,
218 470 265 504 hunc
274 470 335 504 oriens
343 480 366 503 cx
374 470 411 503 alto
419 470 496 504 visitans
505 470 563 504 morbi
572 470 700 514 pestilentialis
708 471 761 515 signo
769 469 849 504 euidenti

130 531 139 561 5
147 522 165 554 itt
174 522 236 564 laterc,
242 524 264 556 ad
271 523 352 556 celorum
359 523 471 556 consortium
479 524 567 556 inuitauit,
583 524 655 556 Exinde
662 524 749 556 fratribus
756 523 850 555 aduocatis

148 574 165 608 itt
180 586 272 609 cameram
283 575 312 609 vbi
326 581 389 620 pastor
404 576 531 610 sanctissimus
547 576 611 609 mortis
623 576 725 620 angustiam
741 576 850 620 expectauit,

147 628 216 672 incepit
226 629 340 663 increscente
348 629 434 672 passione
443 629 551 673 egritudinis
559 629 577 662 in
587 630 650 672 paucis
661 630 731 663 eisdem
741 629 850 662 consulere:

147 681 232 715 videlicet
240 687 258 715 vt
267 681 377 722 humilitatis,
386 681 465 723 unitatis,
474 688 492 716 et
500 681 604 716 obedientie
615 682 685 726 integra
694 681 766 715 tincula
775 691 850 715 conser-

147 740 218 777 uarcnt,
230 735 322 769 charitatis
336 746 356 769 ac
369 736 496 769 concordantie
508 736 567 769 nitore
580 735 671 779 fulgentes
683 736 779 769 tmanimes
795 735 850 768 conti·

121 796 140 822 to
148 794 225 823 nuarcnt
234 788 251 822 in
260 789 339 823 consiliis
348 788 473 833 preuidendis,
481 795 548 823 statuta
558 789 649 833 regularia
659 800 679 823 ac
690 789 776 823 minimas
788 788 851 821 obser·

148 842 219 875 nantias
235 842 318 876 deuotius
334 842 452 884 custodirent,
468 848 486 876 et
501 842 644 886 superueniente
658 842 707 876 luctu
723 841 751 876 sui
767 841 850 874 interitus

148 894 239 938 repentini
248 895 380 939 tranquillitati¹
390 902 408 929 et
418 896 534 938 confidentie,
542 896 653 929 confratrem
662 896 751 940 eligerent
760 895 779 928 in
790 902 851 938 pasto-

149 957 194 989 rem,
203 947 233 990 qui
245 950 318 982 mutue²
326 948 428 982 dilectionis
440 954 458 982 et
469 948 562 982 charitatis
574 949 645 992 eloquio
658 955 763 992 presentem
775 956 851 991 gregem

149 1000 264 1043 confortaret,
276 1001 362 1046 dirigeret
373 1006 391 1035 et
402 1007 525 1036 conseruaret.
548 1001 643 1036 Fundatus
653 1002 713 1046 itaque
726 1001 744 1035 in
756 1000 851 1044 euangelio

123 1069 140 1099 15
149 1055 198 1098 quod
210 1054 294 1089 Christus
306 1054 364 1099 reguli
376 1055 475 1098 hospitium
488 1055 545 1089 noluit
557 1054 624 1089 intrare
638 1066 661 1089 ne
672 1055 766 1089 rideretur
779 1054 852 1087 diuitias

149 1108 251 1148 honorare;
268 1109 424 1151 consideransque
437 1108 498 1142 diuitis
511 1108 595 1152 epulonis
608 1109 698 1143 cruciatus
713 1109 732 1142 in
744 1107 822 1147 inferno,
833 1114 852 1140 et

149 1161 212 1194 solatia
229 1161 305 1194 Lazari³
321 1162 340 1194 in
359 1161 401 1194 sinu
419 1162 494 1195 Abrahe
512 1161 630 1204 quiescentis,
647 1172 729 1195 amorem
748 1161 851 1193 diuitiarum

149 1212 280 1246 detestabiliter
288 1213 421 1256 reprobauit‚et
429 1224 493 1246 earum
501 1219 626 1255 contemptum
635 1213 653 1247 in
661 1214 738 1256 prelatia
744 1213 851 1246 constitutus

149 1264 227 1299 subditis
236 1265 354 1310 exemplauit
361 1265 423 1299 verbis
431 1273 543 1300 connectens
554 1266 719 1310 subsequentibus:
733 1265 788 1298 ‘Auri
801 1265 852 1298 afflu-

122 1327 142 1353 to
149 1319 217 1353 entiam
228 1325 290 1353 nostra
299 1321 355 1353 bursa
365 1330 402 1352 non
414 1320 500 1362 continet,
509 1326 527 1353 et
538 1330 625 1363 supremo
636 1320 730 1353 conditore
738 1320 852 1362 gubernante

150 1372 234 1416 cuiquam
242 1372 337 1405 hominum
345 1371 364 1405 in
372 1372 433 1416 aliquo
439 1383 475 1405 non
481 1372 608 1405 indebitamur.
625 1372 758 1416 Cognoscimus
764 1371 853 1405 veraciter

150 1427 198 1469 quod
206 1426 342 1469 complacentes
350 1431 457 1460 cunctorum
463 1432 549 1469 aspectus
555 1436 592 1459 uon
599 1426 728 1469 preuenimus:
737 1426 770 1459 sed
776 1424 853 1468 qualiter

149 1478 258 1521 texerimus,
270 1485 311 1522 post
326 1473 420 1513 recessum
436 1480 490 1513 fidele
506 1479 611 1523 percipietis
627 1479 710 1513 inditium
717 1480 727 1521 ⁴,
740 1485 758 1512 et
770 1478 853 1521 qualiter·

150 1543 222 1576 cunque
233 1531 308 1566 latratus
320 1531 414 1566 inimicitie
426 1539 498 1566 nostros
508 1540 559 1566 actus
570 1532 697 1575 reprobarunt,
708 1533 773 1566 horum
785 1531 853 1574 rubigi-

110 1586 141 1628 '25
150 1595 216 1618 nosum
229 1585 320 1629 eloquium
336 1585 388 1629 signa
403 1585 507 1618 euidentia⁵
519 1586 660 1628 expugnabunt!
684 1585 726 1618 Htis
741 1585 853 1618 familiariter

150 1639 266 1680 prosequutis
275 1638 293 1670 in
301 1637 362 1671 medio
370 1639 427 1670 nabso
435 1638 467 1680 (Ψ
475 1639 549 1670 indutus
561 1638 584 1669 ad
592 1648 666 1670 carnem
678 1637 751 1678 cilicio⁷‚
760 1637 854 1680 ingraues·

150 1695 204 1724 cente
216 1689 323 1733 egritudinis
337 1700 400 1724 morsu
411 1690 492 1733 vipereo,
505 1690 629 1724 acceleranter
642 1690 732 1724 affectauit
744 1689 820 1723 dissolui
836 1695 854 1722 et

151 1754 193 1778 esse
207 1753 249 1778 cum
261 1743 339 1778 Christo.
363 1743 429 1778 Postea
440 1743 514 1788 quidam
529 1742 611 1778 medicus
626 1742 746 1778 incontinenti
761 1752 853 1777 cameram

151 1795 257 1840 ingrediens
267 1797 298 1831 vbi
309 1796 389 1840 prefatus
401 1803 463 1840 pastor
473 1803 556 1840 tempora
566 1797 630 1831 mortis
640 1798 749 1841 expectauit,
757 1807 802 1830 voce
812 1807 854 1830 con·

123 1864 143 1893 30
152 1849 236 1884 solatoria
251 1849 311 1884 taliter
326 1850 445 1894 erumpebat:
463 1850 528 1884 ‘Pater
542 1850 680 1894 benignissime,
693 1849 778 1895 quamuis
793 1849 854 1893 ingra-

151 1903 242 1937 uescentis
253 1903 312 1936 morbi
324 1903 435 1936 ferocitatem
449 1913 486 1936 non
498 1903 575 1946 potestis
586 1904 605 1936 in
617 1904 723 1946 sospitatem
736 1909 855 1942 commutare,

151 1955 225 1999 capiatis
230 1960 292 1989 tamen
298 1955 400 1989 antidotum
405 1956 416 1997 Β,
423 1955 508 1999 spiritum
516 1956 539 1989 ad
546 1961 619 1998 tempus
624 1956 711 1989 reficere.¹
728 1955 761 1989 Cui
769 1961 855 1988 sanctus:

150 2008 182 2042 ‘Si
195 2008 270 2042 omnino
284 2009 374 2042 debemus
389 2009 498 2042 medicinam
514 2009 601 2052 recipere,
614 2009 673 2052 parati
689 2020 753 2043 sumus
769 2007 855 2041 humilius

151 2060 246 2104 obedire'3
258 2061 322 2096 intime
334 2062 417 2096 recolens
429 2068 512 2097 tenorem
524 2063 587 2106 regule
599 2062 659 2096 taliter
673 2061 792 2106 imperantis:
806 2060 856 2094 ‘Fiat

124 2129 142 2160 35
152 2115 192 2149 sine
207 2126 301 2149 murmure
316 2117 339 2149 de
354 2115 429 2149 consilio
445 2116 557 2157 medicine⁹,’
573 2122 591 2149 et
607 2116 699 2160 sequitur:
720 2115 793 2149 ‘Faciat
806 2114 855 2158 quod

152 2169 254 2203 laciendum
273 2174 301 2203 est
319 2179 353 2212 pro
372 2169 440 2203 salute.'
472 2169 555 2213 Recepto
577 2169 637 2212 itaque
661 2175 723 2203 contra
744 2167 856 2202 infirmitatis

152 2220 256 2255 violentiam
270 2221 388 2254 confortatiuo
402 2222 482 2255 antidoto
487 2222 505 2262 ¹⁰,
515 2222 685 2265 experimentaliter
697 2221 778 2265 percepit
791 2230 856 2254 omnes

153 2274 227 2318 spiritus
235 2273 331 2308 interiores
340 2273 426 2317 paulatim
434 2274 550 2308 reuiuiscere.
574 2274 660 2318 Egressis
671 2274 805 2315 assistentibus,
814 2278 856 2317 post

152 2327 240 2372 pusillum
255 2326 331 2360 istorum
347 2338 453 2360 sermonum
469 2327 609 2360 commendabili
625 2328 715 2371 sapientia
727 2327 775 2370 cepit
788 2326 857 2370 alloqui

124 2399 144 2430 40
153 2380 278 2425 capellanum:
295 2380 361 2413 ‘Modo
373 2379 454 2423 percipio
466 2380 557 2424 quomodo
573 2391 583 2413 a
596 2380 656 2414 cordis
670 2381 750 2415 thalamo
764 2380 855 2413 medicina

153 2436 217 2470 collata
231 2433 338 2477 egritudinis
354 2433 456 2467 molestiam
469 2433 576 2478 eflugauitz¹
592 2440 610 2467 et
625 2434 721 2468 confestim
735 2433 857 2467 incumbentis

153 2486 605 2530 horamresolutionissibipaternaliternunciauit.
618 2488 796 2531 Heeigiturgemma
802 2486 857 2519 radiis

152 2545 242 2587 perpetue
253 2539 311 2584 gratie
322 2539 436 2584 perlustrata,
444 2540 502 2574 tribus
514 2541 579 2574 diebus
590 2540 681 2575 continuis
691 2551 749 2585 usque
759 2540 782 2573 ad
792 2540 856 2573 homin

125 2621 126 2629 ¹
174 2610 332 2646 ¹E.lranqulllitnlis.
357 2608 451 2638 'Ii-mutuo.
478 2609 569 2639 ’Rimari
597 2610 710 2640 ‘Eiutlitium
737 2607 857 2638 'Eeuidentie

153 2650 257 2681 retrudunt
293 2648 327 2680 ⁷E.
335 2648 390 2679 silicio.
427 2648 561 2680 tuainitodnn.
597 2649 698 2681 ⁹r.u1euiett
734 2646 857 2679 remmom.
