1762 2803
88 114 131 166 296
277 110 357 163 unua
373 107 488 170 tenente
503 107 596 169 ancta

88 234 140 263 erant
148 229 230 273 corporis
238 228 271 263 sui.
295 228 330 271 Qui
338 229 404 263 uidens
414 239 483 270 senem,
492 228 588 262 estimabat
596 238 638 261 eurn
649 227 733 272 spiritum
742 238 789 269 esse,

88 288 106 316 et
114 283 164 317 stetit
172 284 195 316 ad
203 282 311 317 oracionem.
334 282 397 316 Senex
405 287 467 316 autem
475 282 509 316 hoc
520 282 644 325 perpendens,
652 280 708 315 dixit:
721 282 790 316 ‘Serue

88 336 123 378 dei,
131 341 149 369 et
157 345 191 378 ego
201 336 256 369 homo
268 346 319 369 sum:
331 334 374 369 uide
384 334 462 379 uestigia
471 345 513 368 mea
522 340 540 367 et
549 339 641 367 contrecta
652 345 687 377 me,
695 333 737 378 quia
747 344 790 367 caro

89 393 106 424 et
118 387 192 434 sanguis
204 389 255 423 sum.¹
279 387 302 423 Et
314 387 433 423 introducens
445 398 509 423 senem
520 387 539 422 in
549 398 601 422 suam
612 388 725 432 speluncam,
733 387 789 422 dixit:

72 457 79 484 5
89 442 138 485 ‘Ego
146 442 165 476 in
175 441 251 475 cenobio
261 441 291 483 fui,
300 446 318 475 et
328 441 393 475 exiens
404 441 422 474 in
435 441 530 476 heremum
541 442 606 475 cellam
616 441 705 482 edificaui,
713 446 731 474 et
741 440 790 484 quod

89 495 112 527 de
124 504 181 537 opere
192 504 234 527 meo
246 493 341 537 adquisiui,
352 494 464 538 pauperibus
476 493 569 537 errogaui:
586 498 614 527 set
625 493 742 528 aduersarius
753 493 790 527 dia-

89 547 141 581 bolus
151 546 237 581 inuidens
247 546 307 590 michi,
316 557 338 581 eo
349 548 398 591 quod
407 546 516 581 festinabam
527 547 599 581 labores
611 558 662 582 meos
675 547 709 582 deo
719 546 791 588 offerre,

89 600 108 633 in
116 610 197 633 amorem
206 599 287 633 illicitum
296 599 390 632 cuiusdam
398 599 475 642 uirginis
484 610 536 633 sacre
547 599 620 642 species
628 600 727 633 deferentis
735 599 791 632 michi

89 650 185 696 temptauit
198 662 233 685 me.
256 651 329 685 Rursus
341 650 410 685 inmisit
424 650 441 686 ei
454 657 475 685 ut
488 651 532 686 alias
547 651 620 696 species
635 652 691 686 michi
706 652 791 687 deferret.

63 719 81 740 ro
89 705 125 739 Vbi
140 715 185 740 uero
200 705 312 739 consuetudo
327 704 374 739 facta
391 710 420 739 est
435 710 454 738 et
472 704 539 738 fiducia
556 705 619 747 maior,
634 709 728 748 postremo
743 709 791 739 tactu

90 767 182 797 manuum,
191 762 208 791 et
216 757 257 791 uuis
265 758 350 791 conuesci
358 756 418 800 simul,
427 757 562 791 oblectabamur
570 782 573 791 .
586 757 709 801 Concepimus
717 758 791 792 demum

91 811 173 846 dolorem
183 814 201 844 et
211 809 323 854 perfecimus
332 809 451 854 iniquitatem.
475 810 498 844 Et
508 822 550 845 cum
561 816 633 855 septem
645 811 740 845 mensibus
750 822 792 845 eum

91 874 112 898 ea
121 863 237 907 mansissem,
250 862 328 907 cogitaui
340 862 383 907 quia
395 863 449 897 hodic
459 868 490 897 aut
501 874 542 897 cras
554 868 585 897 aut
596 868 638 907 post
649 863 717 897 multos
728 873 792 904 annos,

91 916 145 950 morti
153 916 241 958 addictus,
250 921 333 950 eternum
341 916 429 949 haberem
437 915 552 960 supplicium.
576 916 595 949 Si
606 915 655 949 enim
667 926 744 949 uxorem
752 915 792 959 quis

66 983 82 1011 15
92 968 171 1004 hominis
185 968 286 1012 uiolauerit,
298 968 352 1012 penis
365 968 434 1003 eternis
449 968 529 1013 legitime
544 968 653 1003 subiacebit:
672 968 744 1012 quantis
757 974 793 1002 tor-

92 1022 160 1055 mentis
170 1021 236 1065 dignus
246 1027 275 1055 est
285 1021 317 1064 qui
327 1021 396 1055 Christi
407 1021 518 1064 stuprauerit
528 1025 628 1065 sponsam?
651 1021 674 1055 Et
685 1021 711 1055 sic
723 1021 793 1055 occulte

92 1074 127 1107 huc
135 1073 183 1115 ueni,
193 1074 255 1107 omnia
264 1073 371 1116 relinquens
380 1073 405 1107 illi
417 1073 494 1107 mulieri.
517 1073 538 1106 ln
547 1073 606 1107 iniciis
617 1074 670 1107 ualde
680 1073 757 1107 afflictus
768 1073 793 1107 fui

92 1127 155 1160 dolore
164 1125 234 1167 iecoris,
243 1125 268 1159 ita
279 1131 298 1159 ut
310 1126 361 1159 humi
372 1126 434 1159 iacens
444 1130 545 1168 prostratus
555 1127 577 1159 ad
587 1125 681 1159 dominum
691 1125 794 1160 clamarem.

92 1178 115 1212 Et
127 1189 168 1213 cum
180 1177 199 1212 in
211 1178 274 1212 dolore
285 1188 305 1211 ac
318 1177 422 1212 defeccione
433 1188 500 1217 essem,
512 1178 541 1211 uir
553 1178 627 1222 quidam
641 1178 695 1212 michi
709 1177 764 1212 astitit
776 1184 794 1212 et

65 1246 84 1266 ιο
92 1232 184 1277 tangendo
194 1230 266 1265 sanauit
277 1242 312 1274 ine,
323 1231 396 1266 dicens:
409 1230 473 1266 “Ecce
483 1242 540 1266 sanus
549 1231 607 1266 factus
615 1242 646 1267 es:
658 1231 709 1267 serui
719 1232 794 1267 domino

94 1285 149 1319 lhesu
163 1284 236 1320 Christo
249 1284 296 1318 sicut
308 1286 395 1328 oportet.’'
419 1284 442 1318 Et
455 1296 512 1319 sanus
527 1285 603 1319 effectus
616 1285 676 1319 mansi
691 1285 720 1319 hic
735 1296 794 1329 usque

92 1339 151 1371 nunc?
197 1330 264 1372 Senex
277 1337 351 1381 quidam
364 1336 435 1370 inuenit
447 1337 467 1370 in
479 1337 555 1371 heremo
568 1338 666 1381 tugurium,
678 1343 697 1372 et
710 1339 794 1372 arborem

92 1391 158 1433 palme,
166 1394 184 1424 et
191 1390 251 1424 uirum
262 1395 347 1432 stantem,
356 1390 407 1424 cuius
418 1390 477 1433 capilli
487 1391 556 1434 capitis,
565 1391 637 1425 candidi
645 1402 679 1434 per
689 1396 752 1432 totum,
760 1401 795 1434 pro

93 1443 200 1477 indumento
208 1442 266 1486 ipsius
274 1448 330 1477 erant.
354 1442 377 1476 Et
385 1453 426 1476 cum
435 1453 499 1477 senem
506 1442 587 1484 uidisset,
593 1442 643 1478 stetit
650 1437 673 1477 ad
682 1443 794 1477 oracionem:

67 1511 85 1540 ²5
94 1500 112 1530 et
121 1496 195 1539 expleto
206 1505 266 1536 amen,
276 1500 294 1528 et
305 1506 419 1538 cognoscens
432 1494 483 1528 illum
494 1495 587 1529 hominem
601 1507 648 1536 esse,
659 1496 738 1539 quesiuit
751 1506 795 1539 quo·

95 1549 150 1582 ntodo
163 1552 269 1582 constarent
282 1547 348 1591 quein
362 1548 430 1581 mundo
443 1553 510 1589 essent,
521 1553 540 1582 et
553 1548 569 1582 si
582 1549 641 1582 adhuc
655 1547 795 1592 persecuciones

95 1602 187 1634 durarent.
210 1600 273 1633 Senex
284 1610 329 1633 uero
340 1599 395 1634 dixit:
409 1600 470 1634 ‘Bene
480 1605 508 1634 est
518 1601 586 1634 mundo
594 1600 651 1634 uestri
662 1600 727 1644 gracia,
736 1600 766 1644 qui
776 1601 795 1634 in

95 1653 172 1689 ueritate
187 1652 261 1687 domino
277 1652 354 1694 semitis,
371 1657 389 1688 et
404 1653 510 1696 persecucio
526 1652 615 1688 cessauit!
639 1653 691 1688 Tunc
704 1653 740 1696 ille,
754 1664 796 1688 cum

95 1705 224 1741 lamentatione
236 1705 316 1750 plorans,
329 1705 385 1740 dixit:
404 1706 452 1750 ‘Ego
464 1706 562 1750 episcopus
574 1717 624 1741 eram
637 1712 654 1741 et
665 1707 796 1750 persecutione

69 1771 87 1799 30
96 1760 147 1802 facta,
163 1759 225 1793 multis
240 1758 295 1792 michi
310 1759 364 1792 illatis
379 1759 479 1802 suppliciis,
495 1769 536 1793 cum
553 1758 590 1793 iarn
605 1760 654 1794 ferre
669 1770 706 1793 non
721 1770 796 1804 possem

95 1817 191 1852 tormenta,
203 1811 309 1846 sacrificaui
333 1811 354 1845 ln
366 1811 457 1855 meipsum
469 1812 535 1846 deinde
547 1823 639 1855 reuersus,
651 1812 717 1856 agnoui
730 1812 796 1856 iniqui-

94 1871 152 1899 tatem
161 1874 232 1898 meam:
245 1864 280 1896 huc
290 1864 338 1905 ueni,
349 1869 368 1897 et
379 1865 499 1906 quadraginta
509 1874 576 1897 nouem
587 1865 640 1898 annis
652 1865 712 1898 mansi
723 1865 742 1898 in
754 1875 797 1897 con·

95 1916 175 1951 sessione
183 1921 201 1949 et
209 1915 337 1950 obsecracione
345 1917 368 1950 ad
376 1917 436 1958 deum,
445 1917 460 1950 si
471 1916 517 1951 forte
527 1916 628 1951 dimittatur
636 1917 691 1951 michi
702 1922 797 1961 peccatum

95 1979 162 2005 meum.
184 1968 258 2004 Victum
271 1968 351 2013 prestitit
364 1969 419 2004 michi
433 1969 518 2004 dominus
532 1980 555 2004 ex
568 1970 601 2005 hac
614 1970 684 2014 palma:
701 1975 719 2005 et
731 1970 750 2005 in
762 1970 796 2005 hoc

69 2031 87 2061 35
96 2034 144 2057 anno
152 2022 298 2057 consolacionem
306 2022 421 2066 indulgencie
427 2023 499 2067 accepi?
519 2023 542 2057 Et
548 2034 624 2058 currens
632 2024 676 2057 exiit
684 2024 732 2058 foras
740 2029 759 2057 et
767 2023 797 2057 diu

96 2076 115 2110 in
124 2075 209 2110 oracione
218 2075 278 2110 stetit:
295 2081 313 2109 et
324 2075 372 2110 facta
383 2081 411 2110 est
425 2076 480 2110 facies
494 2076 533 2110 eius
546 2076 592 2111 sicut
604 2076 652 2121 ignis
665 2077 717 2121 (orig.
724 2077 770 2121 nix),
779 2082 797 2110 et

97 2130 200 2162 extendens
208 2138 273 2161 manus
281 2129 375 2172 pedesque
383 2129 439 2161 finem
447 2129 484 2162 uite
492 2128 558 2170 feeit¹.]

190 2239 205 2276 {l
218 2231 251 2273 DE
262 2249 334 2272 SANCTA
347 2231 451 2273 EANSWIDA
462 2250 540 2273 Vtuntur,
551 2249 574 2273 ET
585 2241 700 2274 ABBATISSAss.

101 2301 248 2380 EThelbertus
260 2312 293 2336 rex
303 2301 375 2343 Canem,
384 2314 419 2346 per
430 2307 513 2337 sanctum
521 2303 645 2346 Augustinum
657 2303 767 2346 episcopum·
776 2304 798 2337 ad

161 2355 216 2389 fidem
228 2366 334 2398 conuersus,
342 2356 405 2399 genuit
417 2356 519 2390 Edbaldum
532 2362 549 2390 et
562 2356 693 2400 Ethelburgam
704 2355 798 2400 virginem,

71 2424 90 2453 4⁰
98 2419 152 2452 quarn
162 2414 215 2453 pater
225 2418 269 2443 suus
278 2408 395 2443 Ethelbertus
403 2409 453 2443 dedit
462 2410 539 2444 Edwino
549 2410 587 2454 regi
596 2408 799 2444 Northanhumbrorum

118 2476 123 2494 ¹
134 2476 184 2507 Coll.:
195 2470 252 2516 (Deus
259 2477 293 2516 qui)
301 2477 364 2507 beatum
374 2478 473 2508 Dunstanum
481 2478 572 2516 pontificem
581 2478 630 2517 (tuum
640 2477 660 2506 ad
669 2477 724 2517 regna)
732 2482 800 2509 transtu·

98 2516 130 2546 listi
138 2516 207 2547 celestia:
215 2517 288 2554 da(nobis
294 2527 324 2553 per
329 2518 428 2555 tempora)lia
435 2527 465 2554 que
471 2518 530 2554 agimus
537 2518 625 2555 solempnia
631 2517 657 2554 (ad
663 2517 727 2555 gaudia)
733 2520 800 2547 transire

64 2559 67 2564 ·
99 2556 191 2592 perhennia.
213 2555 367 2596 Qui(cf.Br.Sar.).
438 2555 780 2595 '‘Ed.inAct.SS.Boll.Aug.Vi.p.6t35.
