1762 2803
230 140 276 197 pc
290 138 390 194 sonno
406 138 533 207 penum.
693 154 734 199 153

34 265 91 303 cilicio
102 262 204 313 apperrimo
216 271 268 296 suam
280 272 356 304 semper
366 272 440 295 carnem
451 262 548 303 domabat3
560 265 668 305 mutumque
676 259 736 294 crucis

34 315 127 362 signaculo
142 313 191 357 loqui
206 313 254 348 fecit.
298 306 435 349 Crebrescente
450 324 485 358 per
499 313 613 359 prouinciam
628 313 677 348 sama
690 312 736 353 eius,

34 370 120 417 princeps
129 367 223 401 Britannie
231 366 308 401 Minoris
313 366 388 401 nomine
394 366 468 402 Iudicail
475 376 516 401 cum
523 368 638 403 sacerdotum
645 375 736 402 consensu

35 425 57 460 ad
79 423 204 468 episcopatum
222 420 295 456 alethis
316 431 358 455 eum
379 420 447 465 eligere
466 421 585 462 decernens¹,
603 420 655 455 illum
673 420 696 454 ad
715 429 737 453 se

34 475 119 513 accersiri
130 475 188 508 iussit.
215 474 299 518 Cumque
310 473 398 517 palatium
411 474 492 516 intraret,
504 485 547 508 ecce
561 474 616 509 horno
630 473 754 515 demonium5

35 530 105 564 habens
116 526 201 561 dentibus
212 527 306 566 stridebat,
313 537 347 560 nec
357 536 440 569 prorsus,
451 527 531 560 demone
541 527 622 571 linguam
633 526 673 559 eius
683 535 737 559 occu·

35 585 95 626 pante,
104 578 153 623 loqui
164 583 241 622 poterat.
263 577 316 612 Tunc
326 578 410 612 Macutus
421 589 442 613 os
453 579 493 613 eius
504 579 574 622 tetigit:
585 585 604 613 et
615 578 676 614 statim
687 576 737 621 loqui

36 632 88 676 cepit
135 623 187 665 Cum
198 637 260 664 autern
273 631 357 665 Macutus
367 631 447 665 Turonis
459 632 559 665 sacrandus
570 630 634 673 adiret,
645 630 690 664 hora
701 639 737 674 qua

36 684 117 731 episcopi
132 694 198 719 manus
213 694 257 718 suas
272 693 329 728 super
343 688 397 728 caput
412 682 452 719 eius
466 690 573 729 posuerunt,
586 685 669 719 columba
681 692 738 727 super

36 736 101 772 collum
115 734 160 775 eius,
172 745 214 768 cum
227 740 282 778 caput
294 735 318 768 ad
332 734 479 769 benedictionem
491 734 592 777 inclinaret,
604 735 700 780 apparuit;
719 737 766 768 etro

36 789 126 834 completa
134 788 277 830 consecratione,
285 787 372 822 omnibus
379 787 484 823 videntibus
494 787 513 822 in
523 788 583 823 celum
592 788 677 823 auolauit.
699 787 738 822 Re·

37 842 89 878 diens
96 847 158 876 autem
166 841 250 876 Macutus
258 842 281 875 ad
289 841 380 876 ciuitatem
391 852 450 883 suam,
457 852 492 884 per
502 851 562 876 annos
570 842 609 876 sere
618 840 738 886 quadraginta

37 894 133 931 virtutibus
143 899 161 928 et
170 893 228 938 signis
239 893 315 929 claruit:
327 898 397 937 etpost
407 893 441 928 hcc
453 894 476 928 ad
487 893 566 928 insulam
578 894 652 929 nomine
663 892 739 928 Aaronl

37 958 79 981 cum
90 946 179 991 discipulo
188 958 221 981 suo
230 946 302 980 Riuano
309 947 393 989 veniens,
402 946 471 991 aliquot
482 946 536 981 annis
545 945 584 991 [ibi]
594 945 644 982 vixit.
691 938 738 981 Post

38 1005 115 1035 mortem
123 1005 184 1035 autem
192 999 257 1045 prelati
265 1000 339 1035 Iudicail
347 1000 434 1045 princeps
438 999 506 1045 impius
514 1000 589 1035 nomine
596 999 738 1035 Rewalluscum
747 1010 766 1043 ¹5

38 1052 738 1096 filioseiusinterficiiussisset,vnuseorumsugiensadcellamMacutivenit.

38 1107 97 1149 Quem
109 1106 195 1150 princeps
205 1106 279 1150 iniquus
290 1116 411 1151 persequens,
422 1111 476 1140 nocte
487 1116 565 1150 puerum
576 1106 629 1141 iussit
641 1105 709 1150 expelli
720 1110 739 1139 et

38 1159 100 1192 occidi.
123 1159 164 1200 Quo
175 1159 254 1202 cognito,
266 1159 350 1192 Macutus
362 1168 439 1193 currens
450 1164 492 1203 post
505 1158 582 1203 impium
597 1164 615 1193 et
630 1158 706 1200 eiulans,
719 1162 739 1191 vt

38 1216 121 1255 parceret
128 1210 221 1246 innocenti
229 1221 287 1255 puero
298 1211 376 1246 clamare
385 1210 439 1254 cepit.
461 1211 500 1246 Sed
510 1210 541 1245 ille
551 1210 613 1245 audita
623 1222 669 1246 voce
678 1210 739 1256 ponti-

39 1263 83 1307 licis,
97 1268 195 1308 antequam
208 1263 231 1299 ad
244 1275 264 1299 se
276 1264 377 1308 accederet,
389 1263 493 1300 interficere
505 1264 559 1300 iussit
570 1264 692 1300 innocentem.
716 1264 739 1299 Et
748 1277 768 1299 oo

40 1317 86 1350 ssens
94 1317 179 1352 Macutus
189 1324 207 1352 et
217 1318 288 1352 eiulans
296 1319 407 1362 imprecatus
415 1323 443 1352 est
451 1318 526 1352 dicens:
539 1317 619 1359 'Nullus
627 1317 708 1358 domine,
715 1328 739 1351 ex

39 1369 110 1403 semine
122 1369 161 1403 eius
172 1370 191 1403 in
203 1374 287 1404 eternum
298 1380 355 1414 super
366 1370 430 1405 sedem
441 1370 481 1405 eius
492 1370 560 1411 sedeat,
568 1370 675 1415 suppliciter
685 1369 740 1414 rogo!

40 1421 74 1455 Die
81 1427 123 1465 post
130 1422 164 1456 hec
171 1423 224 1456 tertia
231 1423 299 1466 impius
306 1422 337 1457 ille
345 1422 426 1457 officium
436 1422 498 1467 lingue
508 1423 640 1467 oculorumque
649 1422 740 1463 amittens,

40 1479 98 1507 morte
113 1474 219 1517 turpissima
233 1475 290 1508 vitam
303 1474 367 1507 finiuit.
410 1467 447 1508 Vir
460 1476 490 1507 dei
503 1475 552 1508 inter
563 1474 635 1518 vigilias
650 1474 741 1507 continuis

40 1524 105 1559 inediis
116 1536 136 1559 se
147 1526 258 1568 rnacerauit;
270 1525 353 1570 equitans
363 1525 382 1560 in
391 1525 461 1568 itinere,
469 1536 545 1571 semper
555 1527 578 1562 de
588 1527 623 1562 deo
632 1525 700 1570 aliquid
710 1530 741 1560 aut
750 1539 769 1570 ²5

40 1577 95 1611 verbo
107 1578 187 1620 contulit,
198 1584 230 1612 aut
239 1579 316 1624 psalmis
326 1579 409 1614 intendit.
436 1578 488 1614 Inter
498 1580 554 1614 horas
565 1589 610 1614 vero
622 1578 698 1614 diurnas
710 1583 741 1613 aut

40 1629 117 1674 legendo
129 1637 159 1665 aut
170 1632 267 1666 scribendo
278 1637 309 1667 aut
320 1633 413 1676 operando
427 1634 503 1667 creatori
516 1643 549 1667 suo
562 1632 643 1668 seruiuit.
667 1632 741 1667 Nullum

41 1688 79 1717 erat
94 1688 167 1728 tempus
182 1695 218 1728 quo
233 1696 271 1719 non
286 1690 317 1720 aut
331 1685 370 1720 aliis
385 1686 482 1730 prodesset
497 1690 527 1720 aut
539 1685 574 1721 sibi
586 1686 656 1721 lucrum
668 1686 742 1721 laceret.

42 1728 129 1780 Quodam
145 1742 233 1781 tempore,
251 1749 293 1773 cum
308 1739 331 1772 ad
346 1738 443 1773 ecclesiam
459 1739 509 1773 sedis
527 1750 561 1774 sue
580 1740 666 1774 orationis
685 1740 742 1784 gratia

41 1791 154 1833 procederet,
163 1790 210 1825 sacto
218 1790 271 1835 signo
279 1792 338 1827 crucis
348 1792 410 1826 clausa
420 1792 467 1827 ostia
476 1793 536 1827 subito
547 1792 565 1827 ei
576 1798 639 1837 aperta
648 1798 696 1828 sunt.
719 1793 742 1827 Et
750 1806 771 1836 3⁰

41 1843 138 1877 adductum
150 1845 174 1877 ad
185 1855 206 1878 se
217 1844 331 1888 paraliticum
343 1845 424 1885 sanauit;
440 1845 501 1889 fugato
513 1846 591 1879 demone
602 1845 742 1889 energuminum

41 1895 115 1930 curauit.
138 1896 205 1931 Cecum
214 1897 306 1941 quendam
314 1902 391 1938 mutum,
398 1898 480 1938 surdum,
489 1903 508 1931 et
518 1897 603 1932 claudum
614 1898 649 1932 sibi
661 1897 742 1933 oblatum

41 1948 118 1983 reddidit
133 1960 204 1984 sanum.
248 1942 335 1986 Clericus
350 1949 424 1994 quidam
439 1950 462 1984 ad
477 1961 520 1985 euru
534 1950 613 1985 veniens
625 1951 649 1985 ad
664 1951 742 1995 gradum

42 2000 173 2044 presbiteratus
181 2002 285 2046 promoueri
293 2002 350 2046 petiit.
373 2003 432 2046 Quem
443 2003 558 2047 interrogans
568 2009 643 2038 sanctus
653 2003 669 2038 si
681 2009 742 2038 castus

42 2060 90 2088 esset
98 2061 116 2089 et
124 2066 191 2099 corpus
203 2066 256 2089 suum
267 2057 354 2090 intactum
364 2067 375 2089 a
384 2055 492 2090 mulieribus
502 2061 625 2097 conseruaret,
633 2056 663 2090 ilie
674 2056 697 2090 ab
707 2055 742 2090 hiis
751 2071 770 2104 35

42 2116 62 2140 se
69 2106 205 2143 immaculatum
213 2119 260 2150 esse,
267 2120 289 2144 ac
299 2114 337 2143 toto
347 2109 402 2143 corde
411 2109 501 2143 hactenus
511 2109 584 2143 Christo
596 2109 680 2144 famulari
688 2115 743 2144 testa-

42 2158 99 2195 batur.
122 2161 155 2195 Cui
166 2161 197 2195 ille
206 2162 266 2195 locum
278 2167 297 2195 et
306 2166 380 2204 tempus
390 2167 408 2194 et
417 2161 514 2194 mulierem
525 2171 567 2195 cum
577 2171 613 2206 qua
623 2161 744 2206 peccauerat³

42 2212 131 2254 exposuit.
153 2212 205 2248 Tunc
212 2212 243 2248 ille
253 2213 339 2248 confusus
349 2214 371 2248 ad
379 2214 438 2249 sancti
447 2214 518 2258 pedes¹
526 2224 621 2256 corruens,
628 2225 670 2249 cum
678 2214 744 2249 lachri-

42 2263 77 2297 mis
85 2272 158 2308 peccata
166 2268 268 2301 confitetur.
320 2260 371 2303 Cum
381 2271 442 2301 autem
451 2266 556 2302 defunctum
564 2267 656 2311 quendam
664 2268 743 2303 resusci-

42 2321 103 2360 tasset,
118 2324 137 2354 et
151 2330 174 2354 eo
188 2325 231 2364 post
243 2320 277 2354 hec
293 2320 369 2355 missam
383 2320 494 2361 celebrante,
506 2320 554 2354 lecto
569 2320 665 2364 euangelio
679 2321 744 2355 vinum
751 2337 772 2369 4⁰

43 2368 104 2413 defuit,
119 2376 138 2406 et
152 2372 200 2407 calix
215 2372 294 2407 inueniri
309 2383 346 2407 non
362 2371 425 2417 potuit.
454 2372 507 2407 Tunc
522 2372 569 2408 sacta
588 2373 640 2416 prius
657 2374 744 2415 oratione,

43 2429 116 2458 sanctus
123 2424 186 2459 virnnn
195 2426 218 2459 de
225 2436 278 2468 aqua,
285 2430 303 2459 et
311 2426 386 2459 calicem
393 2426 417 2458 de
425 2431 477 2468 petra
485 2426 569 2469 quadarn,
576 2424 661 2459 omnibus
669 2431 745 2469 stupen-

43 2471 90 2509 tibus
103 2476 151 2518 secit,
162 2483 181 2511 et
192 2477 268 2512 missam
281 2477 383 2512 inchoatam
396 2487 438 2512 cum
449 2477 511 2512 debita
524 2477 628 2512 reuerentia
639 2477 743 2524 compleuit

43 2548 202 2627 p¹deiscernens
261 2554 450 2594 ²E earon3Taaron.
510 2554 544 2585 Ἐ
554 2554 649 2594 peccauerit
709 2554 743 2588 ⁶T.

54 2598 154 2626 cassanen.
