1762 2803
98 118 100 122 ·
134 106 178 149 432
327 95 407 147 mona
422 92 539 155 bectona
554 93 647 157 acolio.

135 214 210 250 dominc
224 220 285 251 autem
297 225 331 261 pro
346 215 384 252 suis
399 220 497 261 pugnante,
509 216 583 251 inimica
596 227 662 251 manus
674 216 750 252 confusa
761 221 779 251 et
790 215 837 252 victa

135 269 218 302 discedit.
240 269 329 312 Cumque,
336 269 390 302 tertio
397 269 446 310 victi,
454 279 474 303 se
485 270 508 303 ad
519 274 603 313 quartum
612 269 691 313 prelium
699 274 785 313 pararent
796 279 838 304 cum

136 331 180 366 rege
188 330 227 364 suo,
235 321 304 356 merids
314 322 372 356 sancti
379 320 413 357 viri
425 320 482 356 multo
494 326 536 357 ante
547 322 612 357 horam
624 332 675 357 mare
687 321 762 365 effluxit,
770 332 837 357 nauem

136 374 200 409 extulit
211 379 234 418 et,
243 374 323 418 quinque
334 384 409 409 suorum
420 374 481 409 solum
492 374 563 418 occisis,
571 379 655 410 sanctum
666 374 696 409 dei
707 375 726 409 in
738 374 838 410 Sandicum

119 432 209 472 5portum
221 438 311 472 prospere
323 428 390 463 euenit.
440 421 467 463 Et
481 428 558 464 audiens
573 429 655 464 Ceddam
667 428 702 463 sibi
714 429 838 472 subrogatum,

136 480 208 525 placido
219 481 269 515 vultu
281 485 299 515 et
311 480 364 515 hilari
375 486 450 525 pectore
462 480 535 525 Ripun¹
548 482 636 527 perrexit,
644 481 706 526 ibique
717 481 797 516 seruitiis
808 482 838 516 dei

136 534 217 566 intentus
231 544 265 575 per
280 534 353 576 aliquod
367 541 441 576 tempus
456 534 475 567 in
490 535 583 568 secretiori
596 534 698 567 habitaculo
713 533 785 567 mansit.
808 534 839 566 ln·

136 585 202 618 stantia
215 585 289 618 tandem
304 585 353 629 regis
369 584 466 619 Cantuarie
482 585 569 619 Canciarn
585 585 633 627 adiit,
646 590 664 619 et
679 596 713 631 per
727 590 765 620 tres
780 596 839 620 annos

136 637 205 673 ibidem
223 637 326 682 predicans,
342 638 436 673 ministros
455 639 532 674 ecclesie
551 639 641 673 ordinauit
659 643 678 673 et
696 643 746 674 recte
764 638 839 674 viuendi

110 700 129 721 10
137 690 221 725 ordinem
232 690 315 726 instituit.
337 692 453 727 Adueniente
464 696 525 726 autem
537 692 561 726 de
571 691 632 725 Roma
643 691 740 725 Theodoro
751 692 838 736 archiepi-

137 754 193 787 scopo
201 743 220 778 in
226 744 313 789 Angliam
320 745 343 779 ab
351 745 450 789 apostolica
456 745 501 779 sede
509 743 571 787 misso,
576 743 680 786 Wiliridus,
685 743 748 779 Cedda
755 744 839 789 expulso,

137 796 177 831 sedi
188 807 222 830 sue
232 796 325 830 restitutus
335 803 368 831 est.
391 797 426 839 Qui
437 797 498 830 statim
508 796 616 830 ecclesiam²
623 797 642 830 in
654 797 723 831 honore
733 798 781 831 beati
790 797 839 831 Petri

137 849 215 893 apostoli
223 860 233 883 a
240 849 364 884 fundamentis
374 849 480 884 construxit.
525 842 576 884 Cum
586 854 646 883 autem
657 849 725 894 populo
735 849 839 894 predicaret

138 902 168 937 die
183 904 267 947 quadarn,
283 902 349 938 mulier
367 904 446 947 quedam
464 902 521 938 nimio
540 903 602 938 dolore
621 903 693 945 afflicta,
708 902 766 938 filium
784 913 839 938 suum

112 965 129 995 15
138 955 244 991 defunctum
255 957 274 990 in
281 955 329 990 vlnis
340 955 427 998 baiulans,
436 966 497 990 coram
508 962 571 990 sancto
582 955 668 1000 episcopo
678 967 698 990 sc
708 956 812 1000 prostrauit,
821 963 839 991 et

137 1014 157 1043 vt
168 1008 225 1042 filium
237 1009 354 1043 resuscitaret
368 1009 436 1043 amaris
451 1007 524 1043 lletibus
537 1009 628 1043 instanter
639 1008 714 1052 rogauit.
744 1009 789 1043 Mox
801 1010 839 1052 epi-

138 1071 205 1104 scopus
214 1061 253 1095 solo
261 1066 363 1105 prostratus
370 1067 389 1095 et
397 1061 461 1095 faciem
469 1061 562 1096 lachrimis
569 1061 672 1105 perfusus³‚
681 1061 782 1096 orationem
793 1061 839 1096 ludit

138 1114 213 1149 dicens:
226 1113 252 1148 ‘0
263 1114 337 1148 domine
348 1114 394 1148 deus
405 1119 458 1159 pater
468 1114 590 1159 omnipotens,
598 1126 636 1149 non
644 1114 667 1148 ad
676 1115 740 1148 merita
752 1126 798 1157 mea,
806 1117 839 1150 sed

139 1169 162 1202 ad
173 1172 204 1201 tue
217 1167 290 1212 pietatis
302 1178 364 1211 opera,
376 1178 447 1212 precor,
459 1168 542 1212 placatus
554 1169 633 1212 attende,
647 1172 665 1202 et
677 1168 772 1213 erumpnis
785 1167 839 1203 huius

112 1236 130 1257 20
139 1221 220 1255 mulieris
227 1232 282 1265 opem
289 1226 320 1255 tue
328 1221 456 1255 consolationis
467 1222 559 1266 impende,
567 1220 679 1256 restituendo
687 1221 721 1256 sibi
729 1221 839 1257 incolumem

139 1274 196 1308 lilium
208 1284 267 1316 suum,
281 1284 315 1316 per
330 1273 405 1307 Ihesum
418 1273 511 1308 Christum
523 1273 617 1308 dominum
631 1278 714 1307 nostrum
726 1274 840 1317 vnigenitum

138 1326 196 1360 filium
209 1326 270 1359 tuum'
298 1325 339 1368 Quo
354 1325 407 1368 dicto,
419 1324 499 1360 surrexit
512 1336 559 1370 puer
573 1325 627 1360 viuus
642 1331 660 1359 et
675 1324 729 1360 matri
743 1325 840 1361 incolumis

139 1378 225 1413 redditur.
262 1370 302 1412 Hie
309 1382 382 1412 sanctus
388 1378 487 1421 episcopus
494 1378 559 1412 diuinis
565 1377 658 1421 obsequiis
663 1377 740 1423 peruigil
746 1377 839 1421 insistens,

139 1441 206 1474 corpus
218 1441 277 1473 suum,
285 1431 334 1475 quod
342 1431 365 1464 ab
373 1432 423 1465 omni
431 1430 538 1475 contagione
546 1442 570 1465 ex
577 1436 630 1466 vtero
638 1430 702 1465 matris
710 1442 743 1466 sue
751 1431 840 1466 mundum

113 1483 255 1527 25custodierat,
267 1490 305 1518 tarn
319 1483 386 1528 vigiliis
401 1494 457 1528 quam
471 1483 569 1529 frigoribus
587 1484 634 1519 mire
653 1484 748 1528 afficiebat,
764 1485 840 1530 singulis

139 1538 184 1570 illud
195 1536 278 1570 noctibus
289 1547 336 1579 aqua
346 1537 411 1578 frigida
421 1537 506 1578 tingens;
519 1547 553 1570 nec
565 1537 616 1578 prius
628 1536 651 1569 ab
662 1536 696 1569 hac
708 1537 840 1570 consuetudine

140 1587 219 1622 cessauit
224 1587 237 1630 ⁴,
249 1598 304 1632 quam
317 1586 408 1622 lohannes
420 1587 519 1633 apostolice
531 1588 581 1622 sedis
593 1588 670 1623 antistes
682 1599 729 1631 eum,
740 1599 775 1634 pro
788 1589 841 1624 etatis

140 1653 174 1677 sue
186 1641 282 1685 grauitate,
294 1641 335 1675 huic
351 1641 444 1686 proposito
459 1641 530 1676 iuberet
545 1643 602 1676 linem
614 1641 715 1686 imponere.
738 1641 780 1677 Non
792 1642 840 1677 hunc

140 1696 195 1730 ardor
202 1694 270 1737 estatis,
277 1704 314 1728 non
322 1694 378 1737 frigus
387 1695 452 1728 hiemis
460 1696 482 1728 ab
490 1694 576 1729 instantia
584 1695 632 1738 cepti
639 1695 701 1739 operis
709 1695 738 1728 dei
746 1696 841 1730 retrahere

113 1761 132 1789 30
139 1748 230 1783 valebant.
257 1747 278 1782 Si
296 1747 369 1791 quando
384 1746 464 1791 aliquid⁶
478 1747 584 1782 deliciarum
600 1748 666 1791 quouis
681 1753 754 1792 euentu,
769 1753 788 1782 et
807 1748 841 1782 hoc

140 1811 213 1835 summa
228 1811 270 1833 cum
285 1800 378 1842 parcitate,
393 1799 412 1832 in
432 1810 494 1833 escam
513 1800 601 1841 sumebat,
617 1802 698 1842 idipsum
713 1802 732 1833 in
751 1811 772 1834 se
790 1806 841 1844 post·

140 1853 215 1886 modnm
222 1851 274 1896 graui
282 1851 343 1885 inedia
350 1851 458 1885 vindicabat.
503 1844 527 1886 In
535 1851 673 1896 hagustaldensi
681 1852 735 1897 opido
744 1851 841 1887 ecclesiam

140 1906 186 1942 miro
194 1915 250 1950 opere
258 1904 300 1941 fecit
308 1910 326 1940 et
334 1905 353 1940 in
363 1905 434 1941 honore
445 1905 503 1940 sancti
510 1905 587 1940 Andree
598 1905 676 1949 apostoli
688 1904 783 1940 dedicauit.
805 1905 842 1940 Vbi

140 1961 184 1994 dum
196 1958 302 1993 cementarii
313 1958 408 2002 superiora
420 1958 495 2002 parietis
507 1958 586 2001 linirent,
597 1969 645 1993 vnus
656 1969 720 1992 eorum
731 1957 751 1992 in
762 1969 842 2003 preceps

113 2024 131 2055 35
140 2011 208 2048 corruit
223 2016 241 2046 et
257 2010 338 2046 contritis
354 2010 439 2046 omnibus
453 2012 541 2045 membris
557 2011 609 2054 quasi
624 2017 707 2045 mortuus
722 2010 781 2045 iacuit.
809 2011 842 2045 Vir

140 2070 201 2100 autem
209 2063 283 2106 domini,
291 2064 359 2098 absens
370 2068 389 2098 et
400 2063 419 2097 in
429 2063 494 2108 spiritu
505 2064 540 2098 hoc
547 2063 618 2106 videns,
626 2062 645 2098 in
657 2062 755 2098 lachrimas
766 2063 842 2105 solutus,

140 2116 263 2152 assidentibus
276 2117 320 2160 quid
332 2117 432 2150 euenerat⁰
443 2129 467 2150 ex
479 2117 543 2150 ordine
554 2116 624 2161 pandit.
647 2116 691 2150 Mox
702 2116 745 2150 illuc
756 2127 842 2161 pergens,

141 2171 164 2206 ad
176 2174 243 2204 tactum
254 2170 294 2204 eius
306 2169 402 2214 pristinam
414 2174 525 2214 receperunt
533 2169 618 2204 membra
631 2168 733 2204 sanitatem.
780 2163 842 2206 Acce·

141 2228 194 2267 perat
205 2227 268 2256 autem
280 2233 314 2256 rex
327 2223 418 2266 Egiridus,
432 2223 463 2266 qui
478 2222 531 2257 Oswi
543 2226 663 2264 successerat,
675 2233 753 2256 onrem
767 2223 842 2257 nominc

113 2294 133 2323 40
143 2274 280 2316 Etheldredam,
292 2284 328 2318 que
339 2274 358 2308 in
369 2280 411 2308 voto
422 2274 530 2318 virginitatis
541 2275 602 2319 potius
613 2275 660 2309 hanc
672 2274 728 2310 vitam
741 2276 842 2320 transigere

141 2332 267 2372 proposuerat,
283 2337 337 2369 quam
352 2327 411 2360 aliena
425 2327 500 2360 libidine
512 2326 587 2360 violari:
607 2327 668 2361 iuncta
682 2333 711 2361 est
725 2332 788 2362 tamen
803 2327 843 2371 regi

141 2380 212 2425 prefato
223 2380 264 2421 lege
276 2379 370 2421 coniugali,
382 2389 419 2412 non
430 2379 571 2413 coniunctione⁷
582 2379 656 2413 carnali.
678 2379 735 2414 Cuius
746 2379 773 2415 rei
785 2379 843 2425 gratia

141 2435 215 2469 beatum
227 2430 332 2466 Wilfridum
343 2436 381 2466 tarn
392 2442 426 2476 per
437 2441 458 2466 se
469 2442 524 2476 quam
536 2442 570 2477 per
581 2431 626 2467 alios
640 2442 673 2467 rex
685 2433 776 2476 conuenit,
787 2444 842 2468 orans

163 2508 194 2538 ¹T.
203 2506 294 2546 RipumE.
302 2507 358 2544 ripum.
406 2506 543 2545 ²sc.Ripenscm.
597 2507 720 2544 ³E.pr0susus.
771 2508 843 2538 'Eadm

141 2556 210 2578 cessans.
251 2547 285 2576 ⁵E.
293 2547 344 2583 aliqui.
384 2545 523 2577 ‘Ead.euenerit.
563 2545 717 2578 ⁷E.coniunctioni.
