1762 2803
264 87 445 151 unuouuuu'uu.
461 76 462 79 ’
661 90 705 128 iarn

15 220 60 259 (Cap.
66 217 93 256 67)
104 215 230 257 (Extraclssroru
238 214 305 251 Hayma
311 213 350 252 uid.)

143 265 199 301 napos.
209 262 252 291 istius
261 265 312 290 textus
321 268 345 289 eu.
356 259 397 288 Aliis
406 259 422 288 iu
432 257 497 294 ruinam,
507 257 543 287 aliis
553 257 569 286 in
578 255 707 292 resnneciionem,

164 309 190 338 Ha
216 308 258 338 018.

143 317 239 393 Haymydl78:
249 353 373 391 'Omneregnum
378 353 439 381 intrnse
444 350 495 389 ipsum
500 348 566 379 diuisum
571 348 674 384 desolabitur‚'
679 350 707 378 ue,

165 401 190 440 (ln
198 401 261 439 llaymo
268 399 314 430 Serm.
322 407 342 438 90
349 408 395 428 occur
401 397 435 427 four
442 398 487 426 Latin
493 405 548 432 verses,
552 395 590 426 with
596 396 622 425 the
629 394 708 435 following

184 447 285 478 translation:

155 494 194 524 Zifte
204 495 218 524 is
228 493 273 524 made
283 493 372 523 domesmun
382 496 397 522 et
403 491 423 530 (t)
433 490 465 530 gile
475 500 492 522 es
502 490 547 521 made
557 489 639 528 ehupman,

155 540 213 571 Lorules
223 540 280 571 holden
290 549 310 570 no
320 539 364 575 lawe,
374 549 393 570 ne
403 538 471 569 children
481 536 521 567 hare
530 546 570 568 none
580 547 617 574 aive,

155 589 203 619 Witte
213 588 273 618 tumeth
283 587 316 617 into
326 586 400 622 trichede,
411 585 442 616 and
451 585 487 616 loue
497 585 531 615 into
540 585 612 624 licherye,

157 636 194 674 Pley
204 636 217 666 is
227 644 262 665 now
272 635 335 673 vilenye,
346 634 376 664 und
386 633 460 673 huy-day
470 634 484 662 is
494 632 579 671 glotcnye.)

145 682 225 718 Demodo
235 682 308 721 peccandi
318 686 371 712 contra
378 681 466 711 ueritatem:
478 679 545 710 ‘Contra
551 679 629 710 veritatem
638 684 709 720 peccatur

164 730 180 759 in
187 728 244 766 verbm'
252 731 280 759 &m

145 776 208 814 Haymo
215 776 263 806 Serm=
270 782 295 814 97.

146 821 219 852 Remedia
226 826 279 851 contra
286 821 338 851 omnia
344 830 399 861 genera
405 820 469 851 luxurie.

106 868 142 898 Vita
149 869 165 899 S.
172 869 186 898 T
187 868 232 898 home
238 868 315 904 monachi,
323 869 389 898 martiris
396 868 465 898 Douorie
472 866 504 906 (ed.
511 866 527 897 ii.
535 865 577 905 553).

106 915 182 953 Excerpta
191 915 211 944 de
220 914 284 945 locelini
293 924 335 945 mou.
343 914 363 945 de
372 915 446 944 Fornesio
452 914 490 944 Vita
500 913 516 945 S.
523 913 583 944 Helene
591 911 629 952 (abr.
637 913 676 944 from
683 913 709 944 the

126 961 152 991 life
162 962 178 991 in
188 961 205 992 C.
211 962 229 992 C.
234 961 252 992 C.
257 962 275 993 C.
285 965 302 991 to
311 961 337 992 the
344 961 407 1001 chapter
413 962 418 978 ¹
423 962 448 991 De
454 960 511 991 iudicio
518 960 534 991 S.
542 960 564 990 ll.
571 961 610 991 inter
620 959 684 990 Iudcum
694 966 709 991 et

127 1007 241 1045 Christianum,'
248 1008 283 1039 then
290 1012 355 1039 extracta
362 1009 401 1039 from
408 1009 452 1039 other
458 1017 523 1045 sources,
530 1008 567 1047 Leg.
575 1008 618 1045 Aur,
625 1008 667 1047 δια).

107 1055 234 1094 (Extractsjrom

147 1101 210 1140 Haymo
217 1101 266 1132 Serm.
274 1100 302 1141 156
310 1101 322 1142 (¹
327 1102 369 1141 Quid
376 1103 416 1133 enim
423 1103 484 1142 prodest
490 1112 529 1132 vana
535 1100 634 1139 laetantium,'
642 1101 685 1140 uzu).

147 1148 200 1178 Sermo
207 1149 263 1179 Leonis
269 1159 309 1189 pape
317 1150 336 1180 de
342 1151 430 1180 escensione
437 1149 495 1180 domini
502 1149 514 1189 (¹
519 1149 577 1180 Christi
584 1150 653 1179 ascensio
658 1153 710 1179 nostra

166 1196 245 1234 prouectio
252 1195 284 1231 est,¹
292 1196 334 1236 tiro).

146 1243 189 1272 Beda
195 1252 240 1282 super
246 1243 286 1273 illud
292 1243 334 1274 Luce
341 1245 384 1275 Beati
391 1245 417 1283 qui
424 1244 464 1275 fletis
470 1244 505 1283 quin
512 1243 586 1274 ridebitis.

146 1289 220 1319 Ricardus
227 1290 273 1321 Barre
279 1300 324 1330 super
331 1291 370 1322 Osee
378 1291 463 1323 Comedent
469 1296 484 1322 et
490 1301 521 1322 nou
528 1290 595 1322 saturub.

146 1337 209 1375 Haymo
218 1343 245 1375 173
253 1346 297 1377 super
303 1338 342 1368 illud
349 1339 390 1370 Petn'
398 1338 502 1369 Fraternitutis
508 1342 588 1369 amatores.

146 1383 209 1421 Hnymo
217 1384 274 1414 omelia
286 1393 323 1424 192:
336 1386 361 1416 ‘Si
368 1386 433 1416 uiuimus
440 1385 494 1425 spiritu
500 1390 515 1416 et
523 1385 576 1425 spiritu
583 1384 689 1416 ambulemus.¹

174 1452 184 1468 ‚,
217 1430 265 1462 Serui.
273 1438 300 1472 171
307 1443 311 1464 :
323 1434 386 1465 ‘Gratia
392 1434 423 1465 Dei
430 1443 463 1464 uum
470 1432 486 1464 id
494 1433 536 1473 quod
542 1432 586 1465 uum.¹

106 1478 131 1507 De
144 1477 250 1509 Translatione
262 1479 316 1519 reliqui
328 1481 395 1521 corporis
406 1481 422 1512 S.
433 1481 493 1510 Helene
505 1481 529 1520 (fr.
542 1479 619 1519 loceliait
632 1479 710 1519 ‘Quidum

127 1525 197 1554 sacerdos
203 1525 292 1563 aennensis:
299 1529 327 1558 &u
335 1527 387 1567 (aba).
529 1551 534 1561 ,

107 1571 132 1601 De
141 1572 157 1602 S.
164 1572 237 1602 Denthea
244 1573 281 1611 virg.
290 1578 305 1603 et
314 1576 389 1605 monacha
398 1575 413 1604 ia
422 1574 517 1614 Sanctiiogio
524 1573 558 1604 Iob.
567 1573 597 1614 (etl.
604 1574 620 1605 ii.
629 1582 668 1612 5435
678 1574 710 1605 itis

126 1623 153 1648 not
160 1618 207 1648 found
214 1619 230 1648 in
236 1619 263 1649 the
269 1620 346 1659 Saluuii).

108 1663 161 1693 Sermo
168 1665 183 1694 b.
189 1665 272 1703 Augustini
279 1665 298 1696 de
304 1667 340 1705 igne
347 1669 362 1698 et
369 1667 412 1706 penis
418 1667 504 1704 Purgatorii
512 1665 524 1705 (¹
529 1667 547 1697 In
553 1666 619 1697 lectione
625 1665 710 1706 apostolica

127 1719 156 1749 que
163 1710 207 1742 vobis
213 1711 261 1750 paulo
268 1716 303 1742 ante
309 1713 372 1743 recitata
379 1712 413 1748 est!
419 1713 460 1752 dcc).

108 1756 153 1788 Liber
163 1758 179 1789 b.
189 1759 231 1797 nug.
240 1760 259 1789 de
269 1760 330 1798 gaudiis
340 1760 422 1791 electorum
432 1763 447 1790 et
459 1759 478 1790 tle
488 1758 564 1800 supplicio
573 1759 676 1799 reproborum,
686 1761 711 1790 uei

128 1813 157 1834 see
168 1807 243 1844 quosdam
256 1810 278 1836 est
290 1806 329 1836 liber
339 1807 401 1836 Patricii
411 1805 431 1836 de
441 1806 489 1836 tn'bas
499 1805 591 1836 habitaculis
603 1805 657 1845 (‘Triu
667 1805 712 1843 sunt‚’

127 1850 167 1890 δια).

108 1898 221 1938 Compentlium
231 1900 299 1930 Visionis
311 1900 327 1931 S.
337 1899 382 1930 Pauli
394 1899 415 1930 (le
426 1899 469 1939 penis
481 1898 535 1930 inferni
547 1897 582 1939 (¹13,
592 1900 649 1930 Paulus
660 1910 685 1940 ap.
697 1905 716 1931 et'

128 1945 143 1975 S.
152 1946 220 1977 liliehael
228 1946 311 1986 archang.‚¹
318 1948 360 1986 dau).

109 1991 153 2022 Visio
160 1993 243 2023 Dn'theimi
250 2004 292 2024 mon.
299 2004 329 2024 sec.
337 1995 394 2024 Bedam
401 1996 426 2024 De
432 1995 480 2034 gestis
486 1995 576 2034 ungrorum.

108 2038 162 2070 Sermo
172 2041 254 2080 Augustini
266 2041 285 2072 de
297 2041 377 2072 inhonesta
387 2040 491 2072 familiaritate
502 2042 583 2072 mulierum
593 2041 662 2082 (²Nemo
671 2041 712 2073 dicut

128 2086 180 2117 fratres
186 2088 228 2126 quod
234 2088 329 2127 temporibus
335 2087 400 2124 nostris:
408 2088 449 2127 ure).

108 2132 154 2163 Liber
166 2134 181 2165 b.
193 2135 275 2173 Augustini
287 2136 314 2173 qui
326 2135 381 2165 dicitur
392 2135 429 2165 Nou
439 2138 456 2164 ut
469 2138 528 2165 tuntum
539 2134 592 2173 lingua
603 2138 627 2165 set
637 2139 655 2165 ut
666 2144 712 2174 opere

128 2179 197 2211 laudetur
204 2181 250 2217 deus;
259 2185 275 2211 et
282 2185 305 2211 est
311 2180 356 2211 valde
362 2180 419 2211 nobilis
426 2180 438 2220 (‘
443 2181 539 2212 Resurrectio
545 2186 560 2211 et
567 2180 654 2217 deificatio)
660 2181 701 2220 deo).

108 2226 190 2266 Suggestio
202 2228 264 2258 fratrum
277 2228 396 2258 mendicantium
408 2229 424 2258 in
437 2228 507 2259 Concilio
517 2228 598 2258 Viennensi
609 2237 660 2258 coram
671 2238 712 2267 papa

129 2274 208 2306 Clemente
215 2275 230 2305 V
236 2275 278 2316 quod
288 2274 358 2306 monachi
367 2284 398 2306 uon
405 2274 457 2306 uiuunt
466 2284 496 2306 seo.
503 2274 571 2314 regulam
578 2278 593 2305 et
600 2278 635 2306 stat.
642 2275 658 2306 b.
665 2275 712 2307 Beue-

128 2322 166 2352 dicti
174 2323 185 2362 (⁴
190 2323 280 2363 suggestum
288 2328 310 2353 est
317 2322 332 2352 in
339 2323 387 2353 Cone.
394 2321 431 2358 Vi.,¹
439 2322 481 2360 ἕω).

109 2369 134 2398 De
144 2379 200 2406 rasura,
208 2374 269 2400 tonsura
279 2373 295 2400 et
305 2378 361 2400 corona
371 2369 488 2398 monachorum:
499 2367 532 2398 loh.
540 2368 615 2408 Anglieus
624 2370 640 2400 in
647 2369 712 2402 sanctii.

129 2424 157 2445 suo
164 2421 179 2447 et
185 2417 201 2446 in
208 2416 250 2448 Hist.
257 2417 308 2448 Aurea
317 2420 359 2458 parte
368 2415 417 2456 primu
425 2416 437 2456 (¹
442 2416 484 2446 Duru
491 2415 507 2447 b.
514 2415 567 2447 Petrus
574 2417 657 2449 Antiochie
663 2418 712 2459 pretii·
723 2428 728 2437 ·

129 2468 175 2502 curet,
185 2465 201 2494 in
211 2465 319 2496 contumelium
329 2465 397 2495 nominis
406 2464 458 2503 apiani
469 2464 534 2503 gentiles
543 2466 647 2496 summitatem
658 2467 713 2505 eapitis

128 2510 161 2540 eius
168 2512 265 2549 abraserunt,r
272 2511 351 2544 uua-this
357 2511 400 2550 piece
406 2511 420 2541 is
426 2513 453 2542 not
460 2510 507 2542 found
514 2510 530 2542 ia
536 2510 563 2543 the
570 2511 694 2554 Sanctilogiuar).
