1762 2803
99 117 111 146 2
153 152 155 158 Ι
289 100 369 153 muna
384 96 501 159 bentona
516 96 610 159 ttnntir.

97 219 240 257 inestimabiles¹
256 219 304 254 fame
320 218 382 254 titulos
399 219 487 255 obtinere.
517 220 538 255 In
557 219 598 265 ipsa
615 226 677 255 tamen
692 220 800 256 crudelitate

97 286 195 315 armorum,
203 273 285 307 hostibus
297 273 336 306 suis
347 272 453 307 misericors
465 279 509 316 erat,
517 274 581 318 eisque
593 275 616 308 de
628 275 697 319 rapinis
708 281 725 309 et
737 272 800 319 predis

97 329 169 363 tertiam
178 331 249 371 partem
257 326 370 360 refundebat.
392 326 423 360 Ad
434 327 543 361 memoriam
551 329 631 369 tandem,
636 328 699 362 diuino
707 328 800 369 instinctu,

97 382 196 417 reducebat
208 381 268 414 exitus
281 378 408 423 dampnabiles
422 391 486 424 regum
502 392 647 425 magnorumque
659 381 763 426 principum
776 381 799 414 de

80 446 88 475 5
99 445 177 478 quorum
185 435 242 476 stirpe
250 434 376 474 descenderat,
384 438 402 466 et
409 434 457 476 quod
465 444 533 477 pompa
542 435 600 478 glorie
608 435 695 468 secularis
703 435 764 468 sumus
772 438 801 466 est

98 492 116 521 et
132 498 190 530 vapor
204 487 227 520 ad
243 485 335 519 modicum
350 496 448 529 apparens.
476 486 549 521 Sciebat
564 487 606 530 quia
621 488 687 521 breues
703 492 746 521 sunt
761 485 801 519 dies

97 540 182 581 hominis,
193 539 236 573 finis
247 549 291 572 vero
305 539 376 581 dubius,
390 540 451 573 exitus
467 540 567 582 horribilis,
579 540 635 575 iudex
648 541 740 581 terribilis,
752 548 800 584 pena

97 593 137 628 sine
145 593 188 626 fine.
206 591 280 625 Vocatis
288 596 350 626 autem
358 591 512 627 commilitonibus
521 593 564 636 suis,
570 592 605 628 ait:
618 593 730 636 ‘Hactenus
735 591 799 636 inquit,

96 646 149 681 amici
168 646 204 680 mei
223 645 330 687 charissimi,
345 645 456 680 vanitatibus
477 646 531 681 huius
550 647 607 681 seculi
626 647 712 682 militaui:
733 646 799 681 amodo

70 699 183 733 rosaluatori
198 709 239 732 meo
254 698 332 732 militare
347 698 426 732 decreui.
450 699 516 743 Eligite
527 700 580 734 vobis
593 701 665 742 ducem,
677 699 729 734 cuius
744 700 797 741 signa

96 752 209 796 sequamini:
221 762 255 794 ego
263 751 313 784 enim
319 761 386 795 sequar
394 751 485 785 dominice
492 752 550 786 crucis
558 752 642 795 signum,¹
662 753 685 785 Et
694 762 735 785 cum
742 750 798 784 nullis

96 802 182 847 precibus
196 813 207 836 a
218 802 313 845 proposito
326 801 397 836 resilire
410 802 469 845 vellet,
482 803 557 837 abiectis
569 803 624 837 arinis
639 804 682 845 suis,
695 802 798 846 Rependon

97 855 153 895 venit,
166 855 197 889 vbi
210 859 250 888 erat
262 853 393 888 monasterium
407 853 490 899 insigne:
502 860 520 889 et
534 860 609 899 accepto
621 855 709 889 clericalis
724 859 799 888 tonsure

97 914 194 950 caractere,
203 907 308 942 monasticis
316 906 418 951 disciplinis
426 918 447 942 se
455 908 575 953 mancipauit;
588 914 606 942 et
618 909 663 943 nihil
671 908 745 943 omnino
753 906 799 942 bibit

71 974 88 1004 15
97 964 145 1005 quod
161 961 253 995 ebrietatis
270 961 340 994 occasio
357 971 399 994 esse
415 961 478 1003 potuit.
509 963 592 996 Psalmos
607 968 668 995 autem
684 967 702 996 et
717 962 797 1004 hymnos

97 1014 164 1054 didicit,
177 1020 231 1059 atque
245 1013 264 1047 in
277 1013 354 1048 scientia
366 1018 471 1047 sanctorum
488 1013 534 1048 infra
546 1013 640 1048 biennium
653 1013 699 1048 mira
714 1013 798 1047 facilitate

97 1067 179 1112 profecit.
202 1067 246 1102 Erat
254 1066 303 1101 enim
310 1067 360 1101 vultu
371 1065 466 1109 iocundus,
475 1067 549 1101 humilis
562 1067 581 1100 in
593 1072 645 1110 gestu
657 1072 675 1100 et
687 1067 705 1100 in
717 1066 797 1106 incessu,

96 1121 115 1154 in
125 1121 211 1164 operibus
219 1120 318 1162 timoratus,
325 1120 361 1153 fide
369 1119 438 1161 firmus,
446 1130 480 1162 spe
488 1119 603 1163 longanimis,
612 1119 699 1153 charitate
707 1119 798 1162 profusus,

97 1179 204 1207 mansuetus
216 1177 234 1207 et
247 1172 302 1214 mitis,
315 1171 391 1206 consilio
404 1171 498 1215 prouidus,
511 1177 529 1206 et
541 1172 684 1215 circumspectus
699 1172 718 1205 in
730 1170 797 1206 verbis.

71 1236 89 1257 ²0
99 1219 135 1260 Est
146 1225 195 1260 enim
206 1224 225 1260 in
238 1224 334 1259 Britannia
346 1223 430 1267 spaciose
441 1224 571 1268 magnitudinis
583 1225 642 1268 palus,
656 1235 692 1268 quc
704 1235 715 1258 a
727 1224 796 1258 Gronte

99 1278 174 1312 flumine
186 1277 281 1321 incipiens,
297 1277 375 1310 diuersis
389 1278 500 1318 nemoribus,
513 1277 588 1321 stagnis
603 1276 668 1310 insulis
683 1282 701 1310 et
717 1274 799 1316 carectis,

98 1331 190 1376 variisque
198 1330 299 1365 fluuialium
306 1330 377 1364 viarum
385 1329 473 1364 flexuosis
481 1329 598 1364 amfractibus
606 1329 696 1371 distincta,
705 1330 727 1363 ab
736 1332 798 1363 austro

99 1384 214 1429 protenditur
229 1388 247 1417 et
261 1383 280 1417 in
295 1383 379 1427 aquilone
394 1382 442 1417 circa
456 1383 511 1417 maris
527 1382 605 1417 confinia
619 1387 677 1416 tractu
693 1381 799 1426 longissimo

100 1438 192 1472 limitatur.
215 1436 260 1470 Illuc
272 1446 320 1480 ergo,
332 1441 406 1479 accepta
418 1446 428 1469 a
440 1436 525 1471 fratribus
537 1435 614 1476 licentia,
622 1435 705 1473 veniens,
713 1434 798 1480 cognouit

72 1499 90 1529 25
101 1492 123 1525 ab
136 1490 205 1533 incolis,
218 1489 296 1523 insulam
313 1500 355 1523 esse
367 1488 441 1523 nomine
453 1489 562 1532 Croulande,
575 1489 606 1524 vbi
616 1487 676 1533 ¹aliqui
689 1490 798 1533 quandoque
813 1500 815 1502 ’

99 1544 200 1578 inhabitare
208 1548 348 1586 temptauerant‚
357 1543 390 1575 sed
399 1553 430 1576 eos
442 1548 524 1577 monstra
532 1542 613 1577 heremi²
620 1547 638 1575 et
649 1543 728 1576 laruales
740 1542 798 1575 forme

99 1598 198 1629 demonum
206 1596 279 1628 territos
287 1595 396 1637 effugabant.
420 1595 493 1637 Scapha
505 1595 602 1637 piscatoria
613 1594 631 1627 in
643 1595 722 1628 insulam
730 1599 799 1635 vectus,

98 1654 167 1683 terram
180 1647 273 1683 horroris³
285 1652 304 1681 et
316 1651 368 1681 vaste
382 1646 484 1681 solitudinis
496 1647 597 1692 ingreditur
608 1647 627 1680 in
638 1647 668 1681 die
681 1647 739 1681 sancti
754 1647 800 1681 Bar-

99 1701 186 1734 tholomei
205 1700 294 1743 apostoli:
314 1700 337 1733 de
356 1699 408 1732 cuius
426 1699 497 1733 meritis
512 1699 616 1744 specialiter
631 1700 732 1741 confidens,
748 1699 798 1733 solus

72 1765 91 1794 30
99 1754 181 1788 habitare
193 1752 241 1797 cepit
253 1763 294 1786 cum
308 1752 379 1786 duobus
389 1751 490 1796 iuuenibus,
499 1764 545 1797 quos
553 1763 616 1787 secum
624 1752 705 1787 adduxit.
729 1752 752 1787 Et
760 1751 798 1786 edi-

99 1808 152 1842 ficato
163 1806 235 1841 modico
247 1806 340 1849 tuguriolo,
349 1805 428 1849 pellibus
440 1807 499 1840 solum
509 1806 570 1840 crudis
581 1811 599 1840 et
612 1806 688 1840 rudibus
700 1817 734 1850 pro
745 1806 798 1839 indu-

98 1859 164 1894 mentis
169 1860 257 1893 Vtebatur.
277 1858 326 1891 Pane
335 1858 424 1891 ordeaceo
431 1863 449 1892 et
457 1869 504 1902 aqua
511 1859 600 1893 lutulenta
606 1859 616 1898 ⁴,
623 1864 665 1902 post
671 1858 715 1892 solis
722 1867 797 1901 semper

98 1923 182 1947 occasum
189 1922 230 1947 cum
236 1911 317 1945 maxima
322 1910 448 1945 moderatione
454 1911 575 1955 parsimonie¹⁵
582 1912 696 1949 vescebatur.
709 1911 797 1946 inuidens

98 1966 153 2009 igitur
160 1964 236 1998 humani
247 1964 321 2007 generis
329 1963 414 1997 inimicus
422 1964 518 1998 humilitati
526 1965 560 1999 viri
571 1964 606 2007 dei,
614 1965 660 1998 adeo
668 1964 798 1998 vehementem

71 2025 89 2056 35
98 2018 182 2061 spiritum
193 2016 317 2060 temptationis
328 2015 409 2058 immisit,
419 2021 439 2051 vt
451 2027 494 2051 eum
505 2016 524 2050 in
536 2016 670 2060 desperationis
684 2015 757 2049 foueam
768 2016 798 2050 de·

98 2072 191 2113 uoluisset,
199 2069 235 2105 nisi
242 2069 303 2114 ipsum
311 2068 401 2112 dominus
409 2079 443 2113 per
454 2069 502 2104 beati
514 2068 638 2105 Bartholomei
650 2069 719 2111 merita,
727 2068 799 2103 miseri-

98 2126 158 2158 cordie
167 2125 218 2158 oculo
227 2123 345 2167 respexisset.
367 2122 436 2156 Animo
448 2123 509 2167 itaque
517 2128 645 2157 consternatus
653 2127 671 2156 et
679 2132 735 2165 supra
743 2132 797 2165 quam

98 2179 147 2212 credi
159 2177 217 2221 possit
228 2177 316 2219 turbatus⁷
324 2176 387 2220 fugere
397 2181 416 2210 et
423 2176 519 2210 desertum
527 2177 613 2210 deserere
623 2175 737 2219 disponebat.
760 2174 798 2208 Sed

97 2232 161 2264 beatus
178 2230 272 2273 apostolus
287 2229 317 2262 dei
331 2229 472 2262 Bartholomeus
484 2229 581 2263 visibiliter
596 2228 613 2260 ei
626 2237 724 2271 apparens,
738 2226 795 2260 dixit:

70 2293 90 2323 40
98 2282 220 2323 ‘Consortare,
231 2281 294 2325 inquit,
309 2281 340 2323 fili,
352 2285 370 2314 et
383 2286 423 2315 esto
435 2282 532 2316 robustus:
545 2290 620 2315 manum
634 2285 684 2315 tuam
696 2279 762 2313 misisti
775 2279 798 2313 ad

98 2335 155 2378 fortia,
167 2345 204 2370 non
218 2334 271 2369 decet
285 2334 331 2369 tanti
346 2333 436 2379 propositi
449 2334 575 2378 professorem
590 2332 661 2368 modico
673 2331 797 2377 temptationis

98 2388 170 2423 turbine
186 2387 272 2423 subuerti.
294 2387 375 2422 Viriliter
387 2398 431 2432 ergo
446 2399 480 2433 age
497 2394 516 2424 et
535 2386 647 2423 confortetur
662 2391 762 2429 cortuum,
778 2390 797 2420 et

98 2442 168 2475 sustine
176 2440 273 2483 dominum,
280 2441 316 2485 qui,
322 2447 340 2475 et
348 2441 364 2474 si
371 2441 457 2485 temptari
465 2441 563 2485 permittat,
569 2440 622 2474 faciet
630 2439 662 2474 tibi
670 2449 712 2473 curn
720 2443 798 2483 tempta·

118 2509 272 2540 ¹E.inestimabilis.
331 2509 435 2541 ²E.herin1i.
495 2510 605 2541 ³E.hororis.
671 2507 798 2540 ¹E.luculenta.

98 2548 104 2567 ⁵
115 2549 133 2579 E.
140 2549 240 2586 parcimonie.
