1762 2803
134 134 180 177 444
204 161 206 164 -
324 121 403 173 nona
419 118 535 181 11444444
551 119 644 182 anulio

135 253 209 276 causam
223 241 241 276 in
254 253 343 288 generum
356 242 428 277 retorsit
441 247 459 276 et
471 254 481 277 a
494 243 565 277 duobus
579 242 642 286 pueris
657 242 714 277 occidi
727 242 836 286 procurauit.

135 295 165 330 Ad
173 295 294 339 penitenciam
302 297 420 340 postmodum
428 295 470 330 14411
479 296 571 331 homicidii
582 307 676 338 conuersa,
685 297 756 331 cuidam
764 296 836 341 presbi-

134 355 174 383 tero
181 349 266 383 conlessa
273 354 307 383 est.
326 350 417 383 Processu
425 351 513 394 temporis
521 350 613 393 presbiter
621 350 670 383 idern
678 361 720 384 cum
728 360 750 382 ea
757 349 837 393 litigans,

135 401 203 437 malum
212 404 260 446 quod
268 403 341 445 fecerat,
349 402 368 436 in
377 402 441 437 faciem
452 404 468 437 41
478 403 601 447 exprobrauit.
624 403 665 445 Quo
676 404 741 445 audito,
750 407 836 447 parentes

117 466 126 495 5
135 455 214 489 hominis
223 455 277 489 occisi
285 456 382 490 mulierem
390 457 413 490 ad
421 456 508 490 iudicium
517 461 633 490 uocauerunt.
657 456 690 490 Illa
700 461 761 490 autem
769 456 836 490 factum

135 519 172 542 non
185 513 269 551 negante,
281 508 318 552 igni
332 509 434 543 adiudicata
448 515 488 544 est:
503 514 531 543 set
543 509 594 552 prius
608 510 686 543 adducta
701 510 724 543 ad
739 508 836 543 ecclesiam

135 562 188 596 beate
205 561 268 604 lilarie,
284 569 379 606 peccatum
394 572 449 597 suurn
464 572 525 596 coram
541 564 575 596 deo
589 567 607 596 et
620 562 724 597 hominibus
737 573 761 596 ex
773 561 837 596 ordine

135 614 215 648 narrauit
227 620 244 648 et
258 614 328 648 meritis
340 621 359 649 et
370 616 457 659 precibus
469 615 584 649 sanctissime
595 615 672 660 uirginis
685 615 743 649 Marie
755 615 835 659 seipsam

135 667 274 702 commendauit.
298 667 370 702 Deinde
382 667 401 702 in
414 668 477 713 ignem
489 667 551 710 missa,
564 667 668 702 incendium
682 678 719 702 non
731 667 795 709 sensit,
809 672 837 702 set

108 720 177 765 migne
189 726 298 765 consumpto
313 721 365 756 illesa
380 722 487 765 permansit.
509 721 593 765 Augetur
607 721 655 765 ignis
667 723 690 756 ab
703 720 767 756 amicis
782 721 836 756 occisi

135 775 215 808 secundo
226 779 244 807 et
255 774 323 809 tercio:
335 780 363 809 set
375 786 451 819 egressa
462 786 499 809 non
511 776 571 809 solum
582 786 642 817 carne,
650 780 678 808 set
689 775 744 809 etiam
755 780 807 809 ueste
819 780 837 808 et

135 827 185 861 crine
197 827 250 861 illesa
261 828 368 872 permansit.
391 828 421 862 Ad
433 828 529 862 ecclesiam
541 827 637 862 adducitur
648 832 666 861 et
677 833 719 871 post
730 827 795 862 laudes
802 827 837 861 deo

135 881 222 922 redditas,
231 882 305 914 uolente
313 882 348 914 deo
356 881 419 924 paucis
428 881 492 914 diebus
500 881 597 915 transactis
605 881 677 914 transiit
685 891 696 913 a
704 880 778 923 seculo]

213 996 228 1033 11
241 989 275 1031 DE
287 1007 347 1031 SERUO
359 1007 390 1031 DEI
403 990 478 1032 FINANO
491 1008 578 1031 EPlscoro
589 1007 612 1030 ET
623 1006 741 1030 CONFESSORE
746 994 758 1029 1.

140 1069 335 1149 REuerentissimus
360 1070 443 1114 pontifex
465 1070 551 1111 Finanus,
570 1070 602 1114 qui
620 1075 639 1104 et
656 1069 735 1104 Wallico
759 1068 834 1103 nomine

110 1140 128 1171 15
205 1122 305 1158 Winninus
324 1123 431 1168 appellatur,
449 1129 502 1168 patre
521 1123 598 1168 Capreo,
616 1129 674 1158 matre
690 1134 735 1158 vero
753 1119 852 1163 Lassata,'

136 1177 253 1211 Aradeorum
261 1183 316 1221 gente
324 1183 342 1211 et
350 1178 407 1211 nobili
418 1178 505 1222 prosapia
512 1178 535 1211 de
544 1177 617 1211 Ulldia²
624 1178 713 1211 oriundus
721 1176 758 1210 tuit.
778 1177 837 1218 Quem

136 1232 201 1264 beatus
209 1230 297 1265 Patricius
306 1230 458 1265 Hiberuiensium
466 1231 564 1275 episcopus
572 1231 699 1265 venerandum
709 1229 838 1273 insignemque

137 1283 245 1327 episcopum
260 1283 340 1318 futurum
356 1294 398 1318 esse
413 1283 498 1328 predixit.
527 1284 573 1319 Cum
589 1284 639 1318 enim
654 1294 700 1318 cena
715 1293 786 1326 magna,
802 1291 838 1325 qua

137 1341 223 1380 parentes
235 1336 274 1370 eius
284 1341 340 1370 totam
351 1336 438 1370 familiam
450 1348 502 1371 suam
514 1348 548 1380 per
560 1342 598 1371 tres
610 1342 673 1371 noctes
685 1336 729 1370 satis
741 1333 838 1369 habunde³

110 1394 286 1432 zoprocurauerant,
304 1389 378 1422 vinum⁴
397 1390 490 1432 deficeret,
507 1390 530 1423 de
549 1389 602 1433 pueri
621 1388 716 1423 sanctitate
736 1387 837 1421 secundum

137 1441 186 1476 beati
199 1442 271 1477 Patricii
282 1442 387 1477 vaticinium
399 1443 518 1486 confidentes,
527 1443 561 1477 tria
571 1453 616 1479 vasa
628 1442 683 1478 debili
695 1441 772 1477 ceruisia
783 1440 838 1485 plena

137 1506 171 1539 per
186 1506 261 1529 manum
276 1495 358 1530 eiusdem
373 1495 448 1530 infantis
463 1496 574 1540 signantes⁶,
588 1495 607 1529 in
622 1496 701 1530 colorem
717 1500 734 1529 et
752 1504 837 1538 saporem

137 1549 201 1592 optimi
219 1548 258 1583 vini
277 1560 366 1584 conuersa
385 1554 432 1584 sunt.
483 1543 604 1584 Adueniente
622 1554 664 1594 post
684 1549 718 1583 hec
738 1548 838 1582 Colmanno

138 1602 224 1644 antistite,
234 1604 256 1636 ad
268 1603 388 1637 erudiendum
399 1603 462 1637 docilis
473 1604 552 1647 puer[ei]
563 1603 649 1646 traditur,
662 1614 703 1637 cum
712 1613 748 1646 quo
759 1601 778 1635 in
789 1600 838 1635 omni

111 1668 128 1698 ²5
138 1656 242 1689 obedientia
250 1660 268 1689 et
278 1656 379 1690 humilitate
389 1656 456 1700 aliquot
465 1655 519 1690 annis
527 1656 626 1691 instructus
634 1661 667 1690 451.
691 1655 803 1698 Factumque
811 1658 839 1687 cst

139 1709 236 1753 aliquando
251 1710 295 1743 dum
308 1710 373 1743 beatus
386 1710 463 1743 antistes
476 1720 551 1749 manum
563 1720 616 1743 suam
629 1710 652 1743 ad
664 1714 748 1743 sanctum
761 1717 839 1752 puerum

138 1762 174 1795 iam
182 1762 286 1805 legenteml
297 1763 376 1804 quadam
387 1763 410 1796 de
421 1773 476 1796 causa
486 1763 626 1806 percutiendum
636 1772 678 1796 cum
686 1761 757 1804 flagello
765 1770 838 1795 sursum

138 1815 252 1855 extenderet,
261 1815 336 1858 angelus
347 1814 416 1849 domini
426 1815 486 1859 ipsam
494 1815 513 1849 in
520 1826 564 1849 aere
574 1826 685 1859 suspensam
696 1812 775 1849 retinuit.
798 1813 839 1855 Quo

137 1868 190 1910 sacto,
199 1868 214 1902 F
215 1867 281 1903 inanus
289 1868 308 1902 in
316 1874 365 1903 terra
373 1873 476 1912 prostratus
484 1868 520 1905 ait:
532 1869 597 1903 ‘Pater
605 1868 635 1910 mi,
643 1879 676 1903 cur
684 1878 714 1902 me
722 1878 758 1901 non
767 1866 817 1902 cedis
823 1867 839 1901 1γ

110 1938 129 1966 30
138 1922 161 1957 Et
173 1922 215 1955 ille:
228 1922 269 1964 ‘fili,
281 1923 315 1956 hoc
326 1923 367 1956 volo
379 1922 450 1957 facere:
463 1924 496 1956 sed
507 1927 570 1956 tamen
583 1922 670 1956 diuinitus
681 1920 779 1966 impeditus
792 1930 839 1955 sum.

138 1976 192 2020 Ergo,
201 1975 216 2010 si
224 1975 252 2009 vis
260 1976 353 2019 flagellari,
361 1977 385 2010 ad
393 1976 448 2011 alium
459 1976 566 2021 magistrum
577 1975 604 2010 ire
614 1981 632 2010 14
642 1980 719 2020 oportet.
738 1974 778 2019 Ego
789 1973 839 2009 enim

137 2031 160 2063 ad
173 2030 206 2064 hac
217 2029 263 2063 hora
274 2041 368 2073 nunquam
380 2036 398 2064 te
409 2029 517 2074 corripiam!
541 2030 565 2066 Et
575 2029 624 2064 misit
633 2040 675 2064 eum
684 2030 706 2063 ad
714 2028 838 2064 venerabilem

138 2093 203 2117 senem
220 2082 325 2124 Coelanum,
337 2082 521 2118 Noendrumensem⁷
533 2084 623 2125 abbatem,
633 2087 651 2116 et
662 2086 682 2116 vt
694 2081 777 2125 corporis
790 2080 839 2114 illius

138 2147 159 2170 ac
174 2135 235 2169 anime
251 2146 313 2168 curam
329 2136 405 2168 haberet
421 2134 517 2178 diligenter
529 2134 669 2169 commendauit.
692 2135 717 2169 At
728 2134 758 2168 ille
774 2133 838 2169 faciem

111 2203 128 2232 35
137 2188 210 2222 iuuenis
221 2187 300 2229 intuens
310 2187 371 2221 statim
383 2187 439 2221 dixit:
452 2187 501 2222 ‘Iste
512 2197 565 2221 meus
576 2197 670 2230 nunquam
682 2187 716 2221 erit
727 2186 838 2230 discipulus:

137 2251 181 2275 vere
191 2239 240 2274 enim
251 2240 270 2273 in
280 2240 319 2274 celo
329 2245 348 2274 et
360 2239 379 2273 in
390 2240 443 2273 terris
455 2240 525 2273 honore
538 2244 556 2273 41
567 2240 631 2273 merito
643 2240 697 2284 longe
709 2252 739 2274 me
751 2239 839 2284 precellit.

138 2294 186 2329 Nam
197 2293 295 2339 episcopus
307 2293 346 2337 erit,
358 2292 448 2338 sapientia
458 2293 518 2329 clarus
530 2298 548 2327 41
559 2292 647 2337 religione
658 2304 679 2328 44
691 2293 786 2328 sanctitate
797 2303 838 2327 con·

137 2348 222 2392 apiatas!
245 2347 286 2381 Hoc
297 2347 364 2389 audito,
376 2347 391 2380 F
391 2347 463 2390 inanus,
473 2346 580 2390 prophetico
591 2346 656 2390 spiritu
666 2351 730 2388 tactus,
741 2346 776 2382 ait:
789 2346 839 2379 ‘Nec

138 2411 190 2435 mora
202 2399 287 2435 videbitis
301 2400 336 2434 huc
349 2399 413 2435 venire
425 2410 481 2444 quem
496 2410 563 2444 sequar
578 2405 597 2434 et
612 2401 647 2434 sub
660 2411 696 2444 quo
712 2399 796 2435 erudiar:
809 2397 840 2442 qui

158 2466 163 2484 ¹
173 2465 189 2496 A
196 2465 230 2494 Life
240 2465 256 2494 in
267 2465 307 2495 lrish
316 2475 368 2495 seems
377 2469 394 2494 to
403 2465 423 2494 be
433 2469 488 2495 extant
497 2465 513 2494 in
523 2465 550 2494 the
560 2465 599 2495 Bibl.
608 2465 669 2495 Ducum
680 2465 727 2503 Burg.
736 2469 752 2495 at
761 2463 839 2499 Brussels,

139 2505 173 2535 Vol.
182 2506 207 2535 lV.
215 2515 230 2543 p.
238 2515 266 2543 40:
278 2506 295 2536 5.
304 2505 391 2535 Finnianus
400 2505 485 2542 Maighbile
490 2515 494 2541 ;
505 2505 524 2534 41.
532 2505 639 2543 Proceedings
647 2505 665 2535 os
673 2505 715 2543 Roy.
723 2505 743 2535 Ir.
751 2505 801 2534 Acad.
809 2503 837 2532 III.

138 2547 173 2583 480.
231 2545 326 2575 ²=Ulster.
347 2545 365 2574 T.
373 2545 431 2580 ulidia;
441 2544 459 2574 E.
468 2545 520 2574 nudia.
577 2545 610 2575 ΕΤ.
619 2545 686 2575 abunde.
743 2542 838 2574 ¹om.inT.

138 2585 144 2602 ⁶
154 2595 166 2615 r.
174 2585 232 2622 signari
240 2585 320 2622 fecerunt3
330 2595 366 2623 quc.
409 2585 415 2602 ⁶
425 2584 445 2615 E.
452 2585 519 2622 legente.
561 2584 567 2602 ⁷
578 2584 814 2615 Noenclru1n=ldaheelsland¹
