1762 2803
236 130 282 187 br
297 128 397 184 sancto
412 129 534 185 autumo.
707 146 732 190 51

43 252 82 287 Nos
93 261 158 287 sumus
170 251 248 288 Cosmas
260 256 279 287 et
291 251 398 293 Damianus
410 251 476 296 quibus
487 252 506 286 in
518 251 621 286 iuramento
632 251 736 293 credidisti3

33 306 112 350 ideoque
119 305 246 340 festinauimus
254 306 318 340 uenire
326 305 344 340 in
353 305 440 340 auxilium
449 305 510 350 tibi¹.’]

170 459 185 495 ll
196 451 242 493 ²Da
253 468 324 492 sonoro
335 451 438 492 ³Ansrruo
448 466 600 491 nncnrnrrscoro.

35 541 139 619 SAnctus
150 540 199 575 enim
207 540 309 575 Anselmus
318 540 337 575 in
345 540 465 584 Augustana⁴
476 540 548 575 ciuitate
559 540 635 586 Alpium
645 538 737 574 nobilibus

89 593 196 637 parentibus
206 599 263 636 ortus,
271 605 282 627 a
289 593 366 637 pueritia
373 593 468 636 litteratus,
477 600 495 628 et
503 599 563 629 castus
575 598 619 628 erat.
643 593 667 627 Et
675 591 736 626 audito

33 657 90 682 vnum
98 647 153 680 deum
164 656 238 681 sursum
248 646 266 681 in
278 646 317 681 celo
327 658 375 688 esse,
385 647 446 682 omnia
456 653 557 691 regentem¹
569 647 630 681 omnia
641 645 736 681 continen·
745 658 754 688 5

33 706 76 741 tem,
85 700 188 744 suspicatus
196 705 230 742 est,
237 705 300 744 vtpote
308 711 355 744 puer
364 699 413 734 inter
423 707 495 735 montes
503 700 587 741 nutritus,
599 700 659 734 celum
669 698 736 733 monti·

33 754 68 788 bus
80 753 192 795 incumbere,
202 752 221 787 in
231 764 267 797 quo
277 758 295 787 et
306 753 366 787 aulam
376 752 406 787 dei
415 764 462 794 esse,
473 764 552 797 eamque
562 763 597 797 per
606 758 679 787 montes
690 751 736 785 adiri

33 816 95 849 posse.
118 805 165 839 Cum
178 807 212 838 hoc
225 805 289 849 sepius
301 806 363 838 animo
375 805 464 847 volueret,
477 805 552 848 contigit
562 810 581 839 vt
593 805 672 849 quadam
683 809 736 838 nocte

33 868 68 902 per
76 856 136 893 visum
146 857 222 900 videret,
230 869 251 892 se
259 858 327 892 debere
337 857 404 892 montis
414 868 502 892 cacumen
512 858 612 892 ascendere
620 862 639 891 et
646 857 669 890 ad
677 857 737 890 aulam

33 910 96 954 magni
110 910 159 955 regis
174 910 205 945 dei
220 921 325 955 properare.
352 910 422 945 Verum
437 910 544 954 priusquam
559 915 641 944 montem
657 909 737 953 cepisset
746 921 765 942 ro

34 965 139 1006 ascendere,
146 963 192 997 vidit
199 963 218 997 in
227 963 310 1007 planicie,
318 973 354 1007 qua
361 963 455 1007 pergebat,
463 964 486 997 ad
494 964 562 1007 pedem
568 962 637 997 montis
644 961 737 1003 mulieres,

34 1028 70 1061 que
81 1017 129 1060 regis
141 1021 192 1050 erant
204 1016 275 1056 ancille,
287 1022 360 1060 segetes
369 1021 449 1051 metere:
462 1016 495 1051 sed
508 1016 542 1050 hoc
555 1015 611 1050 nimis
624 1014 738 1059 negligenter

34 1069 124 1103 faciebant
134 1073 153 1103 et
162 1068 260 1103 desidiose.
282 1069 364 1111 Quarum
376 1079 424 1113 puer
434 1068 523 1103 desidiam
534 1069 599 1103 dolens
610 1074 665 1113 atque
675 1067 737 1102 redar-

34 1133 99 1166 guenS,
109 1122 204 1166 proposuit
214 1122 254 1156 illas
262 1122 310 1167 apud
318 1132 381 1166 regem
390 1132 481 1156 accusare.
503 1121 588 1157 Ascenso
598 1127 665 1163 monte,
675 1131 737 1165 regem

34 1186 76 1209 cum
88 1176 127 1209 solo
137 1185 170 1210 suo
184 1175 266 1218 dapifero
278 1174 360 1209 inuenit:
376 1175 429 1215 Nam,
441 1180 461 1209 vt
473 1174 507 1208 sibi
519 1173 580 1208 visum
594 1180 638 1215 erat,
650 1174 737 1208 familiam
747 1189 765 1218 15

34 1238 87 1261 suam
103 1229 125 1261 ad
140 1227 252 1271 colligendas
265 1238 337 1262 messes
350 1227 430 1261 miserat.
455 1227 563 1271 Ingrediens
582 1227 643 1271 itaque
659 1236 711 1271 puer,
726 1236 738 1261 a

35 1281 108 1315 domino
123 1286 202 1324 vocatur,
218 1286 236 1315 et
251 1281 305 1315 allato
318 1290 353 1324 per
368 1279 471 1324 dapiferum
484 1279 594 1315 nitidissimo
607 1291 660 1325 pane,
676 1290 737 1314 coram

34 1344 79 1377 rege
95 1334 181 1368 reficitur.
206 1333 267 1374 Mane,
282 1332 326 1376 quid
340 1332 407 1367 viderit
421 1339 464 1366 ante
479 1333 542 1370 oculos
557 1333 625 1367 mentis
640 1333 737 1374 reducens,

35 1385 82 1420 sicut
98 1386 188 1421 innocens
200 1397 253 1429 puer,
268 1397 289 1419 se
304 1385 394 1420 veraciter
408 1386 427 1419 in
442 1386 482 1426 celo
499 1386 556 1420 fuisse
572 1391 590 1420 et
605 1386 629 1420 de
644 1397 692 1431 pane
707 1386 738 1420 dei

35 1439 137 1474 comedisse
153 1439 244 1480 credebat,
260 1444 278 1473 et
294 1450 356 1473 coram
370 1438 411 1473 aliis
423 1438 448 1473 ita
462 1450 504 1473 esse
518 1445 625 1473 constanter
639 1440 737 1474 asserebat.
747 1455 766 1476 ιο

36 1485 128 1526 Infestum
143 1491 160 1525 ei
175 1493 249 1526 tandem
263 1498 281 1526 et
293 1492 400 1526 intestinum
415 1497 515 1536 generatur
529 1492 610 1527 bellum:
622 1503 665 1527 nam
680 1492 738 1537 patris

35 1545 107 1579 animus
119 1550 182 1578 contra
195 1545 246 1579 illurn
260 1544 290 1578 tali
302 1544 344 1578 odio
356 1544 485 1586 inflammatur,
499 1550 519 1579 vt
531 1545 589 1589 magis
602 1555 625 1579 ea
636 1556 673 1589 que
684 1545 738 1587 bene,

35 1607 90 1640 qnam
101 1597 213 1641 perperam⁶
224 1602 292 1641 ageret,
303 1597 436 1641 insequeretur.
459 1598 498 1632 Nec
512 1598 572 1642 aliqua
582 1603 653 1642 poterat
666 1598 739 1632 humili-

35 1655 72 1684 tate
83 1654 154 1694 patrem
166 1649 235 1685 lenire:
249 1650 283 1684 sed
296 1656 364 1694 quanto
376 1661 397 1685 se
408 1650 433 1685 illi
444 1650 543 1685 exhibebat
554 1650 675 1693 humiliorem,
688 1656 739 1686 tanto

35 1703 86 1736 illurn
100 1702 135 1736 sibi
145 1702 242 1751 ¹senciebat
253 1703 373 1747 asperiorem.
396 1703 471 1739 Exactis
483 1704 560 1749 proinde
572 1703 590 1739 in
602 1703 708 1749 Burgundia
721 1709 739 1739 et
748 1718 766 1749 ²5

36 1756 113 1790 Francia
125 1755 182 1790 tribus
197 1756 257 1797 annis,
270 1756 350 1791 Beccum
362 1756 381 1790 in
394 1757 508 1791 Normannia
521 1759 556 1792 sub
570 1758 680 1792 Lamfranco
696 1768 739 1792 con-

36 1808 126 1843 fouendus
144 1808 226 1843 accessit.
250 1808 334 1852 Regebat
350 1820 372 1843 eo
391 1815 475 1853 tempore
493 1810 589 1845 cenobium
605 1810 666 1854 ipsum
682 1812 739 1845 abbas

36 1862 110 1905 quidam
122 1862 196 1896 nomine
208 1861 321 1903 Herlwinus,
333 1862 361 1896 vir
372 1864 477 1905 grandeuus
488 1868 506 1897 et
517 1874 584 1906 magna
595 1863 685 1907 probitate
696 1874 739 1898 con-

36 1915 116 1958 spicuus,
125 1915 156 1959 qui
167 1914 239 1959 primus
250 1914 309 1958 ipsius
320 1915 354 1949 loci
366 1916 428 1957 abbas,
439 1915 571 1949 monasterium
580 1915 641 1959 ipsum
652 1926 663 1950 a
674 1916 738 1950 funda·

36 1968 104 2003 mentis
119 1968 143 2002 de
158 1978 192 2002 suo
208 1967 319 2012 patrimonio
336 1973 474 2003 construxerat:
491 1974 508 2002 et
524 1967 644 2003 Lamfrancus
660 1970 738 2012 gradum
746 1983 766 2014 3⁰

36 2021 103 2064 prioris
112 2020 209 2055 obtinebat.
232 2020 338 2064 Occupatur
345 2021 406 2064 itaque
414 2021 526 2055 Anselmus⁶
534 2021 553 2055 in
559 2020 659 2056 litterarum
667 2021 737 2063 studiis

36 2078 54 2106 et
68 2085 136 2118 corpus
147 2073 219 2118 vigiliis,
231 2073 305 2117 frigore,
317 2079 335 2108 et
346 2074 407 2108 inedia
419 2074 495 2117 fatigare
506 2085 543 2108 non
555 2074 638 2109 cessauit.
662 2074 738 2109 Etcum

36 2126 245 2171 vicesimumseptimum
264 2131 326 2170 ageret
345 2137 420 2168 annum,
439 2128 540 2162 monachus
559 2127 635 2162 effectus
653 2133 686 2161 est.
716 2128 738 2161 In

56 2207 61 2225 ¹
71 2209 93 2238 At
100 2209 128 2239 the
135 2209 168 2239 foot
175 2209 209 2239 lllS.
216 2209 250 2239 Tib.
257 2209 286 2238 has
293 2209 320 2238 the
327 2209 409 2247 following
415 2210 486 2240 oration:

37 2247 149 2295 (Amphibalo)
157 2256 210 2293 patulo
217 2257 269 2285 socios
276 2261 368 2285 conuertere
376 2257 409 2285 niso
453 2251 522 2287 Letetur
529 2256 595 2286 ccclesia
602 2261 633 2294 tua,
642 2256 687 2292 deus,
696 2256 738 2287 beati

47 2296 117 2332 rlllortis]
125 2296 142 2324 in
149 2296 214 2325 articulo
221 2296 273 2325 sonuit
280 2305 312 2324 uox
319 2295 382 2324 minime
389 2317 393 2325 .
401 2317 405 2325 .
413 2306 426 2326 .:
436 2295 525 2333 Ampbibali
530 2296 597 2325 martiris
601 2296 623 2326 tui
629 2296 739 2334 sociorumque

37 2357 55 2363 ..
67 2358 70 2364 .
82 2345 117 2364 cum
132 2335 209 2373 discipulo
221 2335 295 2365 letaberis
307 2335 323 2363 in
336 2335 414 2372 paradiso,
435 2336 469 2363 eius
475 2335 534 2365 confisa
541 2335 624 2373 suffragiis,
631 2340 678 2374 atquc
684 2345 739 2367 eorum

435 2375 507 2412 precibus
514 2375 588 2412 gloriosis
594 2380 610 2405 et
615 2376 673 2406 deuota
679 2386 739 2415 perma-

435 2420 473 2445 neat
480 2419 496 2445 et
502 2425 557 2445 secura
564 2416 645 2453 consistat,
652 2425 686 2455 per.

75 2454 95 2484 V.
103 2454 180 2484 Letamini
187 2455 203 2484 in
211 2455 280 2486 domino.

37 2498 42 2515 ²
53 2500 135 2539 Compiled
146 2502 186 2531 from
196 2502 224 2532 the
233 2502 270 2533 Vita
280 2502 301 2540 by
311 2502 384 2536 Eadmcr,
394 2500 410 2531 in
421 2501 477 2532 Surius
487 2502 519 2531 and
529 2502 564 2533 Act.
576 2502 606 2533 SS.
617 2503 658 2533 Boll.
668 2504 707 2542 Apr.
718 2504 739 2534 ll.

37 2548 51 2576 p.
59 2541 94 2579 863.
164 2542 170 2558 ³
180 2542 198 2572 T.
205 2543 239 2573 uiro
246 2543 272 2573 dei
280 2542 308 2581 (on
315 2542 343 2572 the
349 2541 420 2579 margin:
431 2551 478 2571 seruo
486 2541 523 2580 dei).
591 2542 596 2560 ⁴
607 2543 637 2574 Vit.
645 2544 722 2582 Augusta,
729 2545 739 2575 i.

36 2580 112 2611 Aoustin
120 2581 207 2612 Piedmont.
267 2582 395 2621 tnproperam,
456 2582 587 2614 truncemus.

372 2641 403 2665 M
