1762 2803
46 152 180 192 neeman-r
199 141 245 197 mc
257 138 294 193 ὲ.
306 139 441 193 mutato
453 148 511 202 teuc
524 142 548 190 et
560 142 677 201 mature.
704 142 748 195 635

45 264 149 311 porrigitque
162 271 211 305 retro,
225 264 296 307 quoda
310 263 363 297 natali
378 263 443 297 domini
456 262 557 308 nequiuerat
571 262 606 295 vllo
618 262 675 295 modo.
698 260 749 302 Quod

44 325 106 350 munus
114 314 132 346 in
139 324 160 347 eo
168 313 284 355 gratissimum
292 313 352 354 sancti,
360 314 421 346 eadem
428 312 457 345 die
464 312 545 345 tratribus
552 311 640 345 reuelauit.

121 415 151 448 DE
163 422 245 454 Quanam
257 422 345 448 MULIERE
356 422 381 447 ΑΒ
392 421 524 454 lucraturum,
537 421 561 447 ET
573 421 624 447 FILIO
636 421 673 447 SUO

272 473 284 497 Α
296 472 422 498 LlPPlTUDlNE
434 471 520 497 CURATlS·

253 535 323 568 Uedam
330 533 410 576 Gylindis
415 533 491 573 nomine,
497 533 513 565 in
520 533 627 566 Suthsolchia
632 543 749 573 commanens,

275 590 353 618 sanctum
371 582 442 626 requirit
461 583 571 618 Edmundum
590 593 621 626 pro
640 593 671 617 sua
685 593 749 625 magna

45 632 287 669 necessitate—infirmabatur
300 634 347 668 enim
359 633 461 667 intrinsecus
474 632 522 674 graui
535 632 646 673 infirmitate3
661 633 767 673 adducenss

46 695 104 718 secum
119 684 209 726 paruulum
223 685 276 718 lilium
287 684 357 718 nomine
371 685 459 727 Otgerum,
470 684 567 727 pacientem
579 684 596 717 in
610 684 663 717 oculis
678 683 749 717 nimiam

46 733 161 778 profusionem
172 735 286 768 lacrimarum.
309 736 343 776 Qui
354 736 396 768 dum
407 736 460 777 pedes
473 745 504 776 pro
518 734 572 767 sancti
585 735 684 767 reuerencia
696 735 750 767 ferme

46 794 77 826 per
83 783 105 815 xii
113 783 185 816 miliaria
196 784 306 826 perueniunt¹
315 785 337 817 ad
350 790 428 816 sanctum
439 783 476 816 eius
485 789 563 825 petentes
575 783 666 825 suffragia:
677 784 750 816 accubat

46 840 101 866 mater
111 832 179 866 infirma
189 843 229 867 cum
240 835 275 867 filio
285 834 372 868 oculorum
383 833 485 876 lippitudine
495 839 577 875 grauato;
592 839 629 867 orat
639 833 672 867 hec
681 843 713 876 pro
724 832 750 866 in·

47 883 127 917 firmitate
137 893 173 924 sua,
181 894 248 918 merens
255 890 273 918 et
284 895 349 926 angens
358 883 424 917 fortiter
434 883 457 916 ad
466 890 545 916 sanctam
555 883 620 916 clamat
628 883 749 917 Edmundum:
760 894 779 914 ιο

46 934 100 975 Ἔγει,
108 939 167 967 sancte
175 940 192 967 et
201 934 274 977 gloriose
286 934 345 968 martir
354 934 451 972 Edmunde,
459 944 499 968 ecce
509 940 525 968 te
536 932 655 975 requisiuimus
667 934 689 967 de
699 933 750 975 longe

46 983 119 1028 pedibus
130 989 147 1017 et
160 994 199 1018 cum
212 994 285 1027 angore:
301 985 375 1026 domine,
386 983 468 1018 miserere
479 984 539 1026 nobis:
550 983 614 1018 deinde
626 990 685 1018 monet
697 983 750 1017 filium

46 1045 77 1077 pro
85 1034 142 1077 seipso
150 1046 172 1068 ne
179 1035 251 1069 desistat
258 1036 281 1069 ab
288 1035 368 1069 oracione
376 1035 466 1075 dominica,
474 1045 525 1077 quam
533 1041 582 1077 pater
589 1045 630 1068 suus
638 1035 706 1068 nouiter
710 1045 750 1068 eum

47 1086 133 1118 docuerat.
161 1086 272 1128 Complentes
286 1091 343 1119 autern
358 1085 461 1123 oracionem,
474 1090 491 1117 et
504 1095 597 1126 pauperem
609 1094 660 1126 quam
671 1090 750 1126 poterant

46 1134 159 1175 oblacionem,
172 1135 278 1168 descendunt
293 1135 311 1168 iu
324 1135 386 1168 eadem
396 1134 437 1166 villa
449 1134 504 1166 sancti
517 1133 605 1166 Edmundi
618 1134 640 1166 ad
654 1134 751 1176 hospicium
760 1143 778 1173 ¹5

46 1190 116 1227 propter
127 1184 235 1226 pausacionis
247 1185 383 1226 recreacionem;
395 1184 423 1217 vbi
435 1184 522 1227 paululum
534 1183 671 1226 requiescentes:
685 1183 750 1226 experti

47 1241 86 1268 sunt
96 1235 124 1268 dei
135 1236 205 1275 donum,
217 1234 284 1269 matre²
295 1236 341 1269 facta
352 1245 400 1277 sana,
411 1240 427 1269 et
439 1234 474 1268 filio
483 1234 506 1268 ab
517 1233 631 1268 inundacione
643 1233 751 1267 lacrimarum

47 1292 110 1319 curato.

66 559 186 590 Hermannus.

80 1380 134 1415 iiDa
145 1388 228 1414 vnerona
240 1389 300 1415 caeca
312 1390 333 1415 rn
344 1389 456 1421 mannaan,
467 1388 551 1414 atomum
562 1388 676 1414 aamauaau
688 1387 715 1414 na

259 1440 348 1466 ranaaao
359 1439 427 1465 snucaa
439 1432 542 1465 Euuunor.

254 1502 319 1537 Uidam
327 1501 448 1545 miser[r]imus
458 1502 503 1536 furto
512 1502 568 1545 rapuit
576 1501 598 1536 de
609 1502 671 1536 lectica
678 1501 750 1545 preciosi

275 1553 349 1585 martiris
357 1552 445 1585 Edmundi
453 1553 488 1585 duo
495 1553 571 1592 monilia,
579 1553 635 1585 eidem
643 1552 691 1593 operi
698 1552 751 1584 fabri·
761 1560 780 1581 πο

48 1600 86 1631 liter
93 1600 162 1632 inserta.
185 1601 223 1641 Que
231 1601 300 1634 sceleris
308 1601 414 1644 perpetracio
421 1602 463 1634 dum
470 1601 567 1641 ventilatur,
575 1601 621 1633 circa
628 1601 683 1634 sancti
691 1600 752 1633 tumuli

48 1648 153 1691 crepidinem
163 1650 224 1684 iratres
234 1651 290 1684 tocius
301 1650 441 1694 congregacionis
452 1657 587 1695 prosternuntur,
599 1658 665 1694 septem
676 1651 752 1695 psalmos

49 1700 146 1741 psallentes,
155 1706 171 1733 et
182 1700 276 1735 vindictam
287 1702 371 1735 latrocinii
383 1702 496 1744 inprecantes.
524 1702 554 1735 Set
565 1702 622 1735 adhuc
633 1712 668 1735 non
680 1701 750 1735 exaudit

50 1750 127 1782 deusve]
136 1753 259 1794 sanctusquod
271 1752 384 1794 congregacio
394 1752 500 1794 deprecatur,
512 1751 566 1784 donec
577 1751 633 1784 simile
643 1751 750 1785 latrocinium

49 1798 94 1832 circa
105 1799 201 1840 preciosum
213 1802 301 1835 martirem
311 1802 386 1842 iteretur,
398 1801 456 1844 sicque
467 1800 585 1843 dupplicatum
596 1800 692 1834 mirabilius
702 1812 752 1834 reue-
761 1813 780 1842 ²5

49 1850 97 1883 letur.
120 1849 204 1883 Accedit³
213 1851 274 1884 iterum
284 1852 327 1885 latro
337 1857 354 1884 et
363 1852 385 1884 dc
393 1851 456 1884 scrinio
465 1850 540 1884 martiris
549 1850 594 1893 rapit
604 1851 668 1884 monile
678 1851 700 1884 de
710 1861 752 1884 auro

49 1899 114 1940 maius;
130 1906 260 1942 verumptamen
275 1902 289 1933 si
303 1901 413 1934 maledictum
427 1899 481 1943 repeti
496 1901 572 1943 stropha,
585 1906 702 1944 perpetratum
717 1911 752 1933 non

49 1949 109 1983 latebit
116 1952 212 1985 anathema.
236 1952 287 1993 Quod
295 1952 336 1986 dum
344 1950 459 1985 thesaurarius
468 1951 539 1985 ecclesie
547 1951 624 1994 percipit,
632 1952 655 1985 de
662 1951 752 1993 sacrilegio

50 2002 136 2042 querelam
143 2001 183 2033 iacit
191 2012 229 2034 cum
238 2007 302 2043 sancto,
309 2001 355 2043 quod
364 2008 381 2034 ut
392 2001 510 2035 manifestetur
519 2001 555 2043 agit
562 2001 607 2034 circa
615 2007 694 2035 sanctum
701 2007 753 2034 nocte

49 2050 111 2092 dieque
120 2051 211 2093 precando.
233 2052 285 2084 Latro
293 2062 332 2084 cum
339 2051 448 2083 anathemate
455 2051 562 2084 descendens
569 2052 592 2084 ab
599 2052 677 2092 ecclesia,
685 2052 728 2093 petit
735 2051 753 2084 in
761 2062 781 2092 30

50 2101 112 2132 eadem
126 2100 166 2132 villa
181 2100 287 2141 diuerticula,
302 2106 324 2140 et,
339 2107 357 2133 ut
372 2106 433 2143 postea
448 2105 508 2143 captus
523 2100 585 2140 retulit,
600 2101 664 2135 monile
679 2101 753 2135 iuratum

50 2161 130 2184 amouere
140 2150 237 2184 nullatenus
250 2162 261 2184 a
274 2162 293 2184 se
304 2151 362 2184 valuit.
385 2152 440 2184 lieret
453 2161 492 2183 cum
505 2152 570 2184 latrone
584 2151 698 2191 latrocinium,
709 2151 753 2185 latro

49 2211 89 2235 curn
95 2201 184 2235 latrocinio
190 2201 229 2236 ville
235 2201 290 2236 sancti
296 2212 331 2236 non
338 2201 383 2236 valet
389 2202 435 2235 exire
442 2201 538 2235 cenninum.
559 2202 598 2236 Hoc
605 2208 702 2246 perpetrato
710 2203 753 2235 latro

51 2262 89 2284 cum
100 2251 194 2291 latrocinio,
208 2252 268 2286 iterum
281 2252 323 2295 petit
335 2252 426 2286 ecclesiam
437 2263 480 2286 ausu
491 2252 588 2295 temerario,
599 2253 690 2297 appropiat
701 2253 753 2287 velud

50 2301 111 2344 aliquis
120 2313 160 2335 cum
167 2303 258 2336 oblacione
265 2304 287 2336 ad
295 2313 362 2336 sacrum
373 2305 431 2343 altare,
439 2304 496 2345 ipsum
503 2304 606 2337 deosculans
616 2314 705 2337 nummum
712 2304 753 2336 inde
762 2314 781 2344 35

51 2352 97 2393 capit
111 2362 145 2392 ore,
158 2352 192 2385 iam
209 2352 262 2386 tercio
277 2352 385 2386 latrocinium
399 2352 465 2395 perficit
480 2353 532 2387 corde
546 2353 632 2387 maliuolo.
656 2355 676 2386 ln
691 2353 753 2386 eodem

51 2408 139 2435 momento
147 2402 214 2444 capitur
223 2402 246 2436 ab
257 2403 373 2437 assidentibus
382 2403 472 2436 custodum
482 2403 554 2437 ecclesie
565 2403 687 2443 seruientibus;
699 2402 753 2445 alapis

51 2452 122 2494 ceditur,
134 2452 196 2495 pugnis
207 2452 289 2494 tunditur,
301 2464 381 2488 nummus
392 2454 457 2488 iuratus
468 2454 491 2487 ab
503 2465 532 2488 ore
542 2455 627 2497 proicitur.
651 2454 719 2487 Deinde
730 2453 753 2486 ad
805 2482 807 2485 .

51 2507 117 2535 remota
132 2502 227 2544 deducitur,
242 2503 283 2546 quid
298 2514 381 2546 superse
396 2509 452 2546 gestet
466 2503 556 2547 diligenter
569 2503 667 2548 exquiritur,
682 2513 753 2537 auretam

69 1525 188 1558 Hennannus.

91 2597 96 2613 ¹
107 2598 140 2628 MS.
147 2598 235 2637 perueniunt
241 2599 335 2637 penreniuat.
413 2598 419 2616 ²
429 2599 462 2629 uls.
469 2604 522 2629 mater.
597 2597 603 2616 ⁵
613 2598 646 2629 MS.
654 2599 714 2630 accidit.
