1762 2803
211 62 256 117 bt
272 60 373 114 manua
389 62 549 128 mutumne.
689 76 733 120 207

29 182 115 226 consistit,
130 189 147 218 et
160 194 235 228 semper
246 183 299 228 aquis
311 183 437 225 circumdatur,
449 188 479 218 aut
491 183 595 218 fluuialibus
606 188 637 218 aut
649 182 730 218 marinis.

30 239 51 270 ln
65 237 95 269 illa
106 236 155 270 enim
167 237 227 270 insula
237 237 289 279 virgo
300 241 363 269 sancta
374 236 470 270 ecclesiam
484 235 591 277 construxit,
604 241 622 269 et
636 245 695 279 usque
710 235 733 268 ad

29 289 108 325 reditum
120 299 174 324 suum
186 288 279 334 Brigidam
291 294 309 324 et
320 289 372 334 Luge
386 289 445 324 socias
460 300 503 325 suas
514 288 540 324 ibi
551 299 629 324 manere
640 288 687 324 iecit.
710 287 734 323 Et

30 349 124 387 assumpta
141 343 203 377 Athea
221 343 298 388 virgine,
316 343 339 377 ad
360 348 432 387 patrem
452 343 536 386 Aluredi,
555 353 611 388 quem
631 347 734 385 seruauerat,

30 407 115 441 pergens,
124 396 223 430 honorifice
231 401 318 440 suscepta
326 401 359 430 est.
383 397 406 429 Et
414 396 549 430 commendauit
557 396 574 429 ei
582 407 615 430 rex
627 396 733 439 Athulpbus
743 402 751 432 5

31 460 112 484 sororem
127 460 179 483 suam
193 448 289 493 virginem,
302 448 387 483 Editbam
401 449 481 490 nomine,
495 449 568 484 Christo
583 449 732 488 consecrandam,

31 501 115 545 quatinus
123 502 157 534 sub
165 502 204 534 eius
213 501 308 544 disciplina
315 501 334 535 in
342 501 406 534 habitu
415 500 548 534 sanctimoniali
556 500 586 544 pia
594 500 692 534 deuotione
698 501 734 534 deo

32 553 150 597 [de]seruire¹
162 558 230 596 posset.
252 552 334 587 Tradidit
347 552 372 586 illi
384 564 418 586 rex
429 559 497 587 terram
509 552 608 598 quantaml
618 552 658 598 ipsa
669 551 732 595 voluit,

32 612 49 641 et
65 605 96 640 vbi
111 606 171 650 elegit.
193 606 282 651 Tuncque
297 606 349 650 virgo
364 612 427 641 sancta
442 607 479 641 duo
494 606 596 641 construxit
610 607 733 640 monasteria:

31 670 86 694 vnum
98 660 147 703 apud
159 659 278 693 Pollesword'
289 660 308 693 in
319 660 410 700 Arderna,
423 660 454 694 vbi
465 660 545 693 Atheam
556 670 598 693 curn
609 670 673 694 sorore
685 659 735 702 regis
746 671 764 693 ιο

32 722 107 746 manere
119 712 170 754 secit;
182 713 260 747 alterum
272 713 321 757 apud
335 712 473 755 Strenesbalen,
486 712 504 747 in
518 723 554 757 quo
567 713 608 756 ipsa
620 712 734 748 orationibus

31 776 98 800 vacans
106 766 202 809 aliquantis
208 766 273 800 diebus
279 765 359 801 solitaria
363 766 437 801 mansit.
478 759 519 800 illis
527 766 587 810 itaque
596 765 661 801 diebus
669 765 736 800 Editha

32 829 84 852 soror
91 819 140 861 regis
147 818 219 852 voeauit
227 818 312 852 Ositham
319 818 410 862 virginem
421 824 440 852 et
447 819 493 852 dixit
500 819 527 853 ei:
540 819 544 835 ‘
551 819 603 852 Vade
611 819 634 851 ad
642 818 735 852 dominam

32 876 112 905 nostram
125 876 143 905 et
155 871 207 906 deser
217 871 233 906 ei
244 871 330 906 volumen
342 871 397 914 istud,
409 872 427 906 in
440 881 476 915 quo
488 870 547 906 valeat
557 871 618 915 legere
629 875 646 905 et
658 870 736 905 sortasse

33 923 100 967 aliquid
112 929 175 958 sancte
188 924 347 969 contemplationis
359 924 454 959 inuenire.¹
478 924 519 966 Que
533 929 608 968 accepto
622 923 669 958 libro
680 924 736 968 profi·
746 932 764 962 15

33 977 104 1012 ciseens
115 977 137 1011 ad
149 983 224 1021 pontem
236 979 328 1021 quendam
338 978 425 1022 ligneum,
433 982 451 1011 et
463 976 550 1011 fluctuum
558 977 700 1011 commotionem
712 988 736 1012 ex

33 1030 105 1074 obliquo
120 1035 138 1064 et
151 1030 250 1074 improuise
266 1030 362 1075 aspiciens,
375 1032 441 1065 timore
454 1030 550 1074 perterrita
561 1036 638 1074 repente
650 1030 737 1065 deorsum

34 1084 105 1123 corruit,
113 1088 132 1117 et
143 1082 201 1117 tribus
212 1084 277 1117 diebus
288 1095 309 1117 ac
321 1084 405 1117 noctibus
416 1083 435 1117 in
447 1083 538 1126 profundo
546 1083 627 1116 tluminis
635 1093 677 1116 cum
685 1083 736 1116 volu-

33 1135 82 1169 mine
98 1134 182 1170 0mnibus
197 1135 322 1179 ignorantibus
337 1135 444 1180 permansit
473 1135 565 1180 Apparuit
583 1140 645 1169 autem
659 1135 737 1179 angelus

35 1187 103 1222 domini
118 1188 234 1231 Modwenne,
250 1190 269 1222 in
284 1190 329 1223 cella
344 1200 377 1223 sua
393 1189 457 1230 oranti,
471 1188 546 1223 dicens:
559 1187 621 1222 ‘Vade
634 1199 676 1222 cum
688 1188 736 1222 iesti-
746 1197 766 1217 πο

34 1240 109 1275 natione
128 1242 151 1276 ad
171 1241 252 1284 ssuuium,
271 1242 340 1286 aliquid
362 1243 386 1276 ibi
411 1242 536 1276 necessarium
559 1242 665 1284 operatura)
696 1241 737 1284 Que

34 1304 76 1327 cum
87 1294 203 1338 peruenisset
214 1295 237 1329 ad
250 1295 332 1337 fluuium,
340 1296 410 1329 inuenit
423 1295 447 1329 ibi
460 1294 546 1329 Editham
553 1294 650 1338 virginem,
657 1294 738 1338 puellam

35 1346 118 1381 Ositham
133 1347 259 1391 queritantem.
284 1349 343 1390 Quam
358 1347 469 1382 Modwenna
480 1347 530 1382 velut
545 1347 680 1390 expauentem³
695 1358 738 1381 con-

35 1399 123 1439 siderans,
134 1399 158 1432 ait
169 1399 206 1432 illi:
219 1399 277 1441 ‘Quid
290 1405 324 1441 est,
337 1403 401 1434 soror?
415 1404 489 1433 rectene
502 1403 546 1432 sunt
559 1398 641 1432 omniai’
664 1398 698 1432 Illa
709 1408 739 1433 re-

36 1452 119 1494 spondit:
137 1452 199 1495 ‘Ecce
212 1452 275 1496 inquit,
287 1457 324 1486 tres
338 1453 378 1486 dies
392 1457 441 1492 sunt,
457 1452 536 1493 domina,
553 1462 577 1486 ex
593 1461 629 1495 quo
645 1450 738 1485 transmisi
749 1461 767 1490 25

36 1502 119 1538 Ositham
127 1505 150 1538 ad
158 1510 175 1539 te
182 1516 187 1546 ς
198 1510 217 1539 et
224 1504 267 1540 veni
275 1516 354 1550 querere
361 1516 418 1549 quare
426 1516 464 1539 non
470 1505 599 1549 regrederetur
607 1505 630 1538 ad
638 1515 673 1538 me.
689 1505 740 1539 Nun·

36 1556 78 1600 quid
89 1568 127 1591 non
139 1559 188 1602 apud
201 1563 219 1592 te
231 1560 282 1593 est?'
305 1558 328 1592 Et
340 1559 383 1593 illa:
396 1558 461 1599 ‘Vere‚
473 1558 537 1602 inquit,
549 1568 586 1592 non
597 1557 635 1592 vidi
646 1568 693 1598 eam,
704 1568 739 1592 nec

36 1611 85 1644 venit
97 1612 119 1645 ad
131 1612 172 1645 me!
200 1611 224 1645 Et
235 1611 341 1655 interrogati
352 1617 437 1655 pastores
448 1610 479 1654 qui
491 1621 549 1654 prope
560 1615 618 1651 erant,
630 1610 646 1644 si
659 1611 739 1654 puellam

37 1662 116 1705 aliquam
128 1662 234 1704 vidissent⁴,
247 1665 394 1707 responderunt:
413 1663 560 1697 ‘Nudiustertius
570 1662 650 1706 puellam
664 1668 740 1707 pontem

36 1714 136 1749 ascendere
147 1715 233 1757 vidimus,
244 1716 278 1751 sed
289 1728 326 1761 quo
337 1716 381 1751 abiit
393 1722 423 1750 aut
435 1727 472 1760 quo
483 1716 563 1758 deuenit,
574 1715 661 1750 nimirum
678 1727 739 1751 euram
749 1725 769 1755 3ο

37 1774 112 1811 agentes
127 1769 150 1802 de
166 1770 263 1812 pecoribus
276 1775 294 1804 et
307 1771 330 1803 ad
344 1770 379 1803 alia
393 1769 459 1803 intenti
470 1770 545 1812 penitus
558 1770 675 1813 ignoramus!
698 1769 740 1811 Quo

37 1820 97 1854 audito
105 1826 168 1855 sancta
176 1821 288 1855 Modwenna
296 1823 320 1855 ait
327 1823 350 1856 ad
356 1821 441 1855 Editham
448 1833 452 1856 :
465 1824 469 1842 ‘
476 1821 607 1865 Deprecemur,
614 1831 666 1855 soror
673 1822 741 1856 charis-

38 1873 88 1916 sima,
96 1874 196 1916 dominum,
204 1880 224 1908 vt
231 1875 301 1909 meritis
309 1875 391 1909 omnium
399 1880 504 1908 sanctorum
512 1884 588 1908 suorum
596 1874 679 1908 restituat
687 1874 741 1909 nobis

37 1924 55 1959 in
67 1926 101 1960 hac
114 1927 159 1962 hora
171 1927 251 1972 puellam
263 1928 367 1972 perditam:
382 1933 401 1962 vt
414 1926 509 1962 videamus
523 1932 541 1961 et
555 1937 687 1970 cognoscamus
701 1927 741 1962 eius

38 1979 138 2013 mirabilem
151 1980 256 2022 potentiam,
267 1986 286 2013 et
297 1980 423 2013 collaudemus
438 1979 458 2012 in
472 1986 583 2022 perpetuum
596 1980 740 2014 misericordiam
750 1988 769 2017 ³5

38 2032 100 2066 suam.¹
131 2031 177 2066 Cum
188 2031 243 2076 igitur
257 2032 281 2066 ad
294 2038 362 2067 terram
373 2030 460 2066 inclinate
475 2032 506 2065 diu
523 2042 565 2066 cum
580 2031 673 2067 lachrimis
687 2033 742 2068 ambe

39 2090 127 2126 orassent,
140 2085 256 2128 Modwenna,
264 2086 287 2119 ab
299 2085 381 2120 oratione
392 2095 477 2129 surgens,
485 2085 534 2119 clara
545 2095 590 2119 voce
602 2084 660 2120 tribus
672 2085 742 2121 vicibus

39 2137 158 2173 exclamauit:
171 2138 252 2181 ‘Ositha‚
261 2138 331 2181 Ositha‚
340 2138 409 2179 Ositha‚
417 2139 436 2173 in
447 2139 522 2172 nomine
533 2137 608 2173 sancte⁸
619 2146 637 2174 et
648 2139 743 2175 indiuidue

39 2190 123 2225 trinitatis
130 2191 173 2225 veni
184 2192 238 2234 foras,
245 2198 264 2226 et
274 2193 297 2227 de
309 2192 343 2226 hoc
353 2190 435 2234 flumine,
442 2191 462 2226 in
473 2202 509 2236 quo
520 2192 618 2227 submersa
628 2203 654 2234 es,
661 2203 697 2237 per
706 2193 742 2227 vir-

39 2246 96 2276 tutem
108 2244 203 2287 potestatis
218 2245 276 2288 ipsius
288 2245 325 2279 vite
339 2246 427 2284 restituta,
443 2254 488 2278 sana
503 2249 522 2278 et
536 2244 634 2279 incolumis
648 2248 743 2289 emergas.1
751 2251 772 2282 4⁰

41 2292 123 2330 Necdum
131 2296 186 2340 plene
196 2297 253 2332 verba
263 2297 340 2338 finierat,
348 2302 366 2332 et
378 2307 421 2332 ecce
428 2296 490 2341 puella
501 2297 525 2332 de
536 2296 592 2331 fluuio
600 2308 641 2332 curn
649 2297 742 2333 volumine

40 2345 92 2382 illeso
99 2349 172 2392 prodiit,
180 2354 199 2385 et
209 2349 257 2384 trina
268 2349 308 2384 vice
319 2360 406 2385 sermone
417 2350 500 2384 absoluto
512 2350 619 2394 respondit:
631 2350 691 2385 ‘Ecce
702 2361 743 2395 ego,

42 2468 166 2523 5¹E.seruire.
221 2471 343 2511 ²T.quautum.
399 2470 580 2511 ³T.expauescentem.
630 2471 743 2503 *Evidieset

57 2508 74 2540 E.
81 2511 98 2540 in
105 2516 160 2541 sancte
167 2511 236 2555 nomine⁷
