<?xml version="1.0" encoding="UTF-8"?>
<!DOCTYPE html PUBLIC "-//W3C//DTD XHTML 1.0 Transitional//EN"
    "http://www.w3.org/TR/xhtml1/DTD/xhtml1-transitional.dtd">
<html xmlns="http://www.w3.org/1999/xhtml" xml:lang="en" lang="en">
 <head>
  <title>
</title>
<meta http-equiv="Content-Type" content="text/html;charset=utf-8" />
  <meta name='ocr-system' content='tesseract 3.04.00' />
  <meta name='ocr-capabilities' content='ocr_page ocr_carea ocr_par ocr_line ocrx_word'/>
</head>
<body>
  <div class='ocr_page' id='page_1' title='image "./MN5111ucmf_0/MN5111ucmf_0_0725.png"; bbox 0 0 1762 2803; ppageno 0'>
   <div class='ocr_carea' id='block_1_1' title="bbox 234 88 728 150">
    <p class='ocr_par' dir='ltr' id='par_1_1' title="bbox 234 88 728 150">
     <span class='ocr_line' id='line_1_1' title="bbox 234 88 728 150; baseline -0.02 -6"><span class='ocrx_word' id='word_1_1' title='bbox 234 91 280 145; x_wconf 61' lang='lat' dir='ltr'>vt</span> <span class='ocrx_word' id='word_1_2' title='bbox 295 88 396 141; x_wconf 53' lang='lat' dir='ltr'>&amp;aaut</span> <span class='ocrx_word' id='word_1_3' title='bbox 411 88 520 150; x_wconf 66' lang='lat' dir='ltr'>huncne.</span> <span class='ocrx_word' id='word_1_4' title='bbox 685 102 728 144; x_wconf 84' lang='lat'>109</span> 
     </span>
    </p>
   </div>
   <div class='ocr_carea' id='block_1_2' title="bbox 27 210 760 997">
    <p class='ocr_par' dir='ltr' id='par_1_2' title="bbox 27 210 760 997">
     <span class='ocr_line' id='line_1_2' title="bbox 27 210 730 259; baseline -0.01 -8"><span class='ocrx_word' id='word_1_5' title='bbox 27 218 102 259; x_wconf 88' lang='lat' dir='ltr'>insuper</span> <span class='ocrx_word' id='word_1_6' title='bbox 113 213 135 247; x_wconf 90' lang='lat' dir='ltr'>ad</span> <span class='ocrx_word' id='word_1_7' title='bbox 149 212 184 247; x_wconf 86' lang='lat' dir='ltr'>iter</span> <span class='ocrx_word' id='word_1_8' title='bbox 196 211 340 256; x_wconf 84' lang='lat' dir='ltr'>aggrediendum</span> <span class='ocrx_word' id='word_1_9' title='bbox 356 216 438 255; x_wconf 88' lang='lat' dir='ltr'>potestas</span> <span class='ocrx_word' id='word_1_10' title='bbox 453 211 514 244; x_wconf 89' lang='lat' dir='ltr'>deficit</span> <span class='ocrx_word' id='word_1_11' title='bbox 530 211 627 245; x_wconf 66' lang='lat' dir='ltr'>naturalis!</span> <span class='ocrx_word' id='word_1_12' title='bbox 651 210 730 245; x_wconf 86' lang='lat' dir='ltr'>Sanctus</span> 
     </span>
     <span class='ocr_line' id='line_1_3' title="bbox 28 263 729 305; baseline -0.006 -2"><span class='ocrx_word' id='word_1_13' title='bbox 28 268 86 305; x_wconf 83' lang='lat' dir='ltr'>Dauid</span> <span class='ocrx_word' id='word_1_14' title='bbox 94 266 118 300; x_wconf 88' lang='lat' dir='ltr'>ait</span> <span class='ocrx_word' id='word_1_15' title='bbox 127 278 131 300; x_wconf 90' lang='lat'>:</span> <span class='ocrx_word' id='word_1_16' title='bbox 144 266 235 300; x_wconf 83' lang='lat' dir='ltr'>‘Oremus</span> <span class='ocrx_word' id='word_1_17' title='bbox 244 263 320 298; x_wconf 84' lang='lat' dir='ltr'>ihesum</span> <span class='ocrx_word' id='word_1_18' title='bbox 329 264 422 298; x_wconf 80' lang='lat' dir='ltr'>Christum</span> <span class='ocrx_word' id='word_1_19' title='bbox 430 269 449 298; x_wconf 83' lang='lat' dir='ltr'>vt</span> <span class='ocrx_word' id='word_1_20' title='bbox 461 263 543 298; x_wconf 87' lang='lat' dir='ltr'>membra</span> <span class='ocrx_word' id='word_1_21' title='bbox 552 269 583 297; x_wconf 87' lang='lat' dir='ltr'>tua</span> <span class='ocrx_word' id='word_1_22' title='bbox 594 264 617 298; x_wconf 85' lang='lat' dir='ltr'>ad</span> <span class='ocrx_word' id='word_1_23' title='bbox 625 263 661 298; x_wconf 85' lang='lat' dir='ltr'>iter</span> <span class='ocrx_word' id='word_1_24' title='bbox 668 263 729 299; x_wconf 85' lang='lat' dir='ltr'>nobis·</span> 
     </span>
     <span class='ocr_line' id='line_1_4' title="bbox 27 316 729 366; baseline -0.01 -9"><span class='ocrx_word' id='word_1_25' title='bbox 27 334 68 358; x_wconf 86' lang='lat' dir='ltr'>cum</span> <span class='ocrx_word' id='word_1_26' title='bbox 79 319 206 366; x_wconf 85' lang='lat' dir='ltr'>peragendum</span> <span class='ocrx_word' id='word_1_27' title='bbox 218 317 290 362; x_wconf 84' lang='lat' dir='ltr'>erigere</span> <span class='ocrx_word' id='word_1_28' title='bbox 302 317 397 362; x_wconf 74' lang='lat' dir='ltr'>dignetur.¹</span> <span class='ocrx_word' id='word_1_29' title='bbox 421 317 444 351; x_wconf 87' lang='lat' dir='ltr'>Et</span> <span class='ocrx_word' id='word_1_30' title='bbox 452 317 493 351; x_wconf 83' lang='lat' dir='ltr'>lusa</span> <span class='ocrx_word' id='word_1_31' title='bbox 504 316 586 352; x_wconf 85' lang='lat' dir='ltr'>oratione</span> <span class='ocrx_word' id='word_1_32' title='bbox 596 317 619 351; x_wconf 88' lang='lat' dir='ltr'>ad</span> <span class='ocrx_word' id='word_1_33' title='bbox 629 316 729 358; x_wconf 87' lang='lat' dir='ltr'>dominum,</span> 
     </span>
     <span class='ocr_line' id='line_1_5' title="bbox 28 370 730 417; baseline -0.007 -7"><span class='ocrx_word' id='word_1_34' title='bbox 28 386 69 411; x_wconf 83' lang='lat' dir='ltr'>crus</span> <span class='ocrx_word' id='word_1_35' title='bbox 76 386 87 408; x_wconf 82' lang='lat' dir='ltr'>a</span> <span class='ocrx_word' id='word_1_36' title='bbox 95 374 165 407; x_wconf 79' lang='lat' dir='ltr'>femore</span> <span class='ocrx_word' id='word_1_37' title='bbox 175 371 278 414; x_wconf 86' lang='lat' dir='ltr'>resoluitur,</span> <span class='ocrx_word' id='word_1_38' title='bbox 286 376 340 417; x_wconf 88' lang='lat' dir='ltr'>prout</span> <span class='ocrx_word' id='word_1_39' title='bbox 348 370 436 406; x_wconf 90' lang='lat' dir='ltr'>naturalis</span> <span class='ocrx_word' id='word_1_40' title='bbox 445 370 541 415; x_wconf 83' lang='lat' dir='ltr'>dispositio</span> <span class='ocrx_word' id='word_1_41' title='bbox 553 371 619 406; x_wconf 90' lang='lat' dir='ltr'>melius</span> <span class='ocrx_word' id='word_1_42' title='bbox 629 381 650 406; x_wconf 89' lang='lat' dir='ltr'>se</span> <span class='ocrx_word' id='word_1_43' title='bbox 662 371 730 406; x_wconf 88' lang='lat' dir='ltr'>habere</span> 
     </span>
     <span class='ocr_line' id='line_1_6' title="bbox 28 424 748 469; baseline -0.008 -6"><span class='ocrx_word' id='word_1_44' title='bbox 28 429 110 464; x_wconf 71' lang='lat' dir='ltr'>debebat,</span> <span class='ocrx_word' id='word_1_45' title='bbox 135 427 219 469; x_wconf 85' lang='lat' dir='ltr'>Cumque</span> <span class='ocrx_word' id='word_1_46' title='bbox 231 425 255 459; x_wconf 87' lang='lat' dir='ltr'>ad</span> <span class='ocrx_word' id='word_1_47' title='bbox 268 425 317 459; x_wconf 87' lang='lat' dir='ltr'>viam</span> <span class='ocrx_word' id='word_1_48' title='bbox 332 425 444 469; x_wconf 82' lang='lat' dir='ltr'>carpendam</span> <span class='ocrx_word' id='word_1_49' title='bbox 459 424 518 468; x_wconf 88' lang='lat' dir='ltr'>parati</span> <span class='ocrx_word' id='word_1_50' title='bbox 534 424 604 467; x_wconf 86' lang='lat' dir='ltr'>pariter</span> <span class='ocrx_word' id='word_1_51' title='bbox 617 424 748 466; x_wconf 88' lang='lat' dir='ltr'>incederent‚5</span> 
     </span>
     <span class='ocr_line' id='line_1_7' title="bbox 28 477 730 523; baseline -0.009 -6"><span class='ocrx_word' id='word_1_52' title='bbox 28 491 93 517; x_wconf 85' lang='lat' dir='ltr'>seruus</span> <span class='ocrx_word' id='word_1_53' title='bbox 99 479 129 514; x_wconf 91' lang='lat' dir='ltr'>dei</span> <span class='ocrx_word' id='word_1_54' title='bbox 138 478 239 523; x_wconf 88' lang='lat' dir='ltr'>Kynedus¹</span> <span class='ocrx_word' id='word_1_55' title='bbox 248 477 289 512; x_wconf 88' lang='lat' dir='ltr'>susa</span> <span class='ocrx_word' id='word_1_56' title='bbox 298 477 316 512; x_wconf 87' lang='lat' dir='ltr'>in</span> <span class='ocrx_word' id='word_1_57' title='bbox 327 479 404 512; x_wconf 88' lang='lat' dir='ltr'>secretis</span> <span class='ocrx_word' id='word_1_58' title='bbox 415 478 475 512; x_wconf 89' lang='lat' dir='ltr'>cordis</span> <span class='ocrx_word' id='word_1_59' title='bbox 485 477 514 512; x_wconf 93' lang='lat' dir='ltr'>sui</span> <span class='ocrx_word' id='word_1_60' title='bbox 524 478 547 511; x_wconf 91' lang='lat' dir='ltr'>ad</span> <span class='ocrx_word' id='word_1_61' title='bbox 556 478 610 511; x_wconf 84' lang='lat' dir='ltr'>deum</span> <span class='ocrx_word' id='word_1_62' title='bbox 619 489 680 521; x_wconf 86' lang='lat' dir='ltr'>prece,</span> <span class='ocrx_word' id='word_1_63' title='bbox 687 489 730 512; x_wconf 90' lang='lat' dir='ltr'>crus</span> 
     </span>
     <span class='ocr_line' id='line_1_8' title="bbox 28 530 731 575; baseline -0.006 -6"><span class='ocrx_word' id='word_1_64' title='bbox 28 545 81 569; x_wconf 89' lang='lat' dir='ltr'>suum</span> <span class='ocrx_word' id='word_1_65' title='bbox 96 532 142 566; x_wconf 87' lang='lat' dir='ltr'>sicut</span> <span class='ocrx_word' id='word_1_66' title='bbox 156 532 207 575; x_wconf 90' lang='lat' dir='ltr'>prius</span> <span class='ocrx_word' id='word_1_67' title='bbox 220 531 285 565; x_wconf 86' lang='lat' dir='ltr'>femori</span> <span class='ocrx_word' id='word_1_68' title='bbox 298 531 375 565; x_wconf 81' lang='lat' dir='ltr'>adhesit.</span> <span class='ocrx_word' id='word_1_69' title='bbox 398 531 451 564; x_wconf 90' lang='lat' dir='ltr'>Tunc</span> <span class='ocrx_word' id='word_1_70' title='bbox 466 536 541 565; x_wconf 87' lang='lat' dir='ltr'>sanctus</span> <span class='ocrx_word' id='word_1_71' title='bbox 557 530 617 564; x_wconf 87' lang='lat' dir='ltr'>Dauid</span> <span class='ocrx_word' id='word_1_72' title='bbox 632 531 731 575; x_wconf 88' lang='lat' dir='ltr'>episcopus</span> 
     </span>
     <span class='ocr_line' id='line_1_9' title="bbox 29 583 731 626; baseline -0.004 -6"><span class='ocrx_word' id='word_1_73' title='bbox 29 587 83 621; x_wconf 80' lang='lat' dir='ltr'>dixit:</span> <span class='ocrx_word' id='word_1_74' title='bbox 100 585 147 618; x_wconf 88' lang='lat' dir='ltr'>‘Cur</span> <span class='ocrx_word' id='word_1_75' title='bbox 159 590 241 618; x_wconf 89' lang='lat' dir='ltr'>nostram</span> <span class='ocrx_word' id='word_1_76' title='bbox 255 584 334 626; x_wconf 83' lang='lat' dir='ltr'>despicis</span> <span class='ocrx_word' id='word_1_77' title='bbox 347 583 460 624; x_wconf 84' lang='lat' dir='ltr'>societatem,</span> <span class='ocrx_word' id='word_1_78' title='bbox 472 594 514 617; x_wconf 88' lang='lat' dir='ltr'>cum</span> <span class='ocrx_word' id='word_1_79' title='bbox 527 593 562 616; x_wconf 89' lang='lat' dir='ltr'>nos</span> <span class='ocrx_word' id='word_1_80' title='bbox 574 587 605 616; x_wconf 90' lang='lat' dir='ltr'>tuo</span> <span class='ocrx_word' id='word_1_81' title='bbox 618 584 731 626; x_wconf 80' lang='lat' dir='ltr'>gaudeamus</span> 
     </span>
     <span class='ocr_line' id='line_1_10' title="bbox 29 635 730 680; baseline -0.006 -7"><span class='ocrx_word' id='word_1_82' title='bbox 29 637 132 673; x_wconf 84' lang='lat' dir='ltr'>consortio?</span> <span class='ocrx_word' id='word_1_83' title='bbox 155 636 193 670; x_wconf 90' lang='lat' dir='ltr'>Cur</span> <span class='ocrx_word' id='word_1_84' title='bbox 204 647 238 670; x_wconf 89' lang='lat' dir='ltr'>nos</span> <span class='ocrx_word' id='word_1_85' title='bbox 250 635 344 680; x_wconf 82' lang='lat' dir='ltr'>relinquis,</span> <span class='ocrx_word' id='word_1_86' title='bbox 355 642 408 680; x_wconf 84' lang='lat' dir='ltr'>pater</span> <span class='ocrx_word' id='word_1_87' title='bbox 420 635 457 680; x_wconf 88' lang='lat' dir='ltr'>pie,</span> <span class='ocrx_word' id='word_1_88' title='bbox 469 635 488 669; x_wconf 90' lang='lat' dir='ltr'>in</span> <span class='ocrx_word' id='word_1_89' title='bbox 500 641 531 670; x_wconf 87' lang='lat' dir='ltr'>tua</span> <span class='ocrx_word' id='word_1_90' title='bbox 542 636 625 670; x_wconf 83' lang='lat' dir='ltr'>absentia</span> <span class='ocrx_word' id='word_1_91' title='bbox 637 635 730 677; x_wconf 89' lang='lat' dir='ltr'>sollicitos,</span> 
     </span>
     <span class='ocr_line' id='line_1_11' title="bbox 30 688 760 733; baseline -0.007 -8"><span class='ocrx_word' id='word_1_92' title='bbox 30 702 70 725; x_wconf 89' lang='lat' dir='ltr'>cum</span> <span class='ocrx_word' id='word_1_93' title='bbox 81 697 113 724; x_wconf 85' lang='lat' dir='ltr'>tua</span> <span class='ocrx_word' id='word_1_94' title='bbox 123 689 218 733; x_wconf 84' lang='lat' dir='ltr'>presentia</span> <span class='ocrx_word' id='word_1_95' title='bbox 230 698 314 722; x_wconf 85' lang='lat' dir='ltr'>curarum</span> <span class='ocrx_word' id='word_1_96' title='bbox 326 694 431 722; x_wconf 86' lang='lat' dir='ltr'>nostrarum</span> <span class='ocrx_word' id='word_1_97' title='bbox 445 698 492 723; x_wconf 91' lang='lat' dir='ltr'>onus</span> <span class='ocrx_word' id='word_1_98' title='bbox 504 690 615 733; x_wconf 55' lang='lat' dir='ltr'>possemus&#39;l</span> <span class='ocrx_word' id='word_1_99' title='bbox 626 688 731 723; x_wconf 82' lang='lat' dir='ltr'>releuarei’</span> <span class='ocrx_word' id='word_1_100' title='bbox 742 698 760 720; x_wconf 83' lang='lat' dir='ltr'>ro</span> 
     </span>
     <span class='ocr_line' id='line_1_12' title="bbox 31 741 731 786; baseline -0.003 -8"><span class='ocrx_word' id='word_1_101' title='bbox 31 746 101 779; x_wconf 87' lang='lat' dir='ltr'>Etcum</span> <span class='ocrx_word' id='word_1_102' title='bbox 109 747 192 777; x_wconf 86' lang='lat' dir='ltr'>mutuam</span> <span class='ocrx_word' id='word_1_103' title='bbox 203 742 297 777; x_wconf 84' lang='lat' dir='ltr'>dedissent</span> <span class='ocrx_word' id='word_1_104' title='bbox 308 741 442 780; x_wconf 86' lang='lat' dir='ltr'>salutationem,</span> <span class='ocrx_word' id='word_1_105' title='bbox 450 741 535 776; x_wconf 87' lang='lat' dir='ltr'>abierunt</span> <span class='ocrx_word' id='word_1_106' title='bbox 545 741 632 786; x_wconf 83' lang='lat' dir='ltr'>episcopi,</span> <span class='ocrx_word' id='word_1_107' title='bbox 640 748 659 777; x_wconf 91' lang='lat' dir='ltr'>et</span> <span class='ocrx_word' id='word_1_108' title='bbox 670 742 700 777; x_wconf 88' lang='lat' dir='ltr'>ille</span> <span class='ocrx_word' id='word_1_109' title='bbox 708 742 731 776; x_wconf 85' lang='lat' dir='ltr'>ad</span> 
     </span>
     <span class='ocr_line' id='line_1_13' title="bbox 30 794 732 839; baseline -0.004 -7"><span class='ocrx_word' id='word_1_110' title='bbox 30 799 88 832; x_wconf 91' lang='lat' dir='ltr'>locum</span> <span class='ocrx_word' id='word_1_111' title='bbox 96 806 150 830; x_wconf 93' lang='lat' dir='ltr'>suum</span> <span class='ocrx_word' id='word_1_112' title='bbox 158 795 336 830; x_wconf 80' lang='lat' dir='ltr'>rediit—Multaalia</span> <span class='ocrx_word' id='word_1_113' title='bbox 344 795 367 829; x_wconf 90' lang='lat' dir='ltr'>de</span> <span class='ocrx_word' id='word_1_114' title='bbox 375 794 482 829; x_wconf 84' lang='lat' dir='ltr'>consessore</span> <span class='ocrx_word' id='word_1_115' title='bbox 489 794 525 829; x_wconf 91' lang='lat' dir='ltr'>isto</span> <span class='ocrx_word' id='word_1_116' title='bbox 533 794 613 839; x_wconf 85' lang='lat' dir='ltr'>glorioso</span> <span class='ocrx_word' id='word_1_117' title='bbox 621 795 640 829; x_wconf 94' lang='lat' dir='ltr'>in</span> <span class='ocrx_word' id='word_1_118' title='bbox 648 806 685 829; x_wconf 90' lang='lat' dir='ltr'>vno</span> <span class='ocrx_word' id='word_1_119' title='bbox 692 795 732 828; x_wconf 87' lang='lat' dir='ltr'>solo</span> 
     </span>
     <span class='ocr_line' id='line_1_14' title="bbox 30 847 732 894; baseline -0.006 -9"><span class='ocrx_word' id='word_1_120' title='bbox 30 853 69 885; x_wconf 88' lang='lat' dir='ltr'>loco</span> <span class='ocrx_word' id='word_1_121' title='bbox 76 849 144 883; x_wconf 82' lang='lat' dir='ltr'>Wallie</span> <span class='ocrx_word' id='word_1_122' title='bbox 152 849 220 892; x_wconf 88' lang='lat' dir='ltr'>scripta</span> <span class='ocrx_word' id='word_1_123' title='bbox 226 848 270 890; x_wconf 80' lang='lat' dir='ltr'>vidi,</span> <span class='ocrx_word' id='word_1_124' title='bbox 278 858 314 892; x_wconf 91' lang='lat' dir='ltr'>que</span> <span class='ocrx_word' id='word_1_125' title='bbox 321 853 411 883; x_wconf 88' lang='lat' dir='ltr'>vetustate</span> <span class='ocrx_word' id='word_1_126' title='bbox 419 848 471 892; x_wconf 80' lang='lat' dir='ltr'>quasi</span> <span class='ocrx_word' id='word_1_127' title='bbox 479 848 540 882; x_wconf 85' lang='lat' dir='ltr'>deleta</span> <span class='ocrx_word' id='word_1_128' title='bbox 548 847 584 891; x_wconf 85' lang='lat' dir='ltr'>legi</span> <span class='ocrx_word' id='word_1_129' title='bbox 595 853 732 894; x_wconf 30' lang='lat' dir='ltr'>non-poterant.</span> 
     </span>
     <span class='ocr_line' id='line_1_15' title="bbox 30 900 732 945; baseline -0.001 -9"><span class='ocrx_word' id='word_1_130' title='bbox 30 904 97 936; x_wconf 86' lang='lat' dir='ltr'>Terras</span> <span class='ocrx_word' id='word_1_131' title='bbox 105 912 150 935; x_wconf 88' lang='lat' dir='ltr'>vero</span> <span class='ocrx_word' id='word_1_132' title='bbox 157 902 269 945; x_wconf 87' lang='lat' dir='ltr'>relinquens,</span> <span class='ocrx_word' id='word_1_133' title='bbox 275 901 294 934; x_wconf 92' lang='lat' dir='ltr'>in</span> <span class='ocrx_word' id='word_1_134' title='bbox 302 901 342 935; x_wconf 91' lang='lat' dir='ltr'>celo</span> <span class='ocrx_word' id='word_1_135' title='bbox 350 900 421 944; x_wconf 90' lang='lat' dir='ltr'>premia</span> <span class='ocrx_word' id='word_1_136' title='bbox 427 906 549 945; x_wconf 90' lang='lat' dir='ltr'>percepturus</span> <span class='ocrx_word' id='word_1_137' title='bbox 555 900 640 945; x_wconf 85' lang='lat' dir='ltr'>migrauit</span> <span class='ocrx_word' id='word_1_138' title='bbox 648 900 732 935; x_wconf 82' lang='lat' dir='ltr'>kalendis</span> 
     </span>
     <span class='ocr_line' id='line_1_16' title="bbox 31 954 760 997; baseline -0.007 -9"><span class='ocrx_word' id='word_1_139' title='bbox 31 954 106 997; x_wconf 77' lang='lat' dir='ltr'>augusti.</span> <span class='ocrx_word' id='word_1_140' title='bbox 742 961 760 992; x_wconf 84' lang='lat'>¹5</span> 
     </span>
    </p>
   </div>
   <div class='ocr_carea' id='block_1_3' title="bbox 53 1012 455 1068">
    <p class='ocr_par' dir='ltr' id='par_1_3' title="bbox 53 1012 455 1068">
     <span class='ocr_line' id='line_1_17' title="bbox 53 1012 455 1068; baseline -0.03 -9"><span class='ocrx_word' id='word_1_141' title='bbox 53 1025 95 1068; x_wconf 86' lang='lat' dir='ltr'>[Ms.</span> <span class='ocrx_word' id='word_1_142' title='bbox 103 1024 144 1058; x_wconf 77' lang='lat' dir='ltr'>Tib.</span> <span class='ocrx_word' id='word_1_143' title='bbox 151 1024 197 1058; x_wconf 84' lang='lat' dir='ltr'>adds</span> <span class='ocrx_word' id='word_1_144' title='bbox 205 1035 209 1059; x_wconf 87' lang='grc'>;</span> <span class='ocrx_word' id='word_1_145' title='bbox 318 1014 332 1050; x_wconf 82' lang='lat' dir='ltr'>ll</span> <span class='ocrx_word' id='word_1_146' title='bbox 341 1012 438 1047; x_wconf 71' lang='lat' dir='ltr'>Incidenda</span> <span class='ocrx_word' id='word_1_147' title='bbox 443 1013 455 1047; x_wconf 73' lang='lat'>³.</span> 
     </span>
    </p>
   </div>
   <div class='ocr_carea' id='block_1_4' title="bbox 32 1081 766 2136">
    <p class='ocr_par' dir='ltr' id='par_1_4' title="bbox 32 1081 766 2136">
     <span class='ocr_line' id='line_1_18' title="bbox 53 1081 732 1134; baseline 0 -12"><span class='ocrx_word' id='word_1_148' title='bbox 53 1081 136 1134; x_wconf 79' lang='lat' dir='ltr'>Quidam</span> <span class='ocrx_word' id='word_1_149' title='bbox 148 1098 228 1131; x_wconf 87' lang='lat' dir='ltr'>namque</span> <span class='ocrx_word' id='word_1_150' title='bbox 240 1097 328 1121; x_wconf 84' lang='lat' dir='ltr'>romanus</span> <span class='ocrx_word' id='word_1_151' title='bbox 337 1087 395 1121; x_wconf 88' lang='lat' dir='ltr'>filium</span> <span class='ocrx_word' id='word_1_152' title='bbox 404 1086 468 1121; x_wconf 87' lang='lat' dir='ltr'>habuit</span> <span class='ocrx_word' id='word_1_153' title='bbox 479 1086 560 1131; x_wconf 89' lang='lat' dir='ltr'>quinque</span> <span class='ocrx_word' id='word_1_154' title='bbox 571 1097 667 1129; x_wconf 81' lang='lat' dir='ltr'>annorum,</span> <span class='ocrx_word' id='word_1_155' title='bbox 678 1098 732 1132; x_wconf 90' lang='lat' dir='ltr'>quem</span> 
     </span>
     <span class='ocr_line' id='line_1_19' title="bbox 32 1138 734 1184; baseline 0 -9"><span class='ocrx_word' id='word_1_156' title='bbox 32 1141 85 1175; x_wconf 90' lang='lat' dir='ltr'>nimis</span> <span class='ocrx_word' id='word_1_157' title='bbox 94 1140 192 1175; x_wconf 80' lang='lat' dir='ltr'>carnaliter</span> <span class='ocrx_word' id='word_1_158' title='bbox 201 1139 279 1184; x_wconf 86' lang='lat' dir='ltr'>diligens</span> <span class='ocrx_word' id='word_1_159' title='bbox 289 1139 400 1174; x_wconf 87' lang='lat' dir='ltr'>tenerrime⁴</span> <span class='ocrx_word' id='word_1_160' title='bbox 410 1138 506 1182; x_wconf 81' lang='lat' dir='ltr'>nutriebat,</span> <span class='ocrx_word' id='word_1_161' title='bbox 514 1145 568 1184; x_wconf 82' lang='lat' dir='ltr'>atque</span> <span class='ocrx_word' id='word_1_162' title='bbox 579 1139 628 1174; x_wconf 89' lang='lat' dir='ltr'>idem</span> <span class='ocrx_word' id='word_1_163' title='bbox 640 1140 734 1184; x_wconf 83' lang='lat' dir='ltr'>paruulus,</span> 
     </span>
     <span class='ocr_line' id='line_1_20' title="bbox 32 1192 733 1239; baseline 0.001 -11"><span class='ocrx_word' id='word_1_164' title='bbox 32 1195 79 1239; x_wconf 92' lang='lat' dir='ltr'>quod</span> <span class='ocrx_word' id='word_1_165' title='bbox 85 1195 133 1228; x_wconf 90' lang='lat' dir='ltr'>dictu</span> <span class='ocrx_word' id='word_1_166' title='bbox 138 1204 194 1238; x_wconf 87' lang='lat' dir='ltr'>graue</span> <span class='ocrx_word' id='word_1_167' title='bbox 200 1199 233 1234; x_wconf 88' lang='lat' dir='ltr'>est,</span> <span class='ocrx_word' id='word_1_168' title='bbox 238 1203 282 1227; x_wconf 84' lang='lat' dir='ltr'>mox</span> <span class='ocrx_word' id='word_1_169' title='bbox 287 1197 306 1226; x_wconf 89' lang='lat' dir='ltr'>ut</span> <span class='ocrx_word' id='word_1_170' title='bbox 313 1194 352 1227; x_wconf 90' lang='lat' dir='ltr'>eius</span> <span class='ocrx_word' id='word_1_171' title='bbox 358 1192 419 1227; x_wconf 86' lang='lat' dir='ltr'>animo</span> <span class='ocrx_word' id='word_1_172' title='bbox 424 1192 501 1237; x_wconf 72' lang='lat' dir='ltr'>aliquisl</span> <span class='ocrx_word' id='word_1_173' title='bbox 507 1193 613 1234; x_wconf 82' lang='lat' dir='ltr'>obstitisset,</span> <span class='ocrx_word' id='word_1_174' title='bbox 619 1194 733 1229; x_wconf 85' lang='lat' dir='ltr'>maiestatem</span> 
     </span>
     <span class='ocr_line' id='line_1_21' title="bbox 33 1240 734 1291; baseline 0 -10"><span class='ocrx_word' id='word_1_175' title='bbox 33 1248 61 1281; x_wconf 93' lang='lat' dir='ltr'>dei</span> <span class='ocrx_word' id='word_1_176' title='bbox 68 1248 197 1291; x_wconf 86' lang='lat' dir='ltr'>blasphemare</span> <span class='ocrx_word' id='word_1_177' title='bbox 207 1246 308 1281; x_wconf 89' lang='lat' dir='ltr'>consueuit.</span> <span class='ocrx_word' id='word_1_178' title='bbox 331 1246 366 1288; x_wconf 80' lang='lat' dir='ltr'>Qui</span> <span class='ocrx_word' id='word_1_179' title='bbox 378 1245 397 1280; x_wconf 93' lang='lat' dir='ltr'>in</span> <span class='ocrx_word' id='word_1_180' title='bbox 408 1246 441 1280; x_wconf 92' lang='lat' dir='ltr'>hac</span> <span class='ocrx_word' id='word_1_181' title='bbox 452 1245 561 1280; x_wconf 82' lang='lat' dir='ltr'>mortalitate</span> <span class='ocrx_word' id='word_1_182' title='bbox 571 1256 671 1290; x_wconf 85' lang='lat' dir='ltr'>percussus</span> <span class='ocrx_word' id='word_1_183' title='bbox 683 1240 734 1281; x_wconf 79' lang='lat' dir='ltr'>ue&#39;nit</span> 
     </span>
     <span class='ocr_line' id='line_1_22' title="bbox 33 1298 763 1343; baseline 0.001 -9"><span class='ocrx_word' id='word_1_184' title='bbox 33 1301 55 1334; x_wconf 83' lang='lat' dir='ltr'>ad</span> <span class='ocrx_word' id='word_1_185' title='bbox 68 1306 157 1334; x_wconf 89' lang='lat' dir='ltr'>mortem:</span> <span class='ocrx_word' id='word_1_186' title='bbox 174 1306 192 1334; x_wconf 93' lang='lat' dir='ltr'>et</span> <span class='ocrx_word' id='word_1_187' title='bbox 203 1300 293 1343; x_wconf 87' lang='lat' dir='ltr'>malignos</span> <span class='ocrx_word' id='word_1_188' title='bbox 306 1299 381 1343; x_wconf 88' lang='lat' dir='ltr'>spiritus</span> <span class='ocrx_word' id='word_1_189' title='bbox 393 1299 416 1332; x_wconf 92' lang='lat' dir='ltr'>ad</span> <span class='ocrx_word' id='word_1_190' title='bbox 428 1309 450 1332; x_wconf 89' lang='lat' dir='ltr'>se</span> <span class='ocrx_word' id='word_1_191' title='bbox 462 1298 526 1333; x_wconf 89' lang='lat' dir='ltr'>uenire</span> <span class='ocrx_word' id='word_1_192' title='bbox 539 1299 664 1334; x_wconf 89' lang='lat' dir='ltr'>tremebundis</span> <span class='ocrx_word' id='word_1_193' title='bbox 677 1299 734 1335; x_wconf 88' lang='lat' dir='ltr'>oculis</span> <span class='ocrx_word' id='word_1_194' title='bbox 743 1312 763 1334; x_wconf 77' lang='lat' dir='ltr'>to</span> 
     </span>
     <span class='ocr_line' id='line_1_23' title="bbox 33 1351 735 1397; baseline 0 -10"><span class='ocrx_word' id='word_1_195' title='bbox 33 1353 128 1397; x_wconf 84' lang='lat' dir='ltr'>aspiciens,</span> <span class='ocrx_word' id='word_1_196' title='bbox 143 1353 223 1387; x_wconf 86' lang='lat' dir='ltr'>clamare</span> <span class='ocrx_word' id='word_1_197' title='bbox 237 1352 297 1397; x_wconf 88' lang='lat' dir='ltr'>cepit:</span> <span class='ocrx_word' id='word_1_198' title='bbox 318 1352 390 1394; x_wconf 85' lang='lat' dir='ltr'>‘Obsta,</span> <span class='ocrx_word' id='word_1_199' title='bbox 405 1357 464 1396; x_wconf 84' lang='lat' dir='ltr'>pater.</span> <span class='ocrx_word' id='word_1_200' title='bbox 494 1351 558 1391; x_wconf 87' lang='lat' dir='ltr'>Mauri,</span> <span class='ocrx_word' id='word_1_201' title='bbox 573 1351 636 1395; x_wconf 86' lang='lat' dir='ltr'>inquit,</span> <span class='ocrx_word' id='word_1_202' title='bbox 650 1351 735 1387; x_wconf 88' lang='lat' dir='ltr'>homines</span> 
     </span>
     <span class='ocr_line' id='line_1_24' title="bbox 34 1403 735 1450; baseline 0 -11"><span class='ocrx_word' id='word_1_203' title='bbox 34 1411 128 1447; x_wconf 86' lang='lat' dir='ltr'>uenerunt,</span> <span class='ocrx_word' id='word_1_204' title='bbox 136 1407 167 1450; x_wconf 92' lang='lat' dir='ltr'>qui</span> <span class='ocrx_word' id='word_1_205' title='bbox 175 1416 205 1439; x_wconf 91' lang='lat' dir='ltr'>me</span> <span class='ocrx_word' id='word_1_206' title='bbox 213 1406 277 1439; x_wconf 87' lang='lat' dir='ltr'>tollere</span> <span class='ocrx_word' id='word_1_207' title='bbox 285 1404 359 1438; x_wconf 67' lang='lat' dir='ltr'>uolunt!</span> <span class='ocrx_word' id='word_1_208' title='bbox 382 1404 405 1437; x_wconf 87' lang='lat' dir='ltr'>Et</span> <span class='ocrx_word' id='word_1_209' title='bbox 414 1403 514 1439; x_wconf 85' lang='lat' dir='ltr'>maiestatis</span> <span class='ocrx_word' id='word_1_210' title='bbox 522 1414 589 1438; x_wconf 86' lang='lat' dir='ltr'>nomen</span> <span class='ocrx_word' id='word_1_211' title='bbox 597 1404 735 1448; x_wconf 86' lang='lat' dir='ltr'>blasphemans,</span> 
     </span>
     <span class='ocr_line' id='line_1_25' title="bbox 34 1457 735 1503; baseline 0 -11"><span class='ocrx_word' id='word_1_212' title='bbox 34 1459 112 1492; x_wconf 88' lang='lat' dir='ltr'>animam</span> <span class='ocrx_word' id='word_1_213' title='bbox 125 1457 210 1493; x_wconf 84' lang='lat' dir='ltr'>reddidit.</span> <span class='ocrx_word' id='word_1_214' title='bbox 232 1458 257 1492; x_wconf 86' lang='lat' dir='ltr'>Vt</span> <span class='ocrx_word' id='word_1_215' title='bbox 273 1458 322 1492; x_wconf 88' lang='lat' dir='ltr'>enim</span> <span class='ocrx_word' id='word_1_216' title='bbox 338 1457 455 1502; x_wconf 86' lang='lat' dir='ltr'>omnipotens</span> <span class='ocrx_word' id='word_1_217' title='bbox 470 1458 516 1492; x_wconf 87' lang='lat' dir='ltr'>deus</span> <span class='ocrx_word' id='word_1_218' title='bbox 531 1457 637 1492; x_wconf 86' lang='lat' dir='ltr'>ostenderet</span> <span class='ocrx_word' id='word_1_219' title='bbox 652 1469 735 1503; x_wconf 88' lang='lat' dir='ltr'>proquo</span> 
     </span>
     <span class='ocr_line' id='line_1_26' title="bbox 35 1510 736 1555; baseline 0.001 -10"><span class='ocrx_word' id='word_1_220' title='bbox 35 1517 84 1545; x_wconf 91' lang='lat' dir='ltr'>reatu</span> <span class='ocrx_word' id='word_1_221' title='bbox 91 1512 157 1546; x_wconf 88' lang='lat' dir='ltr'>talibus</span> <span class='ocrx_word' id='word_1_222' title='bbox 165 1511 229 1547; x_wconf 81' lang='lat' dir='ltr'>luisset</span> <span class='ocrx_word' id='word_1_223' title='bbox 237 1511 364 1546; x_wconf 82' lang='lat' dir='ltr'>executoribus</span> <span class='ocrx_word' id='word_1_224' title='bbox 372 1510 455 1553; x_wconf 85' lang='lat' dir='ltr'>traditus,</span> <span class='ocrx_word' id='word_1_225' title='bbox 462 1511 511 1545; x_wconf 91' lang='lat' dir='ltr'>unde</span> <span class='ocrx_word' id='word_1_226' title='bbox 522 1510 617 1546; x_wconf 88' lang='lat' dir='ltr'>uiuentem</span> <span class='ocrx_word' id='word_1_227' title='bbox 627 1517 680 1555; x_wconf 86' lang='lat' dir='ltr'>pater</span> <span class='ocrx_word' id='word_1_228' title='bbox 691 1522 736 1546; x_wconf 86' lang='lat' dir='ltr'>suus</span> 
     </span>
     <span class='ocr_line' id='line_1_27' title="bbox 35 1563 763 1609; baseline 0.001 -11"><span class='ocrx_word' id='word_1_229' title='bbox 35 1565 89 1599; x_wconf 88' lang='lat' dir='ltr'>noluit</span> <span class='ocrx_word' id='word_1_230' title='bbox 104 1564 202 1609; x_wconf 86' lang='lat' dir='ltr'>corrigere,</span> <span class='ocrx_word' id='word_1_231' title='bbox 217 1565 251 1599; x_wconf 88' lang='lat' dir='ltr'>hoc</span> <span class='ocrx_word' id='word_1_232' title='bbox 263 1565 374 1599; x_wconf 86' lang='lat' dir='ltr'>morientem</span> <span class='ocrx_word' id='word_1_233' title='bbox 386 1563 470 1608; x_wconf 89' lang='lat' dir='ltr'>permisit</span> <span class='ocrx_word' id='word_1_234' title='bbox 483 1564 556 1606; x_wconf 86' lang='lat' dir='ltr'>iterare,</span> <span class='ocrx_word' id='word_1_235' title='bbox 568 1563 653 1608; x_wconf 84' lang='lat' dir='ltr'>quatinus</span> <span class='ocrx_word' id='word_1_236' title='bbox 666 1569 736 1599; x_wconf 85' lang='lat' dir='ltr'>reatum</span> <span class='ocrx_word' id='word_1_237' title='bbox 745 1577 763 1607; x_wconf 79' lang='lat'>²5</span> 
     </span>
     <span class='ocr_line' id='line_1_28' title="bbox 34 1616 737 1662; baseline 0.001 -12"><span class='ocrx_word' id='word_1_238' title='bbox 34 1627 87 1651; x_wconf 91' lang='lat' dir='ltr'>suum</span> <span class='ocrx_word' id='word_1_239' title='bbox 94 1623 147 1662; x_wconf 86' lang='lat' dir='ltr'>pater</span> <span class='ocrx_word' id='word_1_240' title='bbox 152 1618 192 1653; x_wconf 92' lang='lat' dir='ltr'>eius</span> <span class='ocrx_word' id='word_1_241' title='bbox 199 1622 312 1662; x_wconf 83' lang='lat' dir='ltr'>agnosceret,</span> <span class='ocrx_word' id='word_1_242' title='bbox 319 1618 349 1662; x_wconf 93' lang='lat' dir='ltr'>qui</span> <span class='ocrx_word' id='word_1_243' title='bbox 357 1616 429 1661; x_wconf 91' lang='lat' dir='ltr'>paruuli</span> <span class='ocrx_word' id='word_1_244' title='bbox 435 1616 466 1651; x_wconf 87' lang='lat' dir='ltr'>lilii</span> <span class='ocrx_word' id='word_1_245' title='bbox 474 1616 554 1651; x_wconf 88' lang='lat' dir='ltr'>animam</span> <span class='ocrx_word' id='word_1_246' title='bbox 563 1617 665 1662; x_wconf 81' lang='lat' dir='ltr'>negligens,</span> <span class='ocrx_word' id='word_1_247' title='bbox 672 1618 737 1661; x_wconf 79' lang='lat' dir='ltr'>[non]⁶</span> 
     </span>
     <span class='ocr_line' id='line_1_29' title="bbox 35 1663 737 1713; baseline 0.003 -11"><span class='ocrx_word' id='word_1_248' title='bbox 35 1671 129 1711; x_wconf 89' lang='lat' dir='ltr'>paruulum</span> <span class='ocrx_word' id='word_1_249' title='bbox 148 1676 263 1713; x_wconf 86' lang='lat' dir='ltr'>peccatorem</span> <span class='ocrx_word' id='word_1_250' title='bbox 281 1670 362 1703; x_wconf 88' lang='lat' dir='ltr'>iehenne</span> <span class='ocrx_word' id='word_1_251' title='bbox 377 1669 450 1713; x_wconf 84' lang='lat' dir='ltr'>ignibus</span> <span class='ocrx_word' id='word_1_252' title='bbox 465 1670 559 1704; x_wconf 85' lang='lat' dir='ltr'>nutrisset.</span> <span class='ocrx_word' id='word_1_253' title='bbox 617 1663 737 1713; x_wconf 86' lang='lat' dir='ltr'>Longobardl</span> 
     </span>
     <span class='ocr_line' id='line_1_30' title="bbox 35 1721 736 1767; baseline 0.003 -13"><span class='ocrx_word' id='word_1_254' title='bbox 35 1721 126 1757; x_wconf 89' lang='lat' dir='ltr'>seuientes</span> <span class='ocrx_word' id='word_1_255' title='bbox 138 1723 184 1758; x_wconf 91' lang='lat' dir='ltr'>duos</span> <span class='ocrx_word' id='word_1_256' title='bbox 198 1723 298 1757; x_wconf 88' lang='lat' dir='ltr'>monachos</span> <span class='ocrx_word' id='word_1_257' title='bbox 309 1721 328 1757; x_wconf 84' lang='lat' dir='ltr'>in</span> <span class='ocrx_word' id='word_1_258' title='bbox 342 1722 398 1757; x_wconf 90' lang='lat' dir='ltr'>ramis</span> <span class='ocrx_word' id='word_1_259' title='bbox 410 1721 464 1757; x_wconf 91' lang='lat' dir='ltr'>unius</span> <span class='ocrx_word' id='word_1_260' title='bbox 475 1722 545 1756; x_wconf 79' lang='lat' dir='ltr'>arboris</span> <span class='ocrx_word' id='word_1_261' title='bbox 557 1722 699 1767; x_wconf 86' lang='lat' dir='ltr'>suspenderunt,</span> <span class='ocrx_word' id='word_1_262' title='bbox 707 1723 736 1757; x_wconf 75' lang='lat' dir='ltr'>et&#39;</span> 
     </span>
     <span class='ocr_line' id='line_1_31' title="bbox 35 1775 738 1820; baseline 0.004 -12"><span class='ocrx_word' id='word_1_263' title='bbox 35 1775 100 1809; x_wconf 90' lang='lat' dir='ltr'>eodem</span> <span class='ocrx_word' id='word_1_264' title='bbox 108 1776 137 1809; x_wconf 89' lang='lat' dir='ltr'>die</span> <span class='ocrx_word' id='word_1_265' title='bbox 145 1775 226 1810; x_wconf 80' lang='lat' dir='ltr'>defuncti</span> <span class='ocrx_word' id='word_1_266' title='bbox 233 1781 282 1810; x_wconf 90' lang='lat' dir='ltr'>sunt.</span> <span class='ocrx_word' id='word_1_267' title='bbox 306 1775 362 1810; x_wconf 81' lang='lat' dir='ltr'>Facto</span> <span class='ocrx_word' id='word_1_268' title='bbox 369 1781 431 1809; x_wconf 89' lang='lat' dir='ltr'>autem</span> <span class='ocrx_word' id='word_1_269' title='bbox 439 1786 523 1820; x_wconf 88' lang='lat' dir='ltr'>uespere,</span> <span class='ocrx_word' id='word_1_270' title='bbox 533 1781 653 1820; x_wconf 88' lang='lat' dir='ltr'>utrorumque</span> <span class='ocrx_word' id='word_1_271' title='bbox 662 1776 738 1820; x_wconf 90' lang='lat' dir='ltr'>spiritus</span> 
     </span>
     <span class='ocr_line' id='line_1_32' title="bbox 36 1826 766 1873; baseline 0.004 -13"><span class='ocrx_word' id='word_1_272' title='bbox 36 1826 70 1862; x_wconf 82' lang='lat' dir='ltr'>illic</span> <span class='ocrx_word' id='word_1_273' title='bbox 78 1828 146 1872; x_wconf 81' lang='lat' dir='ltr'>apertis</span> <span class='ocrx_word' id='word_1_274' title='bbox 153 1828 229 1863; x_wconf 86' lang='lat' dir='ltr'>uocibus</span> <span class='ocrx_word' id='word_1_275' title='bbox 237 1829 316 1873; x_wconf 86' lang='lat' dir='ltr'>psallere</span> <span class='ocrx_word' id='word_1_276' title='bbox 324 1828 388 1873; x_wconf 75' lang='lat' dir='ltr'>cepit⁸‚</span> <span class='ocrx_word' id='word_1_277' title='bbox 400 1829 429 1862; x_wconf 79' lang='lat' dir='ltr'>etl</span> <span class='ocrx_word' id='word_1_278' title='bbox 437 1828 468 1873; x_wconf 89' lang='lat' dir='ltr'>qui</span> <span class='ocrx_word' id='word_1_279' title='bbox 476 1838 508 1862; x_wconf 91' lang='lat' dir='ltr'>eos</span> <span class='ocrx_word' id='word_1_280' title='bbox 516 1829 626 1869; x_wconf 86' lang='lat' dir='ltr'>occiderant,</span> <span class='ocrx_word' id='word_1_281' title='bbox 634 1839 675 1864; x_wconf 90' lang='lat' dir='ltr'>cum</span> <span class='ocrx_word' id='word_1_282' title='bbox 681 1839 738 1864; x_wconf 88' lang='lat' dir='ltr'>uoces</span> <span class='ocrx_word' id='word_1_283' title='bbox 747 1839 766 1869; x_wconf 80' lang='lat'>³0</span> 
     </span>
     <span class='ocr_line' id='line_1_33' title="bbox 36 1880 738 1926; baseline 0.004 -12"><span class='ocrx_word' id='word_1_284' title='bbox 36 1880 154 1923; x_wconf 90' lang='lat' dir='ltr'>psallencium</span> <span class='ocrx_word' id='word_1_285' title='bbox 162 1881 251 1922; x_wconf 87' lang='lat' dir='ltr'>audirent,</span> <span class='ocrx_word' id='word_1_286' title='bbox 258 1881 336 1916; x_wconf 89' lang='lat' dir='ltr'>nimium</span> <span class='ocrx_word' id='word_1_287' title='bbox 344 1881 404 1915; x_wconf 89' lang='lat' dir='ltr'>mirati</span> <span class='ocrx_word' id='word_1_288' title='bbox 412 1881 504 1925; x_wconf 86' lang='lat' dir='ltr'>perterriti</span> <span class='ocrx_word' id='word_1_289' title='bbox 513 1887 561 1915; x_wconf 81' lang='lat' dir='ltr'>sunt.</span> <span class='ocrx_word' id='word_1_290' title='bbox 584 1881 642 1916; x_wconf 87' lang='lat' dir='ltr'>Electi</span> <span class='ocrx_word' id='word_1_291' title='bbox 650 1892 699 1925; x_wconf 81' lang='lat' dir='ltr'>ergo,</span> <span class='ocrx_word' id='word_1_292' title='bbox 707 1883 738 1926; x_wconf 92' lang='lat' dir='ltr'>qui</span> 
     </span>
     <span class='ocr_line' id='line_1_34' title="bbox 37 1933 738 1979; baseline 0.006 -14"><span class='ocrx_word' id='word_1_293' title='bbox 37 1934 153 1975; x_wconf 90' lang='lat' dir='ltr'>proculdubio</span> <span class='ocrx_word' id='word_1_294' title='bbox 163 1935 186 1969; x_wconf 88' lang='lat' dir='ltr'>ad</span> <span class='ocrx_word' id='word_1_295' title='bbox 197 1933 253 1968; x_wconf 89' lang='lat' dir='ltr'>uitam</span> <span class='ocrx_word' id='word_1_296' title='bbox 263 1940 372 1979; x_wconf 89' lang='lat' dir='ltr'>perpetuam</span> <span class='ocrx_word' id='word_1_297' title='bbox 382 1934 466 1976; x_wconf 85' lang='lat' dir='ltr'>tendunt,</span> <span class='ocrx_word' id='word_1_298' title='bbox 475 1934 518 1979; x_wconf 89' lang='lat' dir='ltr'>quid</span> <span class='ocrx_word' id='word_1_299' title='bbox 526 1934 553 1969; x_wconf 88' lang='lat' dir='ltr'>eis</span> <span class='ocrx_word' id='word_1_300' title='bbox 564 1934 616 1969; x_wconf 84' lang='lat' dir='ltr'>obest</span> <span class='ocrx_word' id='word_1_301' title='bbox 626 1934 642 1969; x_wconf 90' lang='lat' dir='ltr'>si</span> <span class='ocrx_word' id='word_1_302' title='bbox 649 1935 672 1969; x_wconf 89' lang='lat' dir='ltr'>ad</span> <span class='ocrx_word' id='word_1_303' title='bbox 681 1934 738 1969; x_wconf 91' lang='lat' dir='ltr'>modi·</span> 
     </span>
     <span class='ocr_line' id='line_1_35' title="bbox 36 1987 739 2030; baseline 0.007 -13"><span class='ocrx_word' id='word_1_304' title='bbox 36 1995 77 2018; x_wconf 87' lang='lat' dir='ltr'>cum</span> <span class='ocrx_word' id='word_1_305' title='bbox 85 1987 125 2020; x_wconf 90' lang='lat' dir='ltr'>dire</span> <span class='ocrx_word' id='word_1_306' title='bbox 129 1987 142 2006; x_wconf 79' lang='lat'>¹⁰</span> <span class='ocrx_word' id='word_1_307' title='bbox 149 1987 262 2021; x_wconf 79' lang='lat' dir='ltr'>moriantur?</span> <span class='ocrx_word' id='word_1_308' title='bbox 271 1993 289 2020; x_wconf 89' lang='lat' dir='ltr'>et</span> <span class='ocrx_word' id='word_1_309' title='bbox 297 1993 326 2020; x_wconf 91' lang='lat' dir='ltr'>est</span> <span class='ocrx_word' id='word_1_310' title='bbox 334 1987 412 2021; x_wconf 83' lang='lat' dir='ltr'>sortasse</span> <span class='ocrx_word' id='word_1_311' title='bbox 420 1997 483 2021; x_wconf 90' lang='lat' dir='ltr'>eorum</span> <span class='ocrx_word' id='word_1_312' title='bbox 492 1997 623 2029; x_wconf 88' lang='lat' dir='ltr'>nonnunquam</span> <span class='ocrx_word' id='word_1_313' title='bbox 631 1987 689 2030; x_wconf 84' lang='lat' dir='ltr'>culpa,</span> <span class='ocrx_word' id='word_1_314' title='bbox 697 1987 739 2021; x_wconf 88' lang='lat' dir='ltr'>licet</span> 
     </span>
     <span class='ocr_line' id='line_1_36' title="bbox 37 2037 739 2083; baseline 0.006 -13"><span class='ocrx_word' id='word_1_315' title='bbox 37 2037 160 2083; x_wconf 68' lang='lat' dir='ltr'>minimaque</span> <span class='ocrx_word' id='word_1_316' title='bbox 171 2038 190 2073; x_wconf 94' lang='lat' dir='ltr'>in</span> <span class='ocrx_word' id='word_1_317' title='bbox 203 2038 268 2074; x_wconf 86' lang='lat' dir='ltr'>eadem</span> <span class='ocrx_word' id='word_1_318' title='bbox 279 2039 345 2073; x_wconf 85' lang='lat' dir='ltr'>debeat</span> <span class='ocrx_word' id='word_1_319' title='bbox 357 2044 417 2073; x_wconf 85' lang='lat' dir='ltr'>morte</span> <span class='ocrx_word' id='word_1_320' title='bbox 428 2038 513 2073; x_wconf 88' lang='lat' dir='ltr'>resecari.</span> <span class='ocrx_word' id='word_1_321' title='bbox 536 2038 584 2072; x_wconf 82' lang='lat' dir='ltr'>Nam</span> <span class='ocrx_word' id='word_1_322' title='bbox 595 2039 624 2072; x_wconf 88' lang='lat' dir='ltr'>uir</span> <span class='ocrx_word' id='word_1_323' title='bbox 634 2039 664 2073; x_wconf 86' lang='lat' dir='ltr'>dei</span> <span class='ocrx_word' id='word_1_324' title='bbox 675 2046 739 2074; x_wconf 87' lang='lat' dir='ltr'>contra</span> 
     </span>
     <span class='ocr_line' id='line_1_37' title="bbox 37 2088 766 2136; baseline 0.004 -13"><span class='ocrx_word' id='word_1_325' title='bbox 37 2088 138 2125; x_wconf 88' lang='lat' dir='ltr'>Samariam</span> <span class='ocrx_word' id='word_1_326' title='bbox 149 2090 223 2132; x_wconf 88' lang='lat' dir='ltr'>missus,</span> <span class='ocrx_word' id='word_1_327' title='bbox 232 2091 274 2135; x_wconf 87' lang='lat' dir='ltr'>quia</span> <span class='ocrx_word' id='word_1_328' title='bbox 285 2102 319 2136; x_wconf 89' lang='lat' dir='ltr'>per</span> <span class='ocrx_word' id='word_1_329' title='bbox 330 2091 476 2126; x_wconf 85' lang='lat' dir='ltr'>inobedienciam</span> <span class='ocrx_word' id='word_1_330' title='bbox 488 2093 506 2126; x_wconf 94' lang='lat' dir='ltr'>in</span> <span class='ocrx_word' id='word_1_331' title='bbox 518 2092 584 2126; x_wconf 85' lang='lat' dir='ltr'>itinere</span> <span class='ocrx_word' id='word_1_332' title='bbox 596 2092 681 2133; x_wconf 87' lang='lat' dir='ltr'>comedit,</span> <span class='ocrx_word' id='word_1_333' title='bbox 690 2092 739 2127; x_wconf 85' lang='lat' dir='ltr'>hunc</span> <span class='ocrx_word' id='word_1_334' title='bbox 748 2101 766 2133; x_wconf 75' lang='lat'>³5</span> 
     </span>
    </p>
   </div>
   <div class='ocr_carea' id='block_1_5' title="bbox 10 2140 768 2399">
    <p class='ocr_par' dir='ltr' id='par_1_5' title="bbox 38 2140 739 2191">
     <span class='ocr_line' id='line_1_38' title="bbox 38 2140 739 2191; baseline 0.007 -15"><span class='ocrx_word' id='word_1_335' title='bbox 38 2140 65 2176; x_wconf 89' lang='lat' dir='ltr'>leo</span> <span class='ocrx_word' id='word_1_336' title='bbox 73 2145 138 2179; x_wconf 88' lang='lat' dir='ltr'>eodem</span> <span class='ocrx_word' id='word_1_337' title='bbox 146 2144 212 2180; x_wconf 90' lang='lat' dir='ltr'>itinere</span> <span class='ocrx_word' id='word_1_338' title='bbox 220 2144 290 2180; x_wconf 86' lang='lat' dir='ltr'>occidit.</span> <span class='ocrx_word' id='word_1_339' title='bbox 314 2144 347 2179; x_wconf 90' lang='lat' dir='ltr'>Set</span> <span class='ocrx_word' id='word_1_340' title='bbox 355 2144 417 2179; x_wconf 89' lang='lat' dir='ltr'>statim</span> <span class='ocrx_word' id='word_1_341' title='bbox 425 2145 461 2179; x_wconf 92' lang='lat' dir='ltr'>illic</span> <span class='ocrx_word' id='word_1_342' title='bbox 469 2145 558 2191; x_wconf 89' lang='lat' dir='ltr'>scriptum</span> <span class='ocrx_word' id='word_1_343' title='bbox 567 2151 595 2180; x_wconf 90' lang='lat' dir='ltr'>est</span> <span class='ocrx_word' id='word_1_344' title='bbox 603 2145 645 2190; x_wconf 91' lang='lat' dir='ltr'>quia</span> <span class='ocrx_word' id='word_1_345' title='bbox 653 2146 702 2181; x_wconf 90' lang='lat' dir='ltr'>stetit</span> <span class='ocrx_word' id='word_1_346' title='bbox 710 2146 739 2181; x_wconf 90' lang='lat' dir='ltr'>leo</span> 
     </span>
    </p>

    <p class='ocr_par' dir='ltr' id='par_1_6' title="bbox 10 2194 768 2399">
     <span class='ocr_line' id='line_1_39' title="bbox 10 2194 740 2243; baseline 0.007 -15"><span class='ocrx_word' id='word_1_347' title='bbox 10 2197 12 2199; x_wconf 83' lang='lat'>&#39;</span> <span class='ocrx_word' id='word_1_348' title='bbox 38 2194 86 2231; x_wconf 81' lang='lat' dir='ltr'>iuxta</span> <span class='ocrx_word' id='word_1_349' title='bbox 97 2197 170 2232; x_wconf 83' lang='lat' dir='ltr'>asinum</span> <span class='ocrx_word' id='word_1_350' title='bbox 180 2203 198 2232; x_wconf 89' lang='lat' dir='ltr'>et</span> <span class='ocrx_word' id='word_1_351' title='bbox 209 2199 233 2234; x_wconf 87' lang='lat' dir='ltr'>de</span> <span class='ocrx_word' id='word_1_352' title='bbox 244 2199 334 2232; x_wconf 84' lang='lat' dir='ltr'>cadauere</span> <span class='ocrx_word' id='word_1_353' title='bbox 346 2208 382 2232; x_wconf 89' lang='lat' dir='ltr'>non</span> <span class='ocrx_word' id='word_1_354' title='bbox 394 2198 473 2232; x_wconf 87' lang='lat' dir='ltr'>comedit</span> <span class='ocrx_word' id='word_1_355' title='bbox 479 2198 495 2231; x_wconf 90' lang='lat'>¹¹.</span> <span class='ocrx_word' id='word_1_356' title='bbox 519 2198 548 2232; x_wconf 84' lang='lat' dir='ltr'>Ex</span> <span class='ocrx_word' id='word_1_357' title='bbox 560 2209 595 2243; x_wconf 84' lang='lat' dir='ltr'>qua</span> <span class='ocrx_word' id='word_1_358' title='bbox 606 2208 627 2232; x_wconf 96' lang='lat' dir='ltr'>re</span> <span class='ocrx_word' id='word_1_359' title='bbox 638 2198 740 2233; x_wconf 86' lang='lat' dir='ltr'>ostenditur</span> 
     </span>
     <span class='ocr_line' id='line_1_40' title="bbox 38 2250 740 2295; baseline 0.006 -14"><span class='ocrx_word' id='word_1_360' title='bbox 38 2250 85 2290; x_wconf 91' lang='lat' dir='ltr'>quod</span> <span class='ocrx_word' id='word_1_361' title='bbox 100 2256 195 2294; x_wconf 88' lang='lat' dir='ltr'>peccatum</span> <span class='ocrx_word' id='word_1_362' title='bbox 211 2250 337 2285; x_wconf 84' lang='lat' dir='ltr'>inobediencie</span> <span class='ocrx_word' id='word_1_363' title='bbox 349 2250 368 2284; x_wconf 95' lang='lat' dir='ltr'>in</span> <span class='ocrx_word' id='word_1_364' title='bbox 383 2251 424 2294; x_wconf 87' lang='lat' dir='ltr'>ipsa</span> <span class='ocrx_word' id='word_1_365' title='bbox 439 2251 498 2284; x_wconf 87' lang='lat' dir='ltr'>suerat</span> <span class='ocrx_word' id='word_1_366' title='bbox 513 2255 572 2284; x_wconf 89' lang='lat' dir='ltr'>morte</span> <span class='ocrx_word' id='word_1_367' title='bbox 587 2251 678 2285; x_wconf 65' lang='lat' dir='ltr'>laxatum:</span> <span class='ocrx_word' id='word_1_368' title='bbox 698 2251 740 2295; x_wconf 87' lang='lat' dir='ltr'>quia</span> 
     </span>
     <span class='ocr_line' id='line_1_41' title="bbox 39 2298 768 2347; baseline 0.007 -15"><span class='ocrx_word' id='word_1_369' title='bbox 39 2298 96 2335; x_wconf 86' lang='lat' dir='ltr'>isdem</span> <span class='ocrx_word' id='word_1_370' title='bbox 107 2303 136 2336; x_wconf 90' lang='lat' dir='ltr'>leo</span> <span class='ocrx_word' id='word_1_371' title='bbox 144 2314 199 2346; x_wconf 89' lang='lat' dir='ltr'>quem</span> <span class='ocrx_word' id='word_1_372' title='bbox 211 2303 305 2337; x_wconf 87' lang='lat' dir='ltr'>uiuentem</span> <span class='ocrx_word' id='word_1_373' title='bbox 314 2303 427 2347; x_wconf 89' lang='lat' dir='ltr'>presumpsit</span> <span class='ocrx_word' id='word_1_374' title='bbox 439 2301 526 2343; x_wconf 84' lang='lat' dir='ltr'>occidere,</span> <span class='ocrx_word' id='word_1_375' title='bbox 535 2302 641 2346; x_wconf 85' lang='lat' dir='ltr'>contingere</span> <span class='ocrx_word' id='word_1_376' title='bbox 648 2313 685 2337; x_wconf 91' lang='lat' dir='ltr'>non</span> <span class='ocrx_word' id='word_1_377' title='bbox 696 2313 739 2347; x_wconf 90' lang='lat' dir='ltr'>pre·</span> <span class='ocrx_word' id='word_1_378' title='bbox 747 2311 768 2342; x_wconf 77' lang='lat'>4⁰</span> 
     </span>
     <span class='ocr_line' id='line_1_42' title="bbox 39 2355 216 2399; baseline 0.023 -13"><span class='ocrx_word' id='word_1_379' title='bbox 39 2356 115 2399; x_wconf 82' lang='lat' dir='ltr'>sumpsit</span> <span class='ocrx_word' id='word_1_380' title='bbox 123 2355 216 2399; x_wconf 85' lang='lat' dir='ltr'>occisum]</span> 
     </span>
    </p>
   </div>
   <div class='ocr_carea' id='block_1_6' title="bbox 40 2427 740 2506">
    <p class='ocr_par' dir='ltr' id='par_1_7' title="bbox 40 2427 740 2506">
     <span class='ocr_line' id='line_1_43' title="bbox 58 2427 740 2468; baseline 0.003 -11"><span class='ocrx_word' id='word_1_381' title='bbox 58 2427 62 2443; x_wconf 85' lang='lat'><strong>¹</strong></span> <span class='ocrx_word' id='word_1_382' title='bbox 73 2427 92 2458; x_wconf 81' lang='lat' dir='ltr'>T.</span> <span class='ocrx_word' id='word_1_383' title='bbox 100 2429 182 2460; x_wconf 86' lang='lat' dir='ltr'>Kenedus.</span> <span class='ocrx_word' id='word_1_384' title='bbox 257 2429 264 2447; x_wconf 80' lang='lat'>²</span> <span class='ocrx_word' id='word_1_385' title='bbox 274 2429 292 2461; x_wconf 81' lang='lat' dir='ltr'>T.</span> <span class='ocrx_word' id='word_1_386' title='bbox 299 2438 381 2468; x_wconf 87' lang='lat' dir='ltr'>possemus</span> <span class='ocrx_word' id='word_1_387' title='bbox 389 2437 434 2459; x_wconf 85' lang='lat' dir='ltr'>onus.</span> <span class='ocrx_word' id='word_1_388' title='bbox 501 2427 507 2446; x_wconf 76' lang='lat'><strong>³</strong></span> <span class='ocrx_word' id='word_1_389' title='bbox 517 2427 542 2458; x_wconf 83' lang='lat' dir='ltr'>Ex</span> <span class='ocrx_word' id='word_1_390' title='bbox 549 2427 594 2458; x_wconf 86' lang='lat' dir='ltr'>Vinc.</span> <span class='ocrx_word' id='word_1_391' title='bbox 602 2427 641 2458; x_wconf 86' lang='lat' dir='ltr'>Bell.</span> <span class='ocrx_word' id='word_1_392' title='bbox 648 2428 703 2459; x_wconf 79' lang='lat' dir='ltr'>xxii.</span> <span class='ocrx_word' id='word_1_393' title='bbox 710 2430 740 2466; x_wconf 67' lang='lat'>⁸7³</span> 
     </span>
     <span class='ocr_line' id='line_1_44' title="bbox 40 2464 740 2506; baseline 0.004 -10"><span class='ocrx_word' id='word_1_394' title='bbox 40 2464 247 2506; x_wconf 78' lang='lat' dir='ltr'>ctGregor.Diai.1V.1ss.</span> <span class='ocrx_word' id='word_1_395' title='bbox 308 2469 358 2500; x_wconf 74' lang='lat' dir='ltr'><strong>⁴VB.</strong></span> <span class='ocrx_word' id='word_1_396' title='bbox 366 2469 435 2499; x_wconf 84' lang='lat' dir='ltr'>remisse.</span> <span class='ocrx_word' id='word_1_397' title='bbox 494 2468 530 2499; x_wconf 69' lang='lat' dir='ltr'>lul.</span> <span class='ocrx_word' id='word_1_398' title='bbox 539 2468 602 2506; x_wconf 85' lang='lat' dir='ltr'>aliquid.</span> <span class='ocrx_word' id='word_1_399' title='bbox 658 2468 692 2499; x_wconf 82' lang='lat' dir='ltr'>⁸T.</span> <span class='ocrx_word' id='word_1_400' title='bbox 700 2469 740 2499; x_wconf 87' lang='lat' dir='ltr'>siue.</span> 
     </span>
    </p>
   </div>
   <div class='ocr_carea' id='block_1_7' title="bbox 39 2502 740 2587">
    <p class='ocr_par' dir='ltr' id='par_1_8' title="bbox 39 2502 740 2587">
     <span class='ocr_line' id='line_1_45' title="bbox 39 2502 740 2560; baseline 0.001 -24"><span class='ocrx_word' id='word_1_401' title='bbox 39 2502 51 2560; x_wconf 50' lang='lat'>11</span> <span class='ocrx_word' id='word_1_402' title='bbox 55 2506 73 2535; x_wconf 84' lang='lat' dir='ltr'>al.</span> <span class='ocrx_word' id='word_1_403' title='bbox 80 2509 111 2545; x_wconf 86' lang='lat' dir='ltr'>qui.</span> <span class='ocrx_word' id='word_1_404' title='bbox 181 2509 187 2527; x_wconf 76' lang='lat'>⁸</span> <span class='ocrx_word' id='word_1_405' title='bbox 197 2509 231 2539; x_wconf 89' lang='lat' dir='ltr'>VB.</span> <span class='ocrx_word' id='word_1_406' title='bbox 238 2513 321 2548; x_wconf 78' lang='lat' dir='ltr'>ceperunt.</span> <span class='ocrx_word' id='word_1_407' title='bbox 385 2509 391 2527; x_wconf 75' lang='lat'><strong>⁰</strong></span> <span class='ocrx_word' id='word_1_408' title='bbox 401 2509 422 2539; x_wconf 85' lang='lat' dir='ltr'>al.</span> <span class='ocrx_word' id='word_1_409' title='bbox 430 2508 451 2539; x_wconf 88' lang='lat' dir='ltr'>ita</span> <span class='ocrx_word' id='word_1_410' title='bbox 458 2513 475 2538; x_wconf 89' lang='lat' dir='ltr'>ut</span> <span class='ocrx_word' id='word_1_411' title='bbox 482 2508 511 2546; x_wconf 92' lang='lat' dir='ltr'>ipsi</span> <span class='ocrx_word' id='word_1_412' title='bbox 518 2517 586 2545; x_wconf 89' lang='lat' dir='ltr'>quoque.</span> <span class='ocrx_word' id='word_1_413' title='bbox 653 2507 665 2525; x_wconf 70' lang='lat'>¹⁹</span> <span class='ocrx_word' id='word_1_414' title='bbox 675 2511 690 2537; x_wconf 83' lang='lat' dir='ltr'>al</span> <span class='ocrx_word' id='word_1_415' title='bbox 697 2508 740 2538; x_wconf 90' lang='lat' dir='ltr'>dure.</span> 
     </span>
     <span class='ocr_line' id='line_1_46' title="bbox 61 2546 206 2587; baseline 0.028 -13"><span class='ocrx_word' id='word_1_416' title='bbox 61 2546 84 2576; x_wconf 93' lang='lat' dir='ltr'>lll</span> <span class='ocrx_word' id='word_1_417' title='bbox 93 2548 133 2587; x_wconf 83' lang='lat' dir='ltr'>Reg.</span> <span class='ocrx_word' id='word_1_418' title='bbox 141 2550 174 2578; x_wconf 81' lang='lat' dir='ltr'>xiii.</span> <span class='ocrx_word' id='word_1_419' title='bbox 181 2550 206 2578; x_wconf 76' lang='lat'>28.</span> 
     </span>
    </p>
   </div>
   <div class='ocr_carea' id='block_1_8' title="bbox 0 0 902 2803">
    <p class='ocr_par' dir='ltr' id='par_1_9' title="bbox 0 0 902 2803">
     <span class='ocr_line' id='line_1_47' title="bbox 0 0 902 2803; baseline 0 0"><span class='ocrx_word' id='word_1_420' title='bbox 0 0 902 2803; x_wconf 95' lang='lat' dir='ltr'> </span> 
     </span>
    </p>
   </div>
  </div>
 </body>
</html>
