1762 2803
56 148 193 188 uersam,
208 140 254 196 me
268 140 304 194 e.
316 142 448 195 oomuooo
462 152 520 205 tent
532 147 556 195 rt
570 144 686 207 aaron.
714 148 758 203 673

57 267 111 294 struat
117 263 144 294 vel
152 263 206 305 erigat
213 263 257 296 inira
264 263 327 298 limites
334 272 448 307 memoratos;
461 266 520 309 (Alex.
526 270 552 308 3¹¹⁵
558 276 597 300 cum
605 266 653 309 alir's)
661 268 705 301 item
712 267 759 310 quod

56 312 111 344 nullus
122 312 266 356 archiepiscopus,
274 314 364 357 episcopus
373 322 403 348 aut
414 327 473 349 eorum
480 316 558 349 officialis
566 316 584 349 in
591 317 682 358 monacho,
691 318 758 358 clerico,

56 359 134 394 ministro
145 373 176 395 seu
186 363 231 397 laico
242 365 294 397 vllam
304 366 368 398 habeat
380 372 482 408 potestatem
490 367 517 400 vel
528 377 557 400 eos
569 366 617 400 citari
628 377 658 400 seu
671 366 758 400 conueniri

56 411 113 451 iaciat,
121 423 153 445 nec
160 414 237 447 ecclesiis
244 414 300 448 sancti
311 415 399 449 Edmundi
409 423 457 450 extra
467 423 540 460 quatuor
550 427 608 451 cruces
617 417 703 460 predictas
713 428 759 452 noua

56 464 157 504 grauamina
163 463 245 508 inponere
250 472 346 507 prestaria,
359 467 397 500 Nec
402 467 472 510 aliquod
478 467 504 501 ius
509 466 541 501 sibi
547 467 625 501 vendicet
631 468 758 510 processionem
765 476 775 506 5

56 513 168 556 sollempnem
176 515 260 557 exigendi,
268 516 295 550 vel
302 516 372 559 aliquod
380 517 454 551 officium
464 517 561 560 episcopale
571 517 589 550 in
599 517 646 551 dicto
653 519 758 553 monasterio

55 565 154 598 exercendi:
167 564 258 606 (celestius
269 570 296 607 3¹¹⁸
303 571 320 598 et
331 567 371 607 alii)
391 569 420 600 Set
432 567 478 600 idern
489 567 611 600 monasterium
623 569 690 610 crisma,
701 571 758 602 oleum

56 620 139 655 sanctum,
146 615 286 649 consecraciones
294 616 373 649 altarium
380 627 410 650 seu
418 617 532 655 basilicarum,
538 617 678 651 benediccionem
684 619 757 659 abbatis,

55 663 175 700 ordinaciones
186 666 309 701 monachorum
322 678 352 701 seu
364 667 464 702 clericorum
474 673 492 701 et
503 673 561 701 cetera
572 667 682 710 episcopalia,
693 680 704 701 a
717 680 758 712 quo-

56 726 129 758 cumque
136 717 208 750 voluerit
218 718 299 761 episcopo
309 718 390 760 suscipiat
401 718 497 759 catholico;
510 718 531 751 ln
539 717 648 760 suscipienda
656 729 696 753 vero
706 719 758 753 bene·
768 730 786 751 ro

55 765 198 809 diceione,abbas
205 768 248 802 nulli
255 767 384 812 archiepiscopo
390 769 417 802 vel
425 768 511 811 episcopo,
516 774 542 801 set
549 769 587 802 solo
595 770 675 802 Romano
682 770 758 811 pontifici

55 816 174 851 obedienciam
187 818 275 861 promittat
289 820 315 852 vel
327 818 379 853 faciat
391 818 526 862 professionem
542 819 565 851 Et
579 818 626 861 quod
638 818 687 852 liceat
700 819 758 853 abbati

55 867 129 909 primam
140 874 227 901 tonsuram
239 869 328 902 monachis
339 869 374 902 suis
386 876 403 903 et
414 868 479 902 clericis
487 869 527 902 ville
537 868 619 911 predicte,
628 868 687 909 (Alea
695 869 730 909 4¹¹³)
738 880 759 902 ac

55 917 109 951 eciam
117 929 176 951 omnes
183 918 258 952 minores
266 918 334 953 ordines
343 919 385 953 citra
392 930 450 953 sacros
458 919 547 953 monachis
553 918 587 953 suis
593 919 674 962 predictis
682 921 758 954 conferre

55 968 160 1011 temporibus
168 970 261 1013 oportunis,
270 969 389 1012 (Innocencius
395 971 418 1004 II
432 968 454 1012 ¹¹⁸)
472 971 495 1003 Et
502 970 602 1012 cuicumque
610 970 691 1012 episcopo
699 971 758 1004 catho-
767 982 785 1013 15

55 1019 88 1051 lico
99 1019 189 1052 licenciam
201 1020 243 1054 dare
256 1021 350 1054 monachos
362 1020 435 1063 predicti
447 1019 547 1054 monasterii
559 1019 651 1053 ordinandi
664 1020 683 1053 in
696 1020 758 1054 eodem

54 1070 159 1103 monasterio
170 1075 187 1103 et
198 1069 274 1103 ecclesiis
285 1070 307 1104 ad
319 1070 374 1112 ipsum
384 1069 507 1104 monasterium
518 1070 569 1112 pleno
579 1069 614 1103 iure
622 1068 757 1112 pertinentibus3

56 1119 99 1152 Item
111 1120 157 1162 quod
168 1120 219 1154 liceat
229 1121 289 1153 abbati
300 1120 318 1153 in
329 1121 455 1163 pontificalibus
466 1119 577 1161 ornamentis,
585 1119 687 1164 vbicumque
699 1120 758 1154 diuina

55 1170 171 1212 celebrauerit,
179 1178 196 1204 et
207 1172 323 1214 episcopalem
334 1173 398 1215 populo
406 1173 447 1205 dare
458 1171 605 1212 benediccionem,
613 1176 669 1204 vestes
678 1172 757 1205 sacerdo·

54 1222 104 1262 tales,
112 1223 166 1264 pallas
174 1222 258 1262 altarium,
266 1229 283 1256 et
291 1223 386 1265 corporalia
394 1223 416 1256 ad
422 1233 471 1256 vsum
479 1221 577 1255 monasterii
585 1220 616 1262 sui,
622 1220 732 1255 ecclesiarum
740 1227 757 1255 et
766 1234 786 1255 ao

55 1272 158 1313 capellarum
171 1273 204 1306 sibi
217 1273 331 1306 subiectarum
344 1274 456 1313 benedicere;
475 1273 593 1313 (Innocencins
606 1273 636 1313 II)
654 1274 698 1305 item
711 1273 757 1314 quod

55 1321 145 1363 episcopus
156 1322 266 1355 norwicensis
277 1323 357 1355 abbatem
368 1323 423 1355 sancti
432 1321 520 1355 Edmundi
530 1331 565 1354 non
574 1321 657 1361 molestet,
668 1331 724 1364 neque
735 1322 758 1354 de

55 1371 155 1405 ordinandis
162 1372 251 1405 monachis
259 1372 276 1404 in
284 1372 360 1406 ecclesiis
367 1373 390 1406 ad
398 1372 453 1414 ipsum
461 1371 583 1405 monasterium
593 1370 717 1414 pertinentibus
725 1382 757 1404 nec

56 1422 78 1454 de
85 1422 122 1455 aliis
130 1421 185 1464 ipsum
194 1422 288 1465 inquietare
297 1424 389 1464 presumat.
406 1422 464 1464 (Alex.
472 1422 494 1454 II
497 1421 518 1463 ¹¹¹)
533 1421 552 1454 Si
560 1420 597 1463 quis
605 1431 647 1454 vero
654 1420 686 1454 hec
693 1426 758 1455 statuta

55 1472 76 1505 de
84 1472 187 1506 monasterio
196 1471 251 1506 sancti
263 1472 352 1506 Edmundi
362 1472 453 1506 temerario
460 1483 503 1506 ausu
511 1471 628 1505 contaminare
636 1471 758 1515 presumpserit
766 1484 773 1504 r
776 1484 785 1514 5

54 1528 84 1556 aut
92 1522 188 1565 infringere,
196 1523 311 1556 anathematis
319 1525 380 1566 laqueo
388 1534 406 1556 se
414 1524 515 1556 innodatum
522 1528 539 1556 et
548 1523 610 1555 iudicio
620 1522 689 1564 superni
697 1522 758 1556 iudicis

54 1573 165 1614 plectendum
174 1584 211 1606 esse
220 1579 318 1615 cognoscar,
326 1585 347 1606 ac
357 1573 446 1614 potestatis
456 1573 560 1614 honorisque
568 1572 594 1604 sui
602 1572 686 1613 dignitate
694 1579 758 1610 careat,

54 1632 136 1664 reumque
144 1633 162 1655 se
170 1621 229 1669 diuino
238 1622 300 1656 iudicio
308 1623 379 1656 existere
391 1627 483 1666 cognoscat
491 1628 508 1656 et
516 1633 526 1655 a
534 1621 648 1655 sacratissimo
659 1632 729 1666 corpore
737 1633 758 1655 ac

55 1673 138 1715 sanguine
150 1674 178 1706 dei
192 1674 257 1706 domini
269 1674 382 1717 redemptoris
397 1675 449 1707 ihesu
465 1673 528 1707 Christi
543 1673 608 1706 alienus
623 1674 657 1714 fiat,
672 1679 725 1715 atque
741 1673 758 1706 in

55 1729 131 1757 extremo
139 1724 217 1757 examine
225 1724 301 1758 districte
309 1724 371 1758 vicioni
379 1725 472 1757 subiaceat.
480 1723 580 1765 (Adnunns
586 1728 603 1756 et
609 1724 661 1756 Alex.
669 1733 708 1755 cum
716 1724 758 1755 ah‘is
766 1736 786 1765 30

54 1773 196 1817 lu'cprescriplis)
214 1773 274 1807 Cuntis
281 1779 338 1807 autem
347 1774 403 1807 eidem
411 1773 514 1807 monasterio
522 1773 575 1807 saneti
583 1773 672 1806 Edmundi
682 1783 713 1806 sua
721 1771 758 1806 iura

54 1824 166 1862 seruantibus,
177 1830 194 1856 et
205 1824 251 1856 bona
262 1835 293 1856 sua
304 1825 327 1856 ad
338 1823 491 1865 amplificacionem
502 1823 578 1856 eiusdem
590 1823 716 1855 conferentibus
727 1830 757 1855 aut

55 1873 132 1906 conterre
145 1873 263 1906 studentibus:
277 1874 299 1905 sit
310 1883 343 1915 pax*
355 1873 419 1905 domini
431 1872 485 1905 nostri
497 1874 548 1905 ihesu
561 1872 623 1904 Christi
635 1878 651 1905 et
663 1873 757 1914 apostolice

54 1923 181 1956 benediccionis
189 1923 252 1966 gracia,
260 1922 340 1967 quatinus
348 1922 400 1957 ethic
408 1924 480 1956 fructum
490 1923 536 1956 bone
546 1921 622 1955 accionis
630 1922 732 1965 percipiant,
739 1928 756 1957 et

54 1975 99 2015 apud
113 1973 209 2008 districtum
224 1973 298 2008 iudicem
311 1974 376 2017 premia
391 1980 449 2007 eterne
462 1974 510 2017 pacis
523 1980 540 2006 et
553 1973 625 2016 gloriam
638 1973 757 2007 retribucionis
765 1983 784 2013 35

54 2025 149 2057 inueniant.
161 2025 245 2066 (Ctenrens
256 2024 289 2066 5¹¹³)
301 2026 367 2058 Omnes
374 2025 406 2057 has
413 2025 501 2057 libertates
511 2030 528 2056 et
538 2023 655 2056 immunitates
663 2034 673 2056 a
681 2024 757 2057 romanis

54 2075 163 2116 pontificibus
174 2075 210 2108 siue
219 2085 250 2116 per
260 2074 349 2116 priuilegia
360 2085 390 2107 seu
401 2075 444 2107 alins
456 2074 574 2116 indulgencias
585 2073 690 2106 monasterio
701 2074 757 2107 sancti

55 2124 143 2157 Edmundi
154 2135 250 2165 concessas,
258 2135 325 2157 necnon
336 2124 423 2157 libertates
435 2130 452 2156 et
463 2124 582 2165 exempciones
593 2123 696 2156 secularium
707 2134 757 2167 exac-

55 2173 123 2206 cionum
132 2186 142 2207 a
150 2174 223 2216 regibus,
228 2173 333 2217 principibus
339 2181 355 2206 et
362 2174 400 2207 aliis
406 2173 468 2208 Christi
474 2172 552 2207 fidelibus
556 2172 613 2206 eidem
619 2173 723 2208 monasterio
731 2174 757 2207 in-

55 2225 116 2267 dultas,
122 2236 167 2268 papa
173 2227 253 2259 Clemens
258 2225 326 2268 quintus
330 2224 430 2259 auctoritate
438 2225 533 2268 apostolica
540 2224 646 2258 confirmauit
653 2230 670 2257 et
675 2224 721 2258 bulla
726 2235 757 2259 sua
765 2237 786 2268 40

55 2275 171 2316 communiuit,
177 2282 194 2310 et
202 2277 247 2318 quod
255 2277 327 2309 abbates
334 2275 426 2317 priuilegiis
435 2275 470 2308 suis
477 2280 552 2316 utantur,
560 2274 600 2308 licet
607 2275 634 2308 vsi
641 2285 678 2308 non
685 2275 752 2308 suerint.

77 2327 107 2358 Set
123 2331 181 2358 tamen
196 2325 293 2359 huiusmodi
308 2325 413 2359 libertatibus
428 2325 514 2367 regalibus
528 2331 546 2358 et
558 2325 649 2368 papalibus
666 2324 757 2367 priuilegiis

55 2386 91 2407 non
101 2375 215 2416 obstantibus,
224 2375 294 2418 quidam
305 2376 415 2410 norwicensis
426 2376 524 2409 Willelmus
535 2377 620 2408 Baletium
630 2375 756 2408 rrornineBate-

55 2436 96 2458 man
106 2425 166 2464 dictus,
179 2426 224 2458 circa
236 2436 301 2458 annum
311 2425 376 2458 domini
388 2426 524 2469 nrmcccmsutij.
536 2426 623 2459 libertates
636 2425 672 2458 illas
686 2430 703 2458 et
715 2435 756 2458 con·

55 2476 141 2510 cessiones
153 2487 212 2518 regum
223 2477 328 2510 monasterio
340 2477 394 2510 sancti
408 2477 497 2510 Edmundi
508 2487 604 2517 concessas,
616 2475 756 2509 confirmaciones
764 2489 784 2521 45

55 2527 144 2570 priuilegia
155 2527 218 2570 pariter
229 2533 245 2560 et
257 2528 375 2569 exempciones
387 2538 492 2561 summorum
503 2527 608 2570 pontificum,
617 2537 648 2568 per
659 2537 677 2560 se
688 2532 705 2560 et
717 2537 756 2561 suos

55 2577 156 2610 multimode
167 2577 212 2619 cepit
223 2577 327 2619 inpugnare:
340 2583 356 2609 et
365 2576 447 2618 deinceps
457 2587 488 2618 per
498 2578 555 2619 plures
566 2586 621 2608 annos
632 2576 757 2619 subsequentes

76 2644 116 2667 VOL.
125 2644 144 2667 11.
390 2641 404 2666 X
411 2646 422 2667 Χ
