1762 2803
114 123 169 184 '702
216 201 217 204 Ἴ
365 124 507 187 'obtenuit
524 127 581 196 ΙΙΙΙΙ

125 249 172 291 apud
179 259 239 282 omnes
247 248 330 291 optinuit:
342 247 432 281 eratenim
442 249 489 281 uultu
500 248 637 290 iocundissimus,
644 248 713 282 humilis
721 247 739 282 in
747 253 801 292 gestu,
810 247 827 282 in

125 299 191 340 habitu,
203 298 221 331 in
235 298 308 339 incessu,
320 298 338 332 in
351 297 431 340 operibus
443 297 538 338 timoratus,
552 299 586 332 fide
600 298 713 340 firmissimus,
725 309 756 341 spe
768 299 828 340 longa-

125 350 182 388 nimis,
190 348 261 382 caritate
268 349 351 391 pertusus,
360 354 460 381 mansuetus
469 354 486 381 et
496 348 548 389 mitis,
557 349 628 383 consilio
636 349 722 391 prouidus,
730 354 747 382 et
755 349 827 382 circum⁴

125 404 194 444 spectus
208 397 225 430 in
238 397 357 441 uerbis-quia
372 397 418 431 iuxta
432 399 504 432 uerbum
519 400 603 442 prophete
618 399 701 432 ‘dederat
716 398 731 432 ei
746 398 827 432 dominus

109 455 117 489 5
126 449 202 492 linguam
210 448 305 490 eruditam,’
315 454 334 483 ut
345 448 396 483 sciret
407 450 477 492 quando
488 450 558 484 deberet
568 450 643 493 proferre
654 460 756 484 sermonem.
780 450 828 484 Sicut

125 510 166 542 ergo
178 501 195 534 in
207 500 264 533 seculo
274 500 382 534 differencius
394 501 455 534 ceteris
467 501 524 535 titulos
535 501 597 534 milicie
605 501 686 543 secularis
694 500 794 543 optinuerat,
803 500 828 535 ita

125 550 143 595 in
151 552 211 586 castris
219 550 311 594 spiritualis
321 551 384 585 milicie
394 551 491 585 sanctitatis
501 552 560 594 gracia
572 552 632 585 ceteris
644 551 756 594 preminebat.
779 551 827 584 Licet

124 608 182 636 autem
195 601 230 634 iam
243 600 288 634 inter
299 601 343 634 alios
355 602 428 644 gradum
440 602 549 645 perfeetionis
557 603 660 644 attingeret,
671 601 758 635 humiliter
768 606 827 634 tamen

125 652 206 695 sentiens,
218 653 321 687 causabatur
332 652 450 697 imperfectum
462 664 511 687 suum
522 664 561 687 cum
572 654 655 696 apostolo,
665 659 715 687 utens
726 653 779 687 uerbo
790 651 827 687 eius

98 710 118 733 10
126 710 143 738 et
156 704 225 738 dicens:
242 703 294 738 ‘Non
305 705 352 747 quod
363 704 397 737 iam
408 703 556 747 apprehenderim,
568 709 598 737 aut
608 703 693 746 perfectus
705 704 749 745 sim;
765 713 828 747 sequor

125 760 188 795 autem,
197 754 212 787 si
219 755 262 787 forte
270 754 414 796 comprehendam
421 754 438 787 in
447 764 480 796 quo
488 755 622 795 comprehensus
631 764 674 788 sum.
697 755 756 787 Vnum
763 760 827 795 autem,

126 814 159 847 que
167 809 212 837 retro
220 809 260 837 sunt
267 803 375 844 obliuiscens,
381 804 403 836 ad
411 803 497 836 anteriora
504 813 532 835 me
538 803 617 844 extendo,
623 809 640 838 et
647 813 711 846 sequor
717 803 740 837 ad
748 802 827 838 brauium

126 864 199 898 superne
206 853 306 894 uocationis,
314 863 346 897 que
354 858 380 886 est
387 852 405 886 in
413 852 482 886 Christo
490 853 540 886 lesu’

288 990 387 1032 Quouono
399 997 471 1024 ruerus
482 997 517 1024 asr
527 990 663 1024 Auncuorurn.

125 1071 129 1088 ¹
166 1069 217 1103 Ciens
228 1080 269 1111 ergo
280 1068 352 1103 saturari
363 1075 381 1103 et
392 1069 460 1111 esurire,
471 1070 571 1102 habundare
583 1076 600 1103 et
611 1069 700 1112 penuriam
710 1070 827 1113 pati—omnia

99 1126 117 1158 15
187 1120 233 1154 enim
244 1126 311 1164 poterat
323 1119 340 1154 in
350 1130 371 1154 eo
382 1120 410 1165 qui
422 1121 529 1155 confortabat
541 1120 600 1164 eum';
615 1126 631 1154 et
644 1120 718 1155 sentiens
730 1120 747 1155 in
759 1132 777 1155 se
789 1122 827 1166 ipso

125 1174 172 1216 quod
187 1179 204 1206 et
221 1173 239 1205 in
255 1172 324 1206 Christo
339 1174 388 1206 lesu:
407 1172 507 1205 humilitatis
523 1172 576 1214 ipsius
591 1177 608 1206 et
623 1171 708 1214 pacientie
723 1172 827 1206 documenta

124 1229 212 1266 sequutus,
227 1233 246 1255 se
260 1222 317 1265 ipsum
331 1222 411 1256 abdicare
426 1228 443 1256 et
458 1222 544 1255 exinanire
559 1221 635 1255 decreuit
650 1222 694 1255 infra
709 1222 826 1257 conditionem

125 1274 218 1313 hominum,
227 1273 317 1305 cenobium
328 1279 396 1306 mutans
406 1267 442 1314 pro'
447 1273 522 1314 heremo,
530 1273 590 1304 uolens
600 1272 623 1304 ibi
631 1272 667 1305 fieri
677 1272 762 1315 reptilium
770 1273 827 1306 socius

124 1324 225 1356 etferarum.
241 1322 286 1356 Sane
292 1321 335 1356 inter
340 1333 371 1356 eos
376 1323 406 1365 qui
411 1329 533 1355 conuertuntur
539 1323 562 1355 ad
567 1332 602 1364 cor,
609 1322 726 1355 cenobitarum
731 1324 767 1356 uita
772 1324 827 1356 multo

97 1379 117 1406 20
125 1380 151 1407 est
164 1372 249 1414 securior3
265 1378 319 1407 status
330 1383 372 1406 uero
384 1373 522 1406 anachoritarum
534 1373 584 1414 longe
597 1373 692 1415 perfectior.
715 1374 736 1406 ln
747 1373 826 1415 cenobio,

124 1424 165 1468 quia
175 1423 198 1458 ibi
210 1423 245 1457 uita
256 1424 352 1457 communis
363 1430 389 1457 est
401 1429 418 1457 et
430 1423 538 1457 conuersatio
551 1422 624 1464 sociatis,
635 1424 728 1457 maximum
740 1425 827 1458 inuenitur

124 1483 184 1509 contra
194 1474 252 1507 omnia
262 1474 341 1518 nequicie
353 1481 477 1518 temptamenta
488 1475 576 1508 solacium.
599 1476 658 1509 Habet
670 1475 750 1509 cenobita
761 1476 826 1509 bonum

124 1524 228 1564 obediencie,
239 1535 329 1557 censuram
341 1525 411 1566 silencii,
422 1535 483 1567 pacem
493 1524 555 1565 anime,
567 1524 715 1568 contemplationis
726 1526 826 1567 archanum,

125 1575 215 1609 consilium
223 1575 241 1607 in
250 1575 358 1618 hesitatione,
366 1575 384 1606 in
394 1575 505 1618 temptatione
515 1574 615 1616 remedium,
623 1580 640 1608 et
651 1575 710 1609 efficax
720 1574 737 1609 in
748 1576 827 1611 omnibus

98 1626 227 1667 a5benefrcium
241 1625 331 1659 medicine.
353 1626 380 1659 Ibi
395 1625 476 1659 uirtutum
491 1625 538 1658 scola
553 1630 584 1666 est,
599 1625 682 1659 modestis
697 1636 743 1666 usus,
758 1636 826 1659 morum
838 1637 841 1642 ·

124 1675 230 1718 regularitas,
237 1674 348 1709 fraternitatis
358 1674 431 1716 affectio,
439 1674 515 1708 omnium
526 1673 662 1716 communicatio,
673 1675 763 1718 discipline
771 1676 827 1720 uigor,

87 1723 90 1728 ’
124 1725 211 1759 uinculum
223 1724 303 1766 caritatis,
317 1731 334 1759 et
349 1731 409 1758 mutua
424 1726 520 1768 obsequela.
543 1727 596 1757 Porro
609 1725 626 1757 in
640 1726 735 1767 solitudine,
748 1727 788 1760 licet
803 1728 825 1760 sit

124 1776 256 1818 temptationum
266 1786 324 1816 pugna
333 1775 438 1817 suspectior:
455 1785 518 1807 corona
529 1780 586 1806 tamen
597 1780 623 1807 est
633 1775 726 1816 gloriosior,
734 1782 751 1808 et
761 1776 826 1809 fructus

124 1826 159 1859 uite
171 1824 248 1866 suauior;
260 1825 302 1857 dum
313 1836 332 1858 se
343 1824 400 1867 ipsum
411 1824 472 1867 perdit,
483 1830 501 1857 ut
512 1824 599 1857 Christum
610 1824 714 1867 lucrifaciat,
729 1836 748 1858 se
758 1826 799 1868 odit,
807 1831 826 1860 ut

97 1887 117 1918 30
125 1876 212 1910 Christum
225 1875 295 1918 diligat3
312 1881 389 1910 mortuus
401 1886 412 1910 a
426 1875 478 1910 corde
493 1886 529 1916 suo,
543 1874 633 1918 factusque
646 1874 679 1910 sibi
692 1881 781 1920 tamquam
793 1887 825 1911 uas

123 1927 219 1970 perditumt
233 1927 314 1960 deficiens
325 1937 335 1959 a
346 1937 365 1960 se
376 1926 419 1969 ipso,
431 1931 449 1959 ut
460 1931 525 1959 crescat
536 1925 554 1958 in
566 1924 663 1967 Christum3
678 1931 696 1959 ut
707 1926 723 1960 ei
734 1928 826 1967 adherens,

124 1988 167 2011 vnus
179 1977 201 2012 sit
213 1976 281 2019 spiritus
292 1988 332 2010 cum
342 1987 372 2017 eo;
384 1983 403 2010 ut
414 1977 431 2010 in
443 1976 533 2009 desideriis
545 1976 602 2009 anime
611 1987 642 2008 sue
652 1976 762 2018 liquescentis
773 1978 826 2011 assec-

124 2027 170 2061 tione
182 2027 238 2061 dilecti
247 2026 310 2068 psallat
320 2032 337 2060 et
347 2027 403 2060 dicat:
417 2026 474 2069 ‘Quid
484 2025 536 2058 michi
544 2031 570 2058 est
578 2025 596 2057 in
605 2026 647 2066 celo,
655 2031 672 2058 et
680 2036 691 2059 a
700 2032 718 2059 te
728 2027 769 2069 quid
779 2027 825 2060 uolui

124 2087 176 2120 super
183 2078 257 2110 terram?
280 2076 347 2111 Deiecit
357 2087 397 2110 caro
406 2087 444 2110 mea
453 2082 470 2109 et
481 2086 510 2108 cor
518 2085 586 2115 meum3
598 2074 640 2108 deus
648 2074 705 2108 cordis
713 2076 752 2117 mei,
760 2082 777 2109 et
785 2088 825 2120 pars

97 2132 116 2164 35
124 2138 168 2169 mea,
180 2128 227 2168 deus,
240 2127 258 2160 in
272 2127 359 2160 eternum!
382 2128 410 2160 Ab
424 2127 453 2160 illa
465 2126 517 2170 igitur
529 2125 565 2158 uita
576 2130 664 2168 tamquam
675 2126 698 2158 ab
712 2126 796 2171 inferiore,
808 2128 827 2161 fit

123 2189 206 2211 ascensus
217 2179 240 2210 ad
253 2177 308 2211 istam.
332 2178 373 2211 Ideo
388 2179 477 2220 propheta,
492 2177 521 2219 qui
537 2175 584 2217 prius
599 2175 669 2214 domino
682 2178 794 2218 profitebatur
808 2178 826 2211 in

124 2227 196 2260 consilio
204 2227 287 2260 iustorum
294 2233 311 2261 et
319 2227 457 2270 congregatione,
465 2233 525 2270 postea
536 2224 597 2260 similis
606 2225 661 2259 factus
672 2226 756 2267 pellicano
766 2228 826 2262 solitu·

123 2278 174 2319 dinis,
183 2277 283 2319 ‘Elongaui
290 2277 426 2320 inquit,iugiens,
432 2283 450 2311 et
457 2278 512 2311 mansi
520 2277 538 2310 in
544 2278 644 2312 solitudine.¹
660 2280 688 2312 De
696 2277 759 2311 talibus
765 2279 826 2311 beatus

125 2329 156 2360 Iob
164 2327 216 2360 dicit:
228 2326 269 2359 ‘Hii
278 2334 317 2360 sunt
325 2327 353 2370 qui
363 2328 443 2361 edificant
454 2327 486 2361 sibi
497 2328 601 2369 solitudines,
610 2334 628 2362 ut
638 2337 674 2362 non
684 2326 756 2362 audiant
765 2338 826 2362 uocem

96 2377 218 2419 toexactorisss
229 2377 247 2411 id
260 2383 292 2420 est,
303 2378 392 2421 strepitum
407 2378 469 2412 milicie
484 2378 571 2413 secularis.
594 2380 687 2422 Propterea
702 2380 764 2413 clamat
780 2381 826 2414 lere·

123 2429 177 2464 mias:
190 2428 268 2471 ‘surgite
278 2428 348 2471 surgite,
356 2429 422 2463 saluate
432 2428 499 2462 animas
509 2434 581 2470 uestras,
589 2435 607 2462 et
616 2429 664 2462 eritis
676 2429 693 2463 in
702 2430 770 2464 deserto
782 2429 826 2464 sicut

123 2481 196 2513 humiles
211 2479 280 2513 mirice!
303 2480 353 2512 Idem
367 2479 419 2512 etiam
435 2481 457 2511 de
471 2490 489 2512 se
505 2479 553 2520 ipso:
571 2480 666 2512 ‘Sedebam
681 2480 771 2519 solitarius,
785 2479 826 2521 quia

123 2528 237 2562 amaritudine
246 2529 315 2571 replesti
325 2528 363 2562 me.'
387 2527 455 2561 Deserti
465 2528 550 2570 siquidem
560 2527 667 2562 mansionem
677 2529 729 2563 beato
740 2524 825 2562 Guthlaco

84 2580 86 2584 ’
124 2577 255 2613 desiderabilem
267 2577 342 2613 iaciebat
354 2578 395 2622 quia
408 2578 470 2613 Helias
483 2577 506 2612 ibi
520 2578 633 2621 habitauerat,
643 2578 684 2621 quia
694 2580 781 2613 Iohannes
792 2587 826 2611 uox
