1762 2803
271 176 317 232 De
332 174 434 228 mantra
448 173 566 236 torinna.
727 186 769 231 157

69 299 124 332 deum
132 303 150 332 et
158 299 244 333 amabunt
253 304 272 334 te
281 310 357 340 omnes;
368 298 438 331 honora
448 298 503 331 deum
515 302 534 330 et
544 296 659 330 honorabunt
670 301 689 330 te
699 307 769 336 omnes,

68 350 112 385 time
128 351 182 385 deum
195 356 213 386 et
225 351 316 386 timebunt
331 355 349 385 te
362 352 437 385 omues.¹
460 349 496 384 His
511 348 564 383 dictis
577 347 622 391 fugit
636 358 677 382 cum
690 347 770 381 clamore

68 413 140 447 magno.
180 396 257 440 Sanatis
271 415 306 449 per
319 409 401 438 sanctam
416 402 508 447 Brigidam
524 401 586 436 multis
601 400 676 444 claudis,
687 401 771 446 leprosis,

67 455 179 491 demoniacis
191 462 209 492 et
220 457 303 499 infirmis,
312 461 403 492 venerunt
413 455 481 500 leprosi
491 456 527 489 duo
537 454 635 490 sanitatem
646 464 688 488 cum
699 453 771 498 lachry-

68 507 103 542 mis
115 508 234 552 postulantes.
255 510 307 544 Tunc
318 514 381 544 sancta
393 519 448 543 orans
459 513 477 542 et
486 518 552 552 aquam
562 507 677 543 benedicens
688 506 788 552 precepits

69 561 97 595 eis
109 566 129 595 vt
142 561 249 596 alterutrum
264 562 283 596 in
299 574 346 607 aqua
357 573 378 597 se
392 562 480 596 lauarent.
503 560 573 604 Quibus
586 559 633 602 lotis,
646 570 693 594 vnus
707 570 771 594 eorum

68 615 167 647 mundatus
182 621 216 649 est.
239 616 273 649 Cui
285 616 330 649 dixit
343 621 416 649 sancta:
430 614 490 648 ‘Laua
503 619 521 648 et
533 619 552 648 tu
566 614 636 648 socium
650 614 712 647 tuum.¹
735 612 771 654 Qui

68 666 134 701 videns
145 677 165 701 se
174 669 288 710 mundatum,
299 669 322 702 de
332 668 391 703 salute
399 678 432 702 sua
440 666 521 712 glorians
530 666 605 702 alterius
615 666 685 710 lepram
694 671 771 710 tangere

68 719 140 753 renuit:
153 724 171 754 et
179 726 221 764 post
229 721 319 755 modicum
328 721 383 755 dixit:
395 721 445 764 ‘Ego
452 720 512 755 sentio
519 719 597 754 sintillas
605 719 653 763 ignis
663 730 705 754 esse
714 728 771 763 super

69 772 157 806 humeros
170 776 232 807 meos)
255 774 278 807 Et
287 773 348 807 statim
357 778 415 807 totum
423 784 490 817 corpus
500 773 546 813 eius,
553 773 610 806 altero
618 773 711 813 mundato,
719 772 771 815 lepra
780 781 799 803 ιο

69 835 178 869 percussum
190 832 224 861 est.
259 819 296 860 Vir
307 826 380 870 quidam
395 826 477 869 aurigam
490 830 509 860 et
523 835 596 859 currum
611 824 691 868 Brigide,
702 825 721 858 in
734 835 771 868 quo

69 878 150 918 sedebat,
162 889 196 922 per
207 889 271 923 agrum
283 889 336 912 suum
348 878 427 912 transire
440 877 546 922 prohibens,
559 882 577 911 et
591 887 649 920 equos
660 878 771 921 percutiens,

69 930 88 963 in
100 935 168 964 terram
180 932 247 964 corruit
256 936 274 965 et
283 931 367 974 spiritum
377 931 443 964 emisit.
478 922 571 963 Mundata
582 929 660 972 quadam
672 928 749 962 muliere
761 939 772 962 a

68 982 120 1025 lepre
126 983 189 1025 plaga;
197 983 247 1017 venit
254 982 333 1025 Brigida,
338 993 348 1016 a
354 987 406 1025 patre
414 992 448 1016 suo
454 986 521 1025 rogata,
526 982 549 1014 ad
556 990 619 1024 regem
626 980 772 1025 Laginensium¹,

69 1034 143 1067 dicens:
157 1034 225 1068 ‘Detur
237 1034 297 1075 michi,
309 1035 372 1077 inquit,
386 1034 457 1077 gladius
469 1039 511 1067 tuus
525 1033 573 1077 patri
588 1044 635 1073 meo,
649 1038 668 1066 et
679 1044 736 1066 vnum
748 1033 799 1073 de15

69 1087 128 1120 seruis
137 1086 173 1120 tuis
183 1087 237 1120 michi
247 1087 317 1120 dimitte
326 1087 415 1120 liberum!
438 1086 471 1120 Cui
481 1096 526 1120 rex:
539 1085 597 1128 ‘Quid
608 1085 660 1119 dabis
671 1086 726 1119 michi
738 1096 772 1130 pro

69 1139 187 1182 petitionibus
199 1140 228 1174 his
242 1140 313 1173 duabus
326 1138 418 1182 magnis?'
442 1139 465 1172 Et
476 1138 519 1173 illa:
531 1138 562 1172 ‘Si
574 1138 607 1179 vis,
618 1138 674 1173 vitam
689 1144 772 1173 eternam

70 1192 117 1225 dabo
130 1192 167 1232 tibi,
180 1197 197 1226 et
208 1202 272 1226 semen
284 1197 335 1226 tuum
347 1202 402 1235 reges
414 1196 468 1225 erunt
480 1202 514 1235 per
526 1190 597 1225 secula.¹
620 1190 697 1234 ‘Vitam,
709 1190 771 1235 inquit,

70 1255 125 1288 quam
133 1255 170 1278 non
177 1246 236 1287 video,
244 1256 281 1279 non
289 1255 352 1289 quero,
360 1245 383 1279 de
391 1244 434 1278 filiis
442 1244 473 1288 qui
483 1249 525 1289 post
535 1254 566 1278 me
575 1248 629 1277 erunt
640 1254 677 1278 non
688 1254 772 1288 procuro.

70 1297 113 1330 Alia
125 1298 174 1331 enim
185 1299 225 1339 duo,
235 1298 303 1332 scilicet
312 1303 331 1331 vt
343 1297 432 1340 longeuus
441 1297 484 1330 fiam
494 1297 513 1330 in
525 1297 559 1330 hac
570 1297 607 1330 vita
617 1307 672 1340 quam
683 1297 743 1340 diligo,
753 1302 771 1331 et
780 1307 800 1328 ao

70 1348 151 1382 inomni
166 1349 206 1384 loco
221 1355 239 1384 et
254 1350 303 1384 bello
317 1350 375 1383 victor
390 1348 474 1392 existam,
490 1351 568 1394 exopto.¹
590 1348 642 1383 ‘Hec
657 1349 699 1390 duo,
712 1349 771 1393 inquit

70 1407 138 1444 sancta,
153 1403 184 1437 tibi
199 1413 287 1439 concessa
302 1404 365 1438 erunt.¹
388 1402 427 1437 Nec
442 1402 499 1436 multo
515 1407 556 1446 post
571 1411 613 1436 cum
629 1402 692 1446 paucis
707 1407 772 1437 contra

71 1456 138 1489 multos
157 1457 221 1490 exiens
239 1457 262 1489 ad
281 1456 354 1497 bellum,
372 1456 457 1489 inuocato
473 1460 536 1489 sancte
553 1455 627 1498 Brigide
644 1455 712 1489 auxilio
726 1456 772 1489 vidit

71 1513 153 1542 sanctam
165 1508 258 1552 Brigidam
270 1519 312 1542 cum
323 1508 388 1541 baculo
400 1518 434 1541 suo
447 1508 514 1551 preire,
527 1512 546 1541 et
558 1507 675 1551 columpnam
688 1507 737 1551 ignis
748 1508 772 1541 de

71 1561 130 1604 capite
142 1561 181 1594 eius
190 1572 249 1605 vsque
258 1562 281 1594 ad
290 1560 350 1594 celum
359 1561 430 1594 ardere.
453 1560 535 1594 Deuictis
546 1571 591 1594 vero
603 1559 692 1600 hostibus,
704 1571 772 1594 nomen
782 1571 801 1602 25

71 1618 134 1647 sancte
141 1613 214 1656 Brigide
221 1614 304 1647 laudibus
309 1613 400 1647 extollens
404 1614 428 1646 ad
434 1623 468 1646 sua
473 1613 551 1646 letanter
558 1613 616 1646 rediit.
651 1605 702 1647 Cum
711 1618 773 1646 autem

71 1665 199 1699 eucharistiam
210 1667 233 1699 de
244 1675 299 1698 manu
310 1666 391 1709 episcopi
402 1670 489 1704 sumeret,
499 1665 544 1697 vidit
554 1664 573 1697 in
583 1664 645 1705 calice,
657 1675 713 1709 quem
726 1675 774 1709 puer

72 1718 153 1761 episcopi
166 1719 245 1760 tenebat,
257 1718 340 1752 deforme
352 1718 461 1761 prodigium,
477 1717 522 1750 hirci
537 1717 623 1751 videlicet
637 1718 727 1751 vmbram.
750 1717 774 1751 Et

71 1780 153 1804 renuens
165 1771 188 1805 de
200 1770 256 1805 calice
265 1770 334 1812 bibere,
344 1771 433 1804 visionem
443 1769 530 1813 episcopo
538 1770 589 1804 dixit.
612 1769 665 1804 Tunc
675 1770 774 1814 episcopus

72 1833 129 1867 puero
140 1823 175 1857 ait:
187 1823 245 1866 ‘Quid
257 1822 328 1857 iecisti?
350 1822 379 1856 Da
390 1821 466 1867 gloriam
478 1823 523 1856 deo)
546 1822 594 1857 Puer
604 1827 666 1856 autem
678 1822 774 1857 consessus
783 1833 803 1864 ³0

72 1881 100 1911 est
108 1887 128 1910 se
136 1876 204 1910 furtum
212 1876 278 1911 fecisse
289 1881 307 1910 et
316 1887 373 1910 vnum
381 1875 472 1909 hircorum
487 1886 562 1909 suorum
573 1874 661 1909 occidisse
672 1881 690 1910 et
701 1881 773 1920 partem

72 1929 178 1963 comedisse.
202 1929 225 1962 Et
244 1939 285 1963 cum
304 1928 423 1972 penitentiam
443 1938 484 1962 cum
500 1927 600 1971 lachrymis
616 1927 690 1971 egisset,
709 1933 773 1963 vocata

73 1981 147 2025 Brigida
157 1980 212 2015 nichil
224 1982 247 2014 de
257 1981 307 2014 hirco
319 1980 337 2014 in
347 1980 402 2014 calice
409 1980 460 2013 vidit.
496 1973 584 2024 Quadam
595 1985 654 2020 nocte,
662 1980 681 2014 in
689 1991 725 2024 qua
733 1986 773 2014 erat

72 2034 104 2068 nix
116 2038 134 2068 et
146 2033 218 2077 glacies,
231 2032 316 2067 omnibus
330 2032 463 2066 dormientibus
477 2032 527 2066 venit
543 2032 566 2067 ad
579 2033 671 2077 quoddam
687 2038 773 2077 stagnum

72 2086 152 2130 Brigida,
168 2091 186 2120 et
202 2086 221 2120 in
238 2085 269 2119 illa
285 2090 338 2119 nocte
355 2089 394 2119 erat
411 2084 429 2118 in
445 2090 510 2129 stagno
529 2095 584 2119 orans
599 2089 618 2119 et
633 2084 694 2120 flens:
713 2091 732 2119 ct
747 2085 801 2128 sic35

72 2150 147 2183 semper
161 2138 180 2172 in
195 2138 280 2173 omnibus
295 2137 380 2172 noctibus
393 2137 454 2172 facere
468 2143 486 2172 et
499 2137 518 2172 in
533 2138 686 2173 consuetudinum
700 2144 773 2174 vertere

72 2191 163 2236 cogitauit,
172 2191 239 2226 Christi
247 2196 307 2225 tamen
316 2190 442 2224 misericordia
452 2190 487 2224 hoc
497 2190 566 2225 diutius
575 2190 615 2225 lieri
625 2201 682 2235 passa
692 2202 729 2225 non
740 2197 774 2226 est.

72 2245 114 2280 Alia
122 2250 183 2280 autem
194 2250 246 2280 nocte
256 2249 341 2289 stagnum
350 2243 419 2278 siccum
430 2243 470 2278 sine
480 2254 528 2289 aqua
538 2244 613 2286 inuenit,
624 2249 642 2279 ct
653 2245 677 2279 ad
688 2250 773 2289 stagnum

73 2298 92 2331 in
101 2298 180 2331 crastino
190 2298 267 2332 veniens
278 2297 354 2340 plenum
365 2307 413 2339 aqua
423 2296 510 2339 repperit.
533 2296 619 2330 Secunda
629 2296 713 2330 similiter
720 2303 774 2331 nocte

73 2349 140 2385 iterum
151 2350 198 2384 aruit
210 2355 300 2395 stagnum,
310 2353 329 2383 et
340 2348 370 2382 die
383 2348 459 2392 plenum
469 2348 565 2382 inuentum
573 2348 611 2382 suit.
649 2340 700 2384 Cum
712 2349 774 2393 puella
782 2358 803 2390 40

73 2404 152 2446 quedam
166 2403 281 2446 naufragium
293 2411 347 2446 passa
361 2410 429 2434 nomen
443 2406 506 2434 sancte
520 2400 594 2444 Brigide
607 2400 706 2443 inuocaret,
720 2401 774 2436 siccis

73 2454 152 2498 pedibus
164 2455 261 2488 ambulans
274 2464 330 2497 supra
343 2463 394 2486 mare
406 2452 470 2486 mortis
483 2452 586 2496 periculum
598 2452 662 2487 euasit.
708 2447 775 2489 Puelle

73 2512 136 2542 sancte
145 2506 224 2552 Brigide,
232 2507 294 2542 multis
302 2506 360 2541 farine
370 2505 436 2540 modiis
443 2516 454 2539 a
462 2505 540 2549 quodam
549 2505 605 2540 diuite
612 2506 699 2551 acceptis,
707 2518 775 2551 aquam

74 2560 166 2605 quandam
174 2560 253 2595 transire
261 2571 298 2595 non
306 2560 393 2601 valentes
401 2558 485 2592 inuocato
493 2558 568 2603 Brigide
576 2558 664 2604 suffragio
671 2560 690 2594 in
698 2560 775 2595 alteram

350 2623 355 2642 ¹
366 2623 384 2654 E.
392 2622 500 2660 laginentium.
