1762 2803
126 136 170 193 '292
317 133 397 190 muta
411 134 529 198 *termut
544 135 637 199 anulio.

125 261 252 300 ascenderent,
258 259 319 304 imago
327 259 396 294 domini
403 259 422 293 in
428 258 511 304 predicta
518 269 572 294 cruce
580 257 600 294 se
608 256 690 294 excussit
698 260 736 292 toto
744 256 827 302 corpore,

125 314 172 347 adeo
179 319 198 347 vt
206 312 291 348 diadema
300 312 339 347 eius
349 312 397 347 inter
405 322 468 355 regem
475 318 494 346 et
502 312 609 356 episcopum
617 310 688 345 cunctis
695 310 828 345 admirantibus

126 367 215 400 cecidisse
225 366 286 399 visum
297 370 330 398 est.
354 365 442 408 inquisito
454 371 515 399 autem
526 376 537 398 a
548 369 612 399 sancto
620 364 717 398 Dunstano
728 373 772 406 rege
784 363 828 407 quid

126 418 214 460 cogitaret
224 417 253 452 vel
266 416 309 461 quid
323 427 378 460 agere
388 416 450 458 vellet,
462 415 557 450 consessus
568 415 602 450 luit
612 415 661 459 quod
674 415 693 449 in
705 415 771 450 eadem
783 415 828 450 hora

109 469 212 513 scogitauit
219 473 238 503 vt
249 469 349 502 monachos
361 470 384 503 de
396 470 461 502 eodem
472 470 584 502 monasterio
595 470 619 502 ad
630 468 685 502 alium
697 468 758 501 locum
768 472 828 501 trans-

125 522 182 557 ferret
190 527 208 556 et
215 520 363 556 sanctimoniales
374 520 443 555 ibidem
452 526 578 566 congregaret,
601 521 642 563 Quo
651 520 722 555 abeato
731 520 827 553 Dunstano

126 575 205 619 benigne
213 574 311 619 increpato,
320 580 338 608 et
346 575 380 609 hoc
389 575 423 609 deo
431 584 547 618 nequaquam
555 574 628 618 placere
636 579 737 614 asserente,
745 573 782 607 tale
793 583 827 607 rex

126 628 240 672 propositum
253 638 294 661 cum
307 628 358 661 omni
371 627 473 661 humilitate
488 627 585 661 reuocauit.
629 620 691 663 ¹Cum
706 626 755 661 enim
770 626 827 661 abbas

99 708 101 714 ,
125 680 244 723 Ailwardus2,
257 681 325 724 elapsis
341 686 383 724 post
398 680 467 715 obitum
480 680 548 724 Edgan'
562 679 612 724 regis
627 680 681 714 annis
695 679 774 719 multis³,
788 679 841 713 eius'

99 744 117 765 ιο
125 733 215 767 tumulum
226 732 324 775 effodisset,
332 733 403 766 inuenit
414 743 481 776 corpus
492 732 541 775 regis
552 732 620 766 nullius
631 734 677 766 labis
687 733 786 773 conscium,
794 733 827 765 sed

125 786 213 821 illibatum
222 791 240 820 et
250 785 348 829 integrum.
371 785 429 828 Quod,
439 795 480 819 cum
491 795 533 819 eurn
544 785 567 819 ad
578 786 701 820 reuerentiam
712 784 787 819 flectere
797 785 827 818 de·

90 855 92 857 ·
125 841 202 882 buisset,
210 841 233 873 ad
244 840 335 873 audatiam
346 838 410 873 erexit.
433 839 480 873 Nam
489 837 531 882 quia
540 837 621 882 locellus,
629 842 827 883 quempreparauerat,

69 910 72 916 ι
124 893 219 927 difficilem
233 904 266 936 pre
280 893 406 936 magnitudine
418 893 501 935 corporis
515 892 619 926 minabatur
632 892 742 936 ingressum,
755 891 827 934 regales

125 945 203 978 exuuias
217 945 265 978 ferro
280 945 383 978 temerauit.
405 944 459 977 Vnde
474 944 559 977 continuo
575 944 650 988 sanguis
661 944 743 978 undatim
757 945 828 985 exiens,

98 1009 116 1038 15
125 997 224 1030 astantium
232 997 287 1030 corda
295 1007 364 1039 pauore
372 996 469 1030 concussit.
493 996 560 1030 Postea
567 1007 611 1031 vero
621 997 692 1040 regium
700 1007 767 1040 corpus
777 997 828 1030 iuxta

124 1049 181 1097 altare
197 1050 297 1083 honorifice
309 1049 416 1083 collocatum
430 1053 458 1083 est
473 1048 493 1083 in
508 1048 576 1084 scrinio
590 1048 650 1084 eidem
662 1048 740 1083 ecclesie
751 1049 774 1083 ab
787 1049 828 1092 ipso

124 1101 194 1138 collato.
218 1101 357 1137 Temeratorem
367 1113 412 1136 vero
424 1101 471 1136 sacri
483 1102 566 1145 corporis
580 1112 624 1136 mox
635 1101 708 1136 animus
720 1101 798 1146 reliquit,
810 1107 828 1135 et

124 1156 181 1190 fracta
189 1154 272 1190 ceruice4
280 1166 368 1190 corruens
376 1155 471 1199 expirauit.
494 1155 524 1189 Ad
532 1155 587 1190 huius
596 1155 672 1199 [enim]⁵
680 1155 729 1200 regis
736 1155 827 1190 tumulum

124 1208 204 1243 furiosus
217 1213 235 1242 et
248 1219 302 1242 cecus
318 1214 392 1252 recepta
404 1209 483 1242 sanitate
494 1209 563 1252 gratias
575 1209 606 1243 leti
619 1214 696 1253 agentes
708 1210 743 1243 deo
756 1210 779 1242 ad
793 1219 827 1243 sua

97 1276 116 1296 ao
124 1262 213 1295 redibant.
237 1261 278 1294 Hec
294 1263 344 1295 enim
360 1261 445 1304 superius
460 1261 530 1296 inserta
542 1262 565 1296 de
579 1262 631 1297 libris
643 1261 708 1306 prefati
720 1261 827 1296 monasterii

124 1306 332 1358 excerpsi—Scribit
340 1314 390 1347 eninr
399 1313 450 1347 Reda
455 1314 566 1347 venerabilis
575 1314 598 1347 de
606 1315 663 1357 gestis
670 1314 773 1357 Anglorum
780 1314 827 1348 libro
844 1313 846 1315 ’

124 1366 177 1401 tertio
193 1366 272 1410 capitulo
285 1366 433 1408 vicesimosexto,
446 1368 496 1409 quod
511 1366 610 1399 Colmanus
626 1366 772 1400 lindisfarnensis
788 1366 828 1409 epi-

124 1431 197 1464 scopus,
208 1430 277 1463 genere
289 1419 361 1460 Scotus,
370 1419 435 1453 Finani
446 1430 548 1461 successor,
556 1425 574 1453 et
585 1419 608 1454 ab
616 1419 689 1454 Aidano
699 1418 769 1462 tertius,
778 1430 827 1454 anno

125 1473 242 1517 episcopatus
255 1471 284 1506 sui
295 1473 349 1505 tertio
364 1478 436 1516 partem
452 1471 522 1506 ossium
535 1473 602 1507 Aidani
616 1483 679 1507 secum
692 1472 793 1517 assumpsit
808 1473 827 1507 in

97 1537 115 1566 ²5
125 1525 206 1558 Scotiam
215 1535 317 1567 regressus,
325 1530 397 1567 partem
404 1536 448 1558 vero
456 1525 476 1558 in
484 1525 562 1559 ecclesia
572 1525 710 1559 lindisfarnensi
720 1525 739 1559 in
747 1525 827 1560 sacrario

125 1578 179 1612 condi
192 1576 281 1622 precepit.
326 1569 406 1610 Inferius
419 1582 480 1610 autem
492 1577 511 1611 in
522 1578 559 1611 vita
572 1577 630 1611 sancti
642 1577 736 1612 Cuthberti
749 1578 828 1611 habetur

125 1630 230 1673 quodcirca
241 1639 310 1663 annum
319 1630 390 1663 domini
400 1632 560 1673 nongentesimum
570 1629 683 1664 tricesimum
693 1630 780 1664 sacerdos
788 1631 827 1673 qui-

125 1685 168 1717 dam
180 1682 256 1717 nomine
269 1682 359 1723 Elfredus,
371 1682 419 1717 bone
431 1682 508 1716 actionis
519 1682 552 1724 vir,
560 1682 622 1719 diuino
634 1683 738 1719 admonitus
749 1683 827 1726 oraculo,

125 1736 195 1779 elapsis
205 1741 247 1779 post
258 1735 329 1768 cladem
341 1740 359 1768 et
368 1734 462 1769 Danorum
469 1736 589 1770 vastationem
598 1737 687 1780 prefatam
697 1737 760 1770 multis
770 1747 827 1770 anno-

97 1799 117 1828 3o
125 1799 167 1822 rum
172 1787 272 1829 curriculis,
277 1798 320 1821 ossa
326 1792 432 1821 sanctorum
437 1788 496 1821 Acce³
502 1788 589 1833 episcopi,
595 1788 648 1823 Ebbe
655 1789 751 1830 abbatisse,
759 1788 827 1830 Boisili,

122 1841 176 1874 Bede
190 1840 292 1884 presbiteri,
306 1841 330 1872 de
343 1839 388 1873 locis
404 1841 443 1873 suis
458 1845 475 1873 et
490 1841 593 1883 sepulchris
609 1834 673 1875 seeufn
688 1852 790 1882 assumens,
803 1842 826 1875 ad

124 1893 221 1928 ecclesiam
233 1893 375 1926 dunelmensem
386 1891 459 1925 nouiter
471 1891 572 1926 institutam
586 1893 683 1928 transtulit.
728 1886 771 1936 Ego
782 1904 827 1928 vero

124 1945 143 1980 in
157 1944 264 1990 prescriptis
280 1950 298 1980 et
311 1944 377 1987 dubiis,
390 1949 408 1979 et
423 1944 442 1978 in
457 1945 577 1989 sequentibus
589 1946 688 1988 nonnullis,
700 1946 826 1981 auctoritatem

124 1999 245 2033 discutiendi⁷
256 2004 275 2032 et
286 1997 388 2032 diffiniendi
400 1997 445 2032 mihi
458 2009 495 2032 non
507 2009 601 2042 presumo,
613 2000 647 2034 sed
659 2004 746 2044 tanquam
760 2000 828 2035 relator

98 2065 116 2095 35
125 2053 211 2095 simplex,
219 2063 255 2094 que
264 2052 284 2083 in
295 2050 374 2084 diuersis
385 2049 436 2084 libris
448 2056 466 2084 et
477 2051 521 2085 locis
533 2063 575 2086 cnm
586 2053 679 2088 laboribus
691 2058 709 2088 et
721 2053 827 2088 difficultate

125 2105 200 2139 sedulus
208 2104 303 2146 indagator
313 2103 396 2146 reperire
404 2103 460 2146 potui,
468 2104 525 2138 ardua
533 2103 597 2148 peritis
604 2105 710 2140 ventilanda
719 2106 827 2150 relinquens

125 2156 165 2190 sine
173 2156 246 2197 inuidia,
255 2155 370 2189 communico
375 2155 385 2190 ’ἶ

145 2220 150 2237 ¹
161 2219 205 2249 Will.
213 2219 265 2249 blalm.
274 2229 309 2256 324,
318 2219 352 2249 lob.
361 2219 385 2249 Gi,
394 2228 450 2256 p-153.
502 2219 508 2237 ¹
520 2220 547 2251 IG.
555 2221 663 2258 Egelwardus.
714 2221 720 2239 ³
730 2231 751 2253 sc,
759 2232 773 2252 a.
782 2232 826 2261 1052.

125 2259 232 2290 *aserurce
274 2259 460 2295 ³E.sancti;T.eninr.
500 2258 583 2290 ⁰E.acte.
623 2260 769 2293 'rdismdiendt

145 2299 150 2315 '³
161 2299 221 2328 Collect
228 2298 244 2327 in
251 2298 278 2328 Tr:

146 2337 194 2374 Deus
203 2342 230 2380 qui
238 2346 309 2371 sanctam
318 2343 363 2372 nobis
372 2343 419 2372 huius
428 2343 461 2373 diei
469 2343 596 2382 solempnitatem
606 2345 623 2374 in
633 2345 694 2375 honore
703 2346 754 2375 sancti
764 2346 827 2376 Patricii

124 2383 221 2414 confessoris
232 2382 254 2412 tui
264 2386 312 2420 atque
320 2383 398 2420 pontificis
408 2383 510 2421 consecrasti,
518 2384 573 2414 adesto
580 2385 638 2414 familie
647 2390 674 2415 tue
683 2385 756 2423 precibus
763 2391 779 2416 et
788 2386 826 2426 (sac)

124 2428 141 2454 ut
148 2424 193 2454 cuius
200 2423 240 2452 festa
247 2422 348 2458 celebramus,
356 2423 389 2452 eius
397 2424 452 2453 merito
459 2427 475 2453 et
481 2445 534 2454 .....
543 2434 553 2453 ο
559 2424 664 2462 subleuemur,
672 2434 706 2462 per.

145 2463 246 2500 Benedictus
256 2467 277 2496 sit
286 2467 358 2497 dominus
368 2467 482 2504 uniuersorum,
490 2468 516 2506 qui
526 2477 570 2498 suam
579 2469 648 2499 uisitauit
658 2470 719 2507 plebem
726 2480 755 2507 per
764 2470 826 2500 beatum

124 2508 218 2539 Patricium:
229 2506 273 2536 cuius
283 2515 330 2544 prece
340 2507 439 2535 absoluarnur
448 2516 457 2535 a
466 2508 532 2536 uinculis
543 2508 629 2546 criminum,
637 2514 653 2538 et
664 2509 718 2546 requie
728 2510 827 2546 perfruamur

123 2558 159 2580 cum
166 2548 193 2578 illo
200 2547 285 2577 beatorum.
307 2546 326 2576 V.
338 2545 371 2576 Ora
378 2556 407 2585 pro
414 2546 465 2577 nobis.

145 2586 255 2631 Omnipotens
261 2591 359 2631 sempiterne
366 2592 427 2624 deusti
433 2590 473 2632 (rest
479 2592 587 2633 unreadable).
