1762 2803
240 100 286 157 vo
300 97 401 153 seruo
417 99 545 153 wiltios
704 112 750 158 443

49 227 68 261 in
76 234 141 259 omnes
149 232 238 257 exercere
248 221 326 256 studete.
349 220 399 255 Nihil
410 220 434 255 sit
445 222 493 266 quod
501 231 534 256 vos
545 232 557 256 a
568 220 654 256 charitate
665 221 751 263 seducant

50 289 73 314 ne
81 277 104 312 ab
111 286 134 311 ea
141 286 177 320 que
184 275 203 309 in
212 275 286 309 Christo
297 278 325 308 est
335 273 439 308 sinceritate
450 273 524 308 cadatis.
547 273 623 318 Maligni
634 273 751 315 insidiatoris,

50 341 96 375 quos
104 326 189 362 fidelibus
196 326 260 367 tendit,
267 326 343 370 laqueos
351 326 409 361 nostis
416 338 421 361 t
433 338 469 372 que
478 326 571 372 figmenta,
578 327 625 360 sicut
632 337 643 361 a
651 337 682 361 me
689 326 752 371 sepius

50 381 131 422 audistis,
139 380 189 414 omni
197 379 313 414 solicitudine
324 385 387 414 cauete
395 385 418 422 et,
427 384 482 425 prout
490 389 521 414 me
531 379 591 414 facere
598 379 674 420 vidistit,
681 388 693 414 a
700 379 752 414 vobis

50 435 113 482 procul
125 433 201 468 abiicite.
224 433 265 467 Hee
276 433 334 475 facite,
346 438 364 468 ct
375 434 421 468 deus
432 433 484 477 pacis
494 432 529 467 erit
540 433 640 467 vobiscum.
663 432 686 466 Et
697 438 770 474 nunes

50 489 116 524 iratres
126 485 189 530 [mei]¹
197 485 314 529 (charissimi)
319 486 331 528 ²,
339 485 396 521 nolite
403 495 465 520 moras
473 485 542 520 inlerre
549 485 639 530 migranti.
656 484 695 520 Vos
702 484 752 520 enim

51 541 94 576 olim
109 550 139 573 me
154 539 178 573 ad
190 538 247 573 vitam
262 544 337 573 euntem
352 539 463 573 reuocastis:
482 538 516 572 sed
531 538 587 572 modo
601 537 675 583 parcite,
690 548 753 582 queso.

52 594 104 628 iuuat
114 590 163 626 enim
171 601 206 633 me,
215 590 298 636 deposito
309 591 370 625 carnis
379 602 436 627 onere
446 601 512 635 agnum
521 591 551 626 dei
558 590 622 635 sequi?
644 590 687 625 Hiis
694 590 753 632 dictis,

51 652 70 682 et
87 644 173 680 iratribus
191 643 239 679 circa
253 654 274 679 se
289 643 421 689 psallentibus:
441 655 482 679 euru
500 643 619 688 peruenirent
637 644 660 678 ad
678 654 753 678 versum

51 698 117 745 psalmi
135 697 231 732 centesimi
249 696 298 732 tertii
316 696 395 733 ‘Emitte
417 698 502 743 spiritum
523 703 574 733 tuum
595 702 614 733 et
632 698 782 739 creabuntur,¹1⁰

52 752 135 797 spiritum
147 761 201 785 suum
214 750 233 785 in
245 761 312 786 manus
325 751 413 786 creatoris
425 751 502 786 feliciter
510 750 576 792 emisit,
588 755 652 784 octauo
665 750 754 784 kalendas

52 803 100 844 maii,
115 813 164 836 anno
178 802 248 836 domini
263 802 429 847 septingentesimo
443 812 499 845 nono,
513 801 550 837 vite
563 802 603 837 eius
617 801 754 847 septuagesimo

52 855 119 900 quinto,
133 854 250 899 episcopatus
261 866 305 889 vero
317 866 366 889 anuo
378 855 518 900 quadragesimo
529 854 604 900 quinto:
617 860 635 889 et
647 855 667 889 in
680 865 754 890 monas-

52 908 97 943 terio
113 907 162 952 quod
179 906 220 951 ipse
236 908 285 952 apud
301 907 364 953 Ripun
380 919 391 943 a
409 908 534 943 fundamentis
549 913 682 950 construxerat,
696 907 754 942 hono-

52 961 102 996 rifice
114 960 207 1004 sepelitur.
257 953 317 995 Anno
327 967 388 996 autent
403 961 523 1006 depositionis
535 961 575 996 eius
587 966 699 1003 transcurso,
711 970 754 996 cum
764 968 782 999 15

52 1012 133 1048 maxima
147 1012 244 1047 multitudo
264 1013 327 1056 populi
340 1013 428 1048 excubias
447 1014 495 1047 eirca
513 1014 631 1058 sepulchrum
650 1013 691 1048 eius
706 1014 754 1048 cele-

52 1065 126 1099 bratura
137 1064 250 1106 conueniret,
258 1065 348 1110 aspiciunt
359 1071 377 1100 et
386 1076 428 1100 eece
440 1067 472 1100 lux
482 1066 546 1101 celitus
556 1067 580 1101 ab
591 1065 662 1101 oriente
673 1064 755 1101 demissa

53 1123 110 1152 totum
125 1117 186 1152 locum
201 1118 247 1152 miro
258 1118 357 1164 splendore
368 1118 467 1162 irradiauit,
479 1129 590 1165 omnemque
600 1118 659 1154 noctis
670 1123 689 1154 et
704 1123 754 1155 tene-

53 1172 126 1205 brarum
133 1171 230 1207 horrorem
235 1182 269 1207 sua
273 1173 366 1216 presentia
373 1172 464 1218 effuganit
479 1172 627 1216 Quodvidentes,
635 1172 666 1218 qui
673 1173 754 1212 aderant,

53 1234 120 1268 magna
134 1223 194 1259 leticia
206 1229 224 1258 et
237 1224 303 1269 gaudio
319 1225 384 1270 repleti
397 1231 445 1260 sunt.
473 1225 580 1270 Magnitudo
594 1225 642 1261 enim
654 1225 754 1270 signorum,
763 1236 783 1258 zo

53 1287 108 1320 quam
120 1278 144 1311 ad
157 1288 223 1321 corpus
235 1278 310 1312 eiusde
321 1279 351 1312 die
362 1278 382 1312 in
391 1279 441 1313 diem
452 1278 538 1312 dominus
549 1278 622 1322 operari
633 1289 671 1311 non
683 1277 755 1319 desinit,

53 1327 129 1362 merita³
138 1328 198 1373 ipsius
209 1328 264 1374 longe
276 1330 348 1374 lateque
359 1330 468 1373 declarabat,
480 1336 499 1365 et
510 1330 578 1375 insigni
589 1330 638 1364 fama
647 1329 755 1375 permotos*

54 1382 77 1415 acl
92 1381 200 1416 memoriam
215 1381 264 1417 illius
278 1384 387 1418 innumeros
399 1383 478 1428 populos
491 1383 609 1428 aggregabat.
661 1375 755 1418 Processu

53 1444 97 1469 vero
105 1434 198 1480 temporis
206 1435 254 1470 circa
261 1446 330 1471 annum
337 1436 406 1471 domini
414 1437 575 1481 nongentesimum
582 1435 755 1482 quinquagesimum

54 1498 128 1530 nonum,
136 1487 285 1534 archiepiscopus
296 1490 429 1524 cantuariensis
440 1490 488 1531 Odo,
497 1491 628 1524 eboracensem
641 1489 755 1533 prouinciam
764 1502 783 1533 ²5

54 1540 123 1582 adiens,
136 1541 185 1585 apud
199 1540 261 1586 Ripun
274 1541 339 1586 pergit,
352 1540 458 1577 monasterii
470 1541 519 1577 beati
531 1540 612 1577 Willridi
623 1540 756 1577 desolationem

54 1593 214 1629 consideraturus:
233 1599 252 1628 et
266 1594 340 1629 horrida
356 1595 454 1629 solitudine
468 1595 513 1638 visa,
528 1594 621 1630 lacbnmis
636 1605 694 1640 genas
712 1605 757 1629 suas

54 1644 113 1689 rigare
126 1646 179 1692 cepit
201 1646 252 1682 Ante
264 1647 295 1682 illa
310 1648 359 1682 enim
375 1653 460 1694 tempora
471 1648 542 1683 hostilis
554 1647 660 1683 Danorum⁵
671 1647 757 1683 incursus

55 1698 113 1743 ipsam
121 1700 240 1743 prouinciam,
248 1701 343 1737 demeritis
351 1702 453 1736 incolarum
462 1701 584 1747 exigentibus,
591 1701 692 1746 occupauit,
699 1701 757 1736 multa

55 1751 104 1786 milia
116 1753 211 1788 hominum
223 1754 319 1796 interiecit,
332 1759 350 1789 et
362 1755 424 1789 omnia
435 1755 475 1789 loca
485 1754 596 1789 monasterio
607 1754 666 1788 sancti
676 1754 756 1788 Wilsridi
764 1769 785 1799 30

55 1802 201 1840 circumiacentia
214 1805 295 1840 adinstar
308 1806 411 1841 solitudinis
423 1806 530 1842 deuastauit.
552 1806 685 1841 Monasterium
695 1805 756 1851 ipsum

55 1866 153 1899 peruasum
163 1868 184 1892 ac
193 1857 278 1900 dirutum,
286 1858 366 1893 serarum
374 1870 395 1894 ac
403 1859 538 1894 iumentorum³
545 1859 630 1894 sordibus
638 1858 697 1894 extitit
704 1858 756 1904 igno·

55 1908 163 1945 miniosum:
175 1922 242 1955 corpus
250 1912 334 1946 antistitis
342 1912 400 1946 sancti
410 1912 460 1946 omni
468 1913 538 1946 honore
545 1912 642 1956 priuatum,
650 1912 698 1946 inter
705 1912 756 1955 ipsas

56 1963 120 1997 sordes
133 1963 194 2008 primo
207 1963 301 2009 sepulture
314 1974 347 1999 sue
361 1965 400 1999 loco
416 1963 483 1999 mansit
498 1963 600 1999 immotum.
621 1964 700 1999 Sanctus
711 1975 756 1999 vero

56 2013 102 2057 Odo,
115 2017 207 2061 premissa
218 2016 351 2062 supplicatione
362 2018 385 2052 ad
399 2018 459 2059 deum,
471 2018 519 2061 quod
531 2017 562 2052 diu
573 2023 636 2052 mente
647 2022 757 2051 tractauerat
765 2030 784 2061 ³5

56 2077 111 2110 opere
119 2069 196 2114 implere
203 2070 309 2114 satagebat:
322 2070 369 2105 Nam
381 2075 448 2120 statuto
459 2069 488 2104 die
500 2075 574 2114 terram,
581 2069 612 2104 vbi
620 2080 687 2116 corpus
698 2069 757 2105 sancti

55 2118 136 2156 Wilsridi
151 2124 243 2169 sepultum
258 2123 333 2167 iacebat,
349 2124 438 2170 aperiunt,
453 2123 514 2159 omnia
530 2133 573 2159 ossa
591 2128 699 2159 reuerentet
715 2134 757 2158 cum

56 2175 132 2216 puluere
140 2176 206 2218 leuant,
215 2183 233 2212 et
244 2177 360 2212 cantuariam
372 2189 436 2214 secum
446 2188 488 2212 cum
498 2177 579 2212 maximo
591 2178 661 2212 honore
671 2183 690 2211 et
697 2176 758 2212 leticia

56 2228 172 2263 transierunt.
202 2228 241 2264 Nee
256 2234 317 2264 tamen
332 2231 382 2265 locus
397 2241 452 2274 quem
467 2230 508 2274 ipse
525 2230 642 2265 beatissimus
660 2229 758 2264 Wilsridus

56 2278 154 2325 episcopus
165 2282 209 2315 dum
221 2281 240 2316 in
252 2293 330 2327 corpore
338 2283 413 2327 degeret
421 2293 455 2327 pre
465 2282 531 2318 ceteris
539 2282 613 2325 amauit,
622 2282 669 2328 ipsis
676 2281 758 2328 reliquiis
766 2297 786 2327 4⁰

56 2333 129 2374 penitus
142 2334 235 2379 priuatur:
247 2335 339 2381 aliquanta
351 2347 415 2372 earum
427 2346 471 2381 pars
484 2337 507 2371 ab
519 2336 546 2371 eis
558 2341 586 2371 est
599 2346 640 2371 cum
651 2336 728 2381 puluere
738 2336 757 2371 in

56 2383 95 2419 loco
103 2387 184 2431 dimissa,
192 2393 247 2434 atque
255 2388 274 2423 in
281 2389 321 2425 loco
329 2389 445 2425 conuenienti
453 2388 539 2436 reposita.
562 2389 640 2426 Sanctus
648 2389 709 2435 itaque
717 2388 758 2425 Odo

76 2478 173 2512 ¹0m.inE.
218 2483 313 2512 ²om.inT‚
353 2483 458 2513 ³E.men·to.
499 2482 534 2513 ‘E.
543 2489 628 2521 permotus.
672 2483 759 2519 “alume

57 2516 112 2587 Ξῖἓὲθτ
121 2521 149 2567 ,ἀρ
160 2521 250 2567 floveden,
264 2532 307 2553 anuo
324 2523 360 2561 948,
373 2523 442 2554 ascribes
456 2523 484 2554 tlte
496 2522 597 2553 devastation
611 2527 628 2552 to
642 2522 686 2561 Kiug
699 2522 758 2554 Edred.

87 2559 113 2592 oli.
120 2569 223 2594 mimicorum.
