<?xml version="1.0" encoding="UTF-8"?>
<!DOCTYPE html PUBLIC "-//W3C//DTD XHTML 1.0 Transitional//EN"
    "http://www.w3.org/TR/xhtml1/DTD/xhtml1-transitional.dtd">
<html xmlns="http://www.w3.org/1999/xhtml" xml:lang="en" lang="en">
 <head>
  <title>
</title>
<meta http-equiv="Content-Type" content="text/html;charset=utf-8" />
  <meta name='ocr-system' content='tesseract 3.04.00' />
  <meta name='ocr-capabilities' content='ocr_page ocr_carea ocr_par ocr_line ocrx_word'/>
</head>
<body>
  <div class='ocr_page' id='page_1' title='image "./MN5111ucmf_0/MN5111ucmf_0_0720.png"; bbox 0 0 1762 2803; ppageno 0'>
   <div class='ocr_carea' id='block_1_1' title="bbox 91 78 622 184">
    <p class='ocr_par' dir='ltr' id='par_1_1' title="bbox 91 78 622 184">
     <span class='ocr_line' id='line_1_1' title="bbox 91 78 622 184; baseline 0.011 -18"><span class='ocrx_word' id='word_1_1' title='bbox 91 78 93 83; x_wconf 30' lang='lat'><strong>¹</strong></span> <span class='ocrx_word' id='word_1_2' title='bbox 114 135 156 178; x_wconf 84' lang='lat'>104</span> <span class='ocrx_word' id='word_1_3' title='bbox 191 160 194 172; x_wconf 16' lang='grc' dir='ltr'>Α,</span> <span class='ocrx_word' id='word_1_4' title='bbox 303 120 622 184; x_wconf 62' lang='lat' dir='ltr'>cunctitonanti,</span> 
     </span>
    </p>
   </div>
   <div class='ocr_carea' id='block_1_2' title="bbox 88 240 820 1342">
    <p class='ocr_par' dir='ltr' id='par_1_2' title="bbox 88 240 820 1342">
     <span class='ocr_line' id='line_1_2' title="bbox 113 240 814 285; baseline -0.003 -9"><span class='ocrx_word' id='word_1_5' title='bbox 113 253 157 277; x_wconf 84' lang='lat' dir='ltr'>auro</span> <span class='ocrx_word' id='word_1_6' title='bbox 171 243 266 277; x_wconf 80' lang='lat' dir='ltr'>contenta¹</span> <span class='ocrx_word' id='word_1_7' title='bbox 280 244 367 278; x_wconf 91' lang='lat' dir='ltr'>decenter</span> <span class='ocrx_word' id='word_1_8' title='bbox 378 243 429 277; x_wconf 91' lang='lat' dir='ltr'>illam</span> <span class='ocrx_word' id='word_1_9' title='bbox 440 253 514 285; x_wconf 88' lang='lat' dir='ltr'>ornans,</span> <span class='ocrx_word' id='word_1_10' title='bbox 526 242 582 277; x_wconf 84' lang='lat' dir='ltr'>dixit:</span> <span class='ocrx_word' id='word_1_11' title='bbox 600 242 675 276; x_wconf 87' lang='lat' dir='ltr'>‘Parata</span> <span class='ocrx_word' id='word_1_12' title='bbox 687 246 727 276; x_wconf 87' lang='lat' dir='ltr'>esto</span> <span class='ocrx_word' id='word_1_13' title='bbox 741 245 759 276; x_wconf 90' lang='lat' dir='ltr'>et</span> <span class='ocrx_word' id='word_1_14' title='bbox 772 240 814 275; x_wconf 89' lang='lat' dir='ltr'>veni</span> 
     </span>
     <span class='ocr_line' id='line_1_3' title="bbox 113 295 815 339; baseline -0.003 -10"><span class='ocrx_word' id='word_1_15' title='bbox 113 295 214 338; x_wconf 87' lang='lat' dir='ltr'>nobiscum,</span> <span class='ocrx_word' id='word_1_16' title='bbox 222 302 241 331; x_wconf 87' lang='lat' dir='ltr'>vt</span> <span class='ocrx_word' id='word_1_17' title='bbox 252 297 389 330; x_wconf 83' lang='lat' dir='ltr'>introducamus</span> <span class='ocrx_word' id='word_1_18' title='bbox 400 301 418 329; x_wconf 90' lang='lat' dir='ltr'>te</span> <span class='ocrx_word' id='word_1_19' title='bbox 430 296 449 329; x_wconf 93' lang='lat' dir='ltr'>in</span> <span class='ocrx_word' id='word_1_20' title='bbox 460 306 538 339; x_wconf 86' lang='lat' dir='ltr'>regnum</span> <span class='ocrx_word' id='word_1_21' title='bbox 549 295 606 338; x_wconf 90' lang='lat' dir='ltr'>patris</span> <span class='ocrx_word' id='word_1_22' title='bbox 617 295 654 329; x_wconf 68' lang='lat' dir='ltr'>tui!</span> <span class='ocrx_word' id='word_1_23' title='bbox 677 295 723 336; x_wconf 79' lang='lat' dir='ltr'>Que,</span> <span class='ocrx_word' id='word_1_24' title='bbox 732 305 773 328; x_wconf 91' lang='lat' dir='ltr'>cum</span> <span class='ocrx_word' id='word_1_25' title='bbox 782 304 815 337; x_wconf 92' lang='lat' dir='ltr'>pre</span> 
     </span>
     <span class='ocr_line' id='line_1_4' title="bbox 114 348 815 392; baseline -0.003 -9"><span class='ocrx_word' id='word_1_26' title='bbox 114 350 179 392; x_wconf 85' lang='lat' dir='ltr'>gaudio</span> <span class='ocrx_word' id='word_1_27' title='bbox 195 350 242 383; x_wconf 88' lang='lat' dir='ltr'>ssens</span> <span class='ocrx_word' id='word_1_28' title='bbox 258 351 333 392; x_wconf 84' lang='lat' dir='ltr'>angelos</span> <span class='ocrx_word' id='word_1_29' title='bbox 351 349 404 392; x_wconf 91' lang='lat' dir='ltr'>sequi</span> <span class='ocrx_word' id='word_1_30' title='bbox 418 349 478 389; x_wconf 64' lang='lat' dir='ltr'>vellet,</span> <span class='ocrx_word' id='word_1_31' title='bbox 494 349 583 392; x_wconf 83' lang='lat' dir='ltr'>euigilans</span> <span class='ocrx_word' id='word_1_32' title='bbox 602 348 660 382; x_wconf 88' lang='lat' dir='ltr'>sensit</span> <span class='ocrx_word' id='word_1_33' title='bbox 675 359 743 391; x_wconf 90' lang='lat' dir='ltr'>corpus</span> <span class='ocrx_word' id='word_1_34' title='bbox 761 357 815 381; x_wconf 91' lang='lat' dir='ltr'>suum</span> 
     </span>
     <span class='ocr_line' id='line_1_5' title="bbox 114 400 816 445; baseline -0.003 -11"><span class='ocrx_word' id='word_1_35' title='bbox 114 401 195 435; x_wconf 82' lang='lat' dir='ltr'>febribus</span> <span class='ocrx_word' id='word_1_36' title='bbox 200 401 295 445; x_wconf 82' lang='lat' dir='ltr'>aggrauari</span> <span class='ocrx_word' id='word_1_37' title='bbox 304 406 322 433; x_wconf 87' lang='lat' dir='ltr'>et</span> <span class='ocrx_word' id='word_1_38' title='bbox 327 402 383 433; x_wconf 85' lang='lat' dir='ltr'>finem</span> <span class='ocrx_word' id='word_1_39' title='bbox 390 411 443 433; x_wconf 91' lang='lat' dir='ltr'>suum</span> <span class='ocrx_word' id='word_1_40' title='bbox 448 402 556 434; x_wconf 88' lang='lat' dir='ltr'>imminere:</span> <span class='ocrx_word' id='word_1_41' title='bbox 565 401 669 443; x_wconf 79' lang='lat' dir='ltr'>accitoque²</span> <span class='ocrx_word' id='word_1_42' title='bbox 675 400 816 433; x_wconf 86' lang='lat' dir='ltr'>sanctoCadoco</span> 
     </span>
     <span class='ocr_line' id='line_1_6' title="bbox 96 452 815 497; baseline -0.006 -9"><span class='ocrx_word' id='word_1_43' title='bbox 96 464 105 495; x_wconf 86' lang='lat'><strong>5</strong></span> <span class='ocrx_word' id='word_1_44' title='bbox 114 455 148 489; x_wconf 83' lang='lat' dir='ltr'>ait:</span> <span class='ocrx_word' id='word_1_45' title='bbox 161 454 232 488; x_wconf 88' lang='lat' dir='ltr'>‘Locus</span> <span class='ocrx_word' id='word_1_46' title='bbox 239 453 274 487; x_wconf 87' lang='lat' dir='ltr'>iste</span> <span class='ocrx_word' id='word_1_47' title='bbox 282 459 310 488; x_wconf 86' lang='lat' dir='ltr'>est</span> <span class='ocrx_word' id='word_1_48' title='bbox 318 464 373 497; x_wconf 90' lang='lat' dir='ltr'>quem</span> <span class='ocrx_word' id='word_1_49' title='bbox 381 464 415 496; x_wconf 90' lang='lat' dir='ltr'>pre</span> <span class='ocrx_word' id='word_1_50' title='bbox 423 453 489 488; x_wconf 88' lang='lat' dir='ltr'>ceteris</span> <span class='ocrx_word' id='word_1_51' title='bbox 499 453 565 497; x_wconf 84' lang='lat' dir='ltr'>diligo:</span> <span class='ocrx_word' id='word_1_52' title='bbox 578 453 607 487; x_wconf 89' lang='lat' dir='ltr'>hic</span> <span class='ocrx_word' id='word_1_53' title='bbox 618 452 652 486; x_wconf 87' lang='lat' dir='ltr'>erit</span> <span class='ocrx_word' id='word_1_54' title='bbox 663 452 752 486; x_wconf 89' lang='lat' dir='ltr'>memoria</span> <span class='ocrx_word' id='word_1_55' title='bbox 764 462 815 485; x_wconf 87' lang='lat' dir='ltr'>mea:</span> 
     </span>
     <span class='ocr_line' id='line_1_7' title="bbox 114 504 816 550; baseline -0.003 -9"><span class='ocrx_word' id='word_1_56' title='bbox 114 508 174 541; x_wconf 89' lang='lat' dir='ltr'>locum</span> <span class='ocrx_word' id='word_1_57' title='bbox 183 507 231 540; x_wconf 90' lang='lat' dir='ltr'>hunc</span> <span class='ocrx_word' id='word_1_58' title='bbox 239 505 301 550; x_wconf 89' lang='lat' dir='ltr'>sepius</span> <span class='ocrx_word' id='word_1_59' title='bbox 309 506 328 539; x_wconf 92' lang='lat' dir='ltr'>in</span> <span class='ocrx_word' id='word_1_60' title='bbox 339 506 410 549; x_wconf 85' lang='lat' dir='ltr'>spiritu,</span> <span class='ocrx_word' id='word_1_61' title='bbox 418 506 434 539; x_wconf 94' lang='lat' dir='ltr'>si</span> <span class='ocrx_word' id='word_1_62' title='bbox 444 506 518 546; x_wconf 85' lang='lat' dir='ltr'>licuerit,</span> <span class='ocrx_word' id='word_1_63' title='bbox 527 506 614 541; x_wconf 86' lang='lat' dir='ltr'>visitabo:</span> <span class='ocrx_word' id='word_1_64' title='bbox 627 506 687 540; x_wconf 84' lang='lat' dir='ltr'>licebit</span> <span class='ocrx_word' id='word_1_65' title='bbox 698 511 765 548; x_wconf 86' lang='lat' dir='ltr'>autem,</span> <span class='ocrx_word' id='word_1_66' title='bbox 774 504 816 548; x_wconf 88' lang='lat' dir='ltr'>quia</span> 
     </span>
     <span class='ocr_line' id='line_1_8' title="bbox 115 558 816 604; baseline -0.006 -9"><span class='ocrx_word' id='word_1_67' title='bbox 115 560 200 595; x_wconf 88' lang='lat' dir='ltr'>dominus</span> <span class='ocrx_word' id='word_1_68' title='bbox 209 559 257 595; x_wconf 85' lang='lat' dir='ltr'>hunc</span> <span class='ocrx_word' id='word_1_69' title='bbox 267 558 322 594; x_wconf 91' lang='lat' dir='ltr'>michi</span> <span class='ocrx_word' id='word_1_70' title='bbox 333 559 393 593; x_wconf 90' lang='lat' dir='ltr'>locum</span> <span class='ocrx_word' id='word_1_71' title='bbox 404 558 443 593; x_wconf 92' lang='lat' dir='ltr'>iure</span> <span class='ocrx_word' id='word_1_72' title='bbox 455 558 565 594; x_wconf 89' lang='lat' dir='ltr'>hereditario</span> <span class='ocrx_word' id='word_1_73' title='bbox 575 559 709 604; x_wconf 89' lang='lat' dir='ltr'>possidendum</span> <span class='ocrx_word' id='word_1_74' title='bbox 721 558 816 593; x_wconf 85' lang='lat' dir='ltr'>concessit.</span> 
     </span>
     <span class='ocr_line' id='line_1_9' title="bbox 116 611 817 657; baseline -0.004 -10"><span class='ocrx_word' id='word_1_75' title='bbox 116 614 204 647; x_wconf 88' lang='lat' dir='ltr'>Futurum</span> <span class='ocrx_word' id='word_1_76' title='bbox 212 619 241 647; x_wconf 89' lang='lat' dir='ltr'>est</span> <span class='ocrx_word' id='word_1_77' title='bbox 248 618 309 646; x_wconf 89' lang='lat' dir='ltr'>autem</span> <span class='ocrx_word' id='word_1_78' title='bbox 318 614 367 657; x_wconf 87' lang='lat' dir='ltr'>quod</span> <span class='ocrx_word' id='word_1_79' title='bbox 377 613 428 646; x_wconf 92' lang='lat' dir='ltr'>locus</span> <span class='ocrx_word' id='word_1_80' title='bbox 439 614 474 647; x_wconf 90' lang='lat' dir='ltr'>iste</span> <span class='ocrx_word' id='word_1_81' title='bbox 485 612 615 647; x_wconf 81' lang='lat' dir='ltr'>inhabitabitur</span> <span class='ocrx_word' id='word_1_82' title='bbox 624 624 635 647; x_wconf 85' lang='lat' dir='ltr'>a</span> <span class='ocrx_word' id='word_1_83' title='bbox 645 617 700 656; x_wconf 86' lang='lat' dir='ltr'>gente</span> <span class='ocrx_word' id='word_1_84' title='bbox 709 611 817 656; x_wconf 79' lang='lat' dir='ltr'>peccatrice,</span> 
     </span>
     <span class='ocr_line' id='line_1_10' title="bbox 115 664 818 710; baseline -0.001 -11"><span class='ocrx_word' id='word_1_85' title='bbox 115 666 182 710; x_wconf 80' lang='lat' dir='ltr'>quam³</span> <span class='ocrx_word' id='word_1_86' title='bbox 190 677 224 709; x_wconf 86' lang='lat' dir='ltr'>ego</span> <span class='ocrx_word' id='word_1_87' title='bbox 234 666 324 700; x_wconf 82' lang='lat' dir='ltr'>violenter</span> <span class='ocrx_word' id='word_1_88' title='bbox 336 666 359 700; x_wconf 82' lang='lat' dir='ltr'>ab</span> <span class='ocrx_word' id='word_1_89' title='bbox 371 665 406 700; x_wconf 91' lang='lat' dir='ltr'>hiis</span> <span class='ocrx_word' id='word_1_90' title='bbox 418 666 493 700; x_wconf 90' lang='lat' dir='ltr'>sedibus</span> <span class='ocrx_word' id='word_1_91' title='bbox 504 666 610 709; x_wconf 74' lang='lat' dir='ltr'>extirpab03</span> <span class='ocrx_word' id='word_1_92' title='bbox 624 665 725 710; x_wconf 85' lang='lat' dir='ltr'>iacebitque</span> <span class='ocrx_word' id='word_1_93' title='bbox 737 664 818 699; x_wconf 87' lang='lat' dir='ltr'>tumulus</span> 
     </span>
     <span class='ocr_line' id='line_1_11' title="bbox 88 717 818 763; baseline -0.003 -10"><span class='ocrx_word' id='word_1_94' title='bbox 88 734 107 757; x_wconf 88' lang='lat'>10</span> <span class='ocrx_word' id='word_1_95' title='bbox 115 728 168 753; x_wconf 85' lang='lat' dir='ltr'>meus</span> <span class='ocrx_word' id='word_1_96' title='bbox 176 718 237 753; x_wconf 91' lang='lat' dir='ltr'>multis</span> <span class='ocrx_word' id='word_1_97' title='bbox 245 718 309 753; x_wconf 86' lang='lat' dir='ltr'>diebus</span> <span class='ocrx_word' id='word_1_98' title='bbox 321 718 430 763; x_wconf 78' lang='lat' dir='ltr'>incognitus,</span> <span class='ocrx_word' id='word_1_99' title='bbox 442 719 500 753; x_wconf 90' lang='lat' dir='ltr'>donec</span> <span class='ocrx_word' id='word_1_100' title='bbox 509 719 584 753; x_wconf 89' lang='lat' dir='ltr'>veniant</span> <span class='ocrx_word' id='word_1_101' title='bbox 593 718 623 752; x_wconf 91' lang='lat' dir='ltr'>alii</span> <span class='ocrx_word' id='word_1_102' title='bbox 631 729 677 763; x_wconf 92' lang='lat' dir='ltr'>quos</span> <span class='ocrx_word' id='word_1_103' title='bbox 688 729 722 762; x_wconf 85' lang='lat' dir='ltr'>ego</span> <span class='ocrx_word' id='word_1_104' title='bbox 732 717 818 762; x_wconf 80' lang='lat' dir='ltr'>precibus</span> 
     </span>
     <span class='ocr_line' id='line_1_12' title="bbox 115 770 818 813; baseline 0 -9"><span class='ocrx_word' id='word_1_105' title='bbox 115 770 162 804; x_wconf 89' lang='lat' dir='ltr'>meis</span> <span class='ocrx_word' id='word_1_106' title='bbox 170 772 205 804; x_wconf 90' lang='lat' dir='ltr'>huc</span> <span class='ocrx_word' id='word_1_107' title='bbox 213 772 308 812; x_wconf 81' lang='lat' dir='ltr'>adducam,</span> <span class='ocrx_word' id='word_1_108' title='bbox 316 776 412 813; x_wconf 84' lang='lat' dir='ltr'>protegam</span> <span class='ocrx_word' id='word_1_109' title='bbox 420 776 438 804; x_wconf 86' lang='lat' dir='ltr'>et</span> <span class='ocrx_word' id='word_1_110' title='bbox 445 772 549 812; x_wconf 86' lang='lat' dir='ltr'>defendam,</span> <span class='ocrx_word' id='word_1_111' title='bbox 557 777 575 805; x_wconf 92' lang='lat' dir='ltr'>et</span> <span class='ocrx_word' id='word_1_112' title='bbox 583 771 602 805; x_wconf 89' lang='lat' dir='ltr'>in</span> <span class='ocrx_word' id='word_1_113' title='bbox 610 772 644 805; x_wconf 91' lang='lat' dir='ltr'>hoc</span> <span class='ocrx_word' id='word_1_114' title='bbox 652 772 691 805; x_wconf 91' lang='lat' dir='ltr'>loco</span> <span class='ocrx_word' id='word_1_115' title='bbox 699 771 818 804; x_wconf 87' lang='lat' dir='ltr'>benedicetur</span> 
     </span>
     <span class='ocr_line' id='line_1_13' title="bbox 115 821 818 866; baseline -0.003 -10"><span class='ocrx_word' id='word_1_116' title='bbox 115 833 184 856; x_wconf 91' lang='lat' dir='ltr'>nomen</span> <span class='ocrx_word' id='word_1_117' title='bbox 196 822 266 855; x_wconf 87' lang='lat' dir='ltr'>domini</span> <span class='ocrx_word' id='word_1_118' title='bbox 277 822 296 855; x_wconf 87' lang='lat' dir='ltr'>in</span> <span class='ocrx_word' id='word_1_119' title='bbox 307 825 401 856; x_wconf 72' lang='lat' dir='ltr'>eternum!</span> <span class='ocrx_word' id='word_1_120' title='bbox 430 822 453 855; x_wconf 88' lang='lat' dir='ltr'>Et</span> <span class='ocrx_word' id='word_1_121' title='bbox 464 833 506 856; x_wconf 91' lang='lat' dir='ltr'>cum</span> <span class='ocrx_word' id='word_1_122' title='bbox 518 823 597 856; x_wconf 86' lang='lat' dir='ltr'>animaa</span> <span class='ocrx_word' id='word_1_123' title='bbox 608 833 685 866; x_wconf 90' lang='lat' dir='ltr'>corpore</span> <span class='ocrx_word' id='word_1_124' title='bbox 696 822 759 865; x_wconf 85' lang='lat' dir='ltr'>egredi</span> <span class='ocrx_word' id='word_1_125' title='bbox 768 821 818 855; x_wconf 82' lang='lat' dir='ltr'>lesti-</span> 
     </span>
     <span class='ocr_line' id='line_1_14' title="bbox 116 874 819 920; baseline -0.001 -11"><span class='ocrx_word' id='word_1_126' title='bbox 116 881 175 918; x_wconf 87' lang='lat' dir='ltr'>naret,</span> <span class='ocrx_word' id='word_1_127' title='bbox 186 875 231 910; x_wconf 89' lang='lat' dir='ltr'>vidit</span> <span class='ocrx_word' id='word_1_128' title='bbox 243 881 285 909; x_wconf 89' lang='lat' dir='ltr'>ante</span> <span class='ocrx_word' id='word_1_129' title='bbox 297 886 318 909; x_wconf 89' lang='lat' dir='ltr'>se</span> <span class='ocrx_word' id='word_1_130' title='bbox 330 875 432 920; x_wconf 86' lang='lat' dir='ltr'>angelicum</span> <span class='ocrx_word' id='word_1_131' title='bbox 446 876 552 918; x_wconf 85' lang='lat' dir='ltr'>exercitum,</span> <span class='ocrx_word' id='word_1_132' title='bbox 565 875 623 910; x_wconf 79' lang='lat' dir='ltr'>intra⁴</span> <span class='ocrx_word' id='word_1_133' title='bbox 635 875 669 910; x_wconf 91' lang='lat' dir='ltr'>celi</span> <span class='ocrx_word' id='word_1_134' title='bbox 680 874 767 919; x_wconf 87' lang='lat' dir='ltr'>palatium</span> <span class='ocrx_word' id='word_1_135' title='bbox 778 874 819 908; x_wconf 87' lang='lat' dir='ltr'>sine</span> 
     </span>
     <span class='ocr_line' id='line_1_15' title="bbox 117 928 818 973; baseline -0.001 -10"><span class='ocrx_word' id='word_1_136' title='bbox 117 933 168 963; x_wconf 86' lang='lat' dir='ltr'>metu</span> <span class='ocrx_word' id='word_1_137' title='bbox 176 934 194 963; x_wconf 88' lang='lat' dir='ltr'>et</span> <span class='ocrx_word' id='word_1_138' title='bbox 202 930 283 973; x_wconf 92' lang='lat' dir='ltr'>periculo</span> <span class='ocrx_word' id='word_1_139' title='bbox 291 929 371 963; x_wconf 90' lang='lat' dir='ltr'>animam</span> <span class='ocrx_word' id='word_1_140' title='bbox 379 929 426 962; x_wconf 91' lang='lat' dir='ltr'>illius</span> <span class='ocrx_word' id='word_1_141' title='bbox 435 940 476 963; x_wconf 85' lang='lat' dir='ltr'>curn</span> <span class='ocrx_word' id='word_1_142' title='bbox 484 930 550 973; x_wconf 82' lang='lat' dir='ltr'>gaudio</span> <span class='ocrx_word' id='word_1_143' title='bbox 558 929 652 973; x_wconf 88' lang='lat' dir='ltr'>suscipere</span> <span class='ocrx_word' id='word_1_144' title='bbox 660 934 749 973; x_wconf 86' lang='lat' dir='ltr'>paratum.</span> <span class='ocrx_word' id='word_1_145' title='bbox 765 928 818 970; x_wconf 80' lang='lat' dir='ltr'>Quod</span> 
     </span>
     <span class='ocr_line' id='line_1_16' title="bbox 90 981 819 1026; baseline -0.004 -9"><span class='ocrx_word' id='word_1_146' title='bbox 90 995 107 1026; x_wconf 82' lang='lat'>¹5</span> <span class='ocrx_word' id='word_1_147' title='bbox 117 992 159 1016; x_wconf 89' lang='lat' dir='ltr'>cum</span> <span class='ocrx_word' id='word_1_148' title='bbox 171 982 272 1018; x_wconf 88' lang='lat' dir='ltr'>astantibus</span> <span class='ocrx_word' id='word_1_149' title='bbox 281 981 385 1025; x_wconf 85' lang='lat' dir='ltr'>indicasset,</span> <span class='ocrx_word' id='word_1_150' title='bbox 394 987 457 1017; x_wconf 88' lang='lat' dir='ltr'>sancta</span> <span class='ocrx_word' id='word_1_151' title='bbox 468 982 499 1016; x_wconf 87' lang='lat' dir='ltr'>illa</span> <span class='ocrx_word' id='word_1_152' title='bbox 510 982 571 1017; x_wconf 87' lang='lat' dir='ltr'>anima</span> <span class='ocrx_word' id='word_1_153' title='bbox 583 982 608 1025; x_wconf 85' lang='lat' dir='ltr'>[a]</span> <span class='ocrx_word' id='word_1_154' title='bbox 615 981 622 1000; x_wconf 76' lang='lat'>⁵</span> <span class='ocrx_word' id='word_1_155' title='bbox 630 992 706 1026; x_wconf 89' lang='lat' dir='ltr'>corpore</span> <span class='ocrx_word' id='word_1_156' title='bbox 719 982 778 1015; x_wconf 90' lang='lat' dir='ltr'>soluta</span> <span class='ocrx_word' id='word_1_157' title='bbox 785 986 819 1022; x_wconf 83' lang='lat' dir='ltr'>est,</span> 
     </span>
     <span class='ocr_line' id='line_1_17' title="bbox 118 1034 819 1078; baseline -0.001 -10"><span class='ocrx_word' id='word_1_158' title='bbox 118 1040 182 1068; x_wconf 89' lang='lat' dir='ltr'>octauo</span> <span class='ocrx_word' id='word_1_159' title='bbox 190 1034 231 1069; x_wconf 90' lang='lat' dir='ltr'>idus</span> <span class='ocrx_word' id='word_1_160' title='bbox 240 1035 324 1068; x_wconf 90' lang='lat' dir='ltr'>octobris.</span> <span class='ocrx_word' id='word_1_161' title='bbox 340 1035 380 1076; x_wconf 86' lang='lat' dir='ltr'>Que</span> <span class='ocrx_word' id='word_1_162' title='bbox 388 1046 430 1069; x_wconf 92' lang='lat' dir='ltr'>cum</span> <span class='ocrx_word' id='word_1_163' title='bbox 438 1036 557 1078; x_wconf 86' lang='lat' dir='ltr'>egrederetur</span> <span class='ocrx_word' id='word_1_164' title='bbox 564 1046 575 1069; x_wconf 95' lang='lat' dir='ltr'>a</span> <span class='ocrx_word' id='word_1_165' title='bbox 583 1046 665 1078; x_wconf 86' lang='lat' dir='ltr'>corpore,</span> <span class='ocrx_word' id='word_1_166' title='bbox 673 1034 748 1070; x_wconf 86' lang='lat' dir='ltr'>subrisit</span> <span class='ocrx_word' id='word_1_167' title='bbox 756 1039 819 1068; x_wconf 86' lang='lat' dir='ltr'>sancta</span> 
     </span>
     <span class='ocr_line' id='line_1_18' title="bbox 118 1086 820 1130; baseline -0.001 -10"><span class='ocrx_word' id='word_1_168' title='bbox 118 1086 174 1121; x_wconf 89' lang='lat' dir='ltr'>facies</span> <span class='ocrx_word' id='word_1_169' title='bbox 182 1086 245 1129; x_wconf 89' lang='lat' dir='ltr'>ipsius,</span> <span class='ocrx_word' id='word_1_170' title='bbox 253 1097 327 1120; x_wconf 88' lang='lat' dir='ltr'>roseum</span> <span class='ocrx_word' id='word_1_171' title='bbox 338 1087 417 1120; x_wconf 89' lang='lat' dir='ltr'>induens</span> <span class='ocrx_word' id='word_1_172' title='bbox 428 1087 514 1129; x_wconf 87' lang='lat' dir='ltr'>colorem,</span> <span class='ocrx_word' id='word_1_173' title='bbox 522 1092 608 1130; x_wconf 88' lang='lat' dir='ltr'>tantaque</span> <span class='ocrx_word' id='word_1_174' title='bbox 619 1087 713 1121; x_wconf 86' lang='lat' dir='ltr'>suauitatis</span> <span class='ocrx_word' id='word_1_175' title='bbox 723 1087 820 1129; x_wconf 83' lang='lat' dir='ltr'>fragrantia</span> 
     </span>
     <span class='ocr_line' id='line_1_19' title="bbox 118 1139 820 1183; baseline -0.001 -10"><span class='ocrx_word' id='word_1_176' title='bbox 118 1150 142 1174; x_wconf 84' lang='lat' dir='ltr'>en</span> <span class='ocrx_word' id='word_1_177' title='bbox 149 1150 226 1183; x_wconf 88' lang='lat' dir='ltr'>corpore</span> <span class='ocrx_word' id='word_1_178' title='bbox 234 1139 316 1183; x_wconf 84' lang='lat' dir='ltr'>virgineo</span> <span class='ocrx_word' id='word_1_179' title='bbox 324 1140 440 1183; x_wconf 85' lang='lat' dir='ltr'>procedebat,</span> <span class='ocrx_word' id='word_1_180' title='bbox 446 1140 494 1183; x_wconf 89' lang='lat' dir='ltr'>quod</span> <span class='ocrx_word' id='word_1_181' title='bbox 503 1150 568 1174; x_wconf 88' lang='lat' dir='ltr'>omnes</span> <span class='ocrx_word' id='word_1_182' title='bbox 576 1139 606 1183; x_wconf 91' lang='lat' dir='ltr'>qui</span> <span class='ocrx_word' id='word_1_183' title='bbox 614 1140 695 1180; x_wconf 86' lang='lat' dir='ltr'>aderant,</span> <span class='ocrx_word' id='word_1_184' title='bbox 703 1150 724 1173; x_wconf 92' lang='lat' dir='ltr'>se</span> <span class='ocrx_word' id='word_1_185' title='bbox 731 1149 772 1173; x_wconf 88' lang='lat' dir='ltr'>cum</span> <span class='ocrx_word' id='word_1_186' title='bbox 780 1139 820 1182; x_wconf 84' lang='lat' dir='ltr'>ipsa</span> 
     </span>
     <span class='ocr_line' id='line_1_20' title="bbox 118 1191 820 1236; baseline 0 -11"><span class='ocrx_word' id='word_1_187' title='bbox 118 1196 205 1236; x_wconf 84' lang='lat' dir='ltr'>putarent</span> <span class='ocrx_word' id='word_1_188' title='bbox 213 1192 232 1225; x_wconf 91' lang='lat' dir='ltr'>in</span> <span class='ocrx_word' id='word_1_189' title='bbox 240 1191 320 1235; x_wconf 84' lang='lat' dir='ltr'>paradisi</span> <span class='ocrx_word' id='word_1_190' title='bbox 329 1192 386 1235; x_wconf 83' lang='lat' dir='ltr'>gloria</span> <span class='ocrx_word' id='word_1_191' title='bbox 397 1192 500 1228; x_wconf 88' lang='lat' dir='ltr'>collocatos.</span> <span class='ocrx_word' id='word_1_192' title='bbox 523 1193 612 1236; x_wconf 84' lang='lat' dir='ltr'>Sepeliuit</span> <span class='ocrx_word' id='word_1_193' title='bbox 622 1198 684 1227; x_wconf 87' lang='lat' dir='ltr'>autem</span> <span class='ocrx_word' id='word_1_194' title='bbox 694 1202 735 1226; x_wconf 89' lang='lat' dir='ltr'>eam</span> <span class='ocrx_word' id='word_1_195' title='bbox 746 1198 820 1226; x_wconf 85' lang='lat' dir='ltr'>sanctus</span> 
     </span>
     <span class='ocr_line' id='line_1_21' title="bbox 91 1245 820 1287; baseline 0.001 -10"><span class='ocrx_word' id='word_1_196' title='bbox 91 1257 110 1277; x_wconf 85' lang='lat'>20</span> <span class='ocrx_word' id='word_1_197' title='bbox 119 1245 202 1279; x_wconf 87' lang='lat' dir='ltr'>Cadocus</span> <span class='ocrx_word' id='word_1_198' title='bbox 214 1245 233 1278; x_wconf 91' lang='lat' dir='ltr'>in</span> <span class='ocrx_word' id='word_1_199' title='bbox 244 1245 322 1278; x_wconf 88' lang='lat' dir='ltr'>oratorio</span> <span class='ocrx_word' id='word_1_200' title='bbox 336 1256 375 1287; x_wconf 80' lang='lat' dir='ltr'>suc,</span> <span class='ocrx_word' id='word_1_201' title='bbox 386 1245 416 1278; x_wconf 90' lang='lat' dir='ltr'>vbi</span> <span class='ocrx_word' id='word_1_202' title='bbox 428 1245 447 1278; x_wconf 92' lang='lat' dir='ltr'>in</span> <span class='ocrx_word' id='word_1_203' title='bbox 459 1251 522 1279; x_wconf 84' lang='lat' dir='ltr'>sancta</span> <span class='ocrx_word' id='word_1_204' title='bbox 535 1246 674 1279; x_wconf 88' lang='lat' dir='ltr'>conuersatione</span> <span class='ocrx_word' id='word_1_205' title='bbox 690 1246 752 1279; x_wconf 92' lang='lat' dir='ltr'>multis</span> <span class='ocrx_word' id='word_1_206' title='bbox 766 1245 820 1278; x_wconf 89' lang='lat' dir='ltr'>annis</span> 
     </span>
     <span class='ocr_line' id='line_1_22' title="bbox 118 1297 540 1342; baseline 0 -10"><span class='ocrx_word' id='word_1_207' title='bbox 118 1298 174 1332; x_wconf 87' lang='lat' dir='ltr'>vitam</span> <span class='ocrx_word' id='word_1_208' title='bbox 183 1297 293 1331; x_wconf 84' lang='lat' dir='ltr'>artissimam</span> <span class='ocrx_word' id='word_1_209' title='bbox 301 1302 319 1331; x_wconf 89' lang='lat' dir='ltr'>et</span> <span class='ocrx_word' id='word_1_210' title='bbox 327 1299 362 1332; x_wconf 90' lang='lat' dir='ltr'>deo</span> <span class='ocrx_word' id='word_1_211' title='bbox 372 1298 475 1342; x_wconf 83' lang='lat' dir='ltr'>placentem</span> <span class='ocrx_word' id='word_1_212' title='bbox 484 1298 540 1332; x_wconf 85' lang='lat' dir='ltr'>duxit.</span> 
     </span>
    </p>
   </div>
   <div class='ocr_carea' id='block_1_3' title="bbox 143 1475 534 1531">
    <p class='ocr_par' dir='ltr' id='par_1_3' title="bbox 143 1475 534 1531">
     <span class='ocr_line' id='line_1_23' title="bbox 143 1475 534 1531; baseline -0.033 -10"><span class='ocrx_word' id='word_1_213' title='bbox 143 1486 185 1531; x_wconf 88' lang='lat' dir='ltr'>[Ms.</span> <span class='ocrx_word' id='word_1_214' title='bbox 193 1486 234 1521; x_wconf 91' lang='lat' dir='ltr'>Tib.</span> <span class='ocrx_word' id='word_1_215' title='bbox 242 1487 298 1522; x_wconf 88' lang='lat' dir='ltr'>adds:</span> <span class='ocrx_word' id='word_1_216' title='bbox 407 1476 422 1514; x_wconf 72' lang='lat' dir='ltr'>*l</span> <span class='ocrx_word' id='word_1_217' title='bbox 433 1475 534 1511; x_wconf 74' lang='lat' dir='ltr'>Narraabl.</span> 
     </span>
    </p>
   </div>
   <div class='ocr_carea' id='block_1_4' title="bbox 94 1547 825 2076">
    <p class='ocr_par' dir='ltr' id='par_1_4' title="bbox 120 1547 823 1705">
     <span class='ocr_line' id='line_1_24' title="bbox 144 1547 822 1600; baseline 0 -11"><span class='ocrx_word' id='word_1_218' title='bbox 144 1547 189 1589; x_wconf 86' lang='lat' dir='ltr'>Duo</span> <span class='ocrx_word' id='word_1_219' title='bbox 207 1554 272 1590; x_wconf 84' lang='lat' dir='ltr'>fratres</span> <span class='ocrx_word' id='word_1_220' title='bbox 291 1555 391 1599; x_wconf 81' lang='lat' dir='ltr'>impugnati</span> <span class='ocrx_word' id='word_1_221' title='bbox 407 1566 417 1590; x_wconf 87' lang='lat' dir='ltr'>a</span> <span class='ocrx_word' id='word_1_222' title='bbox 434 1555 561 1598; x_wconf 69' lang='lat' dir='ltr'>sornimcione,</span> <span class='ocrx_word' id='word_1_223' title='bbox 577 1555 660 1591; x_wconf 89' lang='lat' dir='ltr'>abierunt</span> <span class='ocrx_word' id='word_1_224' title='bbox 675 1560 693 1589; x_wconf 87' lang='lat' dir='ltr'>et</span> <span class='ocrx_word' id='word_1_225' title='bbox 712 1560 822 1600; x_wconf 81' lang='lat' dir='ltr'>aeceperunt</span> 
     </span>
     <span class='ocr_line' id='line_1_25' title="bbox 120 1608 823 1652; baseline -0.001 -9"><span class='ocrx_word' id='word_1_226' title='bbox 120 1619 200 1650; x_wconf 74' lang='lat' dir='ltr'>uxores5</span> <span class='ocrx_word' id='word_1_227' title='bbox 218 1613 282 1652; x_wconf 89' lang='lat' dir='ltr'>postea</span> <span class='ocrx_word' id='word_1_228' title='bbox 294 1614 355 1643; x_wconf 87' lang='lat' dir='ltr'>autem</span> <span class='ocrx_word' id='word_1_229' title='bbox 368 1609 454 1643; x_wconf 83' lang='lat' dir='ltr'>dixerunt</span> <span class='ocrx_word' id='word_1_230' title='bbox 465 1610 488 1643; x_wconf 91' lang='lat' dir='ltr'>ad</span> <span class='ocrx_word' id='word_1_231' title='bbox 500 1609 590 1644; x_wconf 90' lang='lat' dir='ltr'>inuicem:</span> <span class='ocrx_word' id='word_1_232' title='bbox 610 1608 668 1651; x_wconf 78' lang='lat' dir='ltr'>‘Quid</span> <span class='ocrx_word' id='word_1_233' title='bbox 681 1608 746 1642; x_wconf 84' lang='lat' dir='ltr'>lucrati</span> <span class='ocrx_word' id='word_1_234' title='bbox 759 1619 823 1642; x_wconf 91' lang='lat' dir='ltr'>sumus</span> 
     </span>
     <span class='ocr_line' id='line_1_26' title="bbox 121 1661 823 1705; baseline 0 -11"><span class='ocrx_word' id='word_1_235' title='bbox 121 1661 163 1705; x_wconf 88' lang='lat' dir='ltr'>quia</span> <span class='ocrx_word' id='word_1_236' title='bbox 171 1662 287 1695; x_wconf 87' lang='lat' dir='ltr'>deseruimus</span> <span class='ocrx_word' id='word_1_237' title='bbox 295 1662 397 1705; x_wconf 83' lang='lat' dir='ltr'>angelicum</span> <span class='ocrx_word' id='word_1_238' title='bbox 408 1662 492 1695; x_wconf 88' lang='lat' dir='ltr'>ordinem</span> <span class='ocrx_word' id='word_1_239' title='bbox 504 1667 522 1695; x_wconf 86' lang='lat' dir='ltr'>et</span> <span class='ocrx_word' id='word_1_240' title='bbox 531 1663 616 1696; x_wconf 90' lang='lat' dir='ltr'>uenimus</span> <span class='ocrx_word' id='word_1_241' title='bbox 627 1663 646 1695; x_wconf 92' lang='lat' dir='ltr'>in</span> <span class='ocrx_word' id='word_1_242' title='bbox 656 1662 775 1695; x_wconf 86' lang='lat' dir='ltr'>immundicia</span> <span class='ocrx_word' id='word_1_243' title='bbox 784 1661 823 1702; x_wconf 85' lang='lat' dir='ltr'>hac,</span> 
     </span>
    </p>

    <p class='ocr_par' dir='ltr' id='par_1_5' title="bbox 94 1713 824 1971">
     <span class='ocr_line' id='line_1_27' title="bbox 94 1713 823 1757; baseline -0.003 -8"><span class='ocrx_word' id='word_1_244' title='bbox 94 1728 112 1757; x_wconf 82' lang='lat'>25</span> <span class='ocrx_word' id='word_1_245' title='bbox 122 1719 140 1748; x_wconf 91' lang='lat' dir='ltr'>et</span> <span class='ocrx_word' id='word_1_246' title='bbox 148 1718 190 1756; x_wconf 92' lang='lat' dir='ltr'>post</span> <span class='ocrx_word' id='word_1_247' title='bbox 198 1714 232 1747; x_wconf 87' lang='lat' dir='ltr'>hec</span> <span class='ocrx_word' id='word_1_248' title='bbox 240 1713 259 1746; x_wconf 92' lang='lat' dir='ltr'>in</span> <span class='ocrx_word' id='word_1_249' title='bbox 267 1713 310 1756; x_wconf 84' lang='lat' dir='ltr'>igne</span> <span class='ocrx_word' id='word_1_250' title='bbox 317 1720 335 1747; x_wconf 90' lang='lat' dir='ltr'>et</span> <span class='ocrx_word' id='word_1_251' title='bbox 343 1714 440 1748; x_wconf 89' lang='lat' dir='ltr'>tormentis</span> <span class='ocrx_word' id='word_1_252' title='bbox 447 1714 520 1748; x_wconf 90' lang='lat' dir='ltr'>uenturi</span> <span class='ocrx_word' id='word_1_253' title='bbox 529 1718 604 1748; x_wconf 83' lang='lat' dir='ltr'>sumus?</span> <span class='ocrx_word' id='word_1_254' title='bbox 625 1715 730 1748; x_wconf 87' lang='lat' dir='ltr'>Redeamus</span> <span class='ocrx_word' id='word_1_255' title='bbox 738 1714 792 1756; x_wconf 85' lang='lat' dir='ltr'>igitur</span> <span class='ocrx_word' id='word_1_256' title='bbox 800 1715 823 1748; x_wconf 91' lang='lat' dir='ltr'>ad</span> 
     </span>
     <span class='ocr_line' id='line_1_28' title="bbox 122 1766 824 1810; baseline -0.001 -10"><span class='ocrx_word' id='word_1_257' title='bbox 122 1767 223 1806; x_wconf 86' lang='lat' dir='ltr'>heremum,</span> <span class='ocrx_word' id='word_1_258' title='bbox 235 1771 253 1799; x_wconf 90' lang='lat' dir='ltr'>et</span> <span class='ocrx_word' id='word_1_259' title='bbox 265 1777 341 1809; x_wconf 87' lang='lat' dir='ltr'>agamus</span> <span class='ocrx_word' id='word_1_260' title='bbox 352 1768 376 1800; x_wconf 81' lang='lat' dir='ltr'>de</span> <span class='ocrx_word' id='word_1_261' title='bbox 388 1766 423 1799; x_wconf 91' lang='lat' dir='ltr'>hiis</span> <span class='ocrx_word' id='word_1_262' title='bbox 436 1778 472 1810; x_wconf 88' lang='lat' dir='ltr'>que</span> <span class='ocrx_word' id='word_1_263' title='bbox 485 1766 632 1810; x_wconf 86' lang='lat' dir='ltr'>presumpsimus</span> <span class='ocrx_word' id='word_1_264' title='bbox 644 1766 777 1809; x_wconf 74' lang='lat' dir='ltr'>penitenciam!</span> <span class='ocrx_word' id='word_1_265' title='bbox 801 1766 824 1799; x_wconf 89' lang='lat' dir='ltr'>Et</span> 
     </span>
     <span class='ocr_line' id='line_1_29' title="bbox 122 1819 823 1863; baseline -0.001 -10"><span class='ocrx_word' id='word_1_266' title='bbox 122 1829 164 1853; x_wconf 89' lang='lat' dir='ltr'>cum</span> <span class='ocrx_word' id='word_1_267' title='bbox 177 1820 303 1863; x_wconf 80' lang='lat' dir='ltr'>suscepissent</span> <span class='ocrx_word' id='word_1_268' title='bbox 315 1830 348 1853; x_wconf 92' lang='lat' dir='ltr'>eos</span> <span class='ocrx_word' id='word_1_269' title='bbox 359 1819 431 1862; x_wconf 83' lang='lat' dir='ltr'>fratres,</span> <span class='ocrx_word' id='word_1_270' title='bbox 444 1825 462 1853; x_wconf 91' lang='lat' dir='ltr'>et</span> <span class='ocrx_word' id='word_1_271' title='bbox 477 1831 511 1863; x_wconf 89' lang='lat' dir='ltr'>per</span> <span class='ocrx_word' id='word_1_272' title='bbox 526 1830 595 1853; x_wconf 86' lang='lat' dir='ltr'>annum</span> <span class='ocrx_word' id='word_1_273' title='bbox 610 1819 733 1861; x_wconf 88' lang='lat' dir='ltr'>inclusissent,</span> <span class='ocrx_word' id='word_1_274' title='bbox 746 1819 823 1862; x_wconf 86' lang='lat' dir='ltr'>singulis</span> 
     </span>
     <span class='ocr_line' id='line_1_30' title="bbox 121 1871 824 1918; baseline -0.003 -10"><span class='ocrx_word' id='word_1_275' title='bbox 121 1872 188 1908; x_wconf 90' lang='lat' dir='ltr'>diebus</span> <span class='ocrx_word' id='word_1_276' title='bbox 201 1871 291 1916; x_wconf 89' lang='lat' dir='ltr'>equaliter</span> <span class='ocrx_word' id='word_1_277' title='bbox 302 1873 379 1907; x_wconf 81' lang='lat' dir='ltr'>dabatur</span> <span class='ocrx_word' id='word_1_278' title='bbox 390 1872 417 1907; x_wconf 90' lang='lat' dir='ltr'>eis</span> <span class='ocrx_word' id='word_1_279' title='bbox 428 1873 520 1908; x_wconf 90' lang='lat' dir='ltr'>modicum</span> <span class='ocrx_word' id='word_1_280' title='bbox 533 1873 586 1918; x_wconf 88' lang='lat' dir='ltr'>panis</span> <span class='ocrx_word' id='word_1_281' title='bbox 599 1878 617 1907; x_wconf 90' lang='lat' dir='ltr'>et</span> <span class='ocrx_word' id='word_1_282' title='bbox 629 1883 681 1917; x_wconf 84' lang='lat' dir='ltr'>aque.</span> <span class='ocrx_word' id='word_1_283' title='bbox 704 1872 750 1907; x_wconf 88' lang='lat' dir='ltr'>Cum</span> <span class='ocrx_word' id='word_1_284' title='bbox 762 1877 824 1907; x_wconf 87' lang='lat' dir='ltr'>autem</span> 
     </span>
     <span class='ocr_line' id='line_1_31' title="bbox 123 1925 824 1971; baseline 0 -11"><span class='ocrx_word' id='word_1_285' title='bbox 123 1925 200 1968; x_wconf 75' lang='lat' dir='ltr'>exirent,</span> <span class='ocrx_word' id='word_1_286' title='bbox 208 1925 294 1960; x_wconf 89' lang='lat' dir='ltr'>uiderunt</span> <span class='ocrx_word' id='word_1_287' title='bbox 302 1937 357 1961; x_wconf 90' lang='lat' dir='ltr'>senes</span> <span class='ocrx_word' id='word_1_288' title='bbox 365 1938 423 1961; x_wconf 89' lang='lat' dir='ltr'>unum</span> <span class='ocrx_word' id='word_1_289' title='bbox 434 1927 523 1971; x_wconf 90' lang='lat' dir='ltr'>pallidum</span> <span class='ocrx_word' id='word_1_290' title='bbox 534 1932 552 1961; x_wconf 88' lang='lat' dir='ltr'>et</span> <span class='ocrx_word' id='word_1_291' title='bbox 562 1928 634 1961; x_wconf 85' lang='lat' dir='ltr'>tristem</span> <span class='ocrx_word' id='word_1_292' title='bbox 645 1927 705 1968; x_wconf 90' lang='lat' dir='ltr'>nimis,</span> <span class='ocrx_word' id='word_1_293' title='bbox 713 1927 769 1960; x_wconf 93' lang='lat' dir='ltr'>alium</span> <span class='ocrx_word' id='word_1_294' title='bbox 779 1937 824 1961; x_wconf 88' lang='lat' dir='ltr'>uero</span> 
     </span>
    </p>

    <p class='ocr_par' dir='ltr' id='par_1_6' title="bbox 96 1979 825 2076">
     <span class='ocr_line' id='line_1_32' title="bbox 96 1979 825 2025; baseline 0.001 -13"><span class='ocrx_word' id='word_1_295' title='bbox 96 1992 114 2022; x_wconf 76' lang='lat'>30</span> <span class='ocrx_word' id='word_1_296' title='bbox 122 1979 218 2013; x_wconf 85' lang='lat' dir='ltr'>robustum</span> <span class='ocrx_word' id='word_1_297' title='bbox 228 1984 246 2013; x_wconf 92' lang='lat' dir='ltr'>et</span> <span class='ocrx_word' id='word_1_298' title='bbox 257 1979 331 2014; x_wconf 91' lang='lat' dir='ltr'>clarum.</span> <span class='ocrx_word' id='word_1_299' title='bbox 354 1979 377 2014; x_wconf 89' lang='lat' dir='ltr'>Et</span> <span class='ocrx_word' id='word_1_300' title='bbox 386 1979 544 2025; x_wconf 84' lang='lat' dir='ltr'>interrogauerunt</span> <span class='ocrx_word' id='word_1_301' title='bbox 556 1990 598 2015; x_wconf 90' lang='lat' dir='ltr'>eum</span> <span class='ocrx_word' id='word_1_302' title='bbox 608 1979 638 2024; x_wconf 88' lang='lat' dir='ltr'>qui</span> <span class='ocrx_word' id='word_1_303' title='bbox 648 1979 705 2014; x_wconf 91' lang='lat' dir='ltr'>tristis</span> <span class='ocrx_word' id='word_1_304' title='bbox 718 1984 736 2013; x_wconf 91' lang='lat' dir='ltr'>et</span> <span class='ocrx_word' id='word_1_305' title='bbox 748 1979 825 2013; x_wconf 87' lang='lat' dir='ltr'>afflictus</span> 
     </span>
     <span class='ocr_line' id='line_1_33' title="bbox 123 2031 825 2076; baseline 0 -10"><span class='ocrx_word' id='word_1_306' title='bbox 123 2036 167 2074; x_wconf 83' lang='lat' dir='ltr'>erat,</span> <span class='ocrx_word' id='word_1_307' title='bbox 175 2031 268 2065; x_wconf 86' lang='lat' dir='ltr'>dicentes:</span> <span class='ocrx_word' id='word_1_308' title='bbox 285 2033 343 2073; x_wconf 80' lang='lat' dir='ltr'>‘Quid</span> <span class='ocrx_word' id='word_1_309' title='bbox 355 2033 490 2067; x_wconf 82' lang='lat' dir='ltr'>excercitabas⁷</span> <span class='ocrx_word' id='word_1_310' title='bbox 498 2044 540 2067; x_wconf 92' lang='lat' dir='ltr'>cum</span> <span class='ocrx_word' id='word_1_311' title='bbox 552 2033 693 2076; x_wconf 87' lang='lat' dir='ltr'>cogitacionibus</span> <span class='ocrx_word' id='word_1_312' title='bbox 704 2035 740 2066; x_wconf 88' lang='lat' dir='ltr'>tuis</span> <span class='ocrx_word' id='word_1_313' title='bbox 752 2033 771 2066; x_wconf 91' lang='lat' dir='ltr'>in</span> <span class='ocrx_word' id='word_1_314' title='bbox 779 2033 825 2066; x_wconf 86' lang='lat' dir='ltr'>cella</span> 
     </span>
    </p>
   </div>
   <div class='ocr_carea' id='block_1_5' title="bbox 122 2083 876 2128">
    <p class='ocr_par' dir='ltr' id='par_1_7' title="bbox 122 2083 876 2128">
     <span class='ocr_line' id='line_1_34' title="bbox 122 2083 876 2128; baseline 0.001 -12"><span class='ocrx_word' id='word_1_315' title='bbox 122 2085 175 2117; x_wconf 72' lang='lat' dir='ltr'>tua?y</span> <span class='ocrx_word' id='word_1_316' title='bbox 191 2083 305 2127; x_wconf 81' lang='lat' dir='ltr'>Respondit:</span> <span class='ocrx_word' id='word_1_317' title='bbox 321 2085 367 2118; x_wconf 84' lang='lat' dir='ltr'>‘Pro</span> <span class='ocrx_word' id='word_1_318' title='bbox 379 2085 432 2119; x_wconf 85' lang='lat' dir='ltr'>malis</span> <span class='ocrx_word' id='word_1_319' title='bbox 446 2084 482 2128; x_wconf 84' lang='lat' dir='ltr'>que</span> <span class='ocrx_word' id='word_1_320' title='bbox 494 2085 528 2118; x_wconf 87' lang='lat' dir='ltr'>feci</span> <span class='ocrx_word' id='word_1_321' title='bbox 541 2085 612 2128; x_wconf 60' lang='lat' dir='ltr'>penasl</span> <span class='ocrx_word' id='word_1_322' title='bbox 622 2085 641 2118; x_wconf 89' lang='lat' dir='ltr'>in</span> <span class='ocrx_word' id='word_1_323' title='bbox 656 2084 722 2128; x_wconf 87' lang='lat' dir='ltr'>quibus</span> <span class='ocrx_word' id='word_1_324' title='bbox 736 2091 825 2117; x_wconf 86' lang='lat' dir='ltr'>uenturus</span> <span class='ocrx_word' id='word_1_325' title='bbox 874 2098 876 2100; x_wconf 97' lang='lat'>·</span> 
     </span>
    </p>
   </div>
   <div class='ocr_carea' id='block_1_6' title="bbox 97 2134 826 2444">
    <p class='ocr_par' dir='ltr' id='par_1_8' title="bbox 124 2134 825 2234">
     <span class='ocr_line' id='line_1_35' title="bbox 124 2134 825 2180; baseline -0.001 -9"><span class='ocrx_word' id='word_1_326' title='bbox 124 2145 175 2171; x_wconf 88' lang='lat' dir='ltr'>eram</span> <span class='ocrx_word' id='word_1_327' title='bbox 183 2134 201 2168; x_wconf 92' lang='lat' dir='ltr'>in</span> <span class='ocrx_word' id='word_1_328' title='bbox 209 2136 271 2170; x_wconf 86' lang='lat' dir='ltr'>animo</span> <span class='ocrx_word' id='word_1_329' title='bbox 279 2136 406 2178; x_wconf 87' lang='lat' dir='ltr'>reuoluebam;</span> <span class='ocrx_word' id='word_1_330' title='bbox 419 2143 437 2171; x_wconf 88' lang='lat' dir='ltr'>et</span> <span class='ocrx_word' id='word_1_331' title='bbox 446 2139 470 2180; x_wconf 81' lang='lat' dir='ltr'>(a)</span> <span class='ocrx_word' id='word_1_332' title='bbox 478 2137 544 2172; x_wconf 88' lang='lat' dir='ltr'>timore</span> <span class='ocrx_word' id='word_1_333' title='bbox 554 2138 668 2171; x_wconf 88' lang='lat' dir='ltr'>adheserunt</span> <span class='ocrx_word' id='word_1_334' title='bbox 676 2147 718 2171; x_wconf 89' lang='lat' dir='ltr'>ossa</span> <span class='ocrx_word' id='word_1_335' title='bbox 726 2148 767 2172; x_wconf 90' lang='lat' dir='ltr'>mea</span> <span class='ocrx_word' id='word_1_336' title='bbox 775 2137 825 2172; x_wconf 86' lang='lat' dir='ltr'>carni</span> 
     </span>
     <span class='ocr_line' id='line_1_36' title="bbox 124 2189 825 2234; baseline 0.004 -13"><span class='ocrx_word' id='word_1_337' title='bbox 124 2190 176 2222; x_wconf 69' lang='lat' dir='ltr'>mee?</span> <span class='ocrx_word' id='word_1_338' title='bbox 204 2189 257 2222; x_wconf 90' lang='lat' dir='ltr'>Alius</span> <span class='ocrx_word' id='word_1_339' title='bbox 270 2195 331 2223; x_wconf 90' lang='lat' dir='ltr'>autem</span> <span class='ocrx_word' id='word_1_340' title='bbox 344 2191 466 2232; x_wconf 83' lang='lat' dir='ltr'>interrogatus</span> <span class='ocrx_word' id='word_1_341' title='bbox 481 2190 538 2224; x_wconf 85' lang='lat' dir='ltr'>dixit:</span> <span class='ocrx_word' id='word_1_342' title='bbox 558 2191 608 2224; x_wconf 85' lang='lat' dir='ltr'>‘Deo</span> <span class='ocrx_word' id='word_1_343' title='bbox 623 2190 693 2234; x_wconf 84' lang='lat' dir='ltr'>gracias</span> <span class='ocrx_word' id='word_1_344' title='bbox 709 2190 825 2233; x_wconf 75' lang='lat' dir='ltr'>(relferebam</span> 
     </span>
    </p>

    <p class='ocr_par' dir='ltr' id='par_1_9' title="bbox 97 2239 826 2444">
     <span class='ocr_line' id='line_1_37' title="bbox 97 2239 825 2286; baseline 0.004 -12"><span class='ocrx_word' id='word_1_345' title='bbox 97 2252 116 2283; x_wconf 77' lang='lat'>35</span> <span class='ocrx_word' id='word_1_346' title='bbox 125 2239 167 2285; x_wconf 87' lang='lat' dir='ltr'>quia</span> <span class='ocrx_word' id='word_1_347' title='bbox 178 2240 225 2274; x_wconf 86' lang='lat' dir='ltr'>eruit</span> <span class='ocrx_word' id='word_1_348' title='bbox 236 2251 266 2275; x_wconf 92' lang='lat' dir='ltr'>me</span> <span class='ocrx_word' id='word_1_349' title='bbox 278 2241 301 2275; x_wconf 88' lang='lat' dir='ltr'>de</span> <span class='ocrx_word' id='word_1_350' title='bbox 312 2242 450 2285; x_wconf 88' lang='lat' dir='ltr'>inquinamento</span> <span class='ocrx_word' id='word_1_351' title='bbox 462 2243 525 2276; x_wconf 88' lang='lat' dir='ltr'>mundi</span> <span class='ocrx_word' id='word_1_352' title='bbox 537 2247 556 2276; x_wconf 89' lang='lat' dir='ltr'>et</span> <span class='ocrx_word' id='word_1_353' title='bbox 567 2244 590 2276; x_wconf 86' lang='lat' dir='ltr'>de</span> <span class='ocrx_word' id='word_1_354' title='bbox 601 2243 656 2276; x_wconf 87' lang='lat' dir='ltr'>futuri</span> <span class='ocrx_word' id='word_1_355' title='bbox 668 2242 724 2277; x_wconf 90' lang='lat' dir='ltr'>seculi</span> <span class='ocrx_word' id='word_1_356' title='bbox 735 2243 794 2286; x_wconf 86' lang='lat' dir='ltr'>penis,</span> <span class='ocrx_word' id='word_1_357' title='bbox 807 2249 825 2277; x_wconf 89' lang='lat' dir='ltr'>et</span> 
     </span>
     <span class='ocr_line' id='line_1_38' title="bbox 125 2294 826 2339; baseline 0.001 -11"><span class='ocrx_word' id='word_1_358' title='bbox 125 2294 218 2328; x_wconf 82' lang='lat' dir='ltr'>reuocauit</span> <span class='ocrx_word' id='word_1_359' title='bbox 229 2304 259 2328; x_wconf 90' lang='lat' dir='ltr'>me</span> <span class='ocrx_word' id='word_1_360' title='bbox 274 2295 297 2328; x_wconf 91' lang='lat' dir='ltr'>ad</span> <span class='ocrx_word' id='word_1_361' title='bbox 310 2294 356 2328; x_wconf 90' lang='lat' dir='ltr'>hane</span> <span class='ocrx_word' id='word_1_362' title='bbox 369 2295 530 2330; x_wconf 87' lang='lat' dir='ltr'>conuersacionem</span> <span class='ocrx_word' id='word_1_363' title='bbox 544 2295 656 2339; x_wconf 88' lang='lat' dir='ltr'>angelicam:</span> <span class='ocrx_word' id='word_1_364' title='bbox 673 2300 691 2329; x_wconf 91' lang='lat' dir='ltr'>et</span> <span class='ocrx_word' id='word_1_365' title='bbox 704 2296 826 2331; x_wconf 86' lang='lat' dir='ltr'>reminiscens</span> 
     </span>
     <span class='ocr_line' id='line_1_39' title="bbox 124 2346 826 2391; baseline 0.003 -11"><span class='ocrx_word' id='word_1_366' title='bbox 124 2346 198 2380; x_wconf 86' lang='lat' dir='ltr'>assidue</span> <span class='ocrx_word' id='word_1_367' title='bbox 207 2346 236 2378; x_wconf 90' lang='lat' dir='ltr'>dei</span> <span class='ocrx_word' id='word_1_368' title='bbox 245 2346 286 2387; x_wconf 85' lang='lat' dir='ltr'>mei,</span> <span class='ocrx_word' id='word_1_369' title='bbox 295 2347 374 2380; x_wconf 82' lang='lat' dir='ltr'>letabar.&#39;</span> <span class='ocrx_word' id='word_1_370' title='bbox 398 2347 421 2380; x_wconf 88' lang='lat' dir='ltr'>Et</span> <span class='ocrx_word' id='word_1_371' title='bbox 429 2347 515 2381; x_wconf 78' lang='lat' dir='ltr'>dixerunt</span> <span class='ocrx_word' id='word_1_372' title='bbox 523 2359 590 2381; x_wconf 88' lang='lat' dir='ltr'>senes:</span> <span class='ocrx_word' id='word_1_373' title='bbox 603 2348 688 2391; x_wconf 85' lang='lat' dir='ltr'>‘Equalis</span> <span class='ocrx_word' id='word_1_374' title='bbox 696 2353 724 2382; x_wconf 90' lang='lat' dir='ltr'>est</span> <span class='ocrx_word' id='word_1_375' title='bbox 730 2350 826 2382; x_wconf 88' lang='lat' dir='ltr'>amborum</span> 
     </span>
     <span class='ocr_line' id='line_1_40' title="bbox 124 2398 365 2444; baseline 0.004 -12"><span class='ocrx_word' id='word_1_376' title='bbox 124 2398 228 2444; x_wconf 86' lang='lat' dir='ltr'>penitencia</span> <span class='ocrx_word' id='word_1_377' title='bbox 235 2399 283 2442; x_wconf 88' lang='lat' dir='ltr'>apud</span> <span class='ocrx_word' id='word_1_378' title='bbox 292 2399 365 2443; x_wconf 86' lang='lat' dir='ltr'>deum’]</span> 
     </span>
    </p>
   </div>
   <div class='ocr_carea' id='block_1_7' title="bbox 125 2500 826 2618">
    <p class='ocr_par' dir='ltr' id='par_1_10' title="bbox 125 2500 826 2618">
     <span class='ocr_line' id='line_1_41' title="bbox 144 2500 826 2539; baseline -0.001 -8"><span class='ocrx_word' id='word_1_379' title='bbox 144 2501 234 2531; x_wconf 83' lang='lat' dir='ltr'>¹T.tenta.</span> <span class='ocrx_word' id='word_1_380' title='bbox 281 2500 414 2538; x_wconf 74' lang='lat' dir='ltr'>²queom.inT.</span> <span class='ocrx_word' id='word_1_381' title='bbox 461 2500 535 2539; x_wconf 61' lang='grc' dir='ltr'>3Ἑλφῖι,</span> <span class='ocrx_word' id='word_1_382' title='bbox 582 2501 616 2533; x_wconf 83' lang='lat' dir='ltr'>⁴E.</span> <span class='ocrx_word' id='word_1_383' title='bbox 624 2503 670 2533; x_wconf 85' lang='lat' dir='ltr'>inter.</span> <span class='ocrx_word' id='word_1_384' title='bbox 715 2502 826 2537; x_wconf 57' lang='lat' dir='ltr'>“somne</span> 
     </span>
     <span class='ocr_line' id='line_1_42' title="bbox 125 2540 826 2579; baseline 0 -9"><span class='ocrx_word' id='word_1_385' title='bbox 125 2543 141 2571; x_wconf 89' lang='lat' dir='ltr'>in</span> <span class='ocrx_word' id='word_1_386' title='bbox 149 2541 166 2570; x_wconf 88' lang='grc' dir='ltr'>Ε.</span> <span class='ocrx_word' id='word_1_387' title='bbox 235 2540 241 2557; x_wconf 76' lang='lat'><strong>⁰</strong></span> <span class='ocrx_word' id='word_1_388' title='bbox 251 2541 274 2569; x_wconf 80' lang='lat' dir='ltr'>cf,</span> <span class='ocrx_word' id='word_1_389' title='bbox 281 2541 312 2571; x_wconf 83' lang='lat' dir='ltr'>vn,</span> <span class='ocrx_word' id='word_1_390' title='bbox 321 2541 364 2571; x_wconf 82' lang='lat' dir='ltr'>Patr.</span> <span class='ocrx_word' id='word_1_391' title='bbox 371 2542 410 2578; x_wconf 76' lang='lat'>882;</span> <span class='ocrx_word' id='word_1_392' title='bbox 420 2540 465 2571; x_wconf 87' lang='lat' dir='ltr'>Vinc.</span> <span class='ocrx_word' id='word_1_393' title='bbox 473 2541 513 2571; x_wconf 82' lang='lat' dir='ltr'>Bell,</span> <span class='ocrx_word' id='word_1_394' title='bbox 521 2541 555 2571; x_wconf 77' lang='lat' dir='ltr'>XV.</span> <span class='ocrx_word' id='word_1_395' title='bbox 564 2543 588 2579; x_wconf 84' lang='lat'>83.</span> <span class='ocrx_word' id='word_1_396' title='bbox 654 2541 660 2559; x_wconf 75' lang='lat'>⁷</span> <span class='ocrx_word' id='word_1_397' title='bbox 673 2542 691 2571; x_wconf 86' lang='lat' dir='ltr'>T.</span> <span class='ocrx_word' id='word_1_398' title='bbox 701 2541 826 2572; x_wconf 84' lang='lat' dir='ltr'>excercitaban&#39;s.</span> 
     </span>
     <span class='ocr_line' id='line_1_43' title="bbox 125 2580 264 2618; baseline 0.014 -9"><span class='ocrx_word' id='word_1_399' title='bbox 125 2581 131 2599; x_wconf 74' lang='lat' dir='ltr'>l</span> <span class='ocrx_word' id='word_1_400' title='bbox 141 2581 158 2610; x_wconf 89' lang='lat' dir='ltr'>T.</span> <span class='ocrx_word' id='word_1_401' title='bbox 167 2580 203 2618; x_wconf 85' lang='lat' dir='ltr'>quia</span> <span class='ocrx_word' id='word_1_402' title='bbox 210 2589 264 2618; x_wconf 83' lang='lat' dir='ltr'>penas</span> 
     </span>
    </p>
   </div>
   <div class='ocr_carea' id='block_1_8' title="bbox 0 0 901 2803">
    <p class='ocr_par' dir='ltr' id='par_1_11' title="bbox 0 0 901 2803">
     <span class='ocr_line' id='line_1_44' title="bbox 0 0 901 2803; baseline 0 0"><span class='ocrx_word' id='word_1_403' title='bbox 0 0 901 2803; x_wconf 95' lang='lat' dir='ltr'> </span> 
     </span>
    </p>
   </div>
  </div>
 </body>
</html>
