1762 2803
100 105 102 111 ’
118 126 159 168 126
200 185 202 190 ἲ
306 123 386 175 mona
401 121 518 183 brumas
533 120 624 183 anulio.

115 243 214 289 religionis,
223 248 285 279 mutue
294 244 386 279 charitatis
395 245 439 288 [et]¹
447 245 503 288 pacis,
509 244 643 289 hospitalitatis,
651 249 669 279 et
678 244 728 287 [de]²
736 243 818 279 lectionis

115 308 136 331 ac
147 297 234 332 orationis
247 297 333 332 instantia
344 298 449 332 hortabatur
457 309 500 341 eos3
510 298 533 331 de
541 303 646 332 sanctorum
657 303 730 341 patrum
740 297 819 331 decretis

116 356 215 394 sancteque
223 361 299 385 romane
307 350 384 385 ecclesie
392 350 479 385 institutis
487 351 564 385 firmiter
571 350 700 392 custodiendis,
709 349 762 385 fortia
770 349 820 385 dedit

117 415 138 435 ac
146 404 243 445 dereliquit
250 408 343 445 precepta.
366 403 445 443 Quidam
453 409 519 443 autem,
527 404 558 445 qui
569 403 621 436 illum
632 402 699 436 arctius
710 403 820 443 dilexerunt,

100 461 159 490 tcum
171 455 262 488 lachrimis
275 454 361 498 prostrati
374 454 469 489 dixerunt:
488 454 576 497 ‘Scimus
588 451 641 498 pater
654 460 672 488 et
685 453 765 497 domine,
778 449 820 498 quia

117 507 169 553 cupis
178 507 254 542 dissolui
265 512 284 541 et
295 517 337 541 esse
349 518 391 541 cum
399 506 482 551 Christ03
494 508 528 555 sed
540 508 603 550 nostri,
611 517 717 552 quesumus,
725 507 820 549 miserere,

117 572 163 605 quos
175 561 193 594 in
202 561 274 596 Christo
286 561 384 605 parturisti.
408 561 498 605 Quicquid
508 562 588 595 humana
599 561 695 605 fragilitate
706 560 821 605 deliquimus,

117 624 192 657 semper
205 615 223 647 in
236 618 335 657 conspectu
349 619 380 647 tuo
393 615 506 655 confitentes,
520 615 543 647 ad
556 613 650 647 arbitrium
663 613 778 648 discretionis
790 620 821 648 tue

118 667 216 702 emendare
227 666 335 700 curauimus.
359 667 403 701 Pete
414 678 458 711 ergo
469 678 480 701 a
490 667 564 701 domino
575 666 615 701 dari
626 667 679 701 nobis
689 678 744 711 posse
755 678 778 702 ex
788 667 822 702 hac

92 729 109 750 ro
117 721 164 753 valle
173 719 301 752 lachrimarum
307 720 330 751 ad
336 720 422 762 gaudium
429 720 497 752 domini
505 720 530 752 tui
537 725 597 753 tecum
604 720 740 762 commigrandi.
760 720 821 753 Credi-

118 782 159 806 mus
170 770 219 805 enim
227 772 269 815 quia
277 773 362 816 quicquid
369 771 444 816 petieris
452 783 462 805 a
470 773 510 814 deo,
519 773 568 806 dabit
578 772 610 805 tibi
618 773 708 806 dominus.
732 772 822 807 Indeeens

118 824 191 859 autem³
198 824 251 858 nobis
259 826 331 859 videtur
338 830 358 859 vt
369 825 450 869 pontifex
462 825 502 859 sine
514 825 568 866 clero,
576 831 640 869 pastor
649 825 719 869 absque
729 824 789 869 aliquo
799 826 823 859 de

119 888 175 921 grege
186 887 224 919 suo,
232 882 285 921 pater
295 878 365 921 absque
375 878 417 912 filiis
427 878 482 912 intret
493 878 516 912 ad
526 878 592 922 gaudia
603 876 671 911 domini
683 877 721 912 sui!
744 877 823 912 Sanctus

121 930 191 975 [vero]⁴
203 930 271 974 pietate
283 936 390 973 commotus,
403 931 477 965 collecto
491 931 534 965 flatu
545 936 565 965 vt
576 931 637 973 valuit,
650 930 706 965 dixit:
724 924 823 965 ‘Voluntas

93 993 110 1021 15
120 984 189 1017 domini
197 984 220 1016 de
228 984 313 1017 omnibus
321 985 374 1017 nobis
382 984 419 1026 fiat,
427 989 445 1017 et
457 984 503 1018 sicut
514 984 579 1017 melius
587 983 638 1017 nouit
647 989 665 1016 et
673 984 690 1016 ei
697 983 791 1027 placuerit,
800 984 823 1017 dc

120 1035 174 1070 nobis
189 1035 274 1069 omnibus
288 1035 382 1080 disponat)
408 1036 431 1070 Et
447 1047 489 1070 ecce
505 1036 581 1080 angelus
596 1035 665 1070 domini
680 1046 722 1070 cum
737 1035 823 1070 ineffabili

120 1089 191 1134 fulgore
199 1094 217 1123 et
226 1089 307 1123 claritate
318 1099 410 1133 apparens
418 1089 536 1123 circumfulsit
544 1100 591 1131 eum,
600 1094 618 1122 et
626 1088 682 1123 dixit:
695 1089 824 1133 ‘Kentegerne

120 1142 179 1176 electe
187 1146 205 1174 et
213 1141 278 1175 dilecte
286 1141 320 1183 dei,
329 1142 390 1175 exulta
399 1148 417 1175 et
427 1143 489 1184 letare,
497 1143 583 1185 quoniam
591 1141 677 1175 exaudita
687 1146 716 1175 est
723 1142 780 1175 oratio
788 1146 824 1184 tua,

121 1200 139 1228 et
147 1195 294 1238 preparationem
301 1196 360 1228 cordis
368 1196 394 1228 tui
402 1195 471 1228 audiuit
479 1195 528 1228 auris
536 1196 603 1228 diuina.
623 1195 663 1227 Fiet
671 1196 721 1227 enim
728 1195 760 1227 tibi
768 1205 825 1237 super

94 1256 113 1276 20
121 1245 215 1289 discipulis
225 1245 261 1279 tuis
272 1246 318 1280 sicut
329 1247 362 1281 vis.
385 1246 431 1281 Cras
443 1245 563 1290 egrediemini
574 1247 597 1280 de
607 1257 684 1290 corpore
696 1246 760 1281 mortis
771 1246 825 1280 huius

122 1300 206 1333 advitam
214 1300 355 1342 indeficientem,
362 1305 380 1333 et
388 1301 473 1333 dominus
481 1299 515 1333 erit
521 1300 621 1341 vobiscum,
627 1305 645 1332 et
652 1310 686 1333 vos
694 1299 745 1333 eritis
753 1310 795 1333 cum
803 1310 825 1332 eo

122 1353 141 1387 in
149 1358 263 1398 perpetuum.
283 1352 306 1386 Et
314 1354 356 1396 quia
363 1358 400 1386 tota
406 1353 443 1387 vita
450 1358 481 1387 tua
489 1354 507 1386 in
516 1353 550 1387 hoc
557 1353 626 1386 mundo
632 1353 673 1396 iuge
679 1352 712 1386 fuit
719 1352 825 1393 martirium,

122 1406 189 1449 placuit
197 1405 271 1439 domino
277 1411 296 1440 vt
304 1407 395 1440 mitiorem
401 1406 467 1440 ceteris
475 1405 579 1439 hominibus
587 1405 698 1439 habeasvite
704 1406 766 1440 finem.
789 1405 803 1438 F
804 1415 825 1440 ac

122 1458 154 1492 tibi
164 1458 183 1491 in
192 1459 291 1491 crastinum
299 1459 378 1491 calidum
386 1458 447 1501 parari
454 1459 553 1499 lauacrum,
562 1458 581 1491 in
589 1469 625 1500 quo
635 1458 748 1500 ingrediens
756 1459 825 1500 absque

96 1513 114 1543 ²5
122 1510 206 1555 angustia
213 1510 265 1554 graui
275 1511 294 1544 in
304 1521 369 1544 manus
377 1510 406 1543 dei
417 1511 485 1544 reddes
495 1510 514 1543 in
524 1521 570 1554 pace
580 1509 664 1554 spiritum
674 1515 731 1544 tuum.
754 1510 798 1543 Post
808 1514 827 1544 te

124 1562 179 1595 etiam
193 1561 258 1593 fratres
273 1561 299 1594 illi
314 1562 408 1593 lauacrum
423 1562 507 1604 ingressi,
518 1566 537 1593 et
548 1560 612 1593 mortis
622 1560 700 1594 vinculis
713 1560 796 1600 absoluti,
807 1559 826 1592 in

123 1614 252 1659 splendoribus
266 1618 371 1647 sanctorum
383 1613 458 1647 celestia
469 1623 527 1658 regna
538 1618 598 1647 tecum
611 1614 744 1658 penetrabunt!
768 1613 827 1647 Rece-

123 1669 179 1702 dente
190 1668 260 1710 angelo,
269 1667 310 1700 miri
320 1667 382 1701 odoris
392 1666 491 1711 fragrantia
498 1668 558 1701 locum
568 1672 586 1701 et
594 1678 659 1701 omnes
667 1667 770 1701 habitantes
777 1668 796 1700 in
805 1677 826 1700 eo

123 1719 269 1755 inestimabiliter
286 1719 391 1763 respersitl.
439 1713 463 1754 ln
478 1724 541 1763 parato
556 1719 611 1763 igitur
626 1720 697 1754 lauacro
712 1720 741 1754 vir
755 1719 785 1754 dei
800 1719 827 1752 in-

96 1781 116 1810 30
124 1782 205 1817 gressus,
221 1772 296 1806 eleuatis
312 1773 368 1806 oculis
384 1777 402 1806 et
418 1772 502 1807 manibus
517 1772 536 1806 in
552 1773 616 1813 celum,
632 1772 684 1816 quasi
701 1773 720 1806 in
735 1773 827 1816 placidum

124 1826 216 1861 resolutus
224 1836 328 1868 sompnum,
333 1824 418 1859 inclinato
426 1826 485 1869 capite
491 1826 564 1860 tradidit
572 1825 661 1869 spiritum.
684 1826 760 1859 Eleuato
766 1830 827 1859 autem

125 1890 135 1911 a
143 1879 237 1920 discipulis
245 1878 268 1909 de
276 1879 348 1910 lauacro
357 1888 433 1920 corpore
442 1884 509 1919 sancto,
516 1878 583 1921 singuli
591 1878 668 1911 fratrum
676 1884 773 1920 antequam
781 1889 828 1920 aqua

124 1931 231 1975 frigesceret
241 1930 260 1964 in
272 1931 365 1964 lauacrum
376 1930 464 1973 immersi,
476 1932 499 1965 ad
510 1931 595 1965 ethereas
606 1930 712 1964 mansiones
723 1941 764 1964 cum
775 1935 828 1974 patre

125 1988 188 2019 sancto
196 1984 342 2027 commigrarunt.
376 1976 459 2019 Sanctus
467 1984 528 2028 itaque
535 1983 724 2028 Kentegemusicum
730 1989 780 2018 esset
786 1993 828 2017 cen-

99 2045 117 2075 35
125 2043 164 2072 tum
172 2037 343 2081 octogintaquinque
351 2047 446 2079 annorum,
453 2048 502 2071 anno
508 2036 623 2081 episcopatus
631 2037 659 2070 sui
667 2037 768 2071 centesimo
776 2046 828 2070 sexa-

126 2091 202 2134 gesimo,
215 2089 272 2133 signis
287 2090 381 2134 preclarus
395 2096 413 2124 et
426 2091 514 2134 prodigiis
529 2089 600 2124 idibus⁷
614 2090 693 2124 Ianuarii
707 2089 792 2133 migrauit
805 2089 828 2123 ad

127 2143 232 2184 dominum;
252 2143 275 2175 ad
290 2143 341 2175 cuius
356 2144 447 2176 tumulum
462 2144 481 2176 in
499 2143 603 2185 glascuensi
618 2142 695 2176 ecelesia
710 2142 758 2176 cecis
772 2143 829 2183 visus,

126 2193 187 2227 surdis
202 2193 280 2234 auditus,
296 2194 365 2226 claudis
378 2204 459 2236 gressus,
475 2196 531 2226 mutis
545 2194 623 2237 loquela,
638 2195 717 2237 leprosis
732 2194 829 2235 mundicia,

126 2246 225 2290 paraliticis
236 2246 360 2279 membrorum
368 2246 454 2288 valitudo,
462 2246 536 2280 furiosis
548 2257 620 2288 sensus,
628 2246 752 2281 restituuntur.
775 2245 829 2288 impii

99 2308 119 2339 40
127 2298 215 2342 sacrilegi,
224 2299 297 2343 periuri,
306 2303 323 2332 et
334 2298 384 2342 pacis
394 2298 472 2333 ecclesie
480 2310 513 2333 sue
520 2298 623 2341 violatores,
631 2303 649 2333 et
659 2299 718 2333 sancti
729 2299 763 2334 loci
772 2298 829 2342 inqui·

127 2358 206 2394 natores,
220 2352 310 2396 condigna
325 2363 373 2396 pena
387 2352 497 2395 plectuntur.
542 2345 625 2397 Quidam
639 2353 662 2387 de
675 2352 744 2396 Glasgu
755 2361 829 2387 vaccam

127 2411 180 2441 nocte
192 2406 271 2449 quadam
282 2405 348 2440 furtiue
360 2406 458 2446 abducens,
467 2416 523 2439 vacca
534 2406 575 2439 uiua
586 2410 605 2439 et
616 2407 639 2440 ad
650 2407 708 2449 pedes
720 2406 759 2439 eius
771 2405 830 2448 ligata,

127 2460 190 2494 diuino
201 2457 258 2491 nutu⁸
266 2458 357 2492 extinctus
367 2458 463 2501 reperitur.
486 2457 539 2491 Multi
546 2469 619 2501 quoque
627 2458 705 2492 carnalis
715 2457 778 2500 flagitii
788 2467 830 2501 per-

148 2525 193 2555 ¹om.
201 2524 217 2554 in
225 2524 243 2555 E.
294 2523 341 2555 ²om.
391 2523 439 2554 3οιῐι.
447 2523 463 2552 in
471 2523 488 2553 T.
542 2524 576 2553 *T.
585 2524 602 2553 E.
610 2524 658 2556 enim.
709 2521 830 2563 ⁵E.resparsit.

127 2566 133 2583 ⁶
144 2566 161 2596 E.
171 2564 285 2602 Kentegrinus.
327 2562 332 2580 ⁷
343 2564 360 2594 T.
368 2563 412 2600 idus;
422 2564 440 2594 Ε.
448 2564 504 2595 idibus.
544 2564 550 2580 ⁸
560 2565 578 2594 E.
585 2564 633 2596 vultu.
