1762 2803
119 100 221 184 ¹490¹
346 119 427 171 muna
442 116 559 178 tramae
574 117 667 179 flantia
737 119 857 165 [trenna

155 243 249 284 operante,
256 239 333 283 patriam
342 239 374 283 [et]
382 238 423 283 ipse
430 249 452 273 ac
459 243 546 282 parentes
555 239 671 283 reliquerunt,
679 238 772 274 Christum
780 245 857 283 sequuta

156 298 199 327 sunt
210 292 292 327 omnium
303 303 367 337 regem
377 303 447 327 verum.
471 291 539 326 Poterit
550 292 615 337 aliquis
626 292 715 327 lectorum
727 302 783 335 super
795 291 830 327 hiis
840 300 857 329 et

156 345 222 380 ceteris
238 357 273 389 que
286 357 342 390 supra
353 345 438 387 diximus
450 344 551 379 vacillando
563 346 650 388 dubitare,
662 351 693 379 aut
704 345 797 379 irridendo
810 345 858 391 [ea]1

156 400 266 443 improbare,
278 400 389 433 dissimilans
401 399 431 433 dei
442 399 593 443 omnipotentiam
603 400 678 444 eiusque
689 399 804 433 clementiam
816 411 858 434 con·

139 452 243 495 5siderare,
256 451 287 494 qui
299 453 372 495 quando
384 452 422 485 vult
434 456 453 484 et
465 453 557 495 quomodo
568 453 607 486 vult
619 453 638 485 in
650 452 688 485 suis
700 457 786 495 operatur
799 453 858 487 seruis

157 509 175 538 et
186 502 261 546 ancillis
269 503 309 548 ipse
321 504 409 539 mirabilis
421 505 467 538 deus
479 503 585 539 mirabiliter
596 504 614 539 in
623 504 719 539 omnibus'l
726 514 788 548 agens.
811 504 858 539 Con-

156 557 225 591 sideret
242 556 302 601 primo
320 559 421 592 earundem
435 557 527 601 virginum
546 565 614 602 quanta
632 558 655 592 sit
673 558 775 599 multitudo,
792 565 859 600 quanta

156 611 242 645 nobilitas
250 616 268 644 et
276 612 390 653 teneritudo;
404 612 453 654 quod
465 611 528 644 celesti
539 621 634 655 responso,
642 611 724 654 angelico
736 610 807 651 nuncio,
816 612 858 646 dum

157 663 216 697 adhuc
224 663 284 696 forent
295 664 314 697 in
324 669 373 697 terra
383 664 448 706 uotiua,
456 663 576 707 predicuntur
583 664 662 697 Romam
673 662 775 706 proficisci:
787 663 859 706 nauigio

131 727 149 749 10
157 726 215 758 vsque
228 715 314 749 Basiliam
322 716 417 750 venientes
429 716 525 749 defuerunt
536 720 587 749 tante
598 715 708 749 multitudini
719 715 762 758 bige
773 719 791 748 et
803 717 859 758 quad·

157 768 201 812 rige,
217 768 260 812 equi
278 774 297 802 et
315 768 371 803 muli:
391 768 500 813 pedestres³
518 768 545 801 ire
565 780 602 802 non
616 768 701 803 valebant
720 768 756 801 nisi
775 768 859 803 dominus

158 822 230 856 illarum
242 821 328 866 dirigeret
338 833 419 866 gressus,
430 822 461 866 pie
472 823 565 866 operando
576 821 594 855 in
607 822 639 856 eis.
662 821 698 864 Qui
711 832 755 855 sane
767 822 859 865 quondam

158 876 275 910 israeliticum
291 877 379 920 populum
392 878 415 910 de
429 876 495 920 Egipto
508 875 608 919 fugientem
624 877 670 910 duce
684 876 749 919 Moyse
762 885 797 919 per
810 886 859 910 mare

158 929 235 963 rubrum
245 928 293 962 sicco
304 930 356 972 pede,
365 934 419 972 atque
431 940 465 972 per
474 930 568 963 desertum
579 929 598 962 in
610 929 708 972 columpna
719 928 773 962 nubis
784 933 802 961 et
813 928 859 972 ignis

133 994 150 1024 15
159 981 178 1015 in
185 985 253 1015 terram
263 981 349 1024 perduxit
359 981 508 1025 repromissionis
518 981 616 1025 multisque
626 981 684 1025 signis
694 985 712 1014 et
722 979 809 1024 prodigiis
819 981 860 1014 illos

158 1033 274 1068 certificauit:
291 1034 320 1068 hic
331 1034 381 1069 idem
390 1034 489 1068 dominus⁴
500 1039 566 1079 potens
580 1040 598 1068 et
611 1034 693 1068 clemens
706 1044 749 1067 suas
760 1032 815 1067 etiam
826 1033 860 1068 vir-

158 1088 212 1132 gines
225 1092 299 1122 teneras
313 1093 331 1122 et
346 1088 416 1123 nobiles
431 1093 486 1132 atque
499 1088 570 1132 puellas
585 1088 648 1132 signis,
659 1087 761 1130 virtutibus,
773 1087 860 1131 prodigiis

159 1146 178 1175 et
187 1140 301 1183 magnalibus
309 1141 375 1184 quibus
383 1141 423 1185 ipse
433 1152 511 1184 magnus
521 1146 539 1175 et
550 1141 638 1175 mirabilis
645 1141 706 1182 voluit,
714 1151 749 1184 per
756 1140 795 1174 vias
806 1146 860 1182 artas,

159 1192 234 1226 semitas
245 1198 263 1225 et
273 1192 334 1234 siluas,
342 1199 415 1226 montes
424 1194 491 1226 arduos
502 1198 520 1226 et
531 1193 589 1237 alpes,
597 1193 647 1226 riuos
659 1199 676 1226 et
688 1192 754 1225 fluuios
765 1193 860 1226 traducere

132 1261 151 1283 πο
158 1244 217 1290 potuit
230 1249 248 1279 et
262 1245 370 1289 perducere,
391 1245 412 1280 Si
427 1245 456 1280 cui
467 1250 528 1280 autem
541 1246 601 1290 [ista]¹
612 1244 733 1290 impossibilia
745 1244 831 1279 videntur
843 1249 860 1280 et

157 1300 219 1341 deum,
228 1298 257 1332 cui
268 1300 330 1333 omnia
341 1304 384 1333 sunt
394 1299 494 1343 possibilia,
502 1299 521 1332 in
533 1300 572 1334 suis
581 1299 683 1343 virginibus
693 1298 728 1332 ista
739 1298 788 1331 nolle
800 1298 861 1341 putat⁶

159 1352 269 1396 operalri]⁸:
287 1352 303 1386 si
318 1353 415 1396 passiones
430 1357 536 1387 sanctorum
548 1353 591 1397 legit
604 1359 621 1387 et
632 1352 678 1387 vitas
691 1357 745 1396 atque
757 1356 860 1386 sanctarum

158 1405 250 1448 virginum
265 1410 320 1448 atque
335 1412 460 1439 matronarum
474 1406 571 1439 materias7
587 1412 605 1440 et
620 1411 676 1449 gesta,
692 1416 763 1439 necnon
777 1399 861 1437 et‘Vitas

159 1463 233 1501 patrum
244 1457 262 1490 in
277 1457 365 1491 memoria
378 1458 461 1491 habuerit
474 1457 605 1502 dominumque
618 1458 637 1491 in
650 1458 685 1491 illis
699 1456 805 1490 mirabiliter
818 1468 861 1500 ope-

133 1527 152 1558 ²5
161 1515 232 1546 tantem
244 1511 354 1555 cognouerit,
366 1512 428 1545 credet
440 1516 458 1546 et
469 1517 567 1555 cognoscet
574 1512 593 1546 in
603 1512 638 1546 hiis
648 1512 702 1546 etiam
713 1511 815 1554 virginibus
824 1509 861 1544 suis

161 1564 213 1598 illum
232 1564 328 1607 magnifice
347 1570 437 1608 agentem.
472 1564 546 1608 Legitur
564 1565 619 1599 etiam
638 1566 661 1598 de
680 1564 785 1598 beatissima
805 1563 862 1597 Maria

162 1617 256 1661 Egiptiaca
271 1618 357 1660 quoniam
373 1629 418 1651 cene
433 1617 523 1651 dominice
540 1624 593 1652 nocte
612 1618 664 1661 signo
679 1617 737 1652 crucis
753 1617 800 1651 edito
816 1618 862 1661 pede

161 1670 210 1705 sicco
223 1670 282 1713 [per]¹
298 1670 381 1704 Iordanis
396 1669 471 1704 fluuium
486 1669 535 1713 [ad]¹
547 1670 641 1704 Zozimam
656 1670 745 1714 peruenit,
756 1675 775 1703 et
790 1674 862 1713 sumpto

161 1733 238 1766 corpore
252 1722 320 1757 domini
335 1727 353 1758 et
368 1722 457 1766 sanguine
468 1721 534 1757 iterum
548 1733 637 1766 remeans,
651 1722 670 1757 in
682 1721 743 1766 spacio
754 1722 808 1757 vnius
818 1722 862 1757 hore

134 1790 153 1821 30
161 1776 224 1821 viginti
243 1776 315 1811 dierum
333 1776 368 1811 iter
386 1775 418 1811 inl
436 1787 513 1821 corpore
531 1777 590 1811 adhuc
609 1775 720 1821 corruptibili
738 1775 821 1820 explens,
840 1775 862 1809 ad

160 1831 248 1865 interiora
268 1831 337 1865 deserti
358 1830 445 1865 diuinitus
465 1830 527 1864 adiuta
547 1831 637 1876 peruenit,
656 1830 687 1865 vbi
707 1830 773 1865 etiam⁸
793 1835 863 1864 mortua

161 1884 278 1926 postmodum
289 1889 317 1917 est
328 1886 408 1917 inuenta.
431 1883 543 1925 Scripsimus
555 1884 640 1926 superius
652 1884 694 1926 quia
706 1882 766 1926 angeli
779 1888 797 1916 et
809 1892 863 1925 supra

161 1943 180 1971 et
195 1935 242 1969 circa
253 1936 293 1970 illas
305 1936 400 1970 visibiliter
411 1940 543 1969 conuersantes
556 1941 677 1980 apparerent;
691 1936 740 1979 quod
751 1940 814 1968 tamen
827 1944 863 1967 non

162 1991 250 2025 audemus
265 1995 347 2024 astruere
360 1990 413 2033 quial
425 1989 505 2033 qualibet
517 1988 546 2023 die
559 1995 578 2025 et
589 1989 654 2034 quauis
667 1990 712 2023 hora
723 1988 789 2024 visibili
803 1987 863 2033 specie

135 2059 154 2088 35
162 2042 197 2077 illis
202 2043 215 2062 ¹⁰
223 2048 333 2086 apparentes
341 2042 363 2076 ab
372 2042 399 2082 eis
407 2047 530 2076 cernerentur.

163 2133 177 2169 ‘l
189 2132 243 2173 Quod
259 2131 344 2167 Cesarius
359 2132 461 2166 meldensis
477 2131 575 2175 episcopus
588 2131 615 2166 eis
629 2136 657 2166 est
670 2130 771 2173 adiunctus,
785 2135 803 2165 et
817 2128 863 2174 quod

207 2185 317 2226 apostolicus
328 2195 370 2218 cum
379 2185 501 2217 cardinalibus
509 2190 527 2217 et
536 2184 626 2218 Romanis
638 2184 695 2217 nobili
707 2194 738 2217 eas
752 2185 864 2226 exceperunt

207 2247 329 2280 processione,

187 2286 232 2340 Que
240 2305 281 2328 cum
288 2296 310 2329 ad
316 2306 371 2330 unam
376 2295 445 2330 dietam
451 2305 511 2339 prope
518 2295 597 2329 Romam
602 2295 702 2336 venissent,
708 2295 772 2329 beatus
781 2293 864 2329 Cesarius

164 2347 265 2383 meldensis
278 2348 381 2393 episcopus
392 2349 421 2383 vir
432 2349 514 2393 prudens
525 2353 543 2382 et
554 2349 648 2391 honestus,
659 2360 701 2383 cum
715 2360 748 2383 suo
759 2344 864 2392 superuenit

164 2401 256 2442 comitatu,
263 2411 306 2435 nam
317 2407 336 2435 et
346 2402 387 2446 ipse
398 2402 481 2435 similiter
489 2402 567 2435 Romam
575 2407 614 2436 erat
622 2402 759 2446 llprofecturus.
778 2402 814 2443 Qui
824 2408 864 2434 cum

184 2491 232 2522 ¹om.
285 2489 485 2520 1ῑηοιηηῑιπιεοιη.ῑιιΒ.
539 2489 637 2529 ³l3.pedes.
687 2491 722 2521 ⁴13.
730 2491 774 2520 deus.
820 2489 864 2517 ⁵0111·

164 2533 181 2562 in
189 2532 207 2561 B.
249 2529 305 2561 v⁶E.
314 2535 410 2568 operantem.
469 2530 591 2569 ⁷B.martyria.
653 2532 688 2561 ΕΒ.
696 2536 716 2561 et.
777 2527 864 2568 ⁹B.quod.

164 2573 176 2591 ¹⁰
187 2572 205 2601 B.
213 2572 260 2601 velut.
301 2571 312 2591 ¹¹
323 2572 340 2601 E.
349 2576 395 2601 esset.
