1762 2803
250 85 295 140 Bt
310 83 410 137 &aucto
427 83 572 141 tutotuto.
718 98 758 140 231

60 203 121 238 luebat
134 205 212 249 pedeml
228 205 273 248 eius,
289 205 320 249 qui
338 204 396 249 gratia
411 205 492 239 diuturni
507 205 584 240 tumoris
601 205 637 240 iam
652 211 695 240 tunc
710 204 762 239 vlcus

59 256 137 292 habebat
152 270 178 302 ac,
197 259 301 304 profluente
320 258 376 301 sanie,
392 269 435 293 cura
450 258 548 303 indigebat.
571 259 594 293 Et
612 259 658 293 dixit
675 263 761 293 sanctus:

60 309 104 344 ‘Dei
120 312 234 355 prouidentia
249 318 267 347 et
282 312 374 346 voluntate
389 317 461 356 gestum
477 317 505 347 cst
517 317 537 347 vt
552 312 647 357 presentia
662 318 680 346 et
695 310 762 345 auxilio

60 363 156 400 destitutus
170 366 255 408 humano,
265 365 326 410 aliqua
338 365 448 400 sustinerem
461 366 544 401 aduersa.
567 366 596 401 Ex
608 377 644 411 quo
655 370 716 400 autem
728 364 762 398 hac

59 416 78 450 in
89 419 134 452 sede
145 420 229 453 membra
240 419 340 463 composui,
351 430 387 453 non
400 419 449 453 moui
461 430 491 453 me
503 420 550 461 hinc,
560 421 593 454 sed
604 419 685 464 quinque
697 418 778 454 diebuss

60 474 77 503 et
91 471 174 505 noctibus
187 472 216 505 hic
231 471 303 516 quietus
319 471 423 516 permansi.¹
452 471 485 505 Cui
501 471 543 507 ille:
562 472 621 506 ‘Num
637 472 707 517 absque
721 470 761 504 cibo

59 527 109 556 tanto
124 528 207 567 tempore
222 525 327 558 mansistii’
351 525 374 558 Et
388 524 467 558 ostensis
481 525 560 568 quinque
575 526 631 569 cepis,
644 525 674 559 vir
687 528 761 558 sanctus

59 573 94 610 ait:
112 575 158 611 ‘Hic
171 575 226 612 michi
238 577 297 612 victus
312 582 351 612 erat
364 576 393 612 his
407 576 486 622 quinque
498 577 569 614 diebus.
592 578 761 622 Quotienscumque

60 628 109 662 enim
126 630 208 664 ariditate
220 641 241 663 ac
256 630 286 664 siti
301 631 357 664 nimia
372 631 464 672 ardebam,
476 632 510 665 hec
525 633 615 675 gustando
631 643 661 666 me
676 640 761 665 recreare

60 691 80 715 ac
92 681 200 726 refrigerare
212 683 284 717 curaui:
307 683 408 718 Videbatur
419 689 480 718 autem
488 695 524 719 vna
535 685 558 719 de
571 685 621 729 cepis
633 685 694 719 minus
705 694 760 728 quam
771 694 789 716 ro

60 734 134 769 dimidia
143 741 196 779 parte
204 747 283 771 corrosa.
306 736 328 771 Et
340 736 419 772 addidit:
433 737 466 772 ‘Et
475 743 611 773 concertatores
621 738 657 773 mei
666 747 760 781 nunquam

59 791 85 820 tot
95 787 150 821 michi
159 788 303 832 persecutiones,
312 794 356 832 quot
365 788 383 823 in
395 789 424 823 his
434 789 515 833 quinque
526 790 596 829 diebus,
604 790 714 823 intulerunt)
737 788 761 823 Et

59 841 148 883 quosdam
156 841 232 875 fratrum
240 853 303 875 secum
311 841 391 884 retinuit,
397 842 416 875 in
423 841 489 886 quibus
497 849 536 876 erat
544 842 601 876 maior
608 843 658 877 Beda
664 841 761 887 presbiter,

59 894 90 936 qui
102 894 203 929 ministerio
214 894 253 928 eius
265 895 377 929 familiariter
386 906 461 939 semper
471 897 537 930 adesse
548 902 674 937 consueuerat,
684 895 762 939 ideoque

60 946 178 980 donationum
190 946 352 992 acceptionumque
366 947 406 981 eius
419 948 501 982 omnium
514 949 598 983 conscius
612 954 650 983 erat
665 947 761 982 indubius:
771 959 790 991 ¹5

60 999 120 1041 Quem
132 1001 155 1033 ob
166 1000 185 1034 id
196 1000 277 1034 maxime
289 1011 352 1034 secum
364 1012 439 1035 manere
450 1002 511 1045 voluit,
519 1008 538 1036 vt
549 1002 565 1037 si
577 1003 672 1037 cuiuslibet
682 1001 763 1046 acceptis

60 1047 167 1087 muneribus
178 1054 349 1096 recompensatione
361 1054 417 1097 digna
428 1065 465 1088 non
477 1055 610 1099 respondisset,
621 1056 669 1090 illius
680 1054 762 1088 admoni-

60 1104 109 1139 tione
121 1106 215 1147 recoleret,
227 1111 245 1139 et
256 1106 363 1151 priusquam
375 1107 439 1151 obiret,
451 1118 485 1141 sua
496 1107 562 1153 cuique
573 1109 682 1143 restitueret.
702 1107 762 1150 ‘llleq

60 1157 123 1202 inquit,
131 1160 215 1194 voluntas
224 1164 268 1201 erat,
277 1159 305 1193 hic
316 1159 432 1204 requiescere
444 1172 526 1205 corpore,
535 1161 565 1196 vbi
575 1162 761 1206 quantulumcumque

60 1222 94 1255 pro
108 1212 181 1245 domino
197 1217 289 1246 certamen
305 1213 378 1254 certaui,
393 1213 423 1247 vbi
438 1225 512 1248 cursum
527 1226 655 1249 consummare
670 1213 761 1255 desidero,
771 1224 791 1245 to

60 1264 108 1297 vnde
118 1264 140 1297 ad
153 1273 238 1297 coronam
248 1263 315 1298 iustitie
325 1264 459 1299 subleuantium
469 1275 500 1300 me
510 1277 521 1300 a
531 1266 562 1311 pio
569 1266 628 1301 iudice
639 1276 699 1311 spero.
722 1265 760 1299 Sed

60 1321 78 1350 et
86 1316 137 1351 vobis
146 1329 217 1361 quoque
225 1318 354 1361 com[m]odius
363 1329 405 1352 esse
413 1318 491 1353 arbitror
496 1325 515 1354 vt
523 1320 552 1354 hic
561 1320 680 1365 requiescam,
685 1325 762 1364 propter

60 1370 183 1405 incursionem
198 1370 316 1416 profugorum
329 1372 358 1407 vel
374 1372 470 1407 noxiorum
486 1373 619 1418 quorumlibet:
636 1374 666 1418 qui
682 1383 723 1407 curn
738 1373 761 1407 ad

60 1434 126 1467 corpus
136 1434 198 1458 meum
206 1423 252 1458 forte
261 1424 380 1468 confugerint,
389 1425 435 1469 quia,
444 1425 581 1471 qualiscumque
589 1437 636 1469 sum,
644 1426 693 1461 sama
700 1431 762 1460 tamen

60 1476 117 1510 exiuit
128 1478 151 1510 de
161 1488 191 1511 me
200 1477 242 1521 quia
252 1477 331 1512 famulus
343 1478 411 1512 Christi
423 1489 470 1521 sum,
482 1490 560 1514 necesse
571 1480 642 1515 habetis
654 1479 717 1524 sepius
728 1489 762 1523 pro
772 1488 790 1519 25

60 1532 126 1566 talibus
141 1533 190 1577 apud
205 1538 290 1576 potentes
305 1533 361 1567 seculi
376 1533 496 1577 intercedere,
510 1540 565 1579 atque
580 1535 621 1569 ideo
635 1536 657 1569 de
669 1534 763 1579 presentia

60 1586 142 1630 corporis
157 1586 193 1620 mei
208 1586 286 1620 multum
301 1587 379 1621 tolerare
394 1587 487 1623 laborem!
509 1588 534 1622 At
550 1588 586 1623 illis
601 1588 678 1623 multum
695 1587 763 1631 diuque

60 1640 182 1683 precantibus,
198 1640 317 1684 laboremque
329 1640 433 1674 huiusmodi
445 1647 516 1684 gratum
527 1641 563 1676 illis
575 1653 596 1676 ac
609 1642 670 1676 leuem
682 1641 721 1675 fore
733 1652 763 1675 as·

60 1692 170 1735 serentibus,
183 1693 258 1726 tandem
270 1692 300 1726 ille
316 1693 351 1727 ait:
368 1693 398 1727 ‘Si
414 1704 474 1727 meam
488 1694 627 1738 dispositionem
641 1703 729 1738 superare
745 1700 763 1729 et

60 1754 122 1778 meum
136 1756 202 1788 corpus
216 1744 258 1779 illuc
273 1746 362 1780 reducere
374 1746 435 1788 vultis,
448 1747 521 1781 videtur
533 1747 588 1782 michi
604 1747 693 1792 optimum
708 1751 728 1781 vt
743 1747 762 1782 in
771 1758 791 1787 30

60 1796 176 1831 interioribus
191 1797 265 1831 basilice
280 1804 342 1832 vestre
356 1799 400 1832 illud
416 1800 515 1841 tumuletis,
530 1800 616 1845 quatinus
631 1807 649 1834 et
666 1800 707 1845 ipsi,
721 1810 762 1833 cum

60 1851 120 1891 vultis,
128 1862 190 1885 meum
201 1852 319 1895 sepulchrum
329 1853 404 1887 visitare
415 1853 496 1897 possitis,
506 1859 524 1888 et
535 1854 554 1888 in
566 1859 656 1898 potestate
668 1854 692 1888 sit
700 1858 763 1888 vestra

61 1915 84 1938 an
100 1904 154 1948 aliqui
169 1904 211 1938 illuc
224 1904 247 1938 de
259 1905 399 1939 aduentantibus
412 1906 509 1941 accedant.¹
533 1907 556 1941 Et
571 1918 612 1941 cum
627 1907 693 1941 fratres
708 1906 762 1940 flexis

61 1957 138 2000 genibus
150 1957 216 2001 gratias
228 1956 254 1989 illi
265 1956 352 2000 egissent,
360 1957 415 1992 frater
425 1958 505 2002 quidam,
515 1959 545 2003 qui
557 1959 622 2003 longess
629 1958 699 1993 ventris
710 1958 761 1992 fluxu

61 2016 146 2054 egrotans
158 2022 168 2045 a
179 2009 255 2045 medicis
267 2010 325 2044 curari
341 2022 378 2045 non
389 2011 452 2055 potuit,
464 2017 541 2056 tangens
552 2023 594 2047 eum
606 2012 664 2046 sensit
677 2022 698 2046 se
711 2011 762 2046 omni
771 2018 790 2049 35

60 2062 91 2096 illa
106 2063 160 2106 longe
175 2062 284 2097 infirmitatis
299 2073 362 2097 carere
377 2064 465 2099 molestia.
493 2065 516 2099 Et
535 2076 576 2099 cum
595 2066 667 2110 loquele
686 2064 762 2098 facultas

61 2115 146 2160 paulatim
155 2116 246 2157 deficeret,
255 2115 303 2159 cepit
314 2115 407 2150 disserere
415 2127 478 2160 pauca,
487 2117 520 2152 sed
528 2117 585 2160 fortia,
593 2118 616 2153 de
625 2128 669 2162 pace
677 2122 695 2151 et
703 2116 762 2150 huml-

61 2169 116 2213 litate,
128 2169 252 2214 canendisque
267 2168 294 2204 eis
307 2168 338 2214 qui
352 2169 381 2204 his
395 2170 493 2205 obluctari³
506 2171 580 2206 malunt.
603 2172 686 2213 ‘Pacem,
697 2170 762 2215 inquit,

60 2222 109 2258 inter
125 2234 158 2258 vos
177 2233 253 2267 semper
271 2227 289 2257 et
307 2223 414 2258 charitatem
430 2224 519 2259 custodite
534 2225 626 2259 diuinam:
645 2225 663 2259 in
681 2223 762 2258 consiliis

61 2277 158 2311 unanimes
172 2282 235 2319 estote,
248 2288 289 2310 cum
304 2276 344 2311 aliis
356 2277 423 2311 Christi
435 2278 496 2312 seruis
510 2284 591 2313 mutuam
607 2279 672 2312 habete
687 2289 762 2311 concor·
770 2285 791 2315 4⁰

61 2330 115 2372 diam,
125 2331 222 2365 venientes
234 2331 256 2364 ad
269 2341 302 2364 vos
315 2330 441 2373 hospitalitatis
454 2332 515 2374 gratia,
525 2332 635 2366 familiariter
647 2343 667 2365 ac
682 2331 763 2374 benigne

61 2383 153 2426 suscipite,
162 2392 277 2427 nequaquam
285 2393 318 2416 vos
330 2382 415 2417 meliores
426 2383 536 2418 arbitrantes
547 2383 612 2417 ceteris
624 2383 707 2417 eiusdem
719 2384 763 2418 fidei

61 2441 79 2469 et
90 2434 126 2470 vite
138 2434 258 2470 consortibus.
281 2435 327 2470 Cum
338 2435 374 2470 illis
385 2442 446 2470 autem
454 2436 485 2481 qui
496 2438 519 2471 ab
526 2436 595 2471 unitate
606 2437 695 2472 catholice
706 2438 763 2482 pacis,

81 2536 87 2554 ¹
97 2537 114 2567 E.
123 2538 177 2575 pedes.
210 2536 217 2554 ²
226 2538 244 2567 T.
252 2537 305 2575 longo,
335 2537 341 2554 ³
351 2537 369 2568 T.
378 2538 395 2568 E.
404 2537 487 2573 oblectari;
498 2538 538 2569 Bed.
547 2538 622 2569 obluctari
629 2549 675 2578 quam
682 2539 762 2570 oblectari.
