1762 2803
109 113 161 169 ‘724
211 189 212 192 Ν
374 109 499 171 annaeo
516 110 562 156 nr.

116 234 206 267 occasione
218 238 320 276 contractus,
328 239 365 267 erat
373 233 430 267 adhuc
438 240 515 276 tempore
522 234 591 267 abbatis
600 234 668 277 ingulfi,
676 233 705 277 qui
714 232 820 266 Huli'ketello

115 283 204 325 suecessit,
211 283 282 327 quidam
289 285 361 318 ecclesie
368 286 431 319 fundus
438 285 456 319 in
464 295 516 319 manu
524 286 599 327 Asiordi¹
608 284 636 329 qui
645 285 691 328 quod
699 283 820 327 emphiteotica

115 346 145 368 seu
154 335 228 368 firmarier
236 336 273 377 lege
281 335 304 368 ad
309 341 378 378 tempus
384 341 478 377 acceperat,
486 346 504 368 se
509 340 598 378 tamquam
604 334 725 368 hereditarium
731 335 820 377 possidere

115 384 190 418 dicebat.
220 386 277 418 Causa
292 385 344 426 igitur
359 384 403 419 inter
417 380 499 419 abbatem
513 386 592 427 predium
607 385 679 418 ecclesie
694 396 724 418 sue
739 393 820 417 reuocare

97 434 202 478 snitentem,
216 440 233 469 et
247 435 346 477 Asfordum,
362 446 419 469 coram
434 435 547 480 Magnetibus
559 436 606 480 regni
621 435 717 470 diutissime
732 435 819 476 uentilata,

114 487 185 520 tandem
192 488 266 529 prefixus
277 493 304 521 est
315 488 383 531 utrique
393 488 438 530 parti
449 488 486 521 dies
497 488 627 530 peremptorius,
635 487 653 521 in
665 497 698 530 quo
710 487 724 521 si
734 491 792 520 essent
801 486 819 519 in

114 538 163 570 terris
171 536 236 571 iudices
244 537 272 581 qui
280 539 331 571 deum
343 538 428 578 timerent,
436 540 561 572 monachorum
571 538 639 572 iusticia
648 538 665 571 in
673 537 755 572 iudicium
762 542 818 571 uerte·

113 594 164 620 retur.
190 588 243 620 Porro
254 588 339 622 Asfordus
349 588 374 622 ita
386 588 462 622 iudicum
474 595 540 622 mentes
552 589 597 632 turpi
610 588 703 623 uenalitate
716 592 818 630 corruperat,

113 644 132 670 ut
145 637 224 681 quamuis
238 638 260 672 de
271 639 308 672 iure
321 650 353 673 suo
366 640 416 682 plene
432 639 520 678 diffideret,
533 640 555 673 de
563 639 662 682 ‘optinendo
676 645 734 673 tamen
749 637 818 672 meliore

87 696 106 718 10
114 689 179 721 calculo
191 689 279 723 sentencie
292 691 362 733 plenam
375 691 392 723 in
406 690 440 723 suis
454 689 553 723 muneribus
566 690 646 723 fiduciam
657 694 757 733 reportaret.
783 689 818 723 Ve-

113 746 223 782 rumptamen
231 740 276 773 ‘non
284 746 309 774 est
318 741 413 782 consilium,
419 750 454 773 non
460 746 486 773 est
494 740 581 781 sapiencia
587 746 647 774 contra
653 741 751 774 dominum.¹
770 741 817 772 Dum

114 790 160 823 enim
171 790 255 824 Asfordus
266 801 286 823 ex
297 801 347 824 cursu
357 790 447 832 multiplici
459 801 489 823 sue
499 790 565 823 fraudis
576 789 716 823 machinamenta
726 795 817 832 procurat:

113 840 219 882 simplicitati
235 847 251 873 et
266 839 365 873 innocencie
383 841 507 873 monachorum
526 839 579 873 uirtus
594 840 654 872 diuina
668 839 779 882 prospiciens,
794 841 817 872 de

113 899 158 932 equo
173 894 298 931 persecutorem
313 888 409 932 precipitat.
439 889 471 922 Ille
485 895 543 922 autem
558 889 621 922 collisis
637 890 718 923 membris
732 889 816 933 spiritum,

86 949 104 981 15
114 939 207 983 cupiditate
215 945 232 973 et
241 939 316 974 auaricia
327 946 429 981 estuantem,
437 940 528 974 intestatus
540 940 601 974 exalat.
624 940 683 975 ‘Zelus
692 939 756 974 domini
768 951 816 974 exer-

113 990 177 1024 cituum
189 991 230 1024 iecit
242 991 286 1025 hoc.¹
314 992 335 1026 In
349 990 383 1025 hiis
397 995 455 1025 autem
467 1000 502 1024 non
517 995 548 1037 est
556 1001 627 1025 auersus
641 991 688 1025 furor
702 989 773 1031 domini,
786 990 817 1025 sed

112 1042 169 1074 adhuc
185 1051 247 1074 manus
261 1042 298 1075 eius
313 1047 392 1076 extenta:
414 1052 456 1075 nam
470 1041 512 1074 dum
526 1041 588 1074 mortui
604 1041 679 1075 cadauer
693 1042 716 1074 ad
730 1042 816 1082 burgense

111 1092 234 1125 monasterium
246 1092 343 1132 deferretur,
351 1091 421 1133 contigit
432 1096 451 1124 ut
461 1091 525 1124 funeris
536 1090 628 1133 portitores
639 1091 730 1124 transitum
740 1091 817 1124 iacerent

111 1140 158 1174 iuxta
166 1147 233 1185 pratum
243 1143 288 1184 quod
297 1142 315 1175 in
326 1140 442 1175 controuersia
452 1141 519 1175 fuerat:
532 1146 549 1175 et
559 1140 624 1174 ibidem
634 1146 710 1175 mortuus
719 1141 740 1175 de
752 1141 815 1175 feretro

85 1207 103 1229 20
112 1191 179 1233 cecidit,
186 1196 275 1235 totumque
285 1193 360 1226 cadauer
369 1191 387 1226 in
397 1192 451 1226 frusta
461 1192 523 1226 diuisit.
547 1193 598 1234 Quod
610 1191 757 1225 circumstantium
765 1192 815 1226 turba

111 1249 201 1285 parentum
208 1248 225 1276 et
233 1243 326 1276 amicorum
336 1241 450 1286 conspiciens,
458 1241 568 1276 festinancius
579 1252 648 1276 currens
656 1243 678 1276 ad
686 1243 739 1286 pedes
747 1243 816 1276 abbatis

111 1293 191 1334 procidit,
199 1298 215 1326 et
224 1293 294 1327 consilio
303 1300 355 1335 atque
365 1303 437 1327 assensu
446 1298 547 1334 magnatum
557 1294 629 1326 fundum
639 1303 691 1334 super·
700 1303 734 1335 quo
741 1293 815 1335 litigium

111 1345 216 1383 uersabatur,
224 1344 329 1377 monasterio
337 1343 390 1377 sancti
399 1343 480 1377 Guthlaci
487 1342 523 1376 iure
530 1348 612 1386 perpetuo
620 1343 718 1385 resignauit.

165 1438 247 1473 Onachus
262 1438 332 1481 quidam
348 1437 479 1481 Spaldingensis
494 1437 591 1472 monasterii
605 1443 709 1480 procurator,
724 1438 815 1472 occasione

81 1494 102 1524 ·²5
186 1488 275 1522 cuiusdam
290 1488 338 1522 fundi
353 1489 447 1522 monachos
464 1488 518 1522 sancti
534 1488 614 1522 Guthlaci
630 1488 652 1522 de
669 1488 768 1522 Croilandia
785 1489 815 1522 diu

110 1545 190 1582 proterue
204 1539 333 1581 inquietauerat,
347 1544 365 1573 et
376 1538 439 1572 iniuste
453 1539 542 1572 afflixerat.
573 1540 650 1581 Cumque
664 1539 686 1572 ad
700 1540 749 1581 pacis
763 1540 814 1573 refor-

110 1590 205 1622 mationem
219 1588 268 1621 multi
281 1589 340 1630 magni
355 1594 373 1621 et
387 1589 480 1629 prudentes
495 1588 527 1621 uiri
542 1589 564 1621 de
579 1588 621 1621 locis
636 1588 755 1622 adiacentibus
773 1599 814 1622 con-

110 1639 203 1680 uenissent,
212 1644 311 1680 procurator
318 1639 374 1680 potius
386 1639 408 1671 de
419 1648 451 1671 sua
461 1637 524 1671 mentis
535 1638 602 1671 astucia
612 1643 629 1670 et
639 1638 696 1679 lingue
703 1638 814 1680 procacitate,

110 1699 162 1732 quam
176 1690 198 1722 de
211 1698 242 1721 sua
253 1688 329 1730 equitate
341 1688 434 1729 confidens,
448 1687 572 1721 contumaciter
584 1687 642 1721 omnia
655 1688 746 1722 concordie
761 1690 814 1723 uerba

82 1752 102 1783 30
110 1741 179 1784 respuit,
192 1738 291 1782 cunctisque
302 1738 400 1781 rogantibus
412 1749 444 1782 que
456 1739 479 1772 ad
490 1749 551 1782 pacem
562 1743 616 1781 erant,
627 1737 664 1781 ipse
675 1738 693 1772 in
704 1739 784 1781 superbia
796 1746 813 1775 et

110 1792 192 1825 abusione
204 1790 279 1823 recessit.
306 1791 352 1823 Sane
365 1790 406 1823 dum
418 1789 461 1823 furia
473 1789 556 1830 inuectus,
570 1795 606 1823 toto
619 1795 688 1832 pectore
701 1789 769 1824 malicie
782 1801 812 1825 sue

108 1842 155 1876 uirus
170 1841 240 1881 efflaret,
253 1851 264 1874 a
276 1840 347 1873 domino
360 1850 451 1882 percussus
465 1845 503 1873 est:
522 1846 539 1873 et
553 1845 633 1881 ceperunt
648 1839 693 1873 oculi
708 1839 744 1873 eius
756 1841 813 1874 subito

109 1892 187 1932 cecutire,
195 1895 247 1932 etque
258 1889 323 1922 maiore
334 1889 388 1923 oculis
398 1890 435 1922 eius
447 1889 520 1931 caligine
531 1890 612 1930 irruente,
623 1896 716 1932 antequam
728 1891 750 1923 ad
762 1901 812 1925 suum

108 1941 204 1985 perueniret
216 1939 344 1982 monasterium,
354 1940 412 1973 oculos
426 1940 462 1973 eius
474 1940 529 1982 caligo
541 1940 615 1983 densior,
625 1946 643 1973 et
654 1940 724 1974 omnino
734 1952 813 1986 peremp-

81 2008 100 2037 35
108 1993 152 2026 toria
160 1993 212 2031 uisus,
220 1991 364 2024 tenebrosiornox
372 1991 447 2025 obduxit.
463 1991 506 2024 Visu
512 1991 564 2033 igitur
569 1992 658 2024 oculorum
666 2000 735 2034 prorsus
743 1993 812 2036 amisso,

108 2044 156 2077 dedit
169 2043 185 2076 ei
196 2042 266 2076 tandem
278 2041 346 2074 uenatio
357 2041 467 2082 intellectum,
481 2047 498 2074 et
511 2041 601 2083 disciplina
612 2041 717 2075 scienciam:
729 2049 746 2075 et
757 2044 780 2076 ad
793 2054 812 2077 se

107 2104 191 2134 reuersus,
199 2091 287 2133 comperit,
294 2092 342 2133 quod
350 2092 394 2123 ‘non
402 2097 439 2123 erat
446 2096 512 2124 rectum
520 2101 559 2124 cum
567 2091 600 2123 deo
609 2101 638 2124 cor
645 2091 692 2132 eius,¹
700 2091 731 2125 sed
739 2092 766 2124 ‘in
773 2092 812 2126 felle

108 2141 226 2176 amaritudinis
232 2146 249 2173 et
256 2140 359 2182 obligatione
365 2139 470 2183 iniquitatis,¹
476 2150 545 2173 suorum
551 2140 686 2183 persequebatur
692 2140 812 2176 innocenciam

108 2192 229 2236 proximorum.
251 2191 349 2224 Penitencie
359 2201 400 2234 ergo
408 2196 426 2224 et
436 2190 544 2224 contritionis
554 2190 634 2225 affectum
642 2191 696 2226 multa
703 2192 811 2227 lacrimarum

79 2257 100 2287 40
108 2245 186 2278 ubertate
197 2243 289 2285 professus,
296 2242 314 2274 in
325 2242 399 2275 insulam
411 2242 509 2276 Croilandie
520 2242 560 2276 feeit
572 2252 591 2276 se
602 2242 671 2285 nauigio
683 2242 782 2286 transuehi3
794 2248 812 2277 et

107 2295 166 2329 uotiua
180 2292 225 2327 cerei
240 2292 326 2326 oblatione
340 2293 429 2335 premissa,
445 2299 485 2327 ante
500 2293 546 2327 beati
565 2292 646 2327 Guthlaci
665 2293 774 2336 sepulchrum
793 2295 812 2329 in

107 2345 202 2378 orationem
214 2354 232 2376 se
244 2343 339 2375 diutissime
348 2344 425 2385 proiecit.
449 2345 524 2384 Surgcns
533 2349 591 2376 autem
602 2344 625 2375 ab
636 2342 713 2376 oratione
724 2348 741 2376 et
752 2353 811 2377 coram

106 2395 186 2428 fratribus
193 2393 227 2426 loci
235 2392 302 2435 publice
311 2402 329 2426 se
336 2401 426 2432 accusans,
432 2393 537 2434 singulorum
543 2393 595 2426 etiam
603 2391 675 2434 pedibus
684 2403 702 2427 se
710 2393 810 2437 aduoluens,

107 2456 175 2479 summa
182 2444 227 2486 cepit
234 2443 331 2477 humilitate
339 2450 437 2476 sanctorum
447 2442 527 2485 suffragia
536 2443 632 2486 implorare,
641 2444 702 2478 obnixe
710 2446 811 2487 promittens

79 2507 98 2538 45
106 2496 152 2538 quod
167 2497 236 2528 beatum
252 2495 357 2529 Guthlecum
370 2495 392 2527 de
407 2500 464 2527 cetero
479 2504 567 2536 nunquam
582 2494 680 2534 offenderet,
693 2505 727 2527 nec
742 2495 759 2527 in
774 2495 811 2528 eius

105 2546 218 2588 preludicium
232 2550 262 2578 aut
276 2554 350 2585 suorum,
363 2543 456 2587 quicquam
471 2543 493 2578 de
508 2549 564 2578 cetero
579 2549 694 2586 attemptaret.
722 2544 810 2578 Fratribus
