1762 2803
118 119 163 174 478
187 191 189 194 .
311 118 390 170 uuna
406 116 522 179 lacuna
537 117 630 179 analio.

120 238 150 272 illo
159 238 273 282 serpentium
281 239 388 273 multitudo:
401 238 440 272 viro
448 245 510 272 tamen
519 244 582 272 sancto
591 250 612 273 se
624 239 678 273 mites
688 244 706 272 et
716 239 822 281 palpabiles,

120 296 138 325 et
145 292 204 335 ipsius
213 291 323 325 iussionibus
331 291 438 325 obedientes
446 290 562 325 exhibebant,
579 290 639 334 Ipsius
646 291 727 324 casulam
734 291 753 323 in
762 290 822 324 hieme

120 343 216 384 intrabant,
225 348 243 377 et
254 342 292 377 viro
303 343 333 376 dei
344 355 368 376 ex
375 354 412 376 vna
420 349 472 386 parte
480 344 502 376 ad
511 343 572 386 ignem
580 344 662 385 sedente,
670 354 716 387 grex
723 342 795 377 illorum
804 343 823 376 in

120 400 172 438 parte
180 396 237 428 altera
245 396 375 437 discumbebat,
383 401 401 429 et
408 407 445 429 vno
452 396 509 430 latere
517 396 608 437 calefacto,
616 395 707 440 reliquum
715 395 823 440 applicabat.

69 472 70 476 ,
103 462 111 491 5
122 448 223 483 interillos
235 454 287 483 erant
298 449 334 482 duo
346 449 413 483 ceteris
424 449 473 483 mole
484 454 593 493 prestantes,
602 454 619 483 et
629 449 669 484 viro
679 449 709 483 dei
717 450 823 483 familiarius

121 503 236 544 adherentes,
245 501 275 546 qui
283 513 309 543 se,
319 502 396 536 Godrico
404 503 427 536 ad
435 503 495 536 focum
504 503 586 544 sedente,
594 502 642 536 inter
649 502 708 546 ipsius
716 502 770 536 tibias
778 513 824 546 sepe

121 555 248 596 extendebant,
257 559 275 589 et
286 555 372 597 calefacti,
380 555 501 590 voluebantur
511 555 530 589 in
541 555 601 600 spiras
608 554 617 589 ¹.
640 555 706 589 Visum
714 561 742 589 est
750 556 823 589 tandem

121 608 200 643 Godrico
208 609 256 652 quod
264 619 307 642 suas
315 610 434 652 cogitationes
442 610 464 642 ab
476 609 557 643 oratione
568 609 678 652 quandoque
689 609 823 650 distraherent3

121 668 163 705 post
170 661 233 704 plures
241 673 300 695 annos
308 661 333 695 ait
340 662 386 696 illis:
399 662 456 696 ‘Nolo
467 667 486 695 vt
496 672 526 695 me
534 661 610 696 vlterius
620 662 643 696 ab
654 661 718 696 orandi
729 661 824 705 proposito

94 722 113 743 10
121 714 233 749 diuellatis':
249 721 267 748 et
279 714 331 749 iussit
341 715 368 749 eis
378 727 401 749 ne
413 726 465 749 suam
477 716 552 748 domum
563 715 642 758 amplius
653 714 755 749 introirent.
779 714 824 748 Mox

121 778 186 802 omnes
194 768 314 802 abscedentes
321 768 368 802 vltra
375 779 417 802 case
425 768 480 802 limen
489 767 557 802 intrare
566 778 603 801 non
611 768 749 811 presumebant,
781 760 824 801 Ma-

122 831 168 854 nens
178 821 203 853 ibi
211 821 241 854 diu
250 820 340 855 Godricus
350 821 429 864 ignotus,
437 821 492 854 nichil
502 821 544 864 plus
555 831 610 864 quam
617 821 680 854 vultus
691 820 786 853 hominum
792 820 799 839 ²
806 825 824 853 et

122 874 212 917 colloquia
223 873 337 916 formidabat,
350 884 373 908 ne
386 884 420 916 per
432 873 513 907 fauorem
526 879 556 906 aut
571 873 705 917 multiloquium
718 874 792 907 caderet
805 873 824 906 in

123 932 223 970 peccatum.
246 926 293 960 Cum
305 926 407 971 aliquorum
420 937 464 970 ergo
475 927 586 970 presentiret
598 927 702 968 aduentum,
711 927 734 960 ad
744 926 825 960 nemoris

96 989 113 1018 15
123 978 209 1013 interiora
221 980 329 1023 confugiens
344 980 435 1014 delitebat.
457 980 534 1023 Aliquot
549 980 603 1014 annis
618 979 678 1014 cibum
694 990 731 1013 non
747 978 826 1023 sumpsit

122 1033 228 1074 humanum,
244 1034 277 1067 sed
292 1033 387 1067 frondibus
402 1039 420 1067 et
435 1032 483 1067 foliis
499 1038 553 1076 atque
568 1033 660 1067 radicibus
675 1033 731 1066 vitam
750 1034 825 1076 inopem

123 1086 241 1120 sustentabat.
264 1086 310 1119 Cum
321 1087 395 1119 tandem
404 1091 453 1119 esset
463 1085 552 1128 cognitus,
560 1086 635 1129 quidam
644 1086 669 1118 illi
680 1085 748 1119 cibaria
756 1085 825 1119 defere-

123 1140 178 1172 bant:
188 1149 266 1182 quorum
278 1139 326 1173 dona
337 1149 433 1182 respuens,
441 1138 521 1182 fugiebat
532 1139 555 1172 ab
567 1139 600 1173 eis.
623 1139 703 1180 Quidam
717 1138 825 1172 munuscula

123 1192 240 1235 proiecerunt
255 1196 273 1225 et
288 1192 397 1225 recedentes
413 1191 486 1232 ibidem,
502 1202 524 1225 eo
539 1191 626 1234 fugiente,
641 1192 759 1234 reliquerunt.
783 1191 824 1232 Que

96 1254 115 1274 20
123 1244 240 1286 postmodum
255 1243 356 1286 reperiens,
372 1244 442 1276 eleuata
461 1243 480 1276 in
497 1244 568 1276 celum³
584 1253 626 1277 cum
639 1242 739 1286 lachrymis
751 1241 826 1276 domino

123 1295 268 1337 commendabat,
276 1295 348 1330 dicens:
361 1295 454 1339 ‘Suscipe
463 1296 519 1330 ihesu
527 1297 580 1337 bone,
589 1301 661 1330 tuorum
670 1297 718 1330 dona
726 1296 808 1330 fidelium
814 1296 826 1338 ⁴,

123 1355 141 1384 et
153 1349 235 1393 repende
246 1348 292 1393 ipsis
304 1347 376 1392 pietatis
388 1348 483 1384 affectum.y
507 1349 530 1383 Et
540 1350 625 1384 deferens
635 1361 657 1384 ea
668 1350 687 1383 in
699 1349 770 1390 collem,
777 1349 826 1382 flexo

123 1402 192 1447 poplite
200 1403 272 1436 dicebat
280 1414 283 1436 :
296 1401 428 1446 ‘Omnipotens
436 1408 454 1436 et
462 1402 567 1438 misericors
574 1404 625 1444 deus,
630 1402 661 1447 qui
668 1402 723 1447 pullis
729 1413 825 1436 cornorum

123 1462 142 1490 te
156 1455 288 1497 inuocantibus,
302 1461 320 1490 et
335 1455 421 1490 iumentis
433 1456 466 1490 das
480 1467 541 1490 escam
555 1456 643 1500 ipsorum,
657 1455 720 1490 confer
731 1455 766 1489 ista
779 1455 828 1489 illis⁶

98 1520 115 1549 25
124 1509 247 1543 animantibus
255 1509 321 1552 quibus
329 1520 351 1543 ea
359 1510 433 1543 noueris
444 1509 542 1552 expedire'
550 1522 554 1549 ;
566 1514 584 1542 et
592 1511 688 1551 deponens
697 1519 724 1546 ea,
732 1508 776 1552 quid
784 1508 827 1541 inde

125 1563 177 1596 tieret
192 1560 279 1604 deinceps
295 1570 332 1594 non
347 1560 421 1594 curauit.
475 1554 548 1594 Mulier
563 1562 642 1605 quedam
658 1561 716 1594 attulit
732 1561 748 1595 ei
763 1571 827 1604 panes,

124 1624 199 1648 caseum
207 1619 225 1646 et
233 1612 324 1653 butirum3
337 1619 355 1646 et
362 1613 398 1653 ille,
406 1624 447 1646 earn
459 1613 562 1646 contristari
574 1614 645 1654 nolens,
654 1623 730 1647 munera
742 1613 828 1656 suscepit.

125 1667 224 1709 Postquam
232 1664 262 1699 illa
270 1666 359 1707 discessit,
365 1675 442 1699 munera
450 1665 511 1699 ferens
519 1665 538 1699 in
546 1665 631 1700 manibus
638 1664 720 1700 ascendit
726 1665 744 1699 in
753 1666 827 1700 collem:

125 1725 143 1754 et
158 1730 200 1754 cum
214 1729 263 1762 genu
278 1718 327 1752 flexo
342 1719 439 1752 mulierem
455 1724 472 1752 et
488 1730 565 1752 munera
580 1718 654 1753 domino
674 1720 828 1759 commendasset,

98 1783 117 1811 30
125 1783 204 1817 surgens
212 1771 268 1805 nichil
276 1772 299 1805 de
307 1771 343 1805 illis
351 1781 427 1815 prorsus
435 1771 510 1805 inuenit.
532 1771 587 1806 Vnde
594 1772 674 1816 gauisus,
682 1771 771 1806 intellexit
779 1773 828 1816 quod

125 1826 234 1861 sacrificium
247 1825 291 1858 illud
303 1825 338 1858 deo
351 1824 415 1859 fuisset
428 1829 530 1869 acceptum.
552 1825 584 1859 Sic
599 1824 617 1859 ei
632 1826 750 1869 postmodum
764 1825 828 1870 sepius

124 1880 245 1923 contingebat,
253 1884 271 1912 et
282 1879 411 1913 crebrescente
423 1879 462 1912 eius
474 1879 527 1918 fama,
541 1878 636 1922 utriusque
647 1890 704 1912 sexus
716 1879 800 1912 homines
811 1881 829 1913 ei

125 1932 200 1966 donaria
215 1932 351 1975 presentabant,
367 1937 385 1965 et
401 1932 431 1964 ille
446 1943 469 1965 ea
484 1931 545 1965 statim
560 1931 673 1975 pauperibus
688 1927 784 1975 errogabat
799 1933 828 1967 vel

124 1985 198 2020 domino
209 1984 354 2026 commendabat,
365 1995 399 2017 nec
412 1984 430 2017 in
443 1995 487 2018 suos
500 1995 545 2018 usus
558 1984 626 2028 aliquid
639 1995 735 2018 assumere
750 1985 829 2019 volebat.

98 2048 116 2076 35
125 2040 214 2078 Tandem,
227 2042 246 2071 vt
258 2037 327 2070 victum
340 2036 375 2069 sibi
387 2037 462 2080 proprio
476 2037 538 2071 labore
552 2036 672 2080 perquireret,
685 2042 753 2070 terram
766 2037 829 2072 fodere

125 2092 174 2135 cepit
186 2096 204 2123 et
216 2100 285 2131 serere,
299 2095 317 2122 et
329 2094 389 2123 ortum
401 2089 461 2123 facere
473 2089 574 2133 copiosum.
606 2089 678 2123 Rustici
693 2090 728 2123 hoc
739 2090 829 2131 videntes,

126 2149 202 2187 propter
213 2153 282 2185 pascue
294 2141 433 2175 diminutionem
445 2141 539 2185 indignati,
552 2151 597 2184 quas
610 2146 694 2185 poterant
706 2141 723 2175 ei
736 2142 830 2176 molestias

126 2196 233 2230 inferebant.
256 2194 309 2228 Circa
324 2194 392 2228 festum
407 2194 465 2228 sancti
481 2194 574 2235 Iohannis,
588 2206 630 2227 curn
645 2206 699 2238 seges
715 2201 798 2238 surgeret
810 2196 829 2229 in

126 2250 196 2291 aristas,
204 2247 321 2282 immiserunt
332 2246 351 2281 in
363 2257 404 2281 eam
416 2246 505 2290 (rusticiu
516 2252 641 2282 armentorum
653 2248 730 2292 copiam,
742 2259 752 2282 a
764 2249 830 2293 quihus

99 2312 118 2340 40
126 2305 172 2338 adeo
180 2303 257 2346 depasta
265 2307 297 2342 est,
305 2307 325 2336 vt
333 2301 383 2335 nulla
391 2301 447 2345 spes⁷
455 2301 546 2335 fructuum
553 2307 663 2336 remaneret.
681 2302 746 2336 Virum
754 2302 831 2346 insuper

126 2358 156 2391 dei
169 2355 232 2399 sepius
247 2355 359 2396 deridebant,
372 2360 390 2388 et
401 2354 508 2398 frequenter
521 2356 537 2389 ei
553 2355 634 2389 conuicia
648 2355 763 2398 ingerebant.
787 2355 830 2399 lpse

127 2421 170 2444 vero
182 2419 217 2443 nec
228 2408 323 2451 respondit
335 2406 424 2448 conuitiis,
433 2417 467 2440 nec
477 2406 552 2440 iniurias
563 2408 641 2441 moleste
649 2407 739 2441 sustinuit.
762 2408 830 2442 Succe-

127 2463 182 2495 dente
198 2466 302 2504 autumpno,
318 2465 368 2493 tanta
383 2470 444 2494 messe
459 2459 539 2503 repletus
555 2464 584 2494 est
599 2471 643 2503 ager
657 2459 688 2493 ille
704 2460 796 2504 depastus,
812 2465 831 2495 vt

147 2531 180 2560 1Ε.
189 2538 249 2566 speras.
306 2528 340 2557 πΕ.
348 2528 420 2558 hominis.
476 2527 510 2557 ³13.
519 2529 558 2557 adds
566 2537 609 2558 voce.
664 2527 831 2558 ⁴E.fideliumdona.

126 2571 132 2588 ·'¹
143 2569 161 2599 T.
168 2568 199 2599 illis
206 2568 241 2599 ista.
301 2566 307 2584 ⁶
318 2578 348 2599 oni,
356 2568 372 2598 in
379 2568 397 2599 T.
406 2568 427 2598 H.
488 2566 494 2584 ⁷
505 2568 522 2598 E.
531 2569 597 2606 species.
