1762 2803
228 143 274 198 Dc
289 141 389 195 sutton
404 141 531 203 auidum
688 156 730 201 155

30 275 124 305 annorum,
137 262 203 308 plenus
217 263 266 297 omni
283 263 385 303 sanctitate,
397 262 476 307 septimo
491 262 562 298 decimo
578 263 613 297 kal.
628 262 732 297 decembris

30 318 103 355 celestia
114 316 221 350 conscendit
227 316 238 349 ¹.
261 315 306 350 Eius
316 326 383 360 corpus
395 315 484 350 Leontius
495 315 593 361 episcopus
604 321 657 350 extra
668 325 732 350 muros

30 369 139 408 Sanctonice
150 368 228 404 ciuitatis
239 369 258 404 in
270 369 310 403 loco
321 369 351 414 qui
364 369 430 404 dicitur
442 368 521 404 Perdina
533 368 633 403 honorifice
641 368 732 413 sepeliuit‚

30 421 456 467 etsupereiustumulumecclesiamsabricauit.
485 415 663 456 Ineiusenimobitu
671 422 733 456 audita

30 483 57 512 est
64 487 101 510 vox
109 486 120 508 a
128 475 191 508 multis
198 475 217 507 in
226 485 274 516 aere,
282 475 357 510 dicens:
370 475 458 514 ‘Macute
467 473 539 509 Macute
547 473 665 509 dilectissime
673 484 732 517 meus,
741 486 750 520 5

30 530 83 566 veni:
96 527 138 573 quia
150 527 213 562 locust
224 528 256 562 tibi
267 527 286 563 in
297 528 410 573 sempiterna
420 528 478 572 gloria
486 534 561 573 paratus
572 533 605 570 est,
613 529 632 562 in
642 539 679 571 quo
690 538 732 562 cum

30 583 98 618 sanctis
112 582 209 615 omnibus'⁴
222 581 309 625 regnabis
321 581 341 615 in
356 574 593 615 eternum.'--Miserunt
606 586 668 614 autern
682 580 733 614 ciues

30 635 102 670 Alethis
110 635 133 668 ad
139 644 203 678 regem
211 633 286 668 nomine
295 634 394 668 Filbertum
399 634 482 676 nuncios,
489 634 581 668 dicentes:
590 633 732 678 ‘Deprecamun

30 687 109 728 domine,
116 693 136 721 vt
144 697 178 721 nos
186 698 222 721 non
231 687 328 731 despicias,
335 687 369 721 sed
376 688 405 720 vel
413 698 437 721 ex
447 687 507 730 aliqua
517 692 570 730 parte
580 686 663 730 corporis
674 686 732 720 sancti

32 739 98 774 Macuti
109 740 167 772 nostri
174 740 222 773 votis
232 739 299 773 ciuium
307 739 425 772 nostrorum⁴
433 738 538 773 satisfacere
546 737 638 781 digneris!
661 738 733 781 Quibus
743 751 761 773 ιο

30 802 63 827 rex
74 792 110 826 ait:
123 791 153 826 ‘Si
165 793 200 826 deo
210 791 269 835 placet
279 792 328 835 quod
339 792 406 836 petitis,
414 791 454 836 ipse
465 791 532 826 tribuat
542 797 562 826 vt
573 791 676 826 inuenietis.
698 792 732 827 Sin

30 850 96 887 autem,
104 845 151 880 sicut
162 844 239 880 venistis
248 845 273 880 ita
283 851 302 880 et
314 845 442 880 reuertamini!
465 845 520 880 Facto
530 851 592 879 autem
603 856 660 890 super
670 846 733 880 haere

30 899 113 933 triduano
121 898 194 940 ieiunio,
202 909 243 933 cum
252 904 330 942 quatuor
338 898 399 934 clerici
406 909 474 943 corpus
485 904 568 932 sanctum
576 898 649 933 eleuare
658 899 732 938 vellent¹

31 956 84 995 caput
95 952 149 985 vnius
160 951 180 985 in
191 961 247 985 manu
259 952 352 991 remansit,
363 957 380 984 et
391 951 467 984 dextera
478 961 543 984 manus
552 951 571 984 in
581 961 637 984 manu
647 951 732 994 alterius;

31 1003 100 1047 reliqua
108 1003 191 1047 eorporis
198 1014 243 1047 pars
251 1004 302 1037 nullo
311 1004 366 1038 modo
377 1005 447 1038 moueri
458 1004 521 1048 potuit,
531 1014 565 1038 nec
573 1005 671 1047 quicquam
679 1005 703 1037 ab
710 1014 733 1037 eo
742 1015 759 1046 ¹⁵

31 1056 117 1101 separari.
141 1056 243 1100 Statimque
259 1057 320 1091 nuncii
336 1066 377 1091 cum
394 1057 453 1101 capite
468 1062 487 1091 et
502 1057 577 1091 dextera
593 1067 648 1091 manu
663 1057 695 1091 leti
709 1058 732 1091 ad

30 1110 107 1154 patriam
120 1120 172 1144 suam
185 1110 289 1150 redeuntes,
304 1109 322 1143 in
336 1109 394 1144 locis⁵
409 1110 496 1153 congruis
510 1110 597 1154 reliquias
612 1110 676 1144 allatas
691 1120 732 1144 cum

31 1162 99 1196 honore
107 1167 203 1206 reponunt.
249 1155 339 1197 Rusticus
346 1163 420 1207 quidam
428 1174 439 1197 a
446 1163 501 1198 vidua
510 1164 589 1206 quadam
598 1163 659 1197 cibum
669 1163 732 1207 petiit;

31 1215 59 1248 cui
67 1221 85 1249 et
93 1215 124 1249 illa
131 1216 166 1250 ait:
178 1217 183 1235 ‘
188 1216 267 1250 Sanctus
276 1216 361 1250 Macutus
369 1216 402 1250 scit
410 1215 452 1260 quia
460 1215 504 1250 nihil
515 1221 578 1260 preter
587 1225 655 1260 panem
663 1215 732 1251 habeo.¹

32 1267 64 1303 lile
73 1267 129 1303 dixit:
142 1269 197 1303 ‘Siue
205 1269 247 1313 plus
255 1268 279 1303 sit
286 1269 325 1303 siue
334 1269 400 1312 minus,
407 1280 442 1313 ego
449 1268 547 1313 accipiam!
564 1269 587 1303 Et
595 1269 637 1304 illa:
649 1268 732 1313 ‘thuid
741 1283 761 1304 ιο

31 1326 84 1364 putas
92 1327 136 1356 tunc
147 1328 222 1356 sanctus
234 1322 318 1356 Macutus
332 1321 405 1356 saciett'
428 1321 471 1356 ‘Ille
482 1322 616 1356 transmarinus
627 1327 660 1363 est,
669 1322 733 1365 inquit,

32 1375 85 1407 modo
100 1375 119 1408 in
135 1375 168 1409 hac
184 1375 260 1419 regione
275 1386 312 1408 non
327 1376 366 1409 est)
389 1375 413 1408 Et
427 1375 484 1408 fracta
499 1375 578 1418 quadam
594 1375 654 1415 archa,
665 1385 733 1418 panem

32 1435 93 1460 secum
102 1427 142 1461 tulit
153 1432 171 1460 et
181 1427 229 1462 abiit.
254 1427 343 1462 Muliere⁸
355 1433 416 1462 autern
428 1427 508 1462 eiulante
518 1433 536 1462 et
546 1432 629 1462 sanctum
641 1427 733 1462 hiacutum

32 1490 72 1513 cum
83 1480 176 1515 lachrimis
191 1481 294 1524 inuocante,
307 1481 361 1526 panis
373 1481 434 1515 manui
447 1481 509 1516 rustici
522 1481 547 1515 ita
559 1480 638 1523 adhesit,
650 1486 669 1515 vt
684 1481 734 1516 nulla

32 1539 69 1566 arte
77 1535 159 1578 separari
167 1534 230 1578 potuit.
246 1535 329 1579 Cumque
335 1535 409 1569 rediens
415 1534 487 1569 mulieri
493 1534 616 1577 satisfecisset,
622 1535 644 1568 ad
650 1540 733 1569 sanctum
743 1545 761 1575 ²5

33 1584 125 1620 Macutum
136 1598 171 1630 pro
180 1587 211 1620 illo
221 1587 288 1621 mulier
299 1597 364 1631 preces
373 1586 430 1621 fudit:
442 1593 461 1622 et
470 1588 532 1621 statim
542 1597 553 1620 a
562 1587 637 1621 vinculo
648 1598 684 1631 quo
695 1593 734 1621 erat

32 1638 97 1680 ligatus
104 1639 201 1673 liberatum
210 1651 230 1674 se
239 1640 302 1674 sensit.
345 1633 401 1674 onr
412 1641 492 1684 potentis
502 1641 597 1674 cuiusdam
606 1640 630 1673 ad
641 1641 734 1684 quandam

31 1691 92 1725 villam
104 1693 162 1726 sancti
174 1693 242 1727 Macuti
252 1692 335 1735 veniens,
347 1694 439 1737 quendam
450 1693 559 1727 famulorum
571 1703 646 1726 suorum
656 1694 679 1727 ad
689 1703 734 1737 que·

32 1746 108 1778 rendum
117 1745 193 1779 herbam
201 1757 235 1790 pro
243 1746 295 1790 equis
303 1746 358 1780 misit.
381 1746 415 1780 Cui
422 1757 464 1780 cum
471 1746 500 1780 vir
508 1746 582 1790 quidam
590 1745 682 1780 modicum
690 1746 734 1790 quid

32 1798 74 1831 dare
81 1798 142 1841 vellet,
151 1805 169 1833 et
177 1800 207 1833 ille
215 1800 274 1844 magis
282 1810 303 1834 se
310 1799 328 1834 vi
337 1804 447 1843 extorquere
458 1798 533 1842 diceret,
541 1800 576 1834 ait:
588 1799 622 1834 ‘Et
630 1799 673 1844 quid
681 1799 734 1835 faciet
742 1811 762 1841 30

33 1855 74 1886 tunc
84 1858 159 1887 sanctus
170 1852 275 1887 Macutusl'
299 1853 322 1887 Et
334 1853 375 1887 ille:
387 1853 449 1887 ‘Vade
458 1854 476 1887 in
487 1854 571 1887 hortum⁷
580 1858 631 1887 tuum
642 1858 660 1887 et
670 1854 698 1888 sac
708 1853 734 1888 illi

32 1904 157 1946 pulmentum!
180 1906 204 1940 Et
215 1906 271 1940 fracta
281 1916 328 1947 sera,
335 1911 423 1950 quantum
434 1906 491 1940 herbe
501 1905 557 1940 voluit
569 1915 631 1940 secum
643 1905 688 1940 tulit.
711 1906 734 1940 Et

32 1966 74 1992 ecce
82 1970 140 2003 equus
148 1970 169 1993 se
177 1970 251 1993 mouere
259 1970 296 1993 non
303 1960 367 1993 valens
375 1960 467 1993 interram
475 1958 540 1992 cecidit
545 1964 563 1992 et
569 1959 642 1991 ossibus
648 1959 734 1991 omnibus

32 2009 92 2045 fractis
103 2012 162 2054 periit,
171 2017 189 2045 et
200 2012 274 2045 sessorl
286 2011 342 2045 fracto
354 2011 400 2045 collo
409 2010 506 2054 expirauit.
529 2008 571 2052 Quo
581 2009 648 2051 audito,
659 2010 734 2045 domina

32 2063 102 2104 prefata
109 2063 169 2098 virum
177 2064 229 2098 illum
239 2063 270 2108 qui
280 2069 363 2098 sanctum
375 2063 445 2097 domini
455 2063 577 2104 inuocauerat,
584 2068 604 2098 vt
613 2063 643 2098 die
654 2063 734 2098 crastina
742 2079 761 2110 35

33 2117 178 2160 suspenderetur
193 2117 213 2152 in
225 2119 325 2163 compedes
337 2116 381 2161 poni
394 2116 451 2151 iussit.
476 2116 538 2151 Media
553 2121 607 2151 nocte
620 2117 707 2161 apparuit
719 2117 736 2152 ei

33 2176 105 2203 sanctus
120 2171 204 2204 Macutus
220 2176 238 2205 et
253 2170 330 2204 absoluit
349 2180 398 2211 eum,
413 2171 488 2204 dicens:
508 2169 582 2204 ‘Vadez
602 2169 639 2204 noli
658 2169 734 2205 timere!

33 2218 103 2257 Deinde
114 2223 165 2257 venit
176 2224 199 2258 ad
208 2223 276 2258 lectum
286 2223 334 2257 illius
345 2222 424 2266 domine,
432 2228 450 2257 et
459 2222 519 2268 tetigit
528 2233 569 2257 earn
581 2223 645 2258 baculo
657 2234 703 2258 suo:
715 2229 734 2258 et

33 2272 72 2309 sine
79 2276 168 2321 temporis
176 2277 272 2311 interuallo
280 2277 365 2311 defuncta
373 2281 406 2310 est.
435 2269 472 2311 Vir
480 2276 555 2320 quidam
562 2287 621 2320 vsque
626 2277 649 2311 ad
655 2282 734 2311 mortem

33 2325 126 2371 languens,
142 2332 186 2364 dum
202 2331 225 2364 ad
242 2330 341 2364 oratorium
359 2329 417 2364 sancti
433 2329 500 2364 Macuti
516 2331 624 2373 deportatus
638 2329 734 2374 quiescere
742 2344 763 2373 40

33 2381 91 2424 vellet,
102 2383 148 2417 vidit
161 2384 253 2427 quendam
265 2383 326 2417 virum
339 2383 458 2426 nigerrimum
473 2383 508 2416 sibi
524 2382 683 2426 appropinquare:
700 2393 734 2426 pre

33 2434 83 2467 cuius
90 2435 157 2470 timore
164 2436 248 2480 promisit
257 2446 278 2470 se
286 2440 349 2470 sancto
358 2436 431 2469 Macuto
438 2445 514 2479 semper
524 2434 641 2477 seruiturum,
649 2435 665 2469 si
673 2446 716 2470 eum
724 2446 735 2469 a

51 2547 181 2583 ¹E.concendit.
221 2552 338 2589 ²Eloquutust
379 2551 562 2581 'Romnibussanetis
603 2551 735 2581 ‘Rvestrorum

33 2584 136 2621 ⁵T.locisin.
173 2590 274 2621 “Eltlulien
308 2591 402 2620 'T.ortum.
438 2589 469 2621 ¹E.
477 2591 533 2622 sessor.
567 2589 735 2633 ’Ersuspondcreturf
