1762 2803
124 203 167 245 144
314 189 632 254 manutenementum

122 312 257 356 superueniens
269 313 297 346 uir
309 312 364 347 dixit:
382 313 458 347 ‘Restat
471 313 523 348 uobis
536 324 623 358 magnum
635 315 682 347 iter:
700 323 734 358 ego
745 313 823 347 tribuam

121 366 174 400 uobis
186 370 274 411 quantum
285 371 347 400 uestra
358 366 442 400 nauicula
452 371 526 410 portare
537 368 609 411 potest)
636 366 700 401 Ductis
711 371 773 401 autem
785 377 824 400 om-

122 420 176 452 nibus
188 421 211 453 ad
224 419 265 452 litus
279 419 340 459 maris,
353 419 435 461 predicta
447 420 486 452 auis
499 421 569 462 pernici
582 421 643 453 uolatu
656 420 712 462 uenit,
725 425 743 453 et
756 420 824 453 resedit

122 471 189 515 super¹
197 481 270 516 proram
281 470 339 513 nauis,
349 475 367 504 et
380 471 436 505 dixit:
453 471 564 507 ‘Nobiscum
578 483 626 507 auno
638 472 698 506 futuro
708 471 824 507 celebrabitis

81 568 83 570 ι
105 525 171 562 5diem
189 535 255 570 pasce3
275 524 358 557 similiter
377 529 449 558 noctem
468 526 579 560 dominicam
599 538 655 571 pasce
674 537 730 569 super
748 526 823 559 dorsum

122 578 201 611 iasconii.
224 577 269 610 Post
279 581 319 611 octo
330 587 405 611 menses
415 578 513 612 inuenietis
524 579 604 613 insulam
616 580 680 613 Albei:
693 585 711 612 et
723 579 747 612 ibi
759 579 824 612 natiui-

121 635 177 664 tatem
192 629 261 664 domiui
275 639 309 663 uos
324 634 396 673 oportet
411 630 515 665 celebrare.²
545 631 568 665 Et
583 632 644 666 statim
660 633 712 676 quasi
727 642 764 665 uua
779 642 823 665 uoce

122 694 186 717 omnes
201 693 246 717 aues
261 684 368 717 cantabant:
387 683 469 717 ‘Exaudi
482 694 521 725 nos,
537 685 583 719 deus
598 685 683 719 salutaris
698 690 766 724 noster,
780 695 824 727 spes

121 736 203 769 omnium
213 736 277 769 finium
285 740 334 769 terre
343 740 361 769 et
368 735 387 769 in
398 737 444 769 mari
451 734 529 782 longel]
563 737 621 781 Igitur
630 743 704 773 sanctus
714 738 824 771 Brendauus

95 800 113 822 10
121 794 163 832 post
174 788 347 832 pentecostenlper
358 792 396 822 tres
408 799 483 822 meuses
493 789 588 833 nauigans,
596 795 660 834 preter
671 790 731 824 celum
743 794 761 823 et
772 799 824 823 mare

121 841 176 874 nichil
188 841 237 876 vidit.
261 841 375 875 Reficiebant
389 847 450 875 autem
464 852 539 885 semper
550 848 592 886 post
606 843 686 876 triduum
698 848 729 876 aut
742 842 823 876 biduum.

121 894 205 929 Tandem
216 904 251 938 per
261 893 380 939 quadraginta
392 894 431 928 dies
445 905 479 939 per
488 895 582 930 circuitum
594 895 688 930 cuiusdam
700 895 760 930 insule
772 895 824 929 naui-

122 954 191 993 gantes,
199 953 272 993 portum
281 948 364 982 inuenire
374 958 411 982 non
419 952 508 992 poterant,
531 949 611 983 Demum
619 950 704 994 apparuit
713 949 749 983 illis
758 954 823 992 portus

122 1007 215 1045 angustus,
227 1001 348 1045 iideruutque
361 1002 407 1036 duos
419 1001 484 1044 fontes,
497 1013 574 1045 quorum
586 1013 634 1037 vnus
646 1002 734 1044 turbidus,
748 1007 766 1036 et
779 1002 824 1036 alter

96 1066 113 1096 15
122 1056 182 1089 clarus
198 1059 241 1089 erat.
272 1054 407 1089 Festinantibus
426 1054 512 1089 fratribus
530 1057 553 1089 ad
573 1056 692 1090 hauriendam
712 1066 784 1100 aquam,
799 1055 824 1089 ait

122 1113 207 1142 sanctus:
220 1107 296 1148 ‘Nolite
304 1107 341 1148 filii,
349 1107 429 1141 illicitam
440 1119 479 1142 rem
491 1108 551 1143 lacere
559 1109 599 1142 sine
608 1109 681 1143 licentia
689 1108 784 1143 seniorum
792 1109 823 1152 qui

121 1161 140 1193 iu
148 1160 182 1193 hac
189 1160 249 1194 insula
259 1164 400 1194 commorantur.
422 1160 512 1194 Tribuent
523 1162 572 1194 enim
582 1161 634 1195 nobis
642 1162 675 1195 has
683 1172 741 1205 aquas
749 1166 821 1204 sponte,

122 1224 167 1257 quas
175 1213 230 1247 modo
237 1213 291 1247 vultis
299 1212 360 1246 furtim
371 1212 445 1247 hibere)
469 1213 491 1247 Et
502 1213 563 1247 statim
571 1215 649 1248 occurrit
657 1215 692 1248 illis
700 1225 759 1249 senex
767 1214 823 1248 nimie

121 1267 220 1309 grauitatis,
228 1265 298 1309 capillis
308 1267 363 1299 niueo
372 1267 457 1307 candore,
466 1271 484 1299 et
494 1266 540 1300 facie
552 1266 632 1308 clarus³5
645 1267 675 1310 qui
687 1268 746 1300 tribus
753 1266 823 1300 vicibus

94 1326 113 1347 20
121 1327 142 1350 se
153 1317 176 1349 ad
187 1322 255 1350 terram
267 1316 370 1358 prostrauit,
382 1321 480 1358 antequam
492 1316 605 1351 oscularetur
614 1317 674 1351 virum
686 1317 721 1351 dei.
743 1316 769 1350 At
777 1328 822 1351 vero

121 1374 195 1403 sanetus
207 1368 316 1403 Brendauus
331 1368 409 1402 eleuauit
424 1379 472 1402 eum.
495 1368 518 1402 Et
531 1370 589 1403 tenuit
604 1380 663 1403 senex
675 1380 750 1403 manum
764 1369 823 1404 Bren-

120 1423 168 1465 dani‚
176 1429 194 1457 et
205 1423 242 1456 ibat
254 1432 295 1456 cum
306 1422 337 1455 illo
348 1432 382 1465 per
390 1423 472 1465 spacium
482 1423 535 1456 stadii
543 1434 601 1466 usque
612 1424 634 1457 ad
645 1423 783 1457 monasterium.
800 1423 823 1456 Et

121 1477 163 1506 ante
176 1476 248 1516 portam
260 1471 366 1506 monasterii
378 1472 423 1505 dixit
436 1473 487 1506 seni:
504 1473 569 1506 ‘Cuius
582 1478 611 1506 est
623 1474 672 1506 istud
685 1475 823 1514 monasterium,

121 1531 152 1559 aut
166 1528 207 1569 quis
222 1531 285 1568 preest
300 1524 330 1566 illi,
346 1524 375 1558 vel
390 1525 439 1558 unde
454 1529 497 1558 suut
512 1525 542 1568 qui
558 1530 695 1559 commorantur
709 1527 756 1560 ibii¹
784 1526 823 1559 Nec

95 1588 113 1618 25
122 1579 218 1622 respoudit
225 1577 256 1620 illi,
261 1578 295 1612 sed
300 1582 371 1611 tantum
378 1577 479 1611 incredibili
485 1579 626 1613 mansuetudine
633 1578 737 1613 insinuabat
742 1578 754 1612 ⁴.
770 1579 823 1621 Quod

122 1633 187 1665 videns
198 1631 312 1672 Brendanus,
321 1631 346 1664 ait
356 1629 441 1664 fratribus
453 1632 503 1665 suis:
516 1631 619 1665 ‘Custodite
630 1642 663 1665 ora
674 1642 685 1665 a
696 1631 823 1672 locutionibus,

122 1696 146 1717 ne
154 1684 258 1728 polluantur
266 1683 295 1715 isti
303 1681 368 1715 fratres
376 1693 410 1726 per
418 1688 500 1716 nostram
508 1683 646 1717 scurrilitatem.¹
670 1683 693 1717 Et
705 1689 823 1718 occurrerunt

121 1738 207 1771 undecim
218 1736 283 1770 fratres
293 1736 370 1777 obuiam,
380 1746 422 1769 cum
432 1735 508 1780 cappis³
515 1742 533 1770 et
545 1746 599 1771 cruce
611 1741 629 1770 et
640 1736 720 1781 hymnis,
729 1738 822 1771 dicentes:

123 1790 210 1834 ‘sargite
224 1790 287 1830 sancti,
300 1789 323 1823 de
335 1789 460 1823 mansionibus
474 1789 551 1823 vestris⁸
562 1795 580 1823 et
593 1790 735 1834 proficiscamini
750 1790 822 1824 obuiam

95 1856 114 1884 50
122 1845 204 1877 veritati:
216 1843 276 1876 locum
288 1843 404 1883 sanctificate,
414 1842 488 1892 plebem
498 1843 606 1884 benedicite,
617 1848 635 1876 et
647 1854 682 1876 uos
694 1843 772 1877 famulos
782 1854 823 1877 ves-

122 1901 160 1931 tros
173 1896 192 1930 in
204 1905 250 1941 pace
262 1895 353 1930 custodire
364 1894 473 1939 dignemini.¹
497 1894 556 1929 Finito
569 1895 651 1940 predicto
663 1895 759 1938 versiculo,
770 1900 823 1941 pater

121 1948 227 1983 monasterii
242 1948 334 1982 osculatus
349 1953 377 1981 est
392 1953 475 1982 sanctum
490 1948 610 1982 Brendanum
625 1954 643 1982 et
658 1948 718 1983 socios
731 1959 775 1983 suos
788 1959 823 1993 per

121 2003 210 2036 ordinem⁴
234 2000 321 2034 Similiter
334 2005 352 2034 et
367 2000 395 2034 sui
409 2000 475 2035 fratres
488 2001 617 2035 osculabantur
632 2000 698 2035 fratres
713 2000 772 2047 sancti
783 2000 823 2035 viri.

122 2056 173 2092 Data.
184 2065 229 2100 pace
241 2054 327 2097 vicissim,
339 2054 431 2089 duxerunt
443 2054 484 2089 illos
499 2054 518 2088 in
533 2053 664 2089 monasterium
677 2054 700 2088 ad
715 2054 822 2089 orationem.

94 2119 113 2149 35
122 2110 166 2143 Post
177 2109 212 2143 hec
223 2108 308 2142 lauabaut
315 2109 374 2151 pedes
382 2108 480 2151 hospitum,
488 2112 506 2151 et
514 2108 611 2152 cantabant
619 2108 738 2152 autiphonam
747 2120 750 2142 :
761 2108 823 2142 ‘Man-

121 2164 183 2196 datum
192 2171 260 2195 nouum
268 2161 292 2194 do
299 2160 361 2194 vobis!
384 2160 420 2194 His
428 2160 489 2202 finitis,
496 2161 617 2205 manibusque
625 2161 694 2202 lanatis,
702 2161 823 2196 resederuut⁷

121 2226 191 2256 omnes,
206 2219 225 2248 et
239 2219 303 2258 parata
318 2224 383 2248 mensa
397 2215 522 2257 appositisque
540 2216 619 2258 panibus
638 2214 680 2249 miri
699 2214 789 2257 candoris,
805 2220 823 2249 et

121 2270 231 2313 quibusdam
248 2268 339 2302 radicibus
356 2268 467 2302 incredibilis
482 2268 560 2311 saporis,
575 2268 701 2302 comedebant.
729 2267 823 2302 Sedebant

121 2323 174 2357 mixti
189 2322 254 2356 fratres
270 2331 312 2356 cum
328 2320 431 2365 hospitibus
446 2331 480 2366 per
494 2321 584 2363 ordinem,
599 2325 617 2355 et
632 2321 681 2356 inter
695 2320 742 2355 duos
757 2320 823 2356 fratres

94 2387 113 2417 4⁰
122 2386 196 2419 semper
204 2374 257 2420 panis
267 2374 339 2417 integer
346 2375 452 2418 ponebatur.
476 2374 560 2418 Cumque
571 2374 701 2414 comedissent,
709 2373 755 2407 dixit
766 2375 823 2408 abbas

122 2429 156 2462 loci
167 2429 215 2462 illius
224 2428 247 2461 ad
259 2427 342 2471 hospites
350 2438 393 2461 suos
400 2439 404 2461 ε
417 2429 421 2445 ‘
428 2427 457 2461 Ex
465 2428 499 2460 hoc
507 2428 557 2461 fonte
565 2437 621 2470 quem
628 2426 683 2460 hodie
691 2425 753 2460 furtim
760 2427 824 2461 bibere

122 2481 209 2522 voluistis,
222 2491 246 2514 ex
258 2491 280 2514 eo
294 2481 348 2514 modo
360 2482 413 2514 facite
429 2481 534 2514 charitatem
547 2491 588 2513 cum
601 2479 712 2513 iocunditate
725 2485 743 2513 et
758 2479 823 2513 timore

123 2535 197 2570 domini.
219 2534 248 2567 Ex
255 2535 290 2568 alio
298 2534 348 2568 fonte
355 2534 433 2575 turbido,
442 2545 497 2578 quem
505 2533 581 2576 vidistis,
589 2533 674 2566 lauantur
681 2533 739 2576 pedes
747 2533 823 2568 fratrum

126 2602 278 2640 ,²Tannersupra.
319 2602 568 2641 ²p0stpentec0stenom.inT.
609 2601 696 2632 ⁸atclara.
737 2602 823 2633 ‘atstleu

122 2642 261 2673 tiuminsinuabat.
301 2642 337 2674 lat.
348 2643 395 2681 capis.
435 2641 542 2674 ⁶E,nostris.
582 2640 719 2680 ⁷E.resideruut.
