1762 2803
315 143 395 205 raone
411 148 527 211 tremor
542 146 635 211 anglie.

218 302 276 344 tlDa
290 314 373 342 suucro
387 302 446 342 Arno
461 314 510 343 siun
524 302 613 342 Amano
627 313 712 342 nauare
720 302 733 340 1.

124 386 182 462 Vir
193 386 267 430 quidam
278 386 297 419 in
309 384 383 429 regione
396 385 536 428 Connactorum,
546 384 620 419 nomine
631 384 691 426 Sedu,
702 395 743 419 cum
755 384 827 429 prolem

184 441 252 474 habere
260 451 297 473 non
305 445 373 482 posset,
381 439 431 474 venit
439 451 481 474 oum
488 451 545 475 uxore
553 452 586 474 sua
594 441 616 474 ad
627 441 716 483 quosdam
725 445 802 478 sanctos.
808 445 828 474 vt

125 497 201 538 propter
214 493 327 527 sterilitatem
339 502 391 526 suam
402 493 425 526 ad
437 493 531 526 dominum
543 498 645 527 exorarent.
668 493 720 527 Tunc
732 493 790 527 sancti
801 492 827 525 illi

128 546 221 579 dominum
235 547 301 579 deuote
312 550 423 589 rogauerunt
438 550 457 579 vt
468 545 514 590 ipsis
526 545 631 581 hominibus
643 547 666 580 ad
678 557 699 581 se
711 545 827 581 venientibus

109 599 264 642 5'conceptionem
273 598 316 632 boni
326 598 358 632 filii
370 599 438 632 donare
450 599 566 642 dignaretur;
578 604 596 632 et
605 600 691 633 dixerunt
700 600 722 633 ad
732 610 776 634 eos:
789 599 827 633 ‘lte

125 652 144 685 in
155 651 229 685 nomine
240 650 309 686 domini
320 652 343 685 ad
354 651 394 685 loca
401 656 463 686 vestra
468 652 484 686 ²!
508 651 529 685 In
541 657 594 686 nocte
606 658 666 686 autem
678 651 768 696 sequenti,
776 657 827 687 ante-

125 716 179 750 quam
188 705 312 746 conuenirent,
319 704 364 739 vidit
371 703 400 739 vir
406 704 456 739 idem
464 705 536 740 stellam
545 704 641 740 candidam
649 706 673 740 de
681 706 720 741 celo
732 706 827 741 cadentem

124 758 144 792 in
152 770 172 793 os
180 758 242 793 uxoris
250 758 409 800 suedormientis3
422 763 440 792 et
450 758 491 801 ipsa
501 759 519 792 in
528 759 610 793 visione³
621 759 666 794 vidit
676 759 738 793 lunam
749 759 827 793 lucidam

124 813 142 845 in
154 823 174 846 os
185 823 239 846 suum
250 813 368 845 descendere.
391 812 438 845 Nato
449 818 510 845 autem
522 812 616 853 infantulo,
625 824 666 846 cum
678 813 775 855 pueritiam
787 812 828 846 atti-

99 875 117 896 ιο
124 864 187 908 gisset,
199 875 243 898 oues
257 870 296 898 octo
308 870 326 898 et
337 864 433 897 bidentes*
446 870 486 898 octo
496 865 554 908 patris
566 865 594 898 sui
605 876 690 908 pascens,
702 866 745 898 dum
757 865 828 900 videret

125 918 203 961 quadam
212 916 241 951 die
249 921 289 951 octo
296 916 350 961 lupos
357 916 411 950 valde
419 917 527 959 esurientes,
534 917 621 952 misertus
628 917 664 951 illis
671 910 744 951 tradidit
753 918 779 951 eis
787 922 828 951 octo

124 970 219 1012 bidentes3
229 975 248 1004 et
255 969 316 1005 statim
324 970 346 1004 ab
355 969 382 1004 eis
390 970 466 1004 comesti
474 975 522 1005 sunt.
539 971 581 1005 Non
589 971 646 1005 multo
653 976 696 1015 post
704 982 745 1018 cum
751 971 827 1006 vidisset

126 1023 215 1057 nutricem
224 1034 281 1064 suam,
290 1034 372 1057 sororem
380 1023 465 1057 videlicet
475 1024 539 1057 matris
550 1035 587 1065 sue,
596 1034 651 1058 causa
661 1024 762 1058 bidentium
772 1025 795 1058 ad
807 1035 828 1058 se

125 1077 194 1119 venire,
203 1076 270 1110 timens
281 1087 322 1110 eam
334 1076 418 1110 clamauit
429 1077 452 1109 ad
464 1076 559 1111 dominum
571 1076 646 1111 dicens:
659 1077 754 1119 ‘Domine
762 1070 827 1111 adiuua

99 1137 117 1167 15
125 1131 166 1163 rne’
187 1130 209 1163 Et
217 1129 309 1163 exaudiuit
317 1128 402 1163 dominus
410 1140 475 1171 preces
483 1128 535 1172 pueri
543 1129 606 1171 sancti,
613 1135 631 1163 et
639 1129 688 1163 misit
696 1135 735 1164 octo
743 1129 827 1164 bidentes

125 1181 148 1215 ad
156 1192 206 1224 oues,
213 1181 258 1215 sicut
266 1181 317 1225 prius
325 1186 381 1215 erant.
403 1174 485 1216 Sanctus
491 1186 552 1215 autem
558 1192 604 1225 puer
609 1182 673 1223 Aidus,
680 1183 710 1226 qui
718 1187 736 1215 et
744 1183 828 1216 Aidanus

126 1247 137 1269 a
144 1235 206 1268 multis
217 1236 320 1276 vocabatur,
328 1235 399 1268 eleuata
406 1246 451 1268 voce
462 1235 481 1268 in
493 1235 563 1278 campis
574 1235 658 1278 legebat:
670 1240 688 1268 et
699 1246 740 1269 cum
752 1241 828 1269 venator

125 1298 167 1322 curn
181 1287 256 1321 canibus
270 1298 344 1321 ceruum
356 1287 375 1320 in
388 1288 428 1321 loco
440 1286 470 1320 illo
482 1292 630 1331 persequeretur,
638 1298 704 1322 ceruus
715 1288 738 1322 ad
750 1298 828 1331 puerum

126 1342 186 1375 lassus
194 1341 272 1382 diuertit,
281 1346 299 1374 et
307 1340 359 1385 quasi
367 1340 454 1374 auxilium
462 1341 485 1374 ab
493 1352 515 1374 eo
523 1341 624 1384 postulans,
633 1352 694 1375 coram
703 1353 725 1375 eo
733 1341 752 1374 in
760 1346 827 1385 terram

98 1407 117 1428 ιο
125 1405 185 1438 genua
200 1395 263 1429 flexit:
280 1398 299 1428 et
314 1394 389 1428 canibus
402 1393 469 1437 vbique
484 1394 503 1427 in
516 1404 583 1427 vanum
598 1394 748 1436 discurrentibus,
761 1406 827 1429 ceruus

126 1447 188 1481 illesus
194 1447 257 1481 euasit.
298 1438 344 1480 Alio
349 1451 410 1480 autern
417 1446 446 1480 die
453 1451 504 1480 erant
510 1446 564 1480 simul
569 1447 588 1479 in
592 1457 629 1480 vno
635 1447 674 1480 loco
682 1447 764 1490 legentes
770 1447 828 1482 sancti

127 1499 187 1534 Aidus
199 1505 217 1533 et
230 1500 270 1533 eius
283 1499 404 1533 collactaneus
416 1499 513 1541 Molassus,
525 1505 543 1533 et
554 1499 667 1543 peregrinari
679 1500 784 1544 cogitantes,
792 1512 828 1545 quo

126 1555 173 1588 irent
185 1553 295 1587 nesciebant.
319 1554 376 1586 Erant
385 1553 435 1586 enim
445 1564 507 1586 coram
517 1552 562 1595 ipsis
574 1554 610 1586 duo
622 1553 670 1595 ligna
681 1564 759 1596 magna:
772 1560 790 1588 et
800 1554 827 1587 in-

128 1605 192 1649 spirati
200 1616 211 1639 a
218 1606 258 1646 deo,
266 1604 320 1648 lignis
328 1605 363 1638 illis
371 1604 466 1639 dixerunt:
484 1605 517 1638 ‘ln
526 1604 600 1639 nomine
608 1604 678 1639 domini
686 1606 767 1639 reuelate
775 1606 828 1640 nobis

99 1667 118 1697 25
127 1658 170 1703 quid
182 1658 274 1701 faciemus,
286 1663 304 1691 et
314 1658 358 1702 quid
368 1657 449 1691 futurum
461 1657 514 1691 nobis
526 1663 554 1692 est
564 1656 652 1692 indicate)
676 1657 699 1692 Et
710 1657 770 1693 statim
779 1658 828 1702 ligna

127 1712 157 1746 illa
168 1713 187 1746 in
198 1717 267 1746 terram
279 1712 387 1753 ceciderunt,
394 1722 451 1746 vnum
459 1712 482 1745 ad
494 1710 618 1754 aquilonarem
629 1716 706 1755 partem,
715 1717 733 1745 et
744 1711 793 1746 aliud
804 1713 828 1746 ad

127 1766 230 1799 australem.
247 1764 307 1807 Elegit
314 1775 358 1808 ergo
365 1764 456 1798 Molassus
464 1764 543 1798 insulam
550 1765 641 1808 quandam
646 1774 711 1798 versus
718 1765 828 1809 aquilonem,

125 1817 185 1852 Aldus
190 1829 234 1852 vero
238 1828 296 1862 usque
305 1819 328 1851 ad
333 1818 380 1851 fines
386 1816 517 1861 Laginensium
524 1816 611 1860 perrexit.
640 1809 692 1851 Cum
700 1822 761 1851 autem
769 1818 828 1853 Aidus

126 1877 175 1905 esset
187 1872 206 1905 in
218 1873 298 1915 quodam
308 1877 376 1912 monte,
388 1871 407 1904 in
419 1871 456 1904 fine
467 1870 503 1904 diei
514 1870 570 1904 voluit
581 1870 644 1903 venire
656 1871 679 1903 ad
690 1871 750 1904 locum
761 1871 780 1904 in
792 1883 828 1915 quo

98 1930 117 1960 30
126 1923 206 1958 Airedus
217 1925 291 1967 quidam
301 1930 376 1958 sanctus
384 1923 487 1957 habitabat:
499 1928 517 1956 et
529 1922 589 1966 angeli
599 1923 733 1957 descendentes
744 1928 762 1956 et
770 1924 828 1957 mani·

125 1978 160 2011 bus
168 1988 210 2011 eum
218 1978 308 2018 tollentes,
316 1978 431 2011 deduxerunt
439 1986 481 2010 eum
492 1976 515 2010 ad
524 1975 584 2009 locum
595 1981 682 2019 optatum,
691 1981 709 2010 et
719 1976 828 2011 dimiserunt

98 2073 101 2076 ,
125 2030 182 2071 illum,
194 2034 292 2074 antequam
307 2040 344 2063 nox
358 2029 434 2063 veniret⁴
470 2022 521 2063 Puer
535 2028 609 2073 quidam
624 2028 674 2062 iuxta
689 2034 774 2073 stagnum
789 2035 828 2064 erat

125 2084 199 2117 nomine
208 2083 250 2124 Bos,
258 2082 289 2126 qui
297 2093 339 2116 cum
346 2083 417 2116 duobus
427 2082 489 2126 pueris
499 2082 518 2115 in
528 2082 639 2125 profundum
650 2082 709 2125 stagni
720 2083 827 2117 submersus

124 2136 162 2171 fuit.
185 2137 208 2170 Et
216 2142 289 2180 rogatus
296 2136 356 2170 Aidus
364 2141 383 2169 vt
390 2146 422 2169 eos
430 2136 546 2170 resuscitaret
550 2136 561 2177 ⁵,
569 2135 622 2170 siccis
630 2135 708 2179 pedibus
716 2146 773 2178 super
780 2142 828 2180 stag·

99 2202 117 2232 35
126 2200 170 2224 num
178 2189 279 2230 ambulans,
287 2188 369 2232 perrexit
377 2189 400 2221 ad
408 2188 468 2222 locum
479 2188 510 2222 vbi
518 2188 570 2231 pueri
578 2188 597 2221 in
605 2193 669 2231 stagno
678 2189 768 2221 submersi
777 2195 827 2231 sunt3
856 2186 857 2189 ’

125 2241 185 2286 ibique
193 2253 253 2283 orans,
261 2240 347 2275 advitam
355 2240 469 2274 resuscitauit
476 2241 522 2274 illos.
558 2234 640 2276 Sanctus
649 2240 698 2274 enirn
706 2240 771 2283 Aidus,
779 2246 828 2275 tran-

126 2294 160 2329 sito
171 2306 260 2338 prospere
271 2294 323 2335 mari,
331 2295 354 2327 de
365 2293 455 2327 Hibernia
466 2295 488 2327 ad
501 2299 584 2327 sanctum
597 2293 656 2326 Dauid
665 2292 715 2326 venit
726 2292 745 2326 in
758 2293 827 2327 Britan-

125 2347 179 2391 niam,
194 2353 212 2381 et
227 2348 284 2381 multo
299 2352 382 2391 tempore
398 2357 439 2380 cum
454 2345 495 2391 ipso
510 2357 594 2388 manens,
606 2345 663 2380 multa
678 2345 765 2381 miracula
780 2346 827 2382 fecit.

127 2393 215 2446 Quodam
226 2405 286 2435 autem
298 2400 332 2441 die,
344 2410 385 2434 cum
397 2400 464 2434 sedens
474 2400 548 2444 legeret,
559 2398 610 2433 venit
620 2399 643 2433 ad
654 2409 696 2432 eum
704 2399 828 2442 Yehonomus,

98 2463 118 2493 40
126 2452 199 2487 dicens:
212 2453 281 2496 ‘Surge
291 2458 309 2486 et
319 2452 381 2495 accipe
391 2453 499 2495 plaustrum,
510 2457 529 2486 vt
540 2462 582 2486 cum
593 2451 679 2485 fratribus
690 2453 713 2485 ad
723 2453 828 2487 necessaria

124 2535 127 2541 ⁴
145 2524 240 2562 ¹Abridged
253 2526 293 2554 from
303 2526 330 2555 the
341 2526 378 2554 Vita
389 2526 405 2555 S.
415 2521 464 2554 Aidui
474 2526 491 2553 in
502 2524 536 2554 MS.
548 2525 589 2553 Cott.
597 2523 644 2562 Vesp.
655 2524 674 2553 A.
686 2523 730 2555 XIV.
741 2525 765 2556 ed.
779 2526 827 2562 Rees,

124 2565 399 2635 {CEambro-lqritishSaintsstpaga.
426 2565 526 2596 ²anostra.
554 2564 675 2594 ³E.vistonem.
703 2564 828 2596 *virvervices

156 2626 159 2635 .
167 2614 220 2635 resussr
227 2609 262 2635 aret.
