1762 2803
240 86 285 142 Bt
300 84 402 139 &totta
418 85 571 139 committe.
709 102 753 147 405

51 211 128 246 salutem
141 208 223 252 corporis
235 218 344 251 recuperare
358 213 426 252 posset,
438 209 461 242 ad
475 208 559 243 vltimum
575 210 653 243 deducta
668 214 696 243 est
711 216 754 245 ante

51 263 132 298 tumbam
145 260 217 306 patroni
230 260 288 295 nostri
297 260 407 295 venerabilis
419 260 537 296 Erkenwaldi
548 261 633 306 presulis.
657 261 683 296 Ibi
695 264 755 307 sopita

51 326 91 351 cum
101 315 265 358 expergisceretur,
272 314 367 357 patefactis
376 314 450 348 auribus
461 320 479 349 et
488 315 540 350 sanie
551 315 635 359 guttatim
645 315 755 358 confluente,

52 368 174 411 redintegrata
188 371 217 399 est
232 366 309 409 pristine
321 368 399 406 sanitati,
413 368 436 400 ad
452 367 525 401 laudem
541 368 610 401 domini
625 369 683 401 nostri
699 367 755 402 Ihesu

51 421 123 462 Christi,
132 420 160 453 cui
168 424 197 453 est
203 419 262 452 honor
270 424 288 453 et
295 419 353 463 gloria
360 420 379 453 in
386 419 447 453 secula
452 420 556 454 seculorum
561 431 621 455 amen.
667 413 755 455 Mulieris
764 432 772 463 5

51 474 144 507 cuiusdam
152 471 214 506 manui
222 471 320 506 adheserat
327 472 386 506 forfex
393 472 418 506 ita
425 478 445 507 vt
453 483 508 507 manu
519 473 581 508 clausa
591 479 610 507 et
621 473 682 517 digitis
693 474 755 517 palme

51 527 140 562 concretis
158 526 216 559 altera
233 524 327 569 virgarum
346 526 480 570 comprehensa
501 532 599 568 teneretur,
616 527 674 560 altera
698 537 756 572 super

51 581 116 625 digitos
132 581 213 615 exterius
230 581 342 623 tenderetur,
354 591 397 615 arcu
414 581 483 616 forficis
497 592 554 627 super
566 583 646 617 indicem
658 582 755 618 existente.

51 634 123 669 Afflicta
131 633 157 667 sic
166 633 224 667 fuerat
231 644 266 677 per
273 633 377 668 triennium.
399 634 506 668 Ammonita
514 636 588 669 tandem
599 636 618 668 in
627 635 697 669 somnis
705 636 755 669 Lon-

51 685 115 721 donias
129 685 211 729 profecta
226 690 260 726 est,
273 686 370 721 debilitatis
384 697 417 721 sue
429 688 531 722 remedium
543 693 655 732 susceptura.
679 687 755 723 Ieiuniis
764 699 783 720 ro

51 741 109 783 igitur,
117 738 183 782 vigiliis
191 744 209 773 et
217 738 328 774 orationibus
336 739 417 782 instanti,
425 740 443 773 in
455 741 525 775 somnis
535 741 569 775 sibi
580 740 664 785 apparuit
675 740 703 775 vir
715 741 755 785 qui-

52 794 93 825 dam
103 792 122 824 in
132 792 195 824 habitu
208 796 226 824 et
235 797 288 834 gestu
297 792 402 835 pontificali,
410 793 508 827 consulens
515 800 535 827 vt
543 794 639 827 ecclesiam
647 794 695 827 beati
704 794 755 828 Pauli

51 844 131 885 intraret,
139 848 181 878 ante
189 847 249 877 tecam
257 843 315 878 sancti
326 843 417 888 pontificis
427 844 544 879 Erkenwaldi
555 845 617 879 diuine
626 845 708 889 potentie
718 846 755 880 cle-

52 897 138 930 mentiam
151 896 170 929 irr
183 907 217 929 sua
230 896 323 930 curatione
335 902 438 940 expertura.
467 897 548 931 Credidit
560 898 631 939 mulier,
642 898 728 940 surrexit,
736 903 755 932 et

52 951 94 983 dum
106 961 161 983 mane
172 949 268 983 ecclesiam
280 951 368 993 peteret¹,
380 955 422 983 ante
436 950 511 994 predicti
525 951 617 995 pontificis
630 951 783 990 mausoleum215

52 1008 142 1047 prostrata
151 1003 274 1037 miserationis
286 1004 348 1038 diuine
358 1004 467 1048 expectabat
476 1005 569 1039 auxilium.
598 1004 647 1038 Dum
658 1015 702 1038 vero
714 1016 756 1049 pro-

52 1056 139 1090 cessionis
145 1056 227 1090 misteria
232 1064 335 1100 agerentur,
341 1063 446 1091 surrexerat
452 1057 488 1091 iam
494 1059 517 1092 ab
525 1058 613 1100 oratione,
621 1057 650 1092 et³
655 1063 707 1092 stans
713 1065 756 1093 ante

52 1109 109 1143 sancti
118 1110 210 1153 pontificis
223 1109 341 1143 Erkenwaldi
352 1115 417 1151 tecam,
425 1109 476 1143 visa*
484 1110 527 1154 [est]
536 1121 589 1144 orare
596 1110 663 1144 erectis
670 1111 756 1144 manibus

52 1166 69 1195 et
77 1162 138 1196 oculis.
162 1161 234 1196 Interea
242 1161 304 1196 multis
312 1161 424 1196 intuentibus
431 1167 494 1207 aperta
502 1168 530 1198 est
538 1172 604 1197 manus
612 1162 673 1206 digitis
683 1162 755 1198 eminus

51 1225 62 1247 a
72 1215 133 1257 palma
144 1213 245 1258 separatis:
257 1214 325 1248 sermm
337 1226 348 1248 a
359 1226 414 1248 carne
425 1214 513 1258 paulatim
529 1215 654 1259 separabatur,
665 1220 684 1248 et
695 1216 754 1260 virgu-
764 1231 783 1252 ω

51 1268 109 1302 larum
117 1268 173 1302 altera
181 1267 244 1312 procul
252 1268 275 1301 ab
283 1268 339 1302 altera
347 1269 421 1302 reducta
426 1267 438 1310 ⁶,
446 1268 511 1302 cecidit
518 1268 577 1303 forfex
585 1279 596 1302 a
603 1278 659 1302 manu
667 1267 707 1302 eius
713 1275 755 1303 ante

52 1320 117 1364 altare3
130 1321 217 1366 paulatim
225 1325 290 1365 postea
297 1321 352 1366 plene
360 1326 438 1363 curatur,
444 1322 467 1356 ad
475 1321 548 1357 laudem
556 1320 624 1357 domini
632 1320 690 1356 nostri
699 1321 755 1357 Ihesu

52 1373 123 1417 Christi,
132 1375 160 1408 cui
168 1379 196 1409 est
204 1374 288 1408 honoret
296 1374 379 1419 gloriam
388 1375 449 1409 secula
457 1376 560 1409 seculorum
568 1375 646 1409 Amen'.

219 1463 234 1499 ll
246 1454 280 1496 DE
291 1472 362 1496 saxeta
375 1455 490 1496 Extremum
501 1462 588 1497 xucrun⁷.

84 1525 144 1557 Ancta
156 1524 205 1558 enim
220 1524 326 1558 Ermenilda
337 1524 445 1558 Erconberti
454 1524 503 1566 regis
516 1524 583 1558 Cancie
598 1529 697 1567 sancteque
711 1525 757 1558 Sex-

108 1577 166 1621 burge
177 1577 221 1620 filia,
229 1577 251 1611 ad
263 1588 337 1612 omnem
349 1576 442 1622 pietatem,
450 1576 598 1620 compassionem
607 1581 625 1610 et
633 1575 714 1610 omniurn
725 1588 757 1611 ne-
766 1590 784 1621 ²5

52 1629 182 1664 cessitudinum
196 1629 337 1664 subuentionem
351 1635 435 1664 materna
447 1629 519 1663 viscera
534 1635 576 1663 ante
590 1629 651 1662 omnia
664 1629 758 1664 induebat.

53 1679 121 1715 Eadem
132 1682 152 1716 in
163 1693 229 1716 omnes
240 1682 349 1725 benignitas,
361 1682 380 1716 in
392 1682 465 1716 Christo
476 1681 565 1724 charitas3
579 1682 644 1716 eadem
657 1680 723 1724 iugiter
734 1683 757 1716 ad

52 1733 125 1769 celestia
140 1747 197 1780 regna
212 1739 230 1769 et
245 1735 337 1769 desideria
352 1734 459 1769 animositas
473 1741 518 1769 erat.
540 1734 615 1768 Tradita
630 1740 658 1768 est
670 1740 731 1769 autem
746 1745 757 1769 a

52 1789 158 1828 parentibus
171 1789 242 1822 Wlfero
258 1788 297 1830 regi
312 1789 423 1822 Merciorum
437 1788 455 1821 in
471 1798 559 1829 uxorem;
574 1793 592 1821 et
608 1787 638 1820 illa
650 1786 756 1822 mediatrice

53 1849 129 1882 regnum
140 1842 252 1876 Merciorum
261 1847 280 1875 et
291 1841 429 1876 Cantuariorum
438 1840 489 1884 quasi
497 1840 566 1874 vnum⁸
573 1840 659 1875 effectum
670 1846 703 1874 est.
726 1840 757 1875 In·
765 1854 785 1883 30

52 1892 127 1928 terfecto
139 1895 203 1929 Penda
214 1906 258 1939 rege
269 1905 341 1939 pagano
351 1905 393 1928 cum
400 1893 474 1938 triginta
481 1893 558 1927 ducibus
569 1893 607 1927 suis
619 1903 629 1926 a
640 1903 683 1936 rege
694 1892 757 1928 Oswio

53 1947 109 1980 sancti
123 1947 205 1981 Oswaldi
218 1958 312 1993 germano,
324 1947 419 1981 Wulferus
433 1946 472 1980 eius
484 1946 533 1980 filius
545 1951 631 1990 suscepto
645 1945 756 1990 baptismate

53 2008 129 2041 regnare
141 2002 200 2045 cepit:
220 2001 271 2036 cuius
283 2012 331 2035 vxor
344 2000 449 2035 Ermenilda
462 2010 473 2033 a
488 1999 594 2043 parentibus
607 1998 708 2040 informata,
723 2010 757 2034 sua

53 2051 153 2096 dulcedine,
165 2054 270 2088 blandissuis
285 2053 410 2095 hortamentis,
422 2053 504 2086 moribus
516 2063 536 2086 ac
549 2051 656 2086 beneficiis⁰
666 2051 756 2086 indomita

53 2104 135 2139 mulcens
146 2113 226 2150 pectora,
234 2107 257 2140 ad
269 2117 326 2141 suaue
335 2106 403 2140 Christi
413 2105 476 2149 iugum
488 2106 543 2139 rudes
554 2105 632 2149 populos
643 2109 662 2137 et
673 2103 756 2139 indoctos
765 2118 784 2147 35

53 2155 147 2202 excitabat,
153 2164 171 2194 et
177 2169 275 2203 peruersos
285 2164 303 2194 et
310 2159 389 2194 rebelles
396 2162 482 2203 potenter
489 2157 605 2201 reprimebat.
621 2156 659 2190 Nec
667 2157 757 2200 requieuit

53 2206 123 2253 inuicta,
132 2213 190 2247 donec
197 2212 253 2257 ydola
261 2218 279 2246 et
286 2213 332 2247 ritus
340 2212 458 2247 demoniacos
465 2210 570 2255 extirparet,
578 2208 661 2243 ecclesiis
668 2220 689 2243 ac
698 2220 757 2244 sacer·

53 2260 125 2299 dotibus
140 2276 218 2309 regnum
233 2264 323 2309 impleret,
338 2265 427 2310 populum
445 2264 468 2298 ad
488 2274 539 2298 sacra
558 2263 641 2303 oratoria,
656 2263 679 2296 ad
694 2263 757 2298 diuina

53 2314 115 2360 officia,
123 2319 147 2352 ad
158 2320 220 2353 omnia
227 2318 300 2363 pietatis
308 2330 365 2364 opera
372 2317 499 2353 assuefaceret.
522 2317 564 2352 Rex
571 2327 615 2351 vero
623 2315 691 2350 sanctis
698 2316 758 2362 ipsius

73 2375 220 2417 ¹T.petereteccl.
250 2379 284 2410 ²13.
292 2381 393 2411 mansolerrrn.
420 2378 511 2409 lominT.
538 2377 641 2408 ⁴Boll.nisa.
666 2378 758 2409 θσηιίῐιΤ.

54 2413 60 2430 ⁵
70 2415 88 2445 11¹
95 2418 112 2448 T.
119 2420 157 2449 then
165 2421 227 2450 follows
233 2421 249 2449 in
257 2421 284 2450 the
293 2425 316 2451 rst
320 2421 382 2450 column
390 2420 409 2449 of
413 2419 423 2448 f.
430 2418 524 2448 rrBtheeud
530 2418 548 2447 of
551 2418 594 2447 Piers
599 2418 668 2453 Tollere,
672 2418 723 2448 andin
730 2420 757 2449 the

53 2456 84 2484 and
89 2458 211 2498 columnbegins
217 2461 257 2490 lohn
263 2460 388 2490 Beuerlacensis.
428 2458 434 2476 ⁷
445 2458 473 2487 Ed.
479 2458 495 2487 in
500 2458 535 2487 Act.
541 2457 570 2487 SS.
576 2457 615 2487 Eoll.
622 2457 667 2487 Febr.
674 2457 714 2496 ll.p.
721 2460 757 2497 ⁶91,

53 2493 91 2524 from
102 2507 111 2526 a
120 2499 154 2529 MS.
163 2501 203 2530 Rub.
211 2501 268 2535 Vallis;
280 2501 356 2538 abridged
367 2501 407 2529 from
417 2499 444 2529 the
450 2498 488 2527 Vita
497 2497 519 2536 by
526 2497 601 2527 Goscelirr
612 2498 628 2527 in
639 2497 673 2527 MS.
681 2498 730 2537 cattg.
737 2499 757 2529 A.

54 2531 129 2572 Vfflssol.
137 2547 162 2576 91.
198 2540 333 2570 ⁵T.E.vnicum.
369 2537 608 2567 'Vitacmoribusbeneficis
