1762 2803
107 89 124 145 ³6
214 169 215 172 Ἴ
303 95 620 159 nuntiantemque.

111 222 183 256 bantur.
206 221 290 264 Quesiuit
302 226 361 256 autem
373 219 395 254 ab
407 230 428 254 eo
436 219 465 253 vir
474 218 548 263 quidam
556 220 605 253 vnde
618 225 668 254 esset
679 224 729 254 tanta
740 219 811 253 illarum

113 274 176 308 auium
181 275 291 309 confidentia
296 281 314 309 et
320 285 383 308 secura
389 272 497 307 cohabitatio
504 272 551 306 circa
556 272 625 316 ipsum.
637 274 673 316 Qui
680 274 714 308 ait:
724 273 769 315 ‘Qui
774 277 812 305 toto

112 329 168 362 corde
174 327 219 371 fugit
225 328 316 362 consortia
321 328 419 369 hominnm,
425 336 461 360 non
466 326 525 360 solum
531 325 548 359 ei
553 325 592 359 fere
597 327 744 368 etvolucres,sed
751 324 813 359 omnia

113 381 181 414 cedunt
189 380 205 414 ei
214 381 237 414 ad
245 381 334 423 solatium,
341 386 359 415 et
367 381 442 423 insuper
449 389 542 422 nunquam
549 378 566 412 ei
573 378 641 412 blanda
647 379 705 413 deerit
713 377 813 413 consolatio

96 433 233 475 ¹sangelorum.¹
279 426 362 479 Quidam
374 432 446 465 nomine
455 431 573 465 Ethelbaldus
585 431 608 464 de
619 442 688 474 genere
697 431 813 470 Merciorum,

113 484 236 528 generositate
244 486 404 529 spectabilis,cum
416 484 536 519 inualesceret
547 488 610 518 contra
619 494 661 518 eum
671 494 704 517 rex
713 483 813 523 Comedus,

114 547 193 580 eumque
201 547 278 580 prorsus
286 549 297 571 a
304 538 356 580 regni
364 538 392 572 sui
400 537 466 570 finibus
477 537 581 570 exturbaret
588 547 592 578 3
604 535 654 569 omni
662 535 743 569 humano
751 535 814 569 solatio

115 589 217 632 destitutus,
225 589 284 624 virum
296 590 325 624 dei
334 590 457 634 Gut[h]lacum
469 589 581 634 frequentius
591 588 675 631 visitauit,
684 599 762 632 sperans
774 588 814 622 eius

116 642 186 677 meritis
199 654 210 677 a
222 644 256 677 deo
270 655 302 678 sne
314 644 422 678 infelicitatis
432 643 514 677 obtinere
525 642 613 677 solatium.
639 641 741 686 Angustias
753 646 814 676 autem

90 710 108 730 ιο
116 697 155 730 eins
168 707 201 739 per
212 697 356 740 compassionisl
367 697 451 730 affectum
463 708 499 729 non
511 697 570 730 solnm
582 696 616 729 sibi
628 706 740 737 communes,
753 696 785 728 sed
797 699 815 728 et

116 748 201 793 proprias
210 749 308 783 Guthlacns
318 750 399 784 faciebat.
421 749 493 783 Accidit
503 749 551 784 enim
559 754 577 783 vt
586 749 705 783 Ethelbaldus
713 759 753 782 cum
760 759 815 782 vene-

117 802 168 835 rabili
176 801 215 835 viro
223 802 308 835 Will'rido
318 802 389 846 nauigio
396 802 466 836 veniret
477 802 496 835 in
507 802 589 843 insulam,
597 802 662 845 quibus
672 803 695 835 de
707 802 774 845 scapha
784 812 816 835 ex·

118 854 206 896 euntibus,
215 854 310 889 Willridus
322 856 366 888 duas
380 855 460 888 manicas
472 855 490 888 in
504 855 571 898 scapha
582 854 654 890 dimisit.
677 854 744 888 Beatus
755 859 816 888 autem

119 907 223 950 Gutlrlacns,
237 909 280 941 dum
293 908 311 941 in
325 907 402 941 oratorio
417 907 563 951 contemplationi
578 912 655 950 vacaret,
671 907 734 951 spiritu
753 912 816 941 sancto

91 977 109 1007 15
118 961 194 993 docente
206 960 295 1003 cognouit,
303 971 314 993 a
325 960 384 994 coruis
395 960 434 993 illas
446 960 527 993 manicas
540 960 633 1003 asportari.
657 960 710 1001 Quod
722 970 763 993 cum
773 959 816 993 viris

117 1013 152 1045 illis
159 1012 261 1053 indicasset,
269 1013 330 1046 vident
341 1023 415 1046 coruum
427 1012 445 1045 in
453 1012 535 1055 fastigiol
547 1013 640 1046 cuiusdam
652 1013 717 1046 domus
726 1023 781 1046 vnam
793 1013 816 1046 de

117 1064 192 1097 manicis
200 1070 292 1097 tenentem
303 1064 380 1107 pedibus
387 1070 483 1107 rostroque
488 1064 591 1098 vellentem.
615 1064 729 1107 Precipiente
735 1064 774 1098 viro
782 1064 816 1106 dei,

117 1116 191 1149 dimissa
209 1117 279 1149 manica
297 1128 362 1149 coruus
378 1116 429 1149 citius
450 1116 533 1150 auolauit.
566 1117 606 1159 Qua
624 1123 702 1161 recepta,
718 1117 817 1151 Guthlacus

116 1169 202 1203 alteram³
214 1170 253 1203 sine
270 1170 354 1204 dilatione
370 1170 439 1204 restitui
455 1170 554 1214 pollicetur.
583 1171 622 1205 Nec
637 1182 693 1214 mora,
705 1171 763 1205 tribus
774 1171 817 1205 viris

89 1235 108 1255 zo
116 1222 254 1256 aduentantibns
265 1229 338 1256 sanctus
346 1223 444 1257 Guthlacus
455 1223 537 1264 occurrit,
545 1223 576 1267 qui
587 1224 676 1257 manicam
687 1224 704 1257 ei
715 1225 818 1257 obtulerunt

115 1274 220 1316 innentam;
233 1286 287 1317 quam
301 1275 397 1318 accipiens,
405 1275 494 1316 Wilsrido,
506 1286 543 1307 non
554 1286 618 1318 parum
630 1275 730 1317 admiranti,
741 1276 818 1309 tradidit.

118 1319 141 1361 in
149 1327 268 1361 Orientalium
276 1328 378 1371 Anglorum
386 1328 452 1362 finibus
458 1327 528 1362 iuuenis
536 1328 608 1371 quidam
616 1328 634 1362 in
642 1333 711 1362 tantum
721 1339 732 1363 a
740 1330 819 1364 demone

116 1389 214 1423 possessus
220 1381 325 1421 vexabatur,
332 1385 351 1414 vt
359 1380 411 1423 lignis
420 1385 437 1414 et
445 1380 533 1423 lapidibus
539 1381 622 1423 ferroque
628 1381 711 1415 homines
719 1386 818 1424 appeteret,

117 1443 151 1466 sua
158 1432 212 1467 etiam
220 1433 303 1466 membra
310 1433 399 1476 vnguibus
407 1439 425 1466 et
433 1433 516 1467 dentibus
524 1433 604 1475 laniaret,
612 1439 630 1467 et
639 1439 676 1467 tres
684 1434 769 1468 homines
777 1446 819 1468 eum

91 1501 98 1521 2
101 1501 109 1530 5
119 1486 177 1530 ligare
185 1491 296 1529 temptantes
304 1486 419 1521 interficeret.
443 1487 502 1528 Quem
514 1492 610 1530 postquam
618 1488 641 1521 ad
651 1488 707 1521 multa
715 1493 819 1523 sanctorum

119 1540 159 1573 loca
167 1539 220 1572 amici
227 1549 279 1572 casso
287 1539 348 1573 labore
360 1540 434 1583 ligatum
446 1539 613 1582 circumduxissent,
621 1545 639 1574 et
651 1541 723 1574 tandem
732 1542 754 1575 ad
763 1541 818 1575 Guth-

119 1592 179 1625 lacum
190 1591 302 1634 detulissent,
310 1592 388 1625 triduum
400 1592 418 1625 in
426 1592 491 1626 ieiunio
503 1598 521 1626 et
532 1593 613 1626 oratione
624 1593 735 1634 continuans,
744 1599 762 1628 et
773 1606 820 1639 aqua

119 1644 214 1677 infirmum
226 1655 331 1687 aspergens,
339 1656 412 1678 omnem
424 1646 497 1688 maligni
508 1647 581 1689 spiritus
592 1652 700 1690 potestatem
711 1648 819 1690 exsufflauit‚

121 1702 140 1728 et
155 1696 260 1739 parentibus
273 1707 337 1729 sanum
351 1703 369 1730 et
384 1697 492 1731 incolumem
505 1698 608 1742 assignauit.
653 1693 728 1733 Nobilis
741 1700 820 1744 quidam,

94 1763 114 1791 30
122 1748 169 1782 illius
182 1748 239 1782 exulis
253 1749 355 1783 Ethelbaldi
368 1760 454 1792 comesa
466 1751 545 1785 demone
557 1756 638 1792 vexatus,
653 1757 670 1787 et
683 1753 706 1786 ad
720 1752 778 1787 virum
791 1753 820 1787 dei

123 1802 216 1843 adductnS,
225 1812 265 1835 cum
277 1801 348 1846 cingulo
357 1802 439 1836 Guthlaci
447 1803 536 1837 accinctus
541 1804 608 1847 suisset,
617 1804 691 1849 maligni
699 1805 773 1850 spiritus
783 1811 820 1840 tota

122 1855 204 1899 protinus
216 1855 292 1889 cessauit
303 1855 380 1890 vexatio.
425 1849 474 1891 Cum
486 1858 542 1892 abbas
553 1858 626 1902 quidam
637 1858 696 1893 virum
707 1859 737 1894 dei
748 1859 820 1894 visitare

122 1914 238 1953 proponeret,
252 1910 288 1942 duo
300 1909 328 1942 sui
339 1909 399 1943 clerici
413 1910 502 1945 licentiam
515 1917 624 1955 acceperunt
636 1914 659 1946 ab
675 1924 701 1955 eo,
714 1913 821 1948 simulantes

123 1962 201 2005 quedam
207 1963 279 2005 negotia
285 1972 305 1995 se
314 1962 381 1996 habere
388 1963 451 2006 quibus
459 1975 490 1998 eos
498 1965 600 1999 necessario
607 1965 741 2009 presentialiter
749 1972 821 2010 oporte·

95 2027 114 2056 55
123 2014 153 2047 bat
165 2013 258 2046 interesse.
280 2014 379 2048 Venientes
392 2026 434 2060 ergo
447 2018 469 2049 ad
481 2018 554 2051 domum
565 2018 658 2051 cuiusdam
670 2018 730 2060 vidue,
742 2019 821 2062 crapule,

121 2066 206 2100 ebrietati
214 2071 231 2099 et
238 2066 348 2109 impudicitie
356 2068 493 2111 dampnabiliter
502 2070 599 2105 indulsere.
623 2071 721 2105 Guthlacus
729 2082 773 2105 vero
784 2077 821 2105 tur-

122 2118 223 2161 pitudinem
239 2118 349 2161 clericorum‚
362 2120 425 2164 spiritu
443 2128 504 2157 sancto
517 2123 614 2165 reuelante,
630 2129 648 2158 et
661 2124 717 2158 verba
732 2130 750 2157 et
765 2136 822 2169 opera

124 2182 186 2206 eornm
208 2172 255 2215 cepit
273 2172 298 2206 ita
317 2173 396 2208 indicare
415 2177 513 2219 abbatiae
529 2177 545 2211 si
560 2178 610 2211 iuxta
624 2178 699 2212 clericos
715 2178 822 2212 constitutus

123 2225 191 2259 suisset.
215 2226 307 2259 Reuersus
315 2227 370 2261 abbas
380 2229 403 2261 ad
413 2230 548 2272 monasterium,
557 2230 605 2274 cepit
612 2230 667 2265 vidue
676 2242 743 2265 nomen
752 2231 822 2266 clericis

95 2293 115 2323 40
123 2278 232 2323 exprimere,
240 2284 259 2312 et
266 2279 325 2314 locum
333 2285 350 2314 et
358 2286 429 2326 tempus
437 2288 455 2317 et
463 2284 519 2318 verba
531 2289 548 2318 et
561 2295 617 2328 opera
628 2289 646 2318 et
658 2284 738 2318 omnium
749 2290 821 2320 actuum

123 2332 266 2364 circumstantias
274 2334 352 2366 seriatim
360 2335 447 2369 intimare.
470 2337 523 2378 Quod
534 2337 559 2369 illi
568 2337 669 2378 audientes,
681 2342 768 2380 tanquam
780 2349 822 2370 con-

123 2383 237 2417 fusiveniam
249 2385 338 2419 humiliter
350 2388 469 2431 postulabant.
521 2383 553 2424 De
565 2391 644 2434 quodam
661 2390 771 2423 monasterio
786 2391 822 2424 duo

124 2438 189 2472 fratres
197 2439 219 2472 ad
224 2438 332 2474 visitandum
338 2441 395 2476 virum
402 2442 431 2477 dei
440 2447 457 2477 et
462 2443 518 2477 verba
526 2443 589 2477 salutis
596 2442 822 2485 audiendum⁴venientes,

125 2491 227 2525 detulerunt
233 2503 294 2527 secum
303 2494 338 2527 duo
346 2495 420 2529 flascula
428 2502 471 2539 potu
480 2497 546 2540 plena:
558 2498 591 2531 sed
599 2497 618 2530 in
625 2496 689 2531 itinere
697 2496 716 2529 in
724 2498 786 2531 sabulo
794 2509 823 2531 re-

150 2560 183 2591 1Ε,
192 2562 311 2599 compassiones.
353 2563 466 2603 ²E.vastigio.
509 2565 638 2597 ³E.alteteram.
678 2565 796 2598 ⁴r.audienda.
