1762 2803
216 99 262 154 Dr
276 97 364 152 &etun
378 98 433 156 bri
449 97 562 151 boetico.
696 101 740 156 483

40 219 128 253 Iohannis
141 219 231 264 imagines
246 219 367 261 eontinente¹,
379 222 401 255 ad
416 232 438 255 os
453 221 502 255 illius
516 220 623 255 festinanter
638 219 723 263 apposuit
729 219 741 260 ²,

40 271 104 313 ‘Ecca
119 271 182 314 inquit,
196 272 211 305 si
224 272 284 306 credis
300 271 319 306 in
335 273 395 314 deum,
408 273 442 307 has
455 274 533 307 deuotus
546 272 637 317 imagines
649 272 742 305 osculare!

41 323 74 358 Ille
85 336 130 358 vero
141 324 188 359 vltra
201 336 239 358 non
249 324 348 367 sustinens,
360 325 412 369 quasi
423 331 497 369 sputum
509 326 583 370 protulit
594 325 612 360 in
624 324 711 366 libellum,
723 329 741 358 et

41 377 171 411 subsannando
179 377 273 422 disparuit.
290 377 367 412 Terram
375 384 436 413 autem
444 389 499 422 quam
507 378 600 420 effoderat,
609 383 680 423 septem
688 377 742 412 annis

41 430 110 465 dimisit
120 431 210 465 Godricus
221 430 313 472 incultam,
324 432 356 465 sed
368 442 415 476 aqua
425 432 521 466 benedicta
531 443 576 477 sepe
588 431 712 477 conspersit³5
724 436 760 472 etr

41 489 83 529 post
96 484 213 528 septennium
226 484 309 518 excoluit.
354 477 437 519 Godrico
453 485 496 519 soris
511 485 530 518 in
545 486 608 519 labore
622 485 684 529 operis
699 495 742 519 con·

41 536 109 581 stituto,
121 537 274 572 tintinnabulum⁴
286 548 320 582 per
333 548 354 572 se
367 537 454 572 diuinitus
467 538 550 583 pulsabat
563 539 647 583 quotiens
663 538 742 583 ipsemet

42 591 65 623 de
81 590 126 624 hora
139 596 256 633 pretereunte
272 601 309 623 non
325 590 413 624 meminit.
436 590 459 623 Et
471 591 532 624 audito
544 603 596 632 sono,
608 592 630 625 ad
643 592 742 624 oratorium

42 644 157 686 properabat,
170 648 188 677 et
199 653 241 676 cum
252 643 316 676 horam
326 653 382 687 agere
390 642 494 687 incepisset,
502 643 555 676 desiit
564 654 607 676 mox
617 644 658 677 nola
668 643 743 687 pulsari.

44 695 85 730 Hoc
95 695 203 731 miraculum
214 706 225 730 a
235 695 297 730 multis
308 695 371 740 sepius
383 701 411 730 est
424 695 509 736 auditum,
520 696 568 731 vnde
579 695 648 741 rogauit
658 696 713 731 deum
723 701 742 730 vt
753 704 771 727 ιο

43 759 100 783 sonus
109 749 140 782 ille
148 750 233 783 decetero
240 761 251 783 a
259 748 333 783 nemine
344 753 460 793 preterquam
469 750 492 783 ab
503 749 544 792 ipso
551 750 590 784 solo
599 750 697 784 audiretur.
720 750 744 783 Et

43 802 110 836 sactum
119 808 147 836 est
156 802 185 836 ita.
230 794 281 837 Cum
289 802 355 836 lluuins
363 801 416 836 Weri
424 801 483 836 subita
494 802 611 836 inundatione
619 802 744 837 intumescens

44 855 122 889 officinis
142 855 214 889 Godrici
235 855 287 889 ruine
307 855 409 898 periculum
429 853 537 894 minabatur,
555 854 598 888 i11e⁶
615 865 701 899 egressus
722 855 744 888 ad

44 908 116 941 alueum
126 908 212 949 fluminis,
221 909 298 941 dextera
305 908 375 951 virgam
386 907 483 951 pretendit,
490 913 508 941 et
516 907 551 942 ait:
565 907 595 940 ‘ln
605 907 680 941 nomine
689 908 744 941 lhcsu

44 959 113 994 Christi
123 959 152 994 cui
162 959 228 1002 seruio,
239 959 277 1002 tibi,
288 971 340 1004 aqua,
349 959 431 1004 precipio
442 964 462 993 vt
472 969 537 994 versus
547 958 631 994 officinas
641 970 692 994 meas
699 959 746 994 vltra
756 972 774 1001 rx

45 1014 108 1048 solitos
116 1015 163 1048 fines
171 1015 261 1048 excedere
271 1025 308 1047 non
318 1024 420 1058 presumas,
429 1013 473 1058 quin
484 1013 545 1058 potius
555 1014 573 1048 in
584 1024 650 1059 rupem
661 1025 684 1048 ex
694 1020 747 1059 parte

45 1067 102 1101 altera
109 1067 250 1111 prominentem,
257 1072 344 1110 quantum
352 1067 427 1110 poteris,
435 1066 524 1110 erigaris!
547 1067 592 1100 Mox
601 1066 669 1100 fluuius
679 1067 746 1100 montis

45 1120 103 1154 instar
114 1121 200 1162 excreuit,
208 1120 290 1154 eleuatus
298 1131 347 1164 pene
355 1120 377 1153 ad
385 1119 466 1154 medium
475 1119 526 1154 collis
536 1119 609 1154 aduersi
617 1131 621 1154 :
634 1119 688 1154 Vnde
696 1130 747 1163 mag·

46 1183 89 1205 nam
97 1172 179 1216 lapidum
188 1172 323 1205 multitudinem
334 1172 427 1205 transtulit
437 1172 456 1204 in
469 1177 575 1212 torrentem,
586 1173 609 1205 de
620 1173 686 1216 quibus
697 1178 748 1214 post-

46 1225 121 1260 modum
134 1225 220 1260 fabricata
233 1231 261 1260 est
276 1224 352 1259 ecclesia
366 1224 424 1259 saneti
438 1224 525 1258 Iohannis
541 1224 629 1268 Baptistc.
673 1217 775 1259 Werusro

46 1277 113 1312 iterum
121 1289 230 1313 excrescens
237 1277 310 1313 Godrici
318 1277 394 1312 edificiis
401 1276 541 1322 propinquabat.
557 1277 600 1321 Ipse
606 1282 667 1312 autern
675 1277 747 1312 obuiam

47 1331 137 1376 processit
145 1331 253 1376 intrepidus,
261 1337 279 1366 et
288 1337 327 1366 tres
334 1341 402 1376 passus
409 1342 420 1365 a
427 1341 469 1365 casa
477 1342 510 1365 sua
518 1330 621 1373 dimetiens,
628 1331 665 1365 ibit
675 1341 748 1366 crucem

47 1386 70 1418 de
80 1384 132 1429 virga
142 1385 206 1427 erexit,
218 1384 292 1419 dicens:
304 1384 336 1418 ‘In
346 1385 420 1418 nomine
431 1383 480 1419 illius
491 1383 522 1428 qui
533 1395 567 1428 pro
579 1384 633 1418 nobis
643 1390 671 1418 est
681 1395 749 1429 passus

47 1438 66 1471 in
81 1449 140 1478 cruce,
157 1437 229 1481 impero
244 1437 301 1479 vobis,
316 1449 369 1481 aque,
384 1449 408 1471 ne
423 1438 472 1471 hune
487 1437 586 1472 terminum
604 1437 749 1472 transcendatis)

48 1490 124 1524 Stabant
135 1495 196 1524 autem
207 1490 273 1524 fluctus
283 1490 306 1523 ad
317 1490 392 1524 modum
404 1489 479 1533 parietis
490 1489 562 1530 eleuati,
572 1490 664 1533 prefixum
673 1489 749 1523 limitem
759 1501 777 1530 ²⁵

48 1542 151 1585 transgredi
162 1553 199 1575 uon
215 1544 309 1576 audentes.
334 1542 357 1575 Et
371 1553 412 1575 cum
426 1548 497 1585 pontes,
509 1542 579 1583 domos,
591 1543 667 1576 arbores
678 1541 709 1576 illo
721 1542 751 1576 die

49 1592 124 1629 seuiens
131 1593 180 1628 vnda
188 1594 304 1635 conuelleret,
312 1594 335 1628 ad
344 1593 417 1628 Godrici
425 1594 547 1629 habitaculum
558 1593 668 1638 pertinentia
677 1594 752 1629 omnino

49 1658 86 1681 non
95 1647 141 1681 lesit.
165 1648 215 1681 Sicut
223 1654 285 1681 autem
293 1658 366 1681 crucem
375 1647 437 1681 serens
447 1647 482 1681 orti
493 1646 521 1680 sui
529 1647 577 1681 fines
588 1646 628 1691 ipse
637 1647 752 1688 lustrauerat,

49 1701 75 1735 sic
91 1706 136 1734 nutu
150 1701 179 1735 dei
192 1712 238 1744 aqua
251 1701 336 1742 substitit,
348 1712 383 1735 nec
396 1701 485 1735 transiuit.
531 1693 631 1737 Scotorum
645 1712 678 1735 rex
692 1701 751 1735 Dauid

50 1754 150 1787 exercitum
165 1753 184 1787 in
197 1753 283 1796 Angliam
297 1754 372 1794 ducens,
387 1754 482 1797 regionem
497 1753 567 1797 rapinis
582 1759 600 1787 et
615 1754 705 1788 incendiis
720 1755 752 1788 de·
762 1767 782 1796 30

50 1806 132 1840 uastauit.
154 1806 256 1840 Venientes
271 1806 326 1850 igitur
340 1805 414 1850 quidam
433 1806 505 1840 irruunt
524 1806 543 1840 in
560 1806 656 1841 ecclesiam
673 1806 752 1848 Godrici,

50 1866 115 1893 cuncta
130 1858 232 1903 dirripiunt,
244 1859 315 1892 oblatas
326 1871 368 1893 oum
380 1859 423 1892 vino
436 1859 535 1892 comedunt
547 1865 565 1893 et
578 1859 648 1899 bibunt,
661 1864 679 1892 et
692 1860 752 1893 virum

51 1911 85 1953 dei,
97 1911 206 1956 grauissime
221 1921 289 1951 cesum,
301 1911 373 1956 capillis
384 1911 446 1955 virga⁷
459 1911 526 1944 intorta
537 1912 628 1944 decollare
642 1919 753 1955 proponunt.

51 1964 134 2008 Cumque
146 1969 224 1997 mortem
236 1968 311 2007 paratus
324 1964 436 2007 expectans⁸
447 1963 537 1997 ceruicem
549 1964 628 1998 libenter
640 1966 753 2005 extenderet,

51 2017 125 2061 quidam
141 2022 213 2060 potens,
228 2027 252 2051 ne
267 2016 394 2061 perimeretur,
408 2017 431 2051 de
446 2016 531 2050 manibus
546 2027 610 2051 eorum
625 2028 667 2051 eum
682 2017 754 2062 eripuit.
763 2033 782 2062 35

52 2070 142 2103 Dicebant
155 2070 205 2104 enim
220 2069 248 2104 ei:
262 2069 307 2103 ‘Vbi
322 2075 350 2104 est
363 2070 461 2104 thesaurus
474 2071 537 2103 tuus?'
560 2070 594 2103 Ille
605 2076 665 2103 autem
678 2070 705 2104 eis
717 2081 754 2104 non

52 2122 153 2165 respondit,
168 2123 201 2156 sed
217 2132 319 2156 conuersus
334 2123 357 2156 ad
373 2133 446 2156 crucem
461 2122 495 2156 ait:
508 2121 597 2156 ‘Domine
611 2123 672 2163 Ihesu,
685 2130 705 2157 tu
717 2123 755 2157 scis

52 2175 95 2219 quia
106 2186 143 2208 non
152 2181 180 2209 est
191 2174 246 2208 michi
256 2176 354 2209 thesaurus
362 2175 380 2208 in
389 2181 438 2209 terra
446 2174 481 2208 nisi
489 2181 507 2208 tu
516 2175 562 2209 deus
570 2181 588 2208 et
595 2175 681 2208 dominus
691 2178 755 2209 meus!

52 2228 106 2263 Vnde
117 2228 206 2271 indignati
215 2239 257 2262 eum
268 2228 347 2272 amplius
355 2229 481 2263 verberabant.
504 2228 556 2262 Vnus
567 2233 628 2262 autem
638 2239 702 2263 eorum
711 2229 756 2263 citra

53 2281 126 2315 tertium
140 2281 211 2315 miliare
226 2283 331 2316 recedendo
343 2282 362 2315 in
374 2282 464 2316 insaniam
475 2291 545 2322 versus,
557 2281 637 2325 linguam
649 2292 701 2316 suam
713 2293 756 2327 pro·
765 2294 785 2323 4⁰

54 2335 99 2379 priis
110 2335 195 2369 dentibus
205 2336 290 2377 comedit,
300 2341 318 2369 et
328 2336 347 2369 in
358 2336 417 2369 lacum
427 2346 447 2369 se
457 2335 582 2380 precipitauit:
598 2335 651 2369 Alius
662 2335 726 2371 furens
737 2337 756 2370 in

53 2388 106 2421 Weri
118 2386 194 2421 flumine
206 2399 226 2421 se
238 2388 326 2422 demersit
337 2394 355 2422 et
366 2388 430 2432 periit;
442 2399 476 2422 nec
488 2388 553 2432 aliquis
564 2387 595 2432 qui
607 2394 670 2423 sancto
681 2389 757 2424 iniurias

54 2441 144 2481 intulerat,
160 2442 183 2474 ad
199 2441 284 2475 Castrum
297 2442 370 2476 Nouum
382 2442 436 2476 viuus
450 2441 541 2485 peruenit,
553 2442 586 2476 sed
600 2442 669 2476 diuersi
685 2444 757 2478 casibus

75 2504 110 2533 1αἱ.
119 2514 149 2533 om.
189 2504 224 2533 ΊΕ.
232 2506 310 2541 opposuit.
351 2506 385 2533 3Τ.
393 2507 486 2541 conspersit.
532 2505 682 2537 ⁰E.tintinabilum.
724 2508 758 2539 ὅΤ,

55 2543 135 2573 llleuero.
175 2542 208 2573 αΤ.
218 2542 235 2573 Ε.
244 2548 265 2574 et.
306 2542 344 2574 ⁷H.
353 2543 397 2581 virga
405 2544 468 2581 capillis
510 2543 634 2583 tnexciporc.

382 2592 428 2630 .1i2
