1762 2803
98 146 142 190 174
288 134 368 187 attona
384 131 499 194 branna
515 130 607 194 unalia.

255 256 271 292 ii
284 248 317 289 Dr
328 266 398 289 sancto
410 247 516 290 Caronoco
528 253 641 288 HEREMITA1.

139 345 197 379 Micus
215 344 244 378 dei
260 344 370 385 Carodocus,
385 345 408 377 de
423 344 509 378 Cambria
525 343 619 385 oriundus,
634 348 652 376 et
667 344 691 377 de
705 342 800 386 prouincia

149 397 275 439 Breghennoc,
292 396 399 439 parentibus
418 408 455 430 non
474 396 541 430 infimis
560 401 677 440 propagatus,
693 394 800 439 originalem

99 449 165 483 lineam
178 448 240 482 duxit:
257 453 274 481 et
287 448 388 481 litterarum
402 449 467 482 studiis
480 449 558 490 deditus,
570 449 614 482 dum
626 448 697 491 virgam
710 447 770 481 timuit
782 452 800 481 et

98 502 154 534 verba
168 501 267 541 doctorum,
281 511 318 533 non
331 511 396 543 parum
407 500 426 533 in
439 500 521 534 doctrina
534 500 617 543 proiecit.
640 496 720 533 Demirm
732 499 800 533 relictis

81 566 90 593 5
99 553 199 587 litterarum
210 552 316 595 disciplinis,
324 552 405 587 curiam²
413 553 458 587 Resi
467 553 572 587 Soutwallie
583 552 671 596 principis
683 552 752 595 adiens,
761 552 800 586 eius

99 617 119 641 se
131 605 225 640 famulatui
236 605 325 640 subiicere
337 606 411 640 curauit.
434 606 524 650 Princeps
535 611 596 640 autem
607 608 668 649 ipsum
682 616 749 649 magno
760 604 800 639 dili·

98 669 145 702 gens
164 658 235 700 affectu,
250 658 328 693 duorum
347 657 484 702 leporariorum,
499 669 546 702 quos
561 658 653 702 diligebat,
668 657 684 692 ei
700 657 800 692 custodiam

99 711 204 756 assignauit.
228 711 271 745 Erat
287 711 337 745 enim
352 711 434 755 affabilis,
450 711 535 755 liberalis,
548 717 566 745 et
581 711 712 756 morigeratus:
731 711 752 744 ln
768 710 802 745 lira

99 776 171 809 quoque
186 770 204 797 et
223 765 298 798 musicis
315 765 442 798 instrumentis
457 766 557 808 plurimum
572 766 636 798 doctus
651 769 695 798 erat.
718 765 801 809 Cumque

73 827 91 847 ro
100 817 210 860 aliquamdiu
221 817 239 850 in
250 817 343 860 obsequiis
353 817 402 850 illius
412 817 500 861 principis
508 819 585 851 deuotus
595 823 613 851 et
624 817 698 850 sedulus
706 816 801 857 extitisset,

100 871 173 904 domino
185 870 294 914 disponente
306 870 385 913 contigit,
396 876 415 904 vt
426 870 485 904 dictos
497 870 597 914 leporarios
609 881 653 904 casu
664 870 737 903 fortuito
749 869 801 903 amit-

100 928 157 965 teret;
173 922 258 965 quatinus
270 923 338 956 electus
350 922 390 956 elus
402 923 425 956 ad
436 922 507 957 vtiliora
519 928 583 966 etque
595 928 638 956 sunt
649 921 759 966 appetibilia,
770 921 802 955 tali

101 976 163 1009 relicta
175 975 261 1017 vanitate,
273 975 363 1009 transiret,
386 975 439 1009 Vnde
456 976 542 1019 princeps
557 981 576 1009 et
588 975 684 1009 dominus³
696 974 735 1008 eius
748 975 801 1008 valde

101 1029 188 1068 offensus,
196 1029 321 1062 membrorum
329 1028 461 1062 mutilationem
470 1034 488 1062 et
498 1034 577 1062 mortem
585 1028 602 1062 ei
611 1028 719 1062 minabatur.
743 1027 776 1061 Cui
784 1033 802 1061 et

75 1090 92 1120 15
101 1081 206 1114 Carodocus
215 1081 319 1123 respondit:
333 1081 363 1114 ‘Si
371 1082 426 1124 longa
431 1086 449 1114 et
457 1081 548 1115 laboriosa
556 1081 633 1114 seruicia
641 1091 682 1114 mea
689 1082 735 1114 adeo
741 1080 802 1124 parui·

101 1135 211 1177 penduntur,
224 1133 271 1167 sicut
285 1145 309 1167 ex
320 1134 382 1167 verbis
397 1134 437 1168 istis
453 1134 548 1168 euidenter
561 1140 647 1178 apparet;
664 1133 690 1167 illi
704 1135 727 1167 de
741 1139 802 1167 cetero

101 1185 179 1228 principi
187 1186 259 1218 labores
267 1196 319 1218 meos
325 1190 343 1218 et
351 1186 459 1228 obsequium
467 1186 572 1228 impendam
579 1186 610 1228 qui
618 1187 722 1219 mercedem
727 1186 803 1219 vberem

101 1248 135 1281 pro
143 1238 205 1272 labore
215 1236 286 1271 modico
294 1237 363 1271 donare
371 1237 432 1280 nouit;
445 1237 475 1281 qui
483 1249 539 1273 canes
547 1237 652 1272 hominibus
660 1248 696 1271 non
704 1236 803 1281 anteponit,

102 1302 136 1324 nec
144 1296 207 1330 morte,
216 1291 248 1323 sed
256 1290 293 1323 vita
301 1296 364 1323 eterna
372 1302 415 1324 suos
420 1297 528 1324 remunerat
536 1291 645 1324 seruitores.’
669 1291 707 1324 Nec
715 1302 772 1328 mora,
780 1291 804 1323 de

76 1351 94 1373 20
102 1343 165 1376 lancea
177 1353 210 1376 sua
221 1342 255 1376 sibi
267 1343 351 1376 baculum
363 1343 437 1384 faciens,
445 1348 507 1377 votum
517 1345 552 1377 deo
560 1344 609 1377 vonit
617 1344 665 1386 quod
676 1344 699 1376 ab
709 1343 739 1376 illo
749 1343 778 1376 die
786 1348 804 1376 et

103 1396 190 1440 deinceps
198 1395 253 1429 vitam
265 1396 343 1429 celibem
355 1397 429 1429 duceret
440 1401 458 1430 et
470 1396 602 1430 monachalem.
624 1395 731 1440 Assumptis
743 1401 804 1429 autem

103 1460 166 1483 secum
176 1449 285 1492 quibusdam
296 1449 355 1491 sociis,
363 1460 428 1483 versus
437 1449 710 1483 1andauensem³ecc1esiamet
718 1449 757 1482 eius
765 1448 804 1492 epi-

105 1511 181 1546 scopum
188 1501 223 1535 iter
231 1501 296 1545 dirigit
312 1501 335 1535 Et
343 1512 384 1536 cum
392 1512 426 1545 per
433 1507 520 1536 montana
527 1513 607 1546 pergens
613 1501 720 1536 victualibus
728 1506 804 1543 careret,

104 1554 194 1597 dominns,
203 1554 233 1598 qui
244 1565 287 1588 suos
299 1553 318 1588 in
329 1554 438 1589 necessitate
449 1566 486 1588 non
494 1556 563 1589 deserit
570 1555 653 1597 famulos,
660 1554 744 1589 victualia
753 1553 804 1588 suffi-

78 1615 95 1642 25
105 1607 174 1641 cienter
187 1612 205 1639 et
219 1608 291 1640 abunde
304 1607 389 1650 prouidit.
412 1608 503 1650 Capream
516 1607 566 1641 enim
579 1608 644 1651 sagitta
656 1608 764 1641 transfixam
776 1607 804 1640 in-

105 1659 206 1700 uenientes,
212 1659 281 1702 absque
288 1659 393 1693 difficultate
401 1665 494 1703 ceperunt,
501 1665 519 1693 et
527 1659 587 1693 cibum
595 1659 638 1693 inde
646 1659 681 1693 illis
689 1664 805 1703 parauerunt.

104 1712 186 1746 Veniens
195 1711 255 1755 itaque
264 1712 368 1746 Carodocus
377 1713 400 1745 ad
409 1712 521 1756 episcopum,
529 1723 616 1747 coronam
624 1712 727 1746 clericalem
735 1713 757 1745 ab
765 1712 805 1755 ipso

105 1762 195 1808 suscepit:
208 1769 226 1797 et
234 1763 252 1797 in
261 1763 338 1797 ecclesia
345 1763 403 1797 sancti
411 1763 481 1797 Theliai
490 1764 582 1808 aliquanto
589 1770 673 1808 tempore
681 1765 716 1798 deo
724 1761 805 1798 seruiuit.

104 1817 174 1851 Videns
184 1817 258 1850 tandem
269 1817 328 1851 locum
339 1816 395 1859 illum,
403 1822 480 1861 propter
489 1817 564 1851 nimiam
572 1817 666 1852 hominum
678 1817 805 1861 frequentiam,

77 1883 96 1911 30
105 1869 187 1914 religioni
202 1881 235 1903 sne
251 1875 269 1903 et
284 1870 378 1914 proposito
393 1863 460 1904 minns'
469 1872 588 1904 accomodum
596 1884 601 1912 ;
617 1870 660 1904 inde
675 1872 770 1912 secedens,
783 1871 805 1903 ad

105 1923 201 1956 ecclesiam
212 1922 269 1956 sancti
282 1922 349 1956 Kinedi
360 1923 442 1965 accessit,
451 1934 487 1966 que
498 1929 541 1957 tunc
553 1923 605 1967 quasi
614 1924 687 1957 deserta
698 1923 736 1957 fuit.
759 1923 806 1957 Casa

47 2002 50 2010 ,
104 1976 159 2020 igitur
171 1976 220 2010 iuxta
232 1975 340 2010 cimiterium
352 1976 440 2019 edificata,
453 1976 511 2020 spinis
524 1987 545 2011 ac
557 1976 629 2010 tribulis
642 1987 679 2010 non
692 1976 732 2010 sine
744 1976 806 2010 labore

104 2029 170 2072 grandi
181 2029 241 2061 locum
253 2039 340 2071 purgans,
349 2029 381 2062 vix
392 2034 434 2072 post
445 2029 525 2062 triduum
537 2030 633 2063 ecclesiam
645 2029 719 2062 introire
730 2030 807 2063 valebat.

105 2082 136 2115 Sic
144 2081 193 2115 enim
199 2080 205 2098 ⁵
212 2081 254 2113 olim
260 2081 334 2123 contigit
342 2082 390 2124 apud
397 2082 506 2116 Meneuiam.
529 2082 575 2116 Cum
583 2082 632 2115 enim
638 2083 681 2116 vrbs
689 2081 807 2115 meneuensis

79 2145 97 2174 35
105 2145 139 2178 per
147 2134 220 2178 piratas,
227 2134 249 2166 ab
257 2133 322 2167 insulis
329 2134 434 2168 Orchadum
442 2134 501 2178 longis
509 2134 586 2168 nauibus
595 2136 686 2177 aduectos,
692 2134 807 2177 exigentibus

105 2187 204 2221 incolarum
216 2186 301 2230 peccatis
310 2187 374 2220 crebra
384 2187 500 2221 infestatione
509 2198 543 2231 per
550 2187 667 2231 septennium
677 2187 716 2221 lere
726 2187 808 2221 desolata

106 2240 180 2282 fuisset3
193 2240 280 2273 sacerdos
288 2239 362 2283 quidam
371 2239 471 2283 religiosus,
480 2240 544 2284 spinas
552 2246 570 2274 et
578 2240 655 2274 tribulos
663 2240 776 2283 extirpando,
784 2241 807 2274 ad

107 2293 189 2326 tumbam
203 2292 261 2325 sancti
274 2292 384 2326 confessoris
398 2292 457 2326 Dauid
469 2293 501 2327 vix
514 2293 593 2336 septimo
606 2293 636 2326 die
649 2292 738 2336 peruenit.
761 2293 808 2326 Cum

106 2351 167 2379 autem
175 2345 279 2378 Carodocus
290 2345 421 2379 monasterinm
429 2345 473 2379 illud
481 2346 566 2379 laudabili
574 2345 713 2379 conuersatione
721 2345 808 2389 aliquam-

79 2409 98 2437 40
108 2398 138 2432 diu
144 2398 259 2439 illustrasset,
265 2398 349 2442 apparuit
357 2398 374 2432 ei
381 2399 458 2443 angelus
466 2399 541 2443 domini,
546 2399 620 2434 dicens:
632 2398 705 2432 ‘Frater
710 2399 808 2443 Carodoce,

128 2485 133 2504 ¹
144 2486 172 2515 Ed.
183 2486 199 2513 in
211 2486 247 2515 Act⁴
260 2487 289 2515 SSr
302 2487 343 2517 Boll.
353 2487 391 2524 Apr.
403 2488 423 2516 11.
434 2497 449 2524 p.
462 2496 499 2524 1513
510 2488 591 2516 extracted
602 2487 671 2524 perhaps
682 2487 721 2516 from
731 2497 741 2516 a
751 2488 778 2516 lite
788 2488 810 2525 by

109 2525 181 2554 Giraldus
189 2525 294 2564 Cambrensis,
302 2527 359 2564 bishop
367 2528 385 2555 of
391 2527 407 2556 S.
415 2527 485 2557 David's.
546 2526 552 2543 ²
562 2527 580 2556 E.
588 2535 645 2557 curam.
706 2527 712 2543 ³
723 2528 741 2558 E.
748 2529 809 2558 domus.

108 2565 113 2581 ⁴
125 2565 142 2595 E.
151 2565 267 2595 landanensem.
328 2566 334 2583 ⁵
344 2567 384 2596 Boll.
392 2567 444 2595 etiam.
