1762 2803
113 141 154 181 166
300 137 380 188 moon
396 134 512 196 teneone
528 133 620 195 analio.

110 257 229 294 restiterunt1
248 258 405 293 determinatione.
432 258 449 292 Ο
472 262 539 302 quanta
562 257 625 291 mundi
648 256 745 301 iniquitas!
764 257 813 301 regia

111 317 202 356 potestate
213 312 305 355 pugilibus
315 311 424 351 abundante,
434 313 511 355 pauperi
522 312 540 344 in
551 311 624 344 Christo
635 315 653 343 et
664 310 728 343 humili
739 321 776 343 non
786 316 813 344 est

112 366 142 409 qui
151 365 203 399 saciat
211 365 284 405 bonum,
293 374 330 397 non
338 369 366 397 est
373 375 431 407 vsque
439 365 463 398 ad
470 374 532 399 vnum.
555 363 667 397 Bertellinus
674 363 736 407 itaque
746 363 813 406 plenus

112 418 171 462 gratia
186 423 204 450 et
219 417 328 457 fortitudine,
344 417 442 460 prostrauit
457 428 478 450 se
493 416 512 450 in
528 416 614 457 oratione,
630 416 705 450 dicens:
722 416 783 449 ‘Deus
795 415 814 449 in

95 470 222 512 5adiutorium
241 480 303 502 meum
319 469 405 511 intende;
422 469 496 503 domine
512 470 535 503 ad
555 469 679 502 adiuuandum
696 479 727 502 me
743 468 815 502 festina.

114 524 192 557 Domine
204 523 249 555 deus
261 517 319 563 meus,
331 521 350 555 in
361 527 379 555 te
388 522 467 565 speraui,
479 522 550 556 saluum
563 532 594 555 me
605 523 633 556 fac
642 532 666 555 ex
677 521 762 555 omnibus
773 531 815 565 per·

113 574 234 619 sequentibus
243 585 273 608 me
281 579 300 608 et
307 573 364 608 libera
375 585 410 609 me.
434 574 538 608 Extraneus
548 574 606 608 sactus
615 585 657 608 sum
667 574 754 610 fratribus
763 574 815 613 meis,

113 634 131 662 et
142 640 179 662 non
192 628 261 672 estqui
273 628 378 661 consoletur
390 639 426 661 me.
450 628 517 662 Libera
529 639 559 662 me
572 633 591 662 et
601 639 650 672 pone
662 639 692 661 me
702 629 752 661 iuxta
763 633 786 668 te,
797 633 815 662 et

114 683 193 716 cuiusvis
209 692 275 715 manus
286 687 355 725 pugnet
369 687 432 714 contra
446 683 488 716 me.r
512 681 600 715 Oratione
612 681 668 723 finita,
680 682 748 714 audiuit
760 692 815 725 quan-

87 745 106 766 10
114 736 156 769 dam
168 744 233 769 vocem
246 734 349 768 dicentem:
363 734 473 768 ‘Bertelline
485 734 553 768 Christi
565 734 626 776 chare,
642 734 680 768 noli
693 736 768 769 timere:
785 744 816 768 ex-

114 785 183 819 audiuit
201 785 286 818 dominus
305 785 453 828 deprecationem
472 789 527 826 tuam,
546 785 633 819 dominus
650 785 752 818 orationem
767 789 816 817 tuam

115 838 206 881 suscepit!
251 830 311 870 Mane
321 842 382 870 autem
392 837 438 870 laeto
449 838 519 870 iactans
530 848 639 880 supereum
650 848 712 870 curam
724 847 777 870 suam
787 838 817 879 qui

115 902 152 924 non
160 890 209 925 dabit
215 889 234 923 in
241 894 325 923 eternum
333 889 470 924 fluctuationem
478 890 531 932 iusto,
538 889 618 923 obuiauit
626 890 699 924 cuidam
707 889 818 923 homunculo

117 946 180 987 (quem
193 944 259 978 melius
272 944 386 987 appellarem
398 944 522 977 fortitudinem
532 944 683 987 archangelicam,
691 948 710 977 vt
722 943 791 986 patebit
799 943 818 976 in

89 1010 107 1041 15
116 997 243 1041 sequentibus)
249 1008 290 1031 cum
298 997 334 1031 auli
342 1002 360 1031 et
368 996 485 1040 bidentili(!)²
493 996 612 1031 Bertellinum
620 996 705 1030 salutanti
713 1001 731 1030 et
739 995 817 1031 dicenti:

117 1050 214 1092 ‘Domina
224 1061 266 1083 ecce
274 1049 293 1083 in
301 1049 375 1083 nomine
385 1049 442 1093 patris
450 1054 468 1083 et
476 1050 508 1082 filii
518 1054 536 1083 et
547 1050 622 1092 spiritus
632 1050 695 1090 sancti,
706 1049 763 1083 vestri
774 1049 818 1082 iuris

118 1108 180 1147 presto
193 1113 234 1136 sum
247 1102 359 1136 defensioni!
382 1102 493 1136 Bertellinus
505 1113 549 1136 vero
562 1103 620 1145 gratia
632 1102 744 1136 confortatus
758 1102 818 1135 diuina

119 1157 187 1196 (sciens
201 1156 250 1198 quod
265 1156 340 1198 spiritus
353 1155 384 1189 vbi
396 1156 435 1189 vult
450 1155 519 1198 spirat:
535 1166 569 1198 pro
584 1155 673 1198 paruitate
687 1156 769 1198 corporis
781 1166 818 1188 non

118 1209 210 1250 diffidens,
218 1209 252 1242 sed
263 1219 369 1242 memorans
379 1208 458 1251 qualiter
465 1218 512 1251 puer
523 1208 582 1241 Dauid
592 1219 629 1242 non
640 1208 722 1251 corporis
733 1209 819 1251 potentia,

91 1274 109 1294 no
118 1263 151 1295 sed
159 1261 263 1304 pneumatis
273 1260 331 1303 gratia
339 1256 404 1294 decem
412 1261 461 1293 inilia
468 1260 560 1303 percussit
569 1261 717 1302 Philistinorum;
729 1271 763 1293 nec
771 1261 819 1293 istud

118 1313 266 1358 philosophicum
281 1313 356 1347 tradens
371 1309 468 1347 obliuidni:
484 1313 581 1357 ‘Corporis
596 1313 657 1356 exigui
672 1312 722 1347 vires
740 1317 819 1346 contem·

118 1378 177 1411 pnere
187 1366 225 1399 noli
231 1366 242 1409 ¹)
251 1367 345 1410 respondit
354 1367 371 1400 ei
379 1367 454 1401 dicens:
466 1367 471 1384 ‘
476 1366 546 1407 Amice,
555 1366 676 1410 omnipotenti
685 1366 743 1410 gratia
752 1366 820 1400 Christi

118 1422 166 1455 bene
173 1419 250 1455 venisti.¹
275 1419 343 1453 Beatus
351 1430 396 1454 vero
407 1419 523 1461 Bertellinus,
533 1419 589 1454 lhesu
601 1419 668 1454 Christi
679 1419 763 1461 famulus,
774 1430 820 1453 nun-

119 1473 166 1507 cium
175 1472 204 1507 dei
212 1473 309 1516 diligenter
317 1473 403 1516 suscepit,
412 1474 480 1516 gratias
489 1484 546 1516 agens
556 1474 596 1514 deo,
607 1478 690 1516 tempore
700 1483 745 1506 vero
754 1477 821 1506 statuto

92 1540 110 1568 25
119 1527 181 1571 ipsum
196 1526 215 1559 in
231 1526 291 1560 locum
306 1526 361 1560 duelli
378 1526 469 1560 conduxit.
493 1526 516 1560 Et
531 1526 652 1570 respicientes
668 1526 720 1559 turbe
735 1526 821 1560 viderunt

120 1580 213 1624 quendam
227 1579 306 1623 Ethiope
319 1579 424 1622 nigriorem,
438 1584 518 1623 gygante
530 1579 664 1619 terribiliorem,
680 1579 766 1611 dentibus
781 1579 821 1612 stri·

120 1634 196 1667 dentem
210 1637 228 1665 et
241 1632 264 1665 ad
277 1633 396 1676 pugnandum
411 1632 514 1666 ferientem.
537 1632 620 1665 Nuncius
634 1642 679 1665 vero
694 1632 729 1674 dei,
745 1642 821 1676 corpore

121 1684 248 1726 homunculus,
264 1684 328 1727 spiritu
344 1684 469 1727 archangelus,
483 1684 536 1717 hilari
550 1685 602 1719 vultu
617 1684 735 1718 insultantem
750 1689 821 1727 presto-

121 1738 197 1771 labatur.
220 1736 282 1781 Gygas
297 1747 341 1770 vero
354 1737 447 1770 horribilis
463 1737 523 1781 rugitu
538 1737 636 1780 prosiliens
648 1737 727 1778 leonino,
742 1736 822 1770 assultus

94 1809 114 1838 30
121 1791 224 1824 minabatur
236 1790 371 1834 impassibiles:
384 1790 421 1824 Sed
434 1791 464 1824 dei
476 1791 554 1824 nuncius
566 1791 707 1834 imperterritus,
720 1800 756 1823 non
770 1791 822 1834 quasi

120 1850 159 1878 arte
170 1843 289 1888 pugillatoria,
301 1844 335 1877 sed
346 1844 412 1877 virium
424 1843 494 1877 infinita
505 1844 591 1887 potentia,
601 1843 663 1877 diuina
674 1843 747 1877 fauente
759 1843 822 1887 gratia,

121 1895 219 1931 minimus³
238 1895 339 1930 maximum
358 1897 445 1931 decenter
459 1898 518 1931 tenuit
536 1896 615 1940 pedibus
633 1888 750 1940 prostratum,
767 1896 822 1930 clam-

121 1956 188 1993 antem,
204 1955 281 1984 et'voce
297 1960 364 1993 magna
377 1951 478 1984 dicentem:
490 1950 600 1998 ‘Bertelline
616 1960 670 1984 serue
685 1950 720 1991 dei,
734 1950 823 1983 miserere

121 2005 168 2037 mei.’
192 2003 232 2044 Quo
247 2002 287 2036 viso
301 2004 440 2036 circumstantes
456 2004 472 2036 si
484 2004 566 2037 vniuersi
581 2004 675 2045 mirentur,
690 2013 728 2035 non
742 2003 823 2044 miretur,

94 2073 113 2103 35
122 2058 166 2090 dum
178 2055 276 2090 minimus³
286 2057 387 2090 maximum
396 2057 468 2090 virtutis
477 2056 558 2100 potentia
567 2056 625 2090 tenuit
635 2056 737 2098 deuictum;
750 2066 784 2090 nec
795 2061 823 2090 est

107 2117 110 2126 ¹
122 2110 187 2153 aliquis
198 2109 244 2142 adeo
256 2110 319 2143 vesani
331 2110 395 2153 capitis
406 2110 493 2144 inuentus
505 2111 549 2153 quin
560 2110 605 2143 illud
617 2109 699 2143 diuinum
711 2109 823 2153 reputauerit

122 2163 234 2198 miraculum.
256 2162 311 2196 Vnde
318 2173 383 2197 omnes
391 2164 422 2207 qui
430 2164 455 2197 ibi
463 2164 544 2205 aderant,
551 2163 634 2207 exceptis
642 2163 736 2197 Bertellini
744 2164 824 2206 parenti-

122 2217 162 2257 bus,
174 2216 253 2259 pedibus
265 2215 305 2248 eius
314 2217 401 2257 prostrati
413 2217 509 2249 dixerunt:
523 2216 658 2256 ‘Peccauimus
670 2215 737 2247 iniuste
747 2216 824 2257 egimus,

122 2268 236 2312 iniquitatem
252 2267 341 2301 lecimus:
359 2268 414 2302 Pater
429 2273 497 2310 sancte,
513 2269 571 2302 nostri
586 2268 685 2301 miserere.¹
715 2267 824 2301 Beatissimo

95 2336 114 2364 40
122 2321 177 2364 igitur
191 2320 290 2354 Bertellino
303 2321 433 2354 venerabiliter
447 2332 458 2354 a
473 2331 517 2364 rege
534 2326 626 2364 suscepto,
642 2324 707 2354 cuncta
722 2330 758 2363 que
773 2326 825 2354 erant

123 2374 174 2418 prius
182 2373 285 2416 confiscata,
294 2374 345 2407 iussu
354 2374 438 2408 eiusdem
448 2375 497 2418 regis
507 2374 546 2408 viro
554 2374 584 2408 dei
592 2378 634 2407 sunt
643 2372 731 2406 restituta.
754 2372 825 2408 Omnes

123 2429 184 2472 itaque
195 2427 229 2461 viri
240 2438 261 2460 ac
272 2427 359 2461 mulieres
371 2428 426 2461 totius
434 2427 528 2471 prouincie
536 2429 592 2461 deum
600 2427 691 2468 timentes,
700 2427 773 2460 beatum
780 2427 825 2461 Ber-

124 2480 207 2514 tellinum
220 2484 306 2524 tanquam
319 2486 391 2525 patrem
405 2492 458 2515 suum
471 2480 572 2525 spiritalem
585 2480 604 2514 in
616 2479 653 2514 vita
666 2490 699 2513 sua
709 2485 825 2523 venerantes,

145 2585 149 2604 ¹
161 2586 178 2615 E.
187 2586 293 2617 restituerunt,
339 2586 345 2604 ²
356 2588 390 2618 MS.
397 2588 417 2618 R.
423 2587 442 2617 V,
450 2597 485 2617 cum
491 2587 528 2617 aulo
535 2592 552 2617 et
559 2586 638 2617 edentulo.
685 2586 691 2604 ³
702 2587 720 2618 E.
728 2587 805 2619 immunis.
