1762 2803
76 136 78 142 ,
110 103 153 155 632
375 91 499 152 {iuvenuit
515 92 548 136 II·

111 211 207 263 [diuinitas]
218 226 249 259 per
258 214 334 249 caritatis
342 214 423 248 vnionem
433 211 560 247 indiuisibiliter
571 210 603 244 sibi
614 220 699 245 connexos
709 212 812 254 sempiterne

111 268 163 311 glorie
171 267 211 300 fecit
219 265 316 309 participes,
324 264 386 297 horum
393 262 473 297 iniuriam
480 261 517 296 sine
524 260 591 295 vlcione
597 261 642 294 serre
649 271 684 294 non
693 260 791 295 sustinet.-

201 365 305 400 ‘lemcro
317 371 389 398 oorrrrrr
401 364 501 396 terrerem
513 369 591 395 snsnrrs
602 361 724 395 Aruseium.

304 430 308 447 ‘
357 429 428 462 Uodam
440 428 494 469 yemis
505 433 587 470 tempore,
600 426 730 460 necessitatibus
742 428 814 464 ecclesie

379 485 437 512 nostre
449 477 575 520 andegauensis
587 475 697 519 exigentibus,
711 478 734 510 ad
746 485 814 521 portum

95 547 103 578 5
112 532 140 575 qui
149 530 259 563 Barbefleoth
266 529 329 563 dicitur
336 529 460 564 transfretaturi
469 539 509 562 cum
519 526 581 561 nostris
591 527 709 569 applicuimus.
731 528 765 561 Vbi
775 539 814 564 eum

112 592 144 625 per
157 581 222 623 aliquot
237 579 273 613 dies
288 582 342 614 multa
356 578 474 613 consumendo
488 587 595 612 moraremur
609 583 626 610 et
641 583 697 620 preter
709 578 814 615 voluntatem

111 637 188 666 nostram
203 637 292 664 ventorum
307 636 379 673 cogente
394 629 495 671 intemperie
509 628 574 660 dietate
589 637 693 668 cogeremur,
705 628 730 661 ait
745 630 815 671 quidam

113 681 198 715 confrater
208 686 268 713 noster
274 680 375 722 Andegauie
385 679 479 712 monachus
489 677 558 710 Natalis
563 675 574 717 ¹,
582 685 617 709 non
627 676 693 709 alienus
704 687 714 710 a
723 677 815 719 religione:

133 457 218 498 Sampson
225 454 280 488 abbas.

113 731 189 765 “Laudo
199 736 217 765 et
227 730 298 764 consulo
309 735 327 763 ut
338 730 389 764 beato
399 727 492 762 Edmundo
500 727 595 769 Anglorum
605 726 641 769 regi
649 733 665 760 et
673 726 738 762 martiri
746 729 815 773 egregio

88 799 106 821 10
114 781 216 825 promittatis
226 787 244 814 et
253 781 330 814 voueatis
340 787 359 813 vt
369 780 383 813 si
395 781 418 812 ad
429 785 496 821 portum
506 783 584 821 optatum
595 778 647 821 ipsius
655 778 710 812 sancti
717 779 778 813 merita
785 790 816 815 vos

114 830 227 876 perduxerint,
240 830 276 864 eius
287 830 378 865 ecclesiam
391 829 457 872 gracias
471 828 553 862 reddituri
565 827 637 869 adeatis,
648 834 666 862 et
677 839 717 863 eum
728 830 750 863 de
761 837 817 866 cetero

114 881 192 917 familiari
201 881 295 914 deuotione
302 880 393 923 diligatis?y
412 879 466 913 Cuius
474 878 545 912 consilio
553 878 611 912 statim
618 878 710 921 paruimus,
716 886 753 914 tota
760 882 816 915 cordis

114 931 209 964 deuocione
223 930 291 972 gloriosi
306 931 380 964 martiris
396 929 492 963 inuocando
509 928 594 970 suffragia.
625 929 645 961 In
661 929 735 962 crastino
750 941 817 965 summo

115 980 188 1014 diluculo
196 984 246 1022 portu
253 979 312 1012 relicto
320 979 343 1012 ad
349 985 390 1013 vota
397 989 445 1012 mare
451 978 559 1018 sulcauimus,
566 984 583 1011 et
588 978 639 1012 beato
647 979 717 1013 martire
724 980 818 1016 Edmundo

88 1045 106 1076 15
115 1031 195 1064 ducatum
203 1029 253 1063 nobis
261 1030 348 1073 prebente,
356 1030 403 1073 quod
414 1029 476 1063 mirum
486 1029 533 1063 dictu
544 1034 571 1062 est
577 1038 609 1071 pro
616 1028 660 1062 votis
669 1030 787 1073 Hamptonam
795 1034 818 1067 ad

115 1091 179 1114 nonam
190 1080 263 1113 vidimus
273 1086 292 1113 et
303 1081 392 1113 tenuimus.
415 1080 448 1122 Qui
460 1079 578 1122 promissionis
589 1085 647 1112 nostre
658 1089 692 1112 non
704 1080 818 1124 immemores,

115 1132 138 1166 ad
146 1129 191 1165 beati
199 1129 273 1162 martiris
280 1129 371 1163 basilicam
379 1140 431 1172 quam
439 1127 537 1171 erpedicius
545 1128 631 1170 potuimus
639 1130 818 1171 properauinrus‚vota

116 1180 202 1222 soluimus,
214 1179 268 1222 ipsius
283 1190 316 1213 nos
329 1180 391 1213 deuote
405 1177 561 1222 com[m]endantes
574 1177 745 1219 patrocinio—Dum
757 1180 790 1213 hec
801 1181 818 1215 in

116 1231 187 1274 antiqua
201 1229 247 1272 regis
259 1229 347 1264 Edmunrli
361 1229 496 1263 describeremus
512 1228 590 1270 ecclesia,
604 1228 689 1262 affuerunt
700 1235 735 1263 tres
750 1230 781 1264 uiri
797 1232 819 1266 de

90 1279 216 1321 roLondoniis,
231 1280 260 1323 qui
276 1291 315 1313 curn
329 1280 405 1314 medium
420 1280 503 1313 sulcando
518 1280 588 1323 pelagus
603 1280 627 1313 ad
641 1286 720 1314 sanctum
738 1281 820 1325 Egidium

117 1330 201 1366 oracionis
209 1330 266 1373 gracia
275 1330 296 1364 de
304 1330 367 1373 Anglia
374 1336 491 1373 properarent,
499 1336 570 1363 ventum
579 1340 615 1362 non
625 1330 710 1364 habentes
719 1343 819 1374 prosperum

117 1381 172 1415 sancti
178 1380 251 1413 martiris
259 1380 362 1413 adiutoritmr
368 1381 489 1422 implorabant,
496 1380 543 1413 cuius
551 1379 616 1413 meritis
624 1378 736 1414 auralfiante
744 1384 820 1416 secunda

117 1438 184 1475 portum
191 1440 242 1472 quern
248 1430 388 1463 desiderauerant
393 1429 412 1462 in
417 1429 465 1463 breui
474 1428 528 1462 sortiti
534 1434 578 1461 sunt.
594 1430 638 1462 Cum
643 1436 701 1462 autem
707 1431 797 1474 redissent,
803 1439 820 1466 et

118 1486 178 1516 sancto
188 1479 252 1513 martiri
263 1478 331 1522 gracias
340 1479 422 1522 egissent,
430 1478 516 1512 humiliter
526 1479 610 1521 rogabant
621 1485 639 1512 ut
649 1486 667 1513 et
677 1481 710 1513 hoc
720 1481 820 1516 miraculum

92 1545 110 1576 ²5
119 1531 206 1566 caritatiue
218 1530 367 1570 subtitularemus3
383 1530 444 1572 quibus
456 1540 487 1572 pro
498 1539 557 1562 amore
570 1535 587 1562 et
598 1529 733 1571 amplificacione
746 1532 820 1567 nominis

119 1580 173 1622 sancti
182 1580 270 1614 Edmundi
278 1586 365 1623 gratanter
372 1580 464 1624 paruimus,
472 1586 489 1613 et
495 1580 588 1622 gaudendo
599 1590 639 1613 cum
650 1581 675 1613 eis
685 1583 778 1624 optulimus
788 1583 821 1616 deo

119 1632 215 1676 graciarum
222 1630 311 1664 acciones.¹

232 1723 356 1766 ttoornrnn
368 1733 389 1759 rrr
400 1733 449 1759 imm
461 1732 593 1760 sevocamus
604 1733 713 1762 prensatur.

133 1821 147 1853 S
223 1816 230 1835 s
298 1795 363 1828 Uidam
374 1796 447 1829 viatores
459 1796 488 1838 qui
500 1805 605 1828 summorum
616 1796 694 1829 adierant
706 1797 822 1839 apostolorum

147 1821 235 1861 amm*
318 1844 382 1886 limina,
397 1846 453 1878 Roma
471 1845 544 1886 regressi
562 1856 634 1879 ascensa
652 1846 692 1878 naui
711 1857 752 1879 aura
769 1847 823 1880 fiante

120 1950 192 1988 excepta
199 1944 245 1977 varia
254 1944 366 1987 suppellectili
372 1945 447 1986 copiosa.
467 1946 546 1986 Denique
553 1945 614 1986 grandi
621 1945 674 1977 maris
682 1945 741 1986 spacio
748 1946 824 1979 suauiter

120 2004 195 2033 emenso,
202 1993 247 2026 circa
252 1993 357 2036 gallicinium
363 2004 445 2036 aquarum
451 1994 535 2036 profluuio
540 1993 600 2036 repleri
606 1993 678 2036 puppim
683 1994 822 2037 compererunt⁴z

121 2055 172 2088 quam
183 2043 260 2086 protinus
271 2044 360 2077 exhaurire
371 2043 457 2086 festinant,
469 2049 496 2077 set
507 2045 553 2078 vnda
565 2054 675 2079 succrescens
686 2045 754 2079 labores
764 2055 823 2079 eorum

121 2093 236 2139 an[n]ullauit.
256 2095 345 2137 Siquidem
353 2095 406 2128 {tacte
413 2095 472 2128 tabule
480 2096 552 2129 frustum
560 2094 626 2136 elisum,
634 2095 706 2129 liberum
713 2095 775 2138 gurgiti
783 2106 823 2129 con·

95 2159 114 2190 35
122 2151 196 2179 cesserat
204 2144 289 2187 illapsum.
304 2146 356 2178 Cuius
362 2146 407 2178 mole
415 2152 487 2187 grauata
494 2145 516 2178 ad
522 2145 582 2179 mortis
588 2145 682 2187 periculum
687 2146 737 2179 nauis
746 2146 822 2187 [sistitun

122 2193 314 2236 euadendi]⁵naulragii
320 2195 375 2228 omnis
381 2195 408 2228 via
414 2195 522 2237 precluditur.
536 2196 583 2236 Ergo
588 2195 824 2238 neclectasalutecorporum,

122 2246 160 2278 sola
167 2253 198 2286 pro
206 2244 295 2277 animabus
304 2254 343 2277 cura
353 2250 430 2278 versatur
442 2244 459 2277 in
468 2244 555 2283 medium3
567 2245 610 2277 hora
619 2244 717 2286 spectatur⁸
725 2245 824 2285 nouissima,

123 2296 167 2329 inter
175 2299 248 2328 mortem
256 2298 273 2328 et
280 2293 334 2328 vitam
341 2294 393 2329 breue
401 2294 453 2329 distat
461 2301 572 2329 momentum
595 2295 642 2329 Huic
650 2295 742 2330 intererant
751 2297 785 2330 duo
793 2295 823 2329 viri

122 2346 203 2389 periculo,
218 2355 262 2378 vnus
276 2346 379 2378 Wluuardus
394 2345 478 2388 presbiter
492 2346 514 2379 de
529 2345 656 2388 Schimplynge‚
668 2353 686 2380 et
700 2348 743 2380 alter
756 2346 825 2380 nomine

95 2412 115 2441 40
123 2397 214 2436 unbertus,
222 2395 275 2429 ambo
287 2395 308 2427 de
319 2394 374 2436 patria
385 2395 440 2428 sancti
448 2395 542 2436 Edmundi,
550 2396 579 2438 qui
591 2397 676 2437 postulato
685 2396 761 2436 silencio,
769 2397 826 2429 taliter

122 2446 178 2479 socios
190 2446 295 2487 alloquntur:
307 2445 354 2476 ‘Viri
362 2445 429 2486 tratres,
437 2449 535 2477 constantes
543 2450 605 2478 estote.
627 2444 670 2487 Quis
678 2451 754 2478 vestrum
762 2450 788 2479 est
796 2441 825 2486 qui

143 2517 260 2548 ¹MS.rratalis.
311 2516 410 2547 ²MS.aure.
460 2516 597 2548 ³CiTit.l.116.
650 2516 701 2549 4Μὸ.
710 2517 826 2557 comperierunt.

123 2559 170 2588 ⁵om.
231 2556 278 2588 “Tit
286 2561 378 2597 expectatur.
