1762 2803
244 98 289 154 mo
304 96 404 151 &enon
421 95 566 154 ueduata.
711 112 753 156 235

54 217 142 253 militibus
157 218 253 254 distribuit.
276 219 359 261 Quorum
374 218 438 261 vnus¹,
453 223 540 262 tanquam
559 217 676 252 indomabilis
691 218 756 259 bestia,

54 271 117 304 multis
130 283 175 316 sepe
188 272 259 306 iniuriis
272 272 380 316 episcopum
393 277 448 315 atque
461 271 549 315 populum
563 271 673 305 molestauit.
696 272 756 313 Quem

55 323 237 369 episcopuslblande
245 325 352 370 corripiens,
359 329 379 360 vt
387 324 443 359 animi
451 324 530 368 rigorem
538 325 639 370 deponeret
648 330 665 359 et
673 323 757 358 abdicato

55 378 154 414 demonum
170 380 218 414 cultu
233 384 335 414 creatorem
350 389 404 413 suum
419 384 564 423 recognosceret,
577 378 641 413 sedulo
657 378 756 413 admonere

56 431 109 475 cepit.
133 432 156 466 Et
167 432 208 468 ille:
221 433 280 476 ‘Quid
292 433 346 468 huius
357 431 423 467 mortui
435 431 526 467 hominis³
537 432 596 467 minas
608 431 663 467 miehi
675 431 774 477 quotidie5

56 484 144 520 obiicitis?
160 486 208 529 Quid
219 488 287 531 putatis
297 491 361 521 contra
368 496 398 520 me
406 486 458 521 vobis
466 486 532 520 valebit
540 486 598 531 ipsius
606 487 624 520 in
633 497 669 531 quo
677 485 757 530 speratis

56 537 154 573 auxilium?
178 540 259 574 Deorum
277 550 361 574 meorum
379 539 530 583 omnipotentiam
545 545 639 573 contestor
653 545 708 583 atque
723 549 758 582 per

55 589 138 634 ipsorum
151 592 226 635 gloriam
240 593 279 628 iuro
291 593 340 636 quod
353 598 391 627 tam
403 592 439 636 ipsi
452 598 523 627 mortuo
537 603 592 636 quam
605 593 657 627 vobis
671 592 757 626 omnibus

56 642 141 677 inimicus
151 655 194 678 ero:
207 645 236 679 et*
244 657 268 679 ex
278 646 312 679 hoc
320 651 383 689 aperte
391 645 465 678 discatis
473 646 516 688 quia
527 645 582 678 nichil
592 650 622 678 aut
634 645 674 689 ipse
686 650 716 678 aut
723 654 757 678 vos

56 695 112 729 michi
131 697 217 731 resistere
231 698 316 732 valeatis.²
339 698 362 732 Et
377 708 420 732 ecce
435 697 521 731 continuo
534 701 629 740 tamquam
648 697 704 731 clauis
722 706 786 741 perro

56 753 154 793 utrumque
169 751 238 794 pedum
253 751 272 785 in
287 751 334 785 ostio
347 750 424 784 ecclesie
438 750 526 791 confixus,
540 749 641 793 pallescere
654 756 671 784 et
685 756 758 784 contre·

58 801 151 845 miscere⁶‚
158 803 251 848 oculisque
259 803 364 847 sanguineis
372 809 390 837 et
397 802 455 837 toruis
463 802 609 847 circumspicere,
617 808 671 847 atque
679 803 759 837 diuersis

57 856 182 889 membrorum
190 857 269 891 motibus
278 857 365 898 dolorem,
373 866 428 900 quem
438 856 487 890 intus
494 856 601 896 sustinebat,
609 855 653 890 soris
661 856 759 890 ostendere

58 907 111 951 cepit.
134 908 157 942 Et
168 911 243 943 tandem
254 909 365 943 horribiliter
376 909 463 951 clamans,
475 908 589 943 sanctitatem
604 908 652 942 beati
664 908 759 942 Cuthberti

57 960 118 1003 palam
131 962 232 1003 consessus,
245 963 325 997 animam
338 972 390 996 suam
402 962 421 996 in
433 962 499 995 eodem
514 961 554 995 loco
569 961 647 995 reddere
662 961 760 1006 compelle-
770 972 787 1002 ¹5

58 1013 128 1048 batur⁰.
172 1007 300 1059 Temporibus
315 1015 376 1059 itaque
391 1025 428 1048 non
444 1014 506 1048 multis
520 1019 585 1058 postea
598 1014 700 1055 transactis,
713 1025 760 1058 gens

59 1066 162 1108 Scotorum,
176 1070 277 1104 coadunato
290 1068 370 1102 maximo
385 1068 473 1110 exercitu,
488 1072 546 1101 terras
561 1068 677 1111 aquilonares
692 1067 760 1111 Anglie

59 1119 160 1162 ingressus,
165 1121 216 1163 cede,
222 1121 307 1156 incendio
315 1126 333 1156 et
341 1121 411 1166 rapinis
419 1126 483 1155 cuncta
491 1120 617 1165 depopulatur.
640 1120 681 1154 Non
689 1120 760 1164 gradui,

60 1182 96 1205 non
105 1173 153 1214 etati,
161 1184 198 1207 non
206 1175 259 1208 sexui
267 1185 351 1218 parcens,
359 1174 440 1207 inaudita
451 1174 557 1207 crudelitate
569 1178 644 1207 cunctos
655 1180 759 1217 prosterne-

60 1224 100 1265 bat;
112 1225 254 1260 lindisfarnense
268 1227 399 1260 monasterium
411 1225 466 1260 simili
480 1225 551 1259 feritate
566 1225 653 1269 peruasit.
676 1226 759 1260 Occurrit
769 1239 788 1261 ιο

59 1283 121 1311 autem
134 1278 170 1313 illis
183 1280 288 1314 Cuthredus
302 1291 336 1315 rex
350 1281 370 1314 in
382 1280 422 1314 loco
434 1280 465 1324 qui
481 1279 619 1323 Mundingdene
634 1278 704 1322 dicitur,
718 1289 760 1314 cum

59 1342 117 1375 parua
129 1333 226 1368 admodum
239 1344 294 1368 manu
310 1334 404 1374 festinans,
420 1343 457 1367 non
472 1332 522 1367 enim
537 1332 644 1377 congregari
659 1332 760 1368 exercitum

59 1384 140 1419 breuitas
151 1386 240 1430 temporis
250 1387 372 1431 permittebat.
395 1386 441 1420 Cum
449 1396 494 1420 vero
505 1396 539 1420 rex
550 1390 620 1419 tantum
632 1385 761 1429 conspexisset

60 1438 165 1480 exercitum,
179 1439 235 1473 nimio
249 1439 314 1474 timore
326 1440 417 1474 resolutus
430 1438 484 1483 [estll
496 1449 519 1473 co
532 1438 580 1483 quod
594 1439 616 1473 ad
630 1438 761 1483 pugnandum⁵

59 1490 109 1524 vires
116 1502 154 1524 non
161 1492 229 1534 habuit,
238 1498 256 1526 et
264 1493 287 1526 ab
294 1493 322 1527 eis
330 1493 393 1536 lugere
400 1492 460 1535 pudor
468 1496 486 1525 et
493 1491 543 1525 locus
551 1491 665 1535 prohibebat.
688 1492 710 1525 Et
719 1503 762 1526 ecce
771 1504 789 1534 ¹5

60 1548 134 1577 sanctus
146 1544 258 1578 Cuthbertus
271 1546 290 1579 in
305 1545 389 1590 sompnis
402 1545 437 1579 sibi
452 1555 549 1589 apparens,
563 1549 581 1577 et
595 1554 637 1577 eum
652 1544 762 1586 confortans,

61 1595 117 1630 dixit:
130 1597 169 1631 ‘Ne
180 1597 250 1640 timeas,
261 1609 322 1643 neque
333 1599 412 1641 diffidas,
425 1608 466 1632 cum
479 1597 508 1632 dei
520 1606 618 1641 meumque
631 1597 699 1631 habeas
711 1597 763 1632 auxi·

61 1648 117 1684 lium:
129 1650 164 1683 deo
176 1651 225 1685 enlm
237 1661 353 1696 nequaquam
365 1656 393 1686 est
403 1649 517 1695 impossibile
528 1649 568 1684 siue
580 1649 599 1683 in
612 1649 674 1683 multis
688 1649 728 1684 siue
743 1649 762 1684 in

62 1701 125 1745 paucis
136 1703 212 1738 saluare.
236 1703 306 1738 Hostes
315 1704 384 1750 quippe
391 1710 438 1746 tuos,
446 1703 505 1748 magis
513 1708 574 1737 autem
582 1713 639 1745 meos,
646 1703 664 1737 in
673 1713 706 1738 sua
714 1713 763 1738 nunc

62 1755 177 1791 multitudine
185 1756 289 1800 gloriantes,
297 1769 359 1792 coram
366 1765 385 1792 te
393 1759 422 1792 utl
430 1757 487 1791 lutum
498 1758 600 1801 platearum
608 1756 678 1790 delebo.
694 1757 763 1799 Quam·
772 1770 791 1799 30

61 1807 90 1841 uis
102 1809 151 1842 enim
165 1810 269 1844 hominibus
281 1812 340 1845 adhuc
351 1810 387 1845 viui
399 1816 505 1855 appareant,
515 1809 534 1842 in
545 1816 644 1853 conspectu
657 1810 686 1843 dei
697 1821 763 1844 omnes

61 1861 128 1895 mortui
143 1863 242 1906 computati
254 1870 302 1898 sunt.
324 1863 384 1904 Vnde,
396 1873 437 1898 cum
451 1873 517 1897 aurora
529 1862 565 1897 diei
580 1863 660 1905 primum
676 1863 763 1904 exoritur,

61 1913 108 1947 sacto
123 1914 193 1960 impetu
204 1916 254 1950 irrue
266 1927 322 1960 super
336 1927 373 1958 eos,
385 1915 471 1960 quoniam
486 1915 505 1949 in
521 1915 581 1958 primo
596 1925 699 1959 congressu,
713 1920 763 1950 terra

63 1967 175 2010 dehiscente,
189 1969 209 2002 in
223 1971 317 2003 baratrum
328 1970 366 2003 viui
381 1974 472 2009 corruent,
484 1973 502 2002 et
514 1967 554 2001 sine
567 1972 640 2001 tuorum
653 1968 763 2002 detrimento

63 2029 128 2054 omnes
144 2021 198 2055 simul
211 2021 322 2065 disperient)
346 2022 388 2056 Rex
400 2031 444 2056 vero
457 2020 534 2055 multum
550 2020 661 2055 confortatus
673 2020 763 2055 visionem
772 2033 790 2064 35

63 2071 102 2106 suis
114 2074 204 2117 pandens,
212 2074 258 2109 sacto
270 2086 325 2110 mane
336 2074 355 2109 in
367 2075 430 2109 hostes
439 2073 497 2117 irruit,
505 2073 538 2108 sed
546 2084 592 2118 quos
603 2073 658 2107 modo
670 2080 733 2107 contra
742 2085 764 2109 se

63 2125 120 2159 iacula
131 2127 205 2161 mittere
215 2128 334 2171 conspiciunt,
342 2128 361 2162 in
373 2129 438 2162 eodem
449 2127 511 2162 statim
522 2132 615 2161 momento
627 2136 717 2170 nusquam
729 2137 763 2161 nec

64 2188 121 2214 vnum
136 2177 243 2215 inueniunt:
261 2181 315 2224 Quod
326 2181 376 2217 enim
387 2181 416 2216 vir
429 2180 459 2216 dei
472 2179 584 2225 predixerat,
596 2190 657 2215 coram
673 2179 700 2214 eis
715 2184 764 2215 terra

63 2243 84 2266 os
98 2243 152 2267 suum
164 2234 254 2277 aperiens,
266 2245 331 2268 omncs
346 2235 398 2269 viuos
412 2235 529 2269 absorbendo
544 2233 643 2277 deglutiuit.
687 2226 764 2267 ¹⁰Anno

64 2286 121 2329 gratie
128 2286 268 2331 nongentesimo
274 2287 408 2331 [nonagesimo]
414 2287 426 2308 ¹¹
432 2288 495 2332 quinto
500 2287 585 2321 Aldunus
591 2285 694 2331 episcopus,
701 2286 764 2321 celesti
773 2300 794 2332 40

65 2340 138 2373 oraculo
153 2340 267 2384 premonitus
282 2346 302 2375 vt
320 2352 362 2375 cum
377 2340 483 2385 incorrupto
501 2340 560 2375 sancti
575 2339 671 2373 Cuthberti
687 2350 765 2384 corpore

84 2438 89 2456 ¹
100 2448 122 2470 sc.
131 2439 223 2471 Onlai'bald.
277 2438 283 2457 ²
293 2450 316 2472 sc.
324 2440 410 2471 Cuthhard.
464 2440 470 2457 ³
480 2439 498 2470 Τ.
505 2439 574 2469 hominis
580 2438 642 2468 mortui.
697 2439 703 2458 ⁴
714 2440 735 2471 al.
743 2445 766 2471 ut.

64 2479 70 2496 ⁵
80 2478 97 2509 E.
105 2483 234 2512 contremescerc.
275 2479 281 2497 ⁶
291 2481 308 2511 E.
314 2479 440 2518 compellabatur.
481 2478 487 2496 ⁷
497 2488 537 2513 om:
546 2479 567 2511 at
573 2479 691 2512 sollicitabatur.
733 2481 738 2498 ³
748 2481 766 2511 E.

64 2520 213 2590 pugvtpppstlpppdum.
253 2522 259 2540 ⁹
269 2521 287 2551 T.
294 2526 320 2559 ut;
331 2520 348 2550 E.
355 2521 376 2550 in.
416 2520 428 2539 ¹⁹
438 2520 462 2551 Cf.
470 2520 512 2551 Hist.
519 2519 560 2550 Eccl.
569 2519 610 2550 Dun.
618 2520 647 2551 111.
656 2530 663 2550 1
672 2520 687 2551 tr.
728 2521 739 2539 ¹¹
748 2522 766 2551 T.
