1762 2803
134 154 175 211 Ι78
323 153 403 205 mora
419 151 534 214 uramur
549 149 642 213 unalia

133 273 209 307 missam
218 273 320 307 columbam
329 283 414 317 sequens,
424 284 482 317 vsque
493 274 516 307 ad
526 273 618 316 quendam
626 272 686 306 locum
695 272 739 306 satis
747 281 834 306 amenum

132 326 229 371 peruenit:
244 326 275 361 vbi
293 331 399 361 constructa
414 326 497 369 ecclesia,
512 337 588 360 manere
605 325 658 370 cepit,
674 330 692 359 et
707 325 783 359 deuotas
799 325 834 360 deo

133 381 197 414 laudes
204 379 297 424 persoluit.
319 379 349 414 Ab
361 380 414 414 annis
424 380 473 414 enim
484 379 566 424 puericie
576 379 673 422 puritatem
683 384 701 413 et
711 378 834 412 innocentiam

133 434 252 477 amplectens,
266 433 348 476 perrexit
360 432 435 467 tandem
447 433 471 467 ad
486 432 600 473 Hiberniam,
613 441 677 466 amore
690 432 748 466 sancti
761 431 834 465 Patricii

116 487 214 525 sallectus.
237 485 277 526 Quo
290 495 332 518 cum
344 486 467 529 peruenisset,
479 485 524 519 inito
540 484 616 520 consilio
628 485 715 519 dixerunt
728 489 747 519 vt
760 494 834 528 separa-

133 537 212 578 rentur¹‚
223 548 270 570 vnus
281 538 304 570 ad
314 537 412 579 sinistram,
422 543 440 571 et
450 538 497 572 alter
508 538 531 571 ad
542 539 648 571 dexteram:
661 537 703 579 quia
712 537 764 570 multi
774 537 835 571 clerici

133 600 175 623 cum
189 588 225 622 illis
240 588 367 631 ambulabant3
383 593 401 623 et
416 594 437 623 vt
452 589 572 623 conuenirent
587 599 623 623 vna
638 588 678 623 vice
693 589 713 622 in
728 599 776 622 anno
791 598 834 622 con·

133 643 224 676 dixerunt.
246 642 329 686 Triginta
341 647 403 676 autern
414 643 467 676 annis
478 647 520 676 ante
530 641 643 676 natiuitatem
656 641 714 676 sancti
726 642 785 676 Dauid
796 642 835 685 epi-

133 695 184 739 scopi
196 693 307 729 Carantocus
320 694 339 727 in
351 694 440 728 Hibernia
451 695 558 728 conuersari
570 694 628 738 cepit:
640 699 659 728 et
670 705 779 739 quocunque
792 694 835 736 ibat,

106 758 124 780 πο
133 747 210 791 angelus
218 747 287 780 domini
294 747 313 780 in
321 747 439 781 similitudine
446 747 530 781 columbe
538 748 657 781 comitabatur
667 758 709 781 eum
717 759 721 789 ;
733 752 751 781 et
759 747 835 781 mutauit

133 810 201 833 nomen
214 799 253 833 eius
266 800 285 833 in
299 799 360 843 lingua
375 810 440 833 eorum
456 799 541 834 Cernath.
572 799 686 843 Quocunque
701 799 743 840 ibat,
758 799 835 833 virtutes

133 858 152 887 et
168 845 348 897 prodigia'saciebat,
365 852 422 886 multa
439 852 534 886 hominurn
550 851 599 886 milia
614 852 669 887 variis
685 851 754 887 morbis
770 851 835 886 afflicta

134 906 210 948 sanauit,
225 905 310 940 videlicet
328 916 387 947 cecos,
403 906 483 949 claudos,
499 905 565 940 surdos
581 910 599 939 et
612 910 678 948 mutos,
693 910 712 939 et
727 915 835 949 quacunque

134 957 239 993 infirmitate
249 959 338 993 detentos,
362 959 413 992 Beati
424 958 474 992 enim
484 959 580 1000 Cernachi,
589 958 620 1001 qui
631 963 649 992 et
660 958 761 1001 Carantoci,
773 968 835 1002 opera,

107 1021 125 1052 15
134 1012 218 1046 miranda
233 1011 287 1046 nimis
302 1017 320 1045 et
333 1012 484 1053 commendanda,
497 1012 583 1055 leguntur
598 1011 617 1045 in
633 1011 728 1053 Hibernia,
744 1017 762 1045 et
777 1010 835 1055 gratia

134 1076 170 1108 que
182 1065 269 1109 apostolis
281 1066 323 1098 data
336 1070 369 1106 est,
382 1065 401 1097 in
414 1066 445 1098 illo
458 1065 514 1098 etiarn
529 1065 604 1109 impleta
619 1064 657 1098 suit.
681 1064 770 1099 Mirabilis
785 1063 835 1098 enirn

134 1117 188 1150 miles
199 1117 267 1150 Christi
278 1117 341 1157 extitit,
354 1122 372 1150 et
382 1116 470 1160 spiritalis
481 1118 543 1158 abbas,
555 1117 665 1159 longanimis
677 1122 779 1160 preceptor,
788 1117 836 1150 iusta

135 1170 219 1203 omnibus
226 1171 320 1203 nuncians.
337 1169 373 1204 Per
378 1171 445 1204 multos
451 1180 510 1204 annos
515 1170 587 1212 viuens,
593 1169 835 1213 incredibilratpeeeatorum

134 1222 210 1255 crimina
218 1221 292 1263 dimisit,
303 1232 369 1266 preces
378 1233 412 1266 per
421 1223 503 1265 singulos
513 1222 553 1256 dies
562 1227 581 1255 et
590 1227 653 1256 noctes
664 1222 771 1256 innumeras
780 1222 835 1264 sudit3

106 1292 125 1311 κο
134 1280 152 1309 et
164 1279 261 1318 postquam
271 1275 339 1308 multos
352 1275 371 1308 in
384 1274 475 1309 Hibernia
488 1275 567 1318 populos
577 1276 601 1308 ad
610 1276 666 1309 fidem
680 1275 806 1317 conuenisset,
818 1280 836 1309 et

134 1328 191 1361 multa
202 1327 289 1360 miracula
300 1338 334 1370 pro
346 1327 387 1371 ipso
396 1326 443 1361 deus
455 1326 572 1369 ostendisset,
582 1327 633 1361 venit
644 1328 667 1361 ad
678 1328 772 1371 regionem
783 1338 835 1361 suam

134 1380 245 1420 Kereticam,
255 1381 278 1413 ad
290 1390 342 1413 suam
356 1380 470 1422 speluncam,
482 1390 524 1413 cum
537 1379 608 1413 clericis
621 1379 688 1414 multis.
711 1380 734 1413 Et
748 1380 798 1414 dedit
810 1380 836 1413 illi

134 1432 220 1466 dominus
229 1432 284 1466 altare
294 1432 400 1467 honorabile
409 1434 432 1466 de
440 1433 520 1475 excelso,
529 1432 581 1466 cuius
591 1443 646 1466 nemo
657 1433 736 1467 colorem
747 1431 836 1476 intellige-

135 1486 175 1527 bat3
188 1489 206 1518 et
218 1486 241 1518 ad
251 1484 348 1518 Sabrinam
358 1496 432 1519 amnem
442 1487 517 1519 tandem
529 1484 611 1527 veniens,
622 1485 672 1518 misit
681 1486 737 1519 altare
748 1486 767 1518 in
774 1486 836 1527 mare,

107 1553 114 1574 2
117 1553 125 1583 5
135 1543 154 1572 vt
162 1538 271 1582 precederet
278 1538 309 1572 vbi
317 1538 363 1572 deus
370 1537 427 1572 vellet
435 1537 486 1571 illum
495 1537 563 1572 venire.
587 1537 619 1572 Illo
629 1548 674 1572 vero
683 1542 767 1581 tempore
778 1537 836 1572 Catho

135 1596 154 1625 et
164 1590 256 1624 Arthurus
267 1592 368 1634 regnabant
375 1591 394 1624 in
402 1591 461 1634 patria
472 1592 512 1624 illa:
524 1595 542 1624 et
553 1589 603 1624 venit
613 1591 706 1625 Arthurus
718 1590 806 1625 circuiens
817 1597 836 1626 vt

135 1643 227 1678 inueniret
240 1648 346 1688 serpentem
358 1643 451 1688 ingentem
463 1648 481 1678 et
492 1643 598 1685 terribilem,
609 1643 640 1688 qui
652 1644 719 1678 multos
730 1654 784 1688 agros
794 1654 836 1680 vas-

135 1701 210 1731 tauerat.
222 1696 277 1730 Venit
285 1702 346 1730 autem
355 1697 468 1731 Carantocus
476 1703 494 1731 et
503 1697 587 1731 salutauit
595 1697 707 1739 Arthurum3
716 1697 746 1740 qui
754 1698 836 1741 gaudens

136 1747 206 1793 accepit
219 1750 365 1784 benedictionem
377 1750 399 1784 ab
411 1750 447 1784 illo.
470 1749 494 1784 Et
504 1749 623 1794 interrogauit
635 1760 678 1784 eum
690 1754 764 1784 sanctus
775 1755 836 1785 utrum

107 1814 127 1842 30
135 1802 216 1835 audisset
222 1801 252 1835 vbi
260 1801 379 1845 applicuisset
386 1802 443 1836 altare
451 1813 510 1836 suurn.
533 1802 557 1836 Et
564 1802 595 1836 ille
602 1814 607 1836 ι
619 1802 649 1836 ‘Si
657 1803 739 1836 habuero
747 1803 836 1847 precium,

134 1854 224 1888 nunciabo
232 1853 275 1887 tibt’
298 1854 362 1896 ‘Quod
370 1855 458 1898 precium,
466 1853 525 1899 inquit
533 1861 613 1895 sanctus,
621 1855 715 1899 postulare
722 1855 771 1889 vis?’
794 1856 837 1890 Rex

134 1907 169 1942 ait:
182 1907 216 1941 ‘Vt
228 1907 307 1944 educas³
318 1913 425 1952 serpentem
437 1908 468 1952 qui
480 1919 539 1952 prope
551 1908 627 1949 esttibi,
639 1908 655 1942 si
666 1919 732 1943 seruus
744 1910 774 1943 dei
785 1920 806 1943 es
817 1914 837 1944 vt

133 1960 238 1994 videamus!
261 1960 313 1994 Tunc
325 1961 354 1994 vir
365 1960 395 1994 dei
406 1963 489 2005 perrexit
501 1966 519 1995 et
531 1961 589 1995 orauit
601 1962 624 1994 ad
636 1961 743 1995 dominum:
757 1967 776 1995 et
787 1961 836 1996 illico

134 2013 185 2047 venit
193 2023 271 2055 serpens
279 2024 321 2046 curn
329 2013 389 2046 sonitu
400 2024 472 2056 magno,
481 2013 533 2057 quasi
540 2014 618 2048 vitulus⁴
627 2014 650 2048 ad
658 2019 736 2048 matrem
748 2026 835 2057 currens3

107 2076 125 2105 5⁵
135 2070 153 2098 et
160 2063 254 2098 inclinauit
265 2071 319 2108 caput
328 2076 382 2099 suum
393 2072 435 2099 ante
446 2077 521 2099 seruum
532 2066 567 2108 dei,
578 2066 630 2110 quasi
641 2077 707 2100 seruus
717 2067 791 2100 domino
803 2078 836 2101 suo

135 2117 228 2159 obediens,
237 2117 311 2150 humilis
319 2122 337 2151 et
344 2118 401 2152 oculis
409 2118 461 2152 lenis.
485 2119 508 2152 Et
516 2119 566 2153 misit
574 2119 639 2153 stolam
649 2129 702 2152 suam
713 2119 761 2153 circa
770 2120 836 2154 collum

135 2170 181 2212 eius,
189 2175 207 2203 et
215 2170 290 2204 deduxit
298 2170 349 2204 illurn
357 2170 409 2214 quasi
417 2182 490 2215 agnum.
510 2172 533 2205 Et
541 2178 579 2206 erat
585 2165 705 2206 collumillius
712 2173 764 2215 quasi
770 2173 836 2208 collum

134 2223 186 2266 tauri,
195 2228 212 2256 et
220 2222 250 2257 vix
259 2223 306 2257 stola
314 2224 384 2258 circuiri
395 2229 471 2268 poterat,
495 2224 518 2258 Et
528 2230 651 2269 perrexerunt
661 2226 731 2269 pariter
738 2226 761 2258 ad
769 2236 836 2269 arcem,

135 2281 153 2310 et
168 2275 246 2310 salutato
261 2286 305 2319 rege
321 2276 408 2317 Cathone,
424 2278 472 2311 bene
487 2277 568 2322 suscepti
582 2283 625 2312 sunt
638 2278 660 2311 ab
674 2288 701 2311 eo.
725 2277 748 2310 Et
761 2278 837 2313 adduxit

106 2340 126 2370 4⁰
134 2328 162 2362 vir
174 2327 204 2362 dei
215 2334 322 2372 serpentem
334 2328 353 2362 in
365 2329 445 2363 mediam
457 2330 522 2372 aulam,
534 2336 553 2364 et
564 2332 624 2364 conati
636 2334 678 2364 sunt
689 2329 743 2373 aliqui
754 2331 837 2366 occidere

134 2381 191 2423 illum,
199 2390 233 2414 nec
241 2381 325 2424 permisit
333 2386 407 2415 sanctus
419 2382 470 2415 illum
481 2383 544 2425 occidi,
553 2383 586 2416 sed
595 2382 640 2416 dixit
648 2383 696 2425 quod
707 2393 730 2415 ex
740 2384 796 2417 verbo
806 2384 836 2418 dei

134 2435 216 2468 venisset
223 2439 242 2467 vt
250 2435 321 2468 deleret
328 2440 435 2478 peccatores
443 2435 486 2479 quit
494 2436 513 2469 in
521 2436 560 2470 loco
570 2436 601 2469 illo
612 2440 670 2476 erant,
678 2440 696 2469 et
703 2441 723 2469 vt
731 2438 837 2471 ostenderet

134 2486 220 2520 virtutem
232 2486 261 2521 dei
273 2498 307 2531 per
318 2487 374 2522 illum.
398 2487 421 2523 Et
432 2489 515 2532 perrexit
526 2494 600 2523 sanctus
611 2493 663 2522 extra
675 2493 746 2533 portam
760 2491 807 2524 arcis
819 2496 837 2525 et

135 2559 314 2635 ὗὲξηεεερετατεηῑητ.
360 2562 408 2592 evit.
416 2563 505 2592 incredulis.
551 2562 598 2593 ³Vit.
607 2563 680 2593 deducas.
726 2562 837 2595 ¹T.vitulum.
