1762 2803
50 127 184 165 nauatae]
203 118 249 173 De
262 116 299 169 ὲ.
311 118 444 169 Εῇῦῐηιιηῦῦ
459 127 516 180 tege
531 124 554 170 et
569 123 685 180 mettere.
707 122 752 175 663

50 237 96 272 istud
104 238 194 281 magnifice
201 238 361 284 com[m]endat[ur]
370 251 400 284 per
408 247 480 284 quatuor
487 240 567 275 custodes
578 240 719 284 compeditorum,
727 239 754 273 vi·

51 289 112 322 dentes
123 300 162 322 eum
174 291 247 324 solutum
259 291 344 332 recedere,
355 303 388 324 nec
399 302 439 325 eum
450 291 533 336 impedire
545 303 577 325 nec
589 291 654 336 aliquid
667 291 683 324 ei
696 290 754 324 dicere

51 345 147 383 potuerunt.

54 415 120 492 FUit
135 423 192 450 autem
207 417 253 460 apud
267 417 395 460 Swynesheued
410 418 480 460 quidam
495 428 547 461 preco
560 418 631 451 Roberti
647 418 669 451 de
683 418 754 459 Gresley

110 467 222 510 compedibus
235 473 252 502 et
267 467 323 501 anulis
338 468 360 502 ab
375 467 413 511 ipso
426 468 516 502 crudeliter
529 474 599 510 artatus,
613 478 645 503 nec
657 478 708 512 prece
721 477 770 508 nec5

51 518 109 560 precio
116 518 163 560 apud
171 529 211 551 eum
219 519 293 561 aliquam
301 519 367 552 inuenit
377 518 457 560 graciam.
480 518 558 552 Cucurrit
568 529 609 561 ergo
619 519 652 552 fide
662 525 680 552 et
689 518 754 561 gemitu

52 568 75 600 ad
85 569 149 600 sontem
161 569 278 602 misericordie
290 570 360 602 lhesum
370 569 463 609 Christum,
472 569 540 610 gloriosi
552 569 627 602 martiris
637 569 725 601 Edmundi
736 575 754 601 et

51 617 102 652 beate
113 616 184 659 virginis
194 618 300 652 Etheldrede
311 619 390 652 flebiliter
400 618 493 660 implorans
504 618 589 651 auxilium.
612 620 664 652 Sexta
674 628 715 651 vero
726 618 754 652 die

51 667 130 712 apparuit
142 667 157 702 ei
169 674 239 704 sanctus
251 669 355 704 Edmundus
366 668 383 703 in
394 668 465 710 visione,
473 668 542 704 dicens:
554 668 619 711 ‘Surge
629 674 646 702 et
657 668 701 703 vade
713 668 754 704 hinc

51 719 142 752 velociter!
165 719 196 753 Cui
210 719 309 764 respondit:
326 719 416 760 ‘Domine
428 730 463 753 non
475 730 549 763 possum,
561 718 601 763 quia
614 718 725 761 compedibus
736 725 754 753 et
765 731 782 753 ro

51 770 106 802 anulis
124 770 226 804 constrictus
243 771 291 804 sum.¹
321 772 345 804 At
363 771 400 804 ille:
420 770 486 803 ‘lmmo
501 776 561 814 potes3
580 781 631 813 surge
648 775 664 802 et
683 769 754 803 recede!

51 820 141 862 Euigilans
155 831 201 862 ergo,
216 822 309 862 compedes
324 827 341 854 et
356 822 416 854 anulos
430 821 504 854 lacilime
519 820 567 861 quasi
581 821 657 854 festucas
671 819 755 859 dissoluit,

51 874 69 902 et
76 870 99 902 ad
107 871 176 903 beatum
184 871 295 904 Edmundum
302 871 369 913 gracias
377 880 431 912 agens
438 869 531 903 festinauit.

96 948 160 983 Uidam
174 954 230 983 rector
242 949 330 983 institutus
341 954 378 984 erat
393 948 411 982 in
424 949 498 983 ecclesia
513 948 568 982 sancti
581 947 669 982 Edmundi
681 947 755 982 ciuitatis

59 1018 91 1039 Α
117 999 211 1040 Londonie‚
219 1001 243 1034 ad
250 1000 361 1033 collacionem
371 999 433 1042 prioris
441 1005 500 1033 sancte
508 999 597 1032 Trinitatis
605 998 695 1032 Londouie
702 998 755 1041 perti·
765 1006 782 1038 15

51 1055 108 1083 nente.
133 1050 222 1083 Modicum
229 1056 268 1093 post
278 1050 404 1083 institucionem
414 1060 463 1083 suam
473 1048 547 1083 accessit
556 1049 572 1082 ei
580 1050 659 1082 voluntas
670 1059 722 1090 agere
731 1048 755 1081 ad

51 1100 85 1132 hoc
96 1106 114 1133 ut
126 1110 164 1132 cum
176 1101 250 1143 quodam
262 1100 325 1133 vicario
336 1106 424 1144 perpetuo,
433 1106 481 1133 extra
492 1099 579 1133 ciuitatem
590 1099 697 1139 beneficiato,
705 1099 755 1142 quasi

52 1150 158 1182 excambium
168 1151 232 1184 faceret
243 1151 327 1184 beneficii.
349 1153 376 1184 Ex
387 1151 421 1183 hoc
432 1150 520 1193 proposito
531 1149 571 1193 qui¹
583 1150 669 1193 cogitabat
681 1149 704 1182 ibi
716 1159 755 1182 esse

51 1200 130 1241 vicarius,
135 1200 187 1235 voluit
195 1207 213 1235 ut
221 1200 285 1244 sagitta
292 1201 366 1245 quedam
372 1211 405 1244 que
413 1200 447 1234 iam
454 1206 491 1235 erat
498 1200 516 1234 in
523 1199 596 1234 ecclesia
602 1199 657 1234 sancti
666 1198 754 1233 Edmundi

51 1252 81 1284 ubi
89 1252 146 1284 adhuc
153 1258 209 1285 rector
216 1258 258 1292 erat,
265 1252 400 1294 transfer[r]etur
411 1252 434 1284 ad
445 1252 501 1284 locum
509 1251 574 1292 prefate
582 1250 657 1289 uicarie;
671 1256 688 1282 et
695 1250 713 1283 in
721 1251 754 1282 hoc
764 1259 783 1280 ao

52 1307 162 1335 consenserat
169 1302 243 1336 vicarius
253 1303 281 1336 ille
291 1303 320 1345 qui
331 1302 442 1345 exspectabat
452 1301 567 1335 mutacionem
577 1300 703 1341 beneficiortun,
711 1300 755 1334 sicut

52 1357 69 1384 et
80 1351 117 1394 ipse
126 1358 182 1385 rector
192 1353 264 1387 ecclesie
274 1352 328 1387 sancti
337 1352 430 1386 Edmundi.
453 1352 494 1385 Erat
504 1357 561 1385 autem
569 1351 632 1393 sagitta
640 1351 668 1384 illa
677 1350 756 1393 preciosa

52 1401 69 1434 in
80 1401 161 1443 opinione
170 1402 247 1443 rectoris,
256 1412 286 1444 pro
296 1413 317 1435 eo
328 1403 374 1444 quod
385 1401 462 1434 audierat
473 1401 519 1444 quod
530 1411 591 1443 corpus
601 1400 656 1434 sancti
666 1401 755 1433 Edmundi

52 1450 155 1493 intempore
165 1451 236 1486 martirii
246 1450 272 1485 sui
283 1452 305 1485 de
315 1463 335 1485 ea
346 1451 389 1485 inter
399 1451 442 1485 alias
451 1451 507 1485 suerat
518 1451 622 1493 sagittatum.
644 1451 719 1484 Ventum
729 1456 756 1484 est

52 1502 103 1544 igitur
113 1503 135 1535 ad
145 1503 178 1536 hoc
188 1509 207 1536 ut
217 1503 311 1537 secundum
322 1501 455 1546 disposicionem
465 1501 536 1536 rectoris
547 1501 611 1544 sagitta
622 1501 727 1544 acciperetur
738 1508 755 1535 et
765 1510 783 1541 25

52 1563 83 1594 per
90 1562 130 1585 suos
138 1553 161 1585 ad
169 1553 226 1586 locum
233 1552 296 1586 vicarie
304 1564 334 1595 per
341 1562 404 1596 aquam
415 1553 437 1585 de
445 1551 569 1594 Biilingsgate2
577 1552 595 1585 in
603 1552 692 1585 Londonia
701 1553 755 1585 defer·

52 1609 104 1635 retur.
127 1604 195 1636 Intrant
205 1603 288 1637 batellum
299 1613 333 1645 quo
340 1601 421 1637 vlterius³
429 1603 452 1636 acl
463 1603 519 1635 locum
529 1601 592 1635 vicarie
603 1602 710 1644 processuri:
723 1609 757 1636 stat

52 1653 125 1686 batellus
135 1652 153 1685 in
161 1665 211 1697 aqua,
219 1654 265 1687 nullo
273 1654 330 1694 motio,
338 1654 385 1686 nulla
395 1658 432 1686 arte
439 1652 509 1686 ulterius
517 1651 590 1686 ductilis.
614 1652 665 1694 Quod
673 1652 757 1693 videntes,

53 1704 162 1746 suspicantur
167 1705 214 1747 quod
220 1703 283 1746 sagitta
291 1704 313 1736 sit
321 1704 339 1736 in
345 1714 403 1744 causa,
408 1703 435 1736 vel
443 1703 503 1747 pocius
510 1702 581 1735 rectoris
589 1703 664 1736 intencio
671 1703 757 1736 alienandi
789 1725 791 1730 ·

53 1764 92 1786 eam
99 1755 121 1787 ab
129 1754 202 1787 ecclesia
210 1754 264 1787 sancti
270 1754 363 1795 Edmundi,
370 1753 417 1787 cuius
426 1764 493 1787 sacrum
501 1758 537 1787 erat
545 1753 649 1793 memoriale,
655 1758 672 1787 et
680 1753 755 1796 speciale
765 1764 785 1793 3⁰

53 1805 86 1837 loci
95 1805 153 1837 locale.
176 1805 241 1838 Dicunt
250 1805 320 1847 quidam
331 1815 400 1838 eorum:
413 1804 442 1838 ‘Si
450 1805 482 1838 hec
490 1804 512 1838 sit
520 1814 577 1844 causa,
584 1804 618 1838 cito
626 1804 757 1847 perpendemus.

53 1855 108 1888 Exeat
116 1855 138 1887 de
145 1855 208 1888 batello
215 1856 244 1899 qui
252 1855 333 1897 sagittam
341 1860 398 1898 portat
405 1866 410 1895 ;
421 1854 436 1888 si
443 1855 515 1888 absente
523 1853 587 1895 sagitta
594 1854 668 1888 batellus
676 1855 758 1888 reddatur

53 1904 127 1945 ductilis,
139 1911 205 1938 certum
219 1904 271 1938 nobis
285 1916 324 1939 esse
335 1910 391 1948 potest
405 1906 450 1948 quod
463 1904 574 1938 immobilitas
587 1904 645 1938 batelli
659 1905 681 1938 ad
695 1905 757 1947 sagitte

54 1965 124 1987 causam
136 1955 221 1997 pertinet?
243 1955 272 1988 Fit
285 1955 331 1998 quod
343 1954 443 1997 condicitur,
454 1954 488 1988 exit
499 1959 570 1998 portans
581 1954 662 1997 sagittam
673 1960 690 1987 et
704 1955 757 1988 ceteri

53 2011 154 2039 remanent:
166 2006 234 2040 ductilis
245 2006 322 2039 redditur
333 2006 405 2040 batellus
417 2006 439 2039 ad
449 2015 575 2049 quamcumque
586 2011 652 2048 partem
660 2006 719 2039 volunt
728 2005 757 2048 qui
766 2015 784 2045 35

54 2055 71 2088 in
80 2067 101 2089 ea
108 2063 231 2090 remanserunt.
254 2056 345 2100 Excogitat
355 2063 412 2090 rector
419 2057 465 2101 quod
474 2055 537 2099 sagitta
547 2055 576 2089 illa
587 2066 618 2099 per
625 2062 689 2089 terram
699 2063 757 2099 posset

53 2107 115 2141 deferri
126 2107 149 2140 ad
160 2107 217 2141 locum
227 2107 300 2141 vicarie:
313 2109 384 2141 veniens
396 2107 448 2149 igitur
459 2117 510 2150 super
521 2112 591 2149 pontem
602 2107 630 2149 qui
642 2117 680 2139 eam
692 2107 758 2147 detulit,

53 2158 100 2190 nullo
111 2156 200 2190 visibiliter
212 2157 245 2191 sibi
257 2157 350 2191 obsistente
364 2157 431 2191 obicem
444 2156 547 2191 inuisibilem
558 2167 609 2199 super
620 2157 676 2199 ipsum
687 2163 758 2199 pontem

54 2206 124 2248 inuenit,
132 2207 179 2249 quod
186 2208 233 2241 nullo
240 2213 291 2251 pacto
299 2207 353 2251 potuit
361 2207 430 2242 ulterius
437 2218 497 2242 versus
505 2207 562 2241 locum
570 2212 652 2241 statutum
660 2207 757 2249 procedere.

54 2258 125 2300 Cogitur
136 2257 189 2300 igitur
199 2258 240 2293 velit
252 2258 294 2292 nolit
307 2258 362 2292 redire
375 2264 392 2292 et
405 2257 484 2301 sagittam
498 2257 520 2292 ad
534 2258 590 2291 locum
603 2268 652 2291 suurn
666 2263 786 2300 reportarem

55 2309 93 2342 Hec
104 2318 168 2350 magna
179 2314 196 2342 et
206 2307 291 2342 mirabilia
298 2309 378 2351 dignatus
388 2313 414 2341 est
424 2308 441 2341 in
451 2308 509 2352 paruis
518 2308 574 2342 facere
584 2308 668 2341 maximus
678 2307 696 2340 in
703 2308 757 2341 sancti

54 2358 142 2392 Edmundi
157 2359 239 2400 fauorem,
252 2365 270 2393 vt
285 2360 365 2395 ostendat
378 2359 433 2402 qualis
448 2359 506 2402 gracie
521 2358 542 2393 sit
557 2358 603 2402 apud
618 2369 657 2393 eum
670 2357 724 2392 eciam
740 2357 757 2391 in

54 2418 127 2450 magnis.

75 2496 80 2515 ¹
90 2496 123 2528 MS.
131 2506 167 2538 quor
255 2496 261 2515 ²
271 2498 305 2531 MS.
312 2499 406 2540 Ililliogaste.
495 2497 544 2541 {ills
552 2507 582 2538 qua
588 2497 654 2534 ulterius,
662 2496 737 2537 repeated.
