1762 2803
63 84 184 130 1‚asinini
270 83 316 139 Dc
331 81 433 136 &aaut
450 83 554 138 utente.
718 87 763 144 485

62 206 142 254 presidio
153 210 227 250 ceptum
239 204 273 240 iter
285 206 363 240 deuotus
376 204 497 249 prosequitur.
528 204 567 239 lam
579 205 628 239 enlm
642 206 695 239 ante¹
707 205 765 239 multo

62 259 163 297 dilectionis
170 260 235 294 ardore
243 264 324 302 estuans,
332 259 410 293 eandem
418 268 506 302 sponsam
513 263 575 303 vtpote
582 269 616 293 rex
623 258 703 302 inclitus,
709 258 765 302 initis,

62 320 80 350 ct
89 313 130 357 pius
141 311 182 346 sui²
190 311 289 355 presentia,
297 311 355 354 gloria
364 321 437 355 magna,
445 311 501 344 nobili
511 317 599 355 apparatu
610 316 628 345 et
637 312 706 346 honore
715 311 766 356 regio

62 364 147 402 visitauit.
168 364 223 398 Vnde
233 368 346 398 secretorum
358 363 441 399 eiusdem
448 363 525 408 virginis
533 375 569 409 que
579 364 643 399 celitus
651 365 732 399 reuelato
739 364 765 399 illi

63 417 173 456 extiterunt⁸
184 417 273 460 conscius,
285 417 375 453 constanti
386 417 448 453 animo
459 417 523 453 institit
535 423 553 453 et
565 417 614 454 fideli
628 423 719 463 quatenus
734 417 783 461 ho-5

62 472 137 509 norifice
156 471 257 507 secundum
276 469 306 506 dei
326 470 464 516 dispositionem
485 470 547 506 omnia
565 477 690 507 consummata
709 471 765 517 perfi-

63 525 162 561 cerentur⁴.

99 609 114 646 fl
126 608 180 651 Quod
188 607 207 643 in
215 608 286 643 duobus
294 607 359 642 diebus
367 612 385 643 et
393 606 467 642 dimidio
475 607 545 653 angelis
552 607 661 643 ducentibus
668 618 727 654 usque

298 661 392 698 Coloniam
399 667 530 707 peruenerunt.

85 730 249 781 Quemadmodum
255 737 348 781 quondam
354 735 420 779 Moyse
427 736 450 770 de
457 736 523 779 Egipto
529 737 617 780 populum
623 736 740 771 israeliticum
745 737 764 772 in

63 796 130 824 terram
138 788 303 832 [re]promissionis
308 788 315 808 ³
321 789 399 822 ducente
407 788 470 822 aderat
478 788 540 822 diuina
547 788 630 824 custodia
637 794 690 823 nocte
698 789 765 833 dieque

63 842 103 875 illos
114 846 220 885 protegens,
227 841 252 875 ita
264 851 313 874 nuno
324 839 415 883 virginum
426 840 503 874 istarum
515 841 583 875 sanctis
594 841 698 884 agminibus
709 851 765 885 ange·
775 856 793 878 ιο

63 895 121 929 lorum
132 894 183 928 affuit
193 894 296 939 frequentia
307 899 325 928 et
335 897 385 928 tanta
396 899 507 936 sanctorum,
515 898 534 928 vt
545 904 601 938 supra
608 899 626 928 et
634 895 682 929 circa
690 904 765 930 conuer-

63 953 129 991 santes,
138 958 212 983 omnem
224 947 251 982 eis
262 952 332 982 metum
344 947 436 982 auferrent
447 952 466 981 et
477 947 579 981 mesticiam
591 948 639 982 dulci
650 958 684 981 sua
694 948 765 982 visione

63 1007 81 1036 et
95 1001 193 1044 presentia.
216 1000 301 1044 Denique
314 1005 333 1035 et
347 999 431 1034 infantuli
442 999 486 1044 qui⁸
497 1000 516 1035 in
528 1005 630 1035 ceterarum
642 1000 691 1036 vlnis
704 1006 764 1046 gesta-

63 1054 129 1087 bantur
136 1058 154 1087 et
162 1052 239 1095 sinibus,
246 1052 328 1087 visiones
337 1053 428 1096 angelicas
439 1052 558 1086 ammirantes
565 1053 684 1097 insolitusque
692 1054 764 1088 illarum

63 1116 152 1149 personas
164 1110 183 1140 et
194 1105 265 1149 effigies
276 1106 377 1148 rutilantes,
391 1105 435 1149 [et]T
448 1115 522 1140 sursum
535 1105 554 1140 in
568 1107 641 1141 aerem⁸
652 1105 718 1150 digitos
731 1117 791 1152 eir-15

63 1159 164 1200 tendentes,
178 1170 213 1204 pre
229 1158 356 1193 ammiratione
375 1168 431 1193 sonos
450 1157 557 1192 emittebant
575 1159 658 1193 dicentes
677 1159 711 1194 ha!
729 1159 763 1194 ha!

63 1211 183 1246 Velocissimo
192 1211 282 1256 siquidem
292 1222 346 1246 cursu
357 1221 415 1246 naues
427 1221 479 1246 mare
488 1217 573 1246 secantes
582 1213 605 1246 ad
616 1222 703 1256 magnum
715 1213 764 1248 Reni

63 1264 139 1299 fluuium
152 1264 249 1309 tranquilla
261 1264 381 1308 nauigatione,
393 1265 428 1298 deo
440 1265 518 1299 ducente
531 1264 651 1309 angelicoque
666 1266 721 1299 ductu
736 1276 764 1300 re-

63 1322 122 1359 gente,
130 1328 221 1361 prospere
229 1322 359 1360 peruenerunt.
381 1317 417 1351 Vbi
429 1322 493 1351 contra
504 1317 587 1351 eiusdem
600 1317 649 1351 Reni
660 1328 735 1352 cursum
746 1324 765 1352 et

63 1367 152 1411 impetum
169 1369 283 1404 velificantes
301 1369 354 1403 tertia
373 1369 403 1403 die
421 1369 468 1403 circa
487 1374 558 1403 sentam
578 1369 678 1404 coloniensi
697 1369 764 1405 ciuitati
774 1382 793 1405 ao

64 1421 196 1466 applicuerunt,
207 1427 226 1458 et
238 1423 336 1467 plusquam
349 1428 390 1456 octo
403 1421 474 1456 dierum
490 1420 525 1456 iter
539 1421 558 1455 in
573 1421 644 1456 duobus
660 1421 737 1457 diebus⁰
747 1429 766 1458 et

63 1474 136 1510 dimidio
148 1476 271 1521 perfecerunt.
294 1476 352 1510 Porro
364 1476 443 1520 scriptor
455 1475 549 1510 Passionis
561 1477 661 1511 earundem
673 1475 765 1521 virginum

63 1527 105 1562 dicit
116 1540 148 1564 eas
163 1528 211 1564 inter
223 1528 272 1565 diem
284 1534 302 1564 et
313 1534 386 1564 noctem
397 1539 408 1563 a
419 1533 473 1572 portu
485 1539 521 1572 quo
526 1528 539 1548 ¹⁰
551 1528 635 1573 ingresse
646 1533 689 1564 sunt
702 1540 765 1574 naues,

63 1582 86 1614 ad
93 1582 160 1615 dietam
170 1593 229 1625 prope
237 1582 331 1616 Coloniam
338 1581 448 1624 peruenisse
460 1581 479 1614 in
486 1582 547 1615 vicum
555 1581 646 1625 quendam
657 1581 688 1625 qui
699 1582 766 1616 dicitur

63 1632 102 1666 Tile
114 1634 194 1668 forence.
224 1633 285 1668 Potuit
296 1633 346 1668 enim
358 1633 398 1668 fieri
410 1638 430 1667 vt
442 1633 545 1677 aliquorum
560 1632 664 1678 principum
678 1633 765 1668 charitate
774 1646 792 1676 ²5
835 1657 839 1666 ,

64 1686 193 1729 detinerentur,
205 1691 223 1721 et
236 1687 262 1721 sic
275 1687 329 1721 tertia
341 1686 370 1721 die
384 1686 479 1721 Coloniam
490 1692 621 1730 peruenerunt.
643 1686 682 1721 lllic
694 1688 717 1721 ab
727 1688 766 1732 epi-

63 1748 118 1782 scopo
124 1740 137 1759 ¹¹
149 1745 168 1774 et
179 1731 250 1774 ciuibus
263 1740 347 1775 eiusdem
361 1739 438 1773 ciuitatis
453 1739 584 1773 honorabiliter
597 1746 680 1784 excepte,
692 1751 727 1785 per
739 1741 765 1775 bi·

64 1791 135 1827 duum¹²
142 1793 257 1837 quieuerunt.
278 1793 362 1828 Necdum
370 1804 414 1827 sane
422 1793 522 1827 aduenerat
530 1792 574 1827 felix
579 1792 592 1812 ¹³
599 1792 671 1827 illarum
677 1793 765 1838 triumphi

63 1849 135 1887 tempus
147 1852 165 1880 et
178 1845 247 1889 agonis,
261 1857 297 1889 quo
311 1846 330 1879 in
345 1847 410 1879 eodem
424 1846 464 1880 loco
479 1851 531 1879 erant
545 1845 629 1888 precioso
635 1846 648 1865 ¹³
661 1847 764 1880 coronande

63 1897 149 1932 martirio.
172 1899 220 1931 Nam
231 1909 278 1941 gens
293 1897 391 1931 Hunorum
407 1896 501 1930 barbarica
514 1903 532 1930 et
546 1896 625 1929 crudelis
637 1897 692 1940 longe
704 1898 764 1932 adhuc
773 1910 793 1939 30

63 1948 130 1993 aberat,
145 1950 236 1996 aquibus
251 1950 324 1984 fuerunt
338 1950 357 1983 in
376 1948 478 1994 proximo¹⁵
493 1949 606 1993 perimende.
628 1949 682 1983 Vnde
700 1960 765 1984 rursus

63 2003 144 2046 angelico
162 2010 292 2038 ammonentur
310 2014 400 2048 responso
419 2002 505 2047 quatinus
525 2002 604 2037 Romam
619 2002 765 2046 proficiscantur,

63 2052 123 2098 ibique
131 2058 165 2091 deo
173 2067 194 2092 ac
205 2056 293 2101 genetrici
303 2056 343 2091 eius
353 2056 416 2091 beate⁹
423 2062 477 2100 atque
485 2055 572 2101 apostolis
581 2061 599 2090 et
610 2056 679 2091 sanctis
687 2068 765 2101 quorum

63 2104 98 2140 illic
106 2109 182 2153 reliquie
187 2110 307 2152 ¹habebantur
317 2115 336 2142 et
347 2119 429 2153 corpora,
437 2119 479 2142 sese
490 2109 619 2142 commendent
625 2109 648 2150 ¹⁶3
660 2115 765 2144 asserentes

63 2158 116 2194 etiam
128 2161 237 2204 pollicentur
247 2161 334 2206 quoniam
346 2162 369 2195 de
382 2162 442 2195 Roma
455 2165 570 2195 reuertentes
582 2161 601 2195 in
613 2162 678 2195 eadem
692 2162 765 2197 ciuitate
774 2170 793 2201 35

63 2209 111 2245 beati
126 2213 190 2258 agonis
205 2214 295 2259 adepture
312 2212 367 2249 sint¹⁷
381 2213 500 2258 triumphum.
528 2213 610 2255 Quorum
626 2213 765 2257 acquiescentes

63 2265 142 2311 monitis,
152 2279 210 2303 naues
221 2272 312 2313 repetunt,
320 2274 374 2313 atque
386 2267 409 2302 ab
420 2265 559 2312 archiepiscopo
570 2266 681 2312 reliquisque
694 2266 765 2304 ciuibus

82 2364 116 2397 ¹13.
124 2368 190 2401 animus.
250 2368 326 2400 ²B.sua.
387 2366 422 2399 ³8.
431 2367 521 2401 extiterant.
578 2367 613 2399 Ἐ
621 2367 765 2407 proficiscerentur.

63 2403 236 2445 ³B.reprornissi0nis.
282 2408 445 2446 ‘Rinsantvleque
490 2407 537 2439 'om
585 2408 669 2439 ³B.aere.
716 2410 765 2441 ’om

63 2442 79 2471 in
87 2444 105 2474 Β.
139 2447 151 2465 ¹⁰
161 2448 179 2477 E.
188 2457 239 2485 quem.
275 2447 449 2486 ¹¹B.archiepiscopo.
482 2446 692 2484 ¹²perbiduumom.inB.
727 2447 765 2477 ¹³13.

62 2481 116 2553 {fligi-‘r
174 2486 186 2505 ¹¹
196 2487 216 2518 B.
223 2486 295 2526 pretioso
302 2490 352 2517 eraut.
404 2486 416 2504 ¹³
426 2486 445 2517 B.
452 2495 482 2525 pro
489 2486 558 2516 Christo.
600 2484 612 2504 ¹⁸
622 2486 640 2517 Ε,
648 2486 765 2518 commendant.

99 2529 153 2558 .suut.
