1762 2803
106 120 133 176 76
296 117 375 169 muta
391 115 507 178 neamus
523 114 615 177 anulio.

105 236 148 272 niali
160 236 237 273 ecclesie
249 242 312 272 nostre
323 237 464 279 transmisimus,
472 237 554 272 charitati
561 242 623 271 vestre
634 236 653 271 in
662 236 747 271 omnibus
758 248 807 272 com·

105 292 220 325 mendamus.
243 290 294 324 Deus
306 296 324 324 te
335 290 446 324 incolumem
458 291 553 333 custodiat,
569 290 735 324 reuerendissime¹
747 290 807 325 irater.

106 343 153 377 Data
161 343 190 378 die
198 343 279 377 decima'
287 343 306 377 in
314 343 399 377 omnibus
408 348 428 377 vt
437 354 498 387 supra.
544 336 651 378 Roboratus
659 354 703 388 ergo
711 344 808 378 confirma-

106 397 155 431 tione
163 397 211 431 beati
221 397 279 440 patris
288 396 376 439 Gregorii,
385 396 499 440 Augustinus
509 407 550 430 cum
559 396 632 430 famulis
641 397 708 431 Christi
717 396 747 440 qui
756 403 808 430 erant

88 461 148 493 5cum
164 461 191 491 eo,
206 448 260 482 rediit
278 449 297 482 in
313 459 359 492 opus
373 449 431 491 verbi,
448 449 568 493 peruenitque
581 449 703 497 Britanniam.
717 446 771 483 'Erat
786 461 808 484 eo

106 508 188 545 tempore
200 513 233 535 rex
243 501 360 536 Ethelbertus
371 501 390 535 in
401 501 467 536 Cancia
479 501 623 545 potentissimus,
631 501 662 546 qui
674 503 697 536 ad
708 502 807 536 confinium

105 565 164 597 Vsque
176 554 260 587 Humbre
273 553 354 587 fluminis
367 553 448 595 maximi,
461 565 496 596 quo
508 554 605 588 meridiani
617 560 635 588 et
648 554 808 597 septemtrionales

106 607 208 651 Anglorum
216 606 279 650 populi
285 605 399 647 dirimuntur,
405 605 452 640 fines
460 606 532 648 imperii
539 607 641 641 tetenderat
646 606 657 640 ².
677 607 710 641 Est
718 611 779 641 autem
785 608 808 641 ad

106 661 212 694 orientalem
221 660 285 693 Cantie
293 660 366 703 plagam
374 660 468 692 Thanatos
475 659 535 692 insula
546 671 582 692 non
591 659 667 702 modica,
675 660 693 693 id
702 665 730 693 est
738 660 808 704 magni-

80 727 98 749 10
106 712 248 747 tudinis-iuxta
267 712 419 746 consuetudinem
436 712 557 745 estimationis
572 712 808 756 Anglorum—t'amiliarum

107 771 246 807 sexcentarum
259 775 314 809 quam
325 775 336 798 a
345 764 444 798 continenti
454 769 504 798 terra
514 764 618 808 [secernit]³
628 764 694 799 ssuuius
703 765 809 806 Wantsum,

107 819 138 863 qui
148 824 176 853 est
187 817 286 851 latitudinis
294 815 365 851 circiter
372 816 428 850 trium
436 816 542 859 stadiorum,
551 822 569 850 et
577 817 648 850 duobus
658 822 729 851 tantum
737 817 756 850 in
764 818 809 851 locis

107 877 136 905 est
146 870 293 905 transmeabilis:
303 870 407 912 Vtrumque
418 870 468 903 enim
477 874 531 912 caput
538 870 631 913 protendit
638 869 657 903 in
666 880 721 904 mare.
746 870 767 904 In
775 871 809 904 hac

108 936 151 968 ergo
164 923 250 969 applicuit
262 934 327 958 seruus
341 922 370 957 dei
381 922 502 966 Augustinus,
515 927 533 956 et
545 922 590 956 socii
602 922 647 966 eius,
659 922 699 964 viri,
711 927 731 957 vt
744 922 809 964 lerunt,

82 988 99 1019 15
108 978 166 1012 ferme
175 977 299 1021 quadraginta.
322 976 449 1019 Acceperant⁴
456 981 522 1018 autem,
527 975 640 1020 precipiente
648 977 701 1011 beato
709 987 758 1020 papa
764 977 809 1010 Gre-

108 1031 164 1075 gorio,
173 1032 196 1064 de
207 1035 262 1074 gente
271 1030 383 1063 Francorum
395 1028 517 1073 interpretes:
530 1034 548 1063 et
559 1028 634 1064 mittens
644 1029 667 1063 ad
678 1029 810 1072 Ethelbertum,

108 1083 206 1125 mandauit,
216 1094 237 1116 se
246 1083 320 1117 venisse
331 1083 354 1116 de
365 1082 430 1123 Roma,
439 1093 459 1115 ac
471 1082 558 1116 nuncium
570 1082 618 1116 ferre
630 1082 724 1125 optimum,
733 1081 764 1125 qui
776 1082 810 1116 sibi

108 1136 277 1181 obtemperantibus
286 1141 350 1169 eterna
360 1135 431 1169 incelis
442 1134 512 1177 gaudia,
521 1140 539 1168 et
547 1145 624 1178 regnum
633 1134 672 1169 sine
681 1136 717 1169 fine
726 1146 767 1169 cum
775 1136 810 1169 deo

107 1190 149 1224 viuo
165 1194 183 1224 et
198 1199 242 1223 vero
260 1188 347 1231 futurum,
362 1187 402 1221 sine
417 1188 453 1221 vlla
469 1187 561 1221 dubietate
578 1187 699 1230 promitteret.
722 1187 757 1230 Qui
776 1188 810 1222 hec

81 1255 100 1277 zo
108 1242 190 1284 audiens,
200 1252 275 1275 manere
286 1240 327 1275 illos
339 1240 358 1274 in
370 1251 392 1274 ea
403 1251 458 1283 quam
469 1239 551 1274 adierant
563 1239 628 1283 insula,
639 1244 657 1274 et
668 1241 695 1274 eis
707 1241 811 1275 necessaria

108 1294 213 1336 ministrari,
222 1295 281 1327 donec
292 1293 363 1328 videret
375 1292 419 1336 quid
430 1293 457 1326 eis
469 1292 541 1335 faceret,
553 1292 611 1327 iussit.
635 1293 682 1327 Nam
694 1298 712 1327 et
723 1298 777 1327 antea
788 1294 811 1327 ad

107 1359 150 1383 eum
163 1347 261 1381 christiane
274 1345 367 1390 religionis
383 1345 443 1380 sama⁵
454 1351 569 1390 peruenerat,
582 1351 644 1390 vtpote
657 1346 688 1390 qui
703 1351 722 1379 et
735 1357 811 1380 virorem

108 1402 187 1435 habebat
204 1400 321 1434 christianam
336 1401 360 1434 de
374 1404 429 1442 gente
445 1399 557 1432 Francorum
572 1398 627 1443 regia,
642 1399 730 1433 vocabulo
745 1398 811 1441 Berta;

109 1465 164 1498 quam
177 1464 199 1487 ea
212 1453 316 1487 conditione
330 1462 341 1485 a
353 1451 461 1496 parentibus
476 1456 578 1495 acceperat,
591 1457 610 1486 vt
623 1451 678 1485 ritum
692 1451 735 1485 fidei
750 1462 771 1485 ac
784 1463 811 1486 re-

82 1519 100 1549 ²5
109 1507 181 1551 ligionis
192 1517 225 1540 sue
234 1517 276 1540 cum
284 1505 372 1549 episcopo
380 1516 436 1548 quem
447 1504 464 1538 ei
475 1504 576 1538 adiutorem
585 1505 627 1539 fidei
636 1506 729 1547 dederant,
737 1505 812 1541 nomine

111 1560 209 1600 Lethardo‚
224 1558 331 1599 inuiolatum
349 1568 424 1591 seruare
441 1557 533 1590 licentiam
548 1557 630 1592 haberet.
653 1560 696 1592 Post
711 1557 751 1591 dies
768 1568 812 1601 ergo

110 1612 179 1656 aliquot
186 1610 236 1645 venit
244 1612 267 1644 ad
274 1610 353 1643 insulam
361 1621 399 1651 rex,
408 1614 426 1642 et
437 1609 521 1642 residens
529 1610 563 1642 sub
572 1609 620 1651 diuo,
629 1609 681 1643 iussit
689 1610 812 1652 Augustinum

111 1676 153 1699 cum
164 1663 218 1698 sociis
229 1664 252 1697 ad
260 1673 314 1697 suum
322 1662 390 1696 ibidem
400 1662 488 1695 aduenire
496 1661 611 1705 colloquium.
634 1662 712 1696 Cauerat
720 1668 781 1697 autem
789 1674 813 1697 ne

110 1718 130 1751 in
140 1717 219 1761 aliquam
229 1716 304 1750 domum
313 1715 337 1748 ad
347 1725 368 1749 se
378 1714 473 1748 introirent
478 1714 489 1756 ⁶,
500 1714 558 1748 veteri
567 1725 611 1749 vsus
622 1716 703 1758 augurio,
714 1726 737 1749 ne
747 1726 813 1760 super·

84 1783 103 1812 30
111 1776 166 1805 uentu
177 1781 216 1813 suo,
224 1769 240 1803 si
251 1769 294 1813 quid
304 1769 387 1802 malefice
397 1768 441 1802 artis
452 1767 564 1810 habuissent,
573 1779 615 1802 eum
626 1769 731 1812 superando
742 1769 814 1813 decipe·

110 1828 156 1858 rent.
178 1823 203 1856 At
216 1822 243 1855 illi
256 1833 293 1856 non
306 1821 418 1862 demoniaca,
431 1822 464 1855 sed
478 1821 540 1855 diuina
551 1821 618 1855 virtute
631 1822 697 1865 prediti
710 1821 813 1863 veniebant,

110 1886 183 1911 crucem
189 1887 223 1920 pro
228 1875 296 1910 vexillo
304 1874 384 1917 ferentes
392 1879 504 1917 argenteam,
509 1879 528 1908 et
535 1873 634 1917 imaginem
641 1874 710 1908 domini
718 1874 813 1908 saluatoris

110 1930 129 1963 in
140 1930 201 1963 tabula
212 1928 313 1971 depictam,
330 1927 443 1970 letaniasque
455 1933 547 1970 canentes,
559 1938 593 1971 pro
605 1939 638 1961 sua
652 1927 707 1961 simul
719 1933 737 1960 et
750 1938 814 1961 eorum

110 1987 186 2027 propter
194 1992 240 2025 quos
250 1987 268 2015 et
278 1981 301 2014 ad
309 1991 355 2024 quos
363 1985 451 2014 venerant
461 1979 519 2015 salute
528 1985 591 2014 eterna
599 1979 672 2014 domino
682 1979 814 2024 supplicabant.

84 2048 102 2078 35
111 2036 193 2079 Cumque
201 2035 224 2067 ad
232 2034 332 2068 iussionem
340 2033 389 2076 regis
397 2034 504 2074 residerent,
513 2034 537 2067 ait
544 2034 681 2076 Augustinust:
694 2034 734 2066 ‘Ad
741 2039 796 2074 tuam,
803 2045 814 2066 o

111 2099 149 2130 rex,
159 2087 251 2130 totiusque
264 2086 318 2119 huius
329 2086 381 2129 regni
392 2091 501 2130 perpetuam
511 2097 576 2130 pacem
586 2086 621 2120 huc
632 2086 716 2129 ingressi,
725 2086 814 2129 optimum

111 2141 199 2175 nuncium
211 2140 325 2184 sempiterne
336 2139 400 2181 leticie,
412 2145 431 2173 vt
443 2140 515 2183 pridem
527 2140 660 2180 mandabimus,
672 2138 765 2173 afferimus
777 2139 814 2173 tibi.

111 2195 132 2228 Si
143 2193 252 2236 susceperis,
261 2193 290 2226 hic
301 2192 348 2225 etin
360 2197 423 2225 eterno
434 2203 491 2235 regno
499 2192 605 2226 eternaliter
614 2191 752 2226 beatificaberis.
775 2192 815 2226 Iam

112 2248 161 2281 enim
169 2246 233 2279 mundi
241 2245 329 2287 conditor,
337 2250 356 2279 et
366 2246 472 2289 redemptor
480 2245 555 2279 humani
564 2245 637 2289 generis
648 2255 725 2287 regnum
734 2244 814 2279 celorum

84 2314 105 2345 40
112 2300 188 2344 aperuit,
203 2304 220 2333 et
236 2299 259 2332 de
274 2298 373 2342 terrigenis
388 2298 466 2333 celestes
480 2299 577 2343 indigenas
591 2297 638 2332 tecit.
662 2297 691 2331 Sic
705 2297 755 2331 enim
769 2298 815 2332 deus

113 2353 176 2387 dilexit
190 2353 285 2395 mundum,
296 2357 316 2387 vt
329 2352 386 2386 filium
400 2363 453 2386 suum
465 2352 578 2395 unigenitum
591 2362 624 2395 pro
635 2352 704 2385 mundo
718 2352 780 2395 daret,
796 2356 815 2386 vt

113 2407 172 2439 omnis
184 2406 215 2449 qui
229 2406 286 2440 credit
298 2405 317 2439 in
328 2405 395 2450 ipsum,
407 2416 444 2440 non
456 2411 525 2450 pereat,
537 2406 570 2439 sed
582 2404 647 2438 habeat
658 2403 714 2439 vitam
728 2410 815 2438 eternam.

134 2494 139 2511 ¹
149 2494 167 2523 T.
176 2494 314 2524 Reuerentissime.
379 2494 386 2512 ²
396 2494 414 2525 E.
422 2495 526 2525 tetenderant.
593 2493 599 2510 ³
609 2503 639 2524 orn.
646 2494 662 2523 in
670 2494 687 2525 T.
696 2494 714 2524 E.
779 2492 785 2511 ⁴
796 2493 815 2523 al.

113 2534 218 2571 Aeeeperunt.
292 2534 298 2551 ⁵
308 2543 337 2564 om.
346 2535 363 2564 in
370 2534 388 2564 T.
458 2534 464 2552 ⁶
474 2535 492 2565 E,
501 2533 598 2564 introierant.
675 2533 681 2551 ⁷
691 2534 729 2564 This
736 2534 795 2572 speech
803 2534 816 2562 is

113 2574 166 2603 added
173 2573 213 2601 from
220 2574 247 2602 the
254 2573 290 2602 Vita
297 2574 318 2611 by
326 2574 423 2610 Goscelinus,
431 2575 448 2602 in
455 2574 490 2602 Act.
498 2574 527 2603 SS.
536 2574 576 2602 Boll.
585 2574 622 2611 lllay
629 2574 657 2610 Vl,
665 2583 680 2610 p.
688 2584 722 2611 379.
