1762 2803
61 134 195 174 menuae-r
213 124 259 179 me
271 122 308 175 e.
318 123 451 175 cumanae
463 131 521 185 trec
534 125 558 175 tt
569 125 688 184 necnec.
716 126 762 179 629

60 250 114 288 sancti
123 247 206 283 Iohannis
213 245 317 289 euangeliste
328 246 350 280 de
362 252 461 289 contemptu
471 246 531 280 mundi
541 245 629 286 conferret,
637 245 692 280 dulcis
702 244 762 279 incidit

60 300 114 338 sancti
122 298 210 334 Edmundi
220 296 307 338 memoria,
315 308 367 340 quarn
378 297 406 331 ille
417 297 478 339 iugiter
487 303 557 341 pectore
566 296 645 331 uoluebat
656 302 673 330 et
682 307 717 330 ore.
738 297 763 330 At

59 365 91 396 ego
98 350 173 385 demisso
184 349 231 382 uultu
240 347 307 382 diucius
317 348 429 381 disserentem
439 347 517 388 sustinui,
524 354 541 382 et
551 347 623 381 tandem
633 353 683 389 rupto
692 346 763 380 silencio

61 402 105 436 dixi:
123 399 185 440 “Quid
197 404 228 439 est,
239 398 308 431 domine
318 398 347 438 mi,
356 397 402 440 quod
413 408 444 431 uos
454 398 570 440 incorruptum
579 397 677 437 subsistere,
687 396 763 439 plerique

60 462 99 487 eum
110 447 216 491 corrupcioni
228 447 337 482 succubuisse
351 448 468 482 contendunt?
490 449 537 481 Nam
550 457 590 481 cum
602 446 729 482 nudiustercius
740 447 780 484 ads

60 503 96 536 eius
111 500 210 533 accederem
226 498 334 540 imploranda
348 499 434 540 suffragia,
447 498 517 542 quidam
534 508 587 542 eques
602 498 620 531 in
635 498 696 531 itinere
710 498 763 530 michi

61 551 134 585 sociatus
149 553 181 588 est,
196 558 268 591 querens
283 558 317 590 quo
333 548 427 588 tenderem,
440 558 473 590 ego
487 558 528 582 vero
544 547 625 591 respondi
640 558 668 581 me
683 552 763 582 sanctum

61 598 172 634 Edmundum
181 598 225 631 velle
234 597 317 640 inuisere3
329 603 347 630 at
358 596 385 631 ille
395 608 435 630 cum
445 598 467 630 de
477 597 574 639 integritate
583 598 657 631 martiris
667 597 764 631 dubitando

60 649 159 694 questiones
169 647 271 690 miscuisset,
280 649 385 691 redarguens
395 658 435 682 eum
445 647 490 683 dixi:
503 647 542 682 ‘Ne
551 658 632 691 umquam
643 648 668 683 sic
676 658 727 689 erres,
737 654 763 682 set

60 699 157 735 confitendo
166 699 217 732 crede
226 697 266 742 quia
273 698 317 733 sicut
327 698 388 733 eodem
398 698 427 733 die
436 708 470 742 quo
481 697 557 732 martirio
566 703 658 733 coronatus
669 704 701 739 est,
711 698 736 733 sic
746 704 764 733 et
773 706 791 729 10

61 751 78 784 in
91 749 166 793 presenti
176 748 283 792 incorruptus
293 755 390 792 perseuerat
402 755 419 782 et
430 748 507 791 integer!
528 749 593 782 Verum
605 749 639 782 boc
651 748 706 792 magis
717 749 764 783 iuxta

61 801 148 842 uulgatam
155 798 253 841 opinionem
260 805 277 832 et
285 810 394 832 communem
401 799 453 833 tidem
460 799 537 841 dixerim,
544 799 619 833 necdum
628 800 695 842 plenius
702 800 765 834 edocta

61 860 95 892 quo
103 848 172 882 cerciori
180 854 281 891 argumento
288 848 389 891 calumpniis
397 848 522 883 incredulorum
529 849 595 892 possim
606 849 702 892 reiragari.”
725 850 765 892 Quo

56 898 124 949 audito,
139 898 193 933 alcius
208 897 322 941 ingemiscens
339 899 373 933 ait:
393 898 454 945 “Heu,
470 909 522 942 quant
537 898 622 942 penaliter
638 905 711 943 peccant
728 899 765 943 qui-

61 960 133 991 cumque
139 959 190 991 super
195 949 228 981 hoc
234 949 324 981 dubitant!
341 950 370 982 An
378 948 409 991 [et]
417 956 437 982 tu
443 950 521 983 fortassis
526 960 606 983 vnacum
611 950 637 983 eis
644 949 722 983 nutanti¹
730 950 764 985 fide
775 960 792 991 ¹5

61 998 156 1033 vacillast”
179 998 241 1040 “Non,
253 998 329 1044 inquam,
343 1000 365 1033 de
378 1000 405 1033 dei
417 1000 479 1034 virtute
492 999 557 1042 diffido,
570 1005 596 1034 set
609 1000 637 1044 qui
648 1000 701 1035 michi
713 1010 765 1044 super

61 1053 94 1084 hoc
104 1049 199 1083 satisfaciat
207 1060 242 1083 non
250 1049 333 1083 inuentor
355 1050 450 1083 “Vellesne
457 1055 540 1091 nostrum,
547 1050 577 1092 ait,
585 1050 649 1083 dehac
658 1061 677 1083 re
686 1050 765 1084 testimo-

61 1101 108 1134 nium
122 1099 223 1142 recipere?”
246 1098 320 1133 “Nemo
332 1104 369 1133 tam
382 1099 458 1141 callidus,
469 1110 521 1132 nemo
532 1105 570 1132 tam
582 1100 666 1133 facundus
682 1100 710 1144 qui
725 1100 765 1134 vilis

62 1149 166 1194 argumentis
179 1148 233 1192 possit
246 1160 258 1182 a
269 1150 320 1183 corde
331 1160 370 1184 meo
381 1150 454 1183 euellere
465 1149 511 1192 quod
523 1150 576 1184 semel
588 1150 673 1184 sermonis
685 1149 710 1184 tui
723 1160 764 1184 auc·

61 1201 121 1235 toritas
136 1201 151 1234 ei
166 1200 271 1235 inseruerit?
293 1201 343 1234 Tunc
357 1199 385 1233 ille
398 1210 468 1233 manum
482 1206 572 1243 utramque
585 1211 689 1243 proponens,
703 1200 764 1242 “Hiis,
774 1211 793 1234 re

62 1251 122 1295 inquit,
137 1251 176 1284 licet
191 1249 274 1293 impuris²
289 1256 306 1284 et
321 1250 401 1293 indignis,
416 1251 496 1284 manibus
510 1249 605 1284 reuerentia
619 1250 673 1293 ipsius
687 1250 766 1284 membra

61 1302 141 1345 palpaui;
153 1301 186 1336 hiis
195 1301 312 1344 petulantibus
323 1301 377 1335 oculis
387 1301 480 1335 iocundam
490 1301 527 1334 eius
536 1306 554 1335 et
561 1301 608 1334 omni
618 1302 698 1334 refertam
706 1301 766 1343 gracia

62 1352 123 1385 faciem
138 1350 224 1393 conspexi.
252 1351 275 1383 Et
290 1351 435 1392 quemadmodum
450 1351 479 1383 hic
494 1350 562 1393 plenam
578 1349 649 1383 intueris
665 1360 735 1383 carnem
747 1356 765 1383 et

62 1401 262 1435 teneram”-dexteram
276 1400 362 1443 siquidem
376 1411 433 1433 meam
451 1399 520 1433 sinistra
534 1398 676 1444 cingebat—“ita
690 1400 766 1436 vniuersi

62 1458 109 1485 artus
117 1451 161 1485 iilius
169 1451 216 1484 molli
226 1457 243 1485 et
252 1452 304 1494 pulpa
313 1452 409 1485 vestiuntur
418 1461 475 1485 carne.
498 1449 602 1494 insipienter
613 1450 683 1494 quidem
694 1461 716 1484 ac
726 1461 765 1495 pre·
774 1464 794 1495 ²5

63 1508 161 1544 sumptuose
175 1501 237 1535 secisse
251 1511 279 1535 me
294 1502 380 1542 confiteor,
396 1502 426 1534 det
441 1500 509 1535 veniam
527 1500 615 1534 confitenti
630 1500 659 1543 qui
675 1501 765 1543 penitendi

62 1552 121 1594 spacia
128 1560 227 1593 nuncusque
234 1550 326 1584 concessit.
348 1550 408 1585 Socios
415 1561 457 1583 vero
464 1550 487 1584 ad
494 1551 528 1583 hoc
535 1550 589 1583 habui
599 1551 694 1594 dompnum
701 1552 767 1594 Spara-

62 1601 119 1635 focum
132 1601 259 1643 suffraganeum
271 1610 334 1641 meum,
345 1605 363 1634 et
374 1600 461 1634 aurificem
473 1599 621 1634 Hereuuardum.¹’
644 1601 688 1634 Cum
701 1601 733 1636 bec
744 1601 767 1635 ab

63 1652 99 1686 eius
107 1663 136 1686 ore
143 1650 246 1692 didicissem,
254 1656 270 1684 et
280 1650 404 1694 aliquantulum
413 1650 478 1684 ibidem
489 1650 571 1694 temporis
581 1650 682 1693 exegissem,
689 1650 767 1686 virinum

62 1702 100 1736 uiro
107 1702 135 1736 dei
143 1703 182 1735 uale
189 1701 249 1734 dicens
258 1700 333 1744 paternis
344 1701 404 1736 edibus
414 1708 527 1744 representor,
535 1700 606 1735 vitenus
614 1711 654 1735 eum
661 1712 696 1735 non
704 1702 767 1736 visura.
776 1717 796 1747 30

63 1753 110 1785 Nam
118 1762 157 1785 cum
165 1752 202 1794 ipse
212 1751 271 1794 quein
283 1757 378 1785 memorata
389 1752 504 1785 translatione
513 1752 547 1784 fixa
557 1758 583 1785 est
592 1757 657 1785 metam
666 1751 768 1786 excederet³

63 1802 132 1842 quando
143 1808 179 1834 tarn
190 1801 228 1833 visu
239 1810 291 1841 quarn
303 1806 350 1833 tactu
360 1801 429 1842 plures⁴
443 1801 506 1833 Christi
520 1801 608 1833 martirem
621 1801 716 1842 probauere
729 1811 767 1834 cor-

63 1850 149 1894 rupcionis
159 1855 253 1893 expertem,
263 1849 308 1882 infra
318 1860 382 1892 paucos
393 1850 430 1883 dies
442 1856 502 1892 postea
514 1849 561 1883 obiit.
583 1849 672 1892 Siquidem
683 1859 723 1883 cum
733 1861 768 1884 vna

63 1900 130 1934 dierum
142 1901 187 1934 celsa
198 1899 283 1943 parietum
294 1900 365 1933 ecclesie
377 1899 446 1943 fastigia
457 1899 581 1941 obambularet,
595 1899 734 1943 circumspiciens
744 1911 767 1935 ne

64 1952 105 1994 qnid
114 1953 136 1985 ab
147 1950 240 1984 artificibus
250 1949 279 1993 qui
287 1949 341 1993 ipsius
352 1951 428 1992 deputati
440 1957 488 1985 erant
499 1951 577 1985 custodie
587 1961 619 1993 per
629 1951 712 1985 incuriam
722 1958 767 1986 esset
776 1966 795 1997 35

63 2003 175 2045 necglectum,
184 2011 226 2034 casu
235 2000 325 2034 accidente
335 2001 392 2035 subito
401 2002 434 2035 ruit
445 2002 463 2035 in
472 2011 550 2045 preceps.
573 2001 630 2043 Quem
638 2001 679 2035 licet
690 2001 768 2036 diuinum

64 2052 152 2095 inpulisset
162 2051 248 2092 iudicium,
258 2050 317 2084 diuina
324 2057 382 2085 tamen
392 2062 427 2085 non
436 2050 519 2093 [penitus]
527 2051 602 2085 deseruit
610 2052 715 2085 clemencia:
726 2063 769 2085 nam

65 2101 82 2134 in
93 2103 131 2144 ipsa
142 2102 191 2134 ruina
199 2100 228 2133 vni
239 2099 316 2142 stipitum
327 2101 389 2143 quibus
401 2106 456 2134 crates
467 2100 581 2134 fulciebantur
592 2111 622 2134 ora
633 2102 730 2135 vestimenti
742 2102 768 2135 sui

64 2152 136 2187 cohesit.
159 2151 210 2194 Quod
217 2150 295 2185 videntes
306 2150 370 2191 latomi,
378 2161 419 2185 mox
426 2162 456 2194 spe
465 2151 578 2185 subuenieudi
588 2151 677 2186 machinas
687 2162 769 2187 conscen-

65 2204 113 2245 dunt,
120 2204 187 2237 illesum
194 2201 259 2244 eripere
267 2201 370 2235 laborantes.
388 2202 417 2235 Ad
424 2202 470 2244 qnod
478 2202 519 2235 dum
525 2201 590 2235 enixius
597 2202 711 2242 elaborarent,
719 2209 770 2246 rupta
778 2221 798 2251 ⁴0

64 2254 117 2287 vestis
124 2252 201 2295 margine
209 2251 226 2284 in
234 2250 311 2285 subiecto
318 2261 398 2284 saxorum
406 2251 487 2285 decidens
497 2257 574 2293 aggesto,
581 2251 645 2285 acerba
654 2252 769 2285 membrorum

64 2303 153 2337 collisione
160 2307 255 2345 quassatur.
278 2300 374 2333 Semiuiuus
381 2307 440 2334 tamen
447 2300 487 2333 inde
497 2301 580 2342 sublatus,
587 2306 626 2343 post
634 2301 770 2344 presumpcionis

65 2354 131 2396 prefate
149 2351 273 2385 consessionem
288 2350 351 2384 viatico
365 2356 451 2393 percepto,
467 2350 511 2383 inter
525 2360 587 2383 manus
604 2351 676 2384 fratrum
694 2351 770 2384 animam

65 2403 144 2437 exalauit.
167 2403 220 2436 Porro
231 2407 266 2435 tres
277 2400 301 2434 illi
311 2409 354 2444 quos
365 2400 443 2435 conscios
454 2400 520 2442 habuit,
531 2410 566 2434 non
576 2400 630 2434 multo
641 2406 680 2444 post
690 2399 770 2435 letalibus

65 2454 107 2488 tacti
113 2452 243 2497 incom[m]odis
249 2450 339 2485 moriendo
346 2451 520 2495 culpamtemeritatis
528 2451 617 2495 protestati
625 2453 670 2492 sunt,
675 2461 708 2485 nec
715 2449 770 2485 vuus³
777 2462 797 2494 45

66 2588 72 2608 ὅ
82 2550 160 2621 &gigig
167 2550 211 2580 tanti.
287 2545 294 2566 ²
304 2546 338 2578 MS.
345 2548 361 2578 ln
368 2548 405 2589 imp.
484 2548 490 2566 ³
499 2548 533 2580 MS.
540 2547 617 2579 excedens.
693 2545 699 2564 l
710 2547 731 2578 nl.
738 2556 770 2578 orn⁴
