<?xml version="1.0" encoding="UTF-8"?>
<!DOCTYPE html PUBLIC "-//W3C//DTD XHTML 1.0 Transitional//EN"
    "http://www.w3.org/TR/xhtml1/DTD/xhtml1-transitional.dtd">
<html xmlns="http://www.w3.org/1999/xhtml" xml:lang="en" lang="en">
 <head>
  <title>
</title>
<meta http-equiv="Content-Type" content="text/html;charset=utf-8" />
  <meta name='ocr-system' content='tesseract 3.04.00' />
  <meta name='ocr-capabilities' content='ocr_page ocr_carea ocr_par ocr_line ocrx_word'/>
</head>
<body>
  <div class='ocr_page' id='page_1' title='image "./MN5111ucmf_0/MN5111ucmf_0_0765.png"; bbox 0 0 1762 2803; ppageno 0'>
   <div class='ocr_carea' id='block_1_1' title="bbox 252 92 756 163">
    <p class='ocr_par' dir='ltr' id='par_1_1' title="bbox 252 92 756 163">
     <span class='ocr_line' id='line_1_1' title="bbox 252 92 756 163; baseline 0.008 -12"><span class='ocrx_word' id='word_1_1' title='bbox 252 94 298 151; x_wconf 61' lang='lat' dir='ltr'>ut</span> <span class='ocrx_word' id='word_1_2' title='bbox 313 92 413 148; x_wconf 58' lang='lat' dir='ltr'>uento</span> <span class='ocrx_word' id='word_1_3' title='bbox 429 94 557 163; x_wconf 62' lang='lat' dir='ltr'>maduo.</span> <span class='ocrx_word' id='word_1_4' title='bbox 714 112 756 155; x_wconf 85' lang='lat'>149</span> 
     </span>
    </p>
   </div>
   <div class='ocr_carea' id='block_1_2' title="bbox 133 216 676 262">
    <p class='ocr_par' dir='ltr' id='par_1_2' title="bbox 133 216 676 262">
     <span class='ocr_line' id='line_1_2' title="bbox 133 216 676 262; baseline 0.004 -3"><span class='ocrx_word' id='word_1_5' title='bbox 133 216 191 262; x_wconf 61' lang='lat' dir='ltr'>5ch</span> <span class='ocrx_word' id='word_1_6' title='bbox 202 234 272 259; x_wconf 78' lang='lat' dir='ltr'>sancro</span> <span class='ocrx_word' id='word_1_7' title='bbox 285 216 398 259; x_wconf 59' lang='grc' dir='ltr'>Μιιειιυτο1</span> <span class='ocrx_word' id='word_1_8' title='bbox 409 235 497 261; x_wconf 73' lang='lat' dir='ltr'>cerscoro</span> <span class='ocrx_word' id='word_1_9' title='bbox 508 235 532 260; x_wconf 84' lang='lat' dir='ltr'>cr</span> <span class='ocrx_word' id='word_1_10' title='bbox 542 235 659 262; x_wconf 70' lang='lat' dir='ltr'>consessore</span> <span class='ocrx_word' id='word_1_11' title='bbox 664 224 676 262; x_wconf 84' lang='lat'>².</span> 
     </span>
    </p>
   </div>
   <div class='ocr_carea' id='block_1_3' title="bbox 52 297 774 555">
    <p class='ocr_par' dir='ltr' id='par_1_3' title="bbox 52 297 774 555">
     <span class='ocr_line' id='line_1_3' title="bbox 85 297 757 343; baseline -0.001 -9"><span class='ocrx_word' id='word_1_12' title='bbox 85 298 156 334; x_wconf 85' lang='lat' dir='ltr'>Anctus</span> <span class='ocrx_word' id='word_1_13' title='bbox 171 297 221 332; x_wconf 90' lang='lat' dir='ltr'>enim</span> <span class='ocrx_word' id='word_1_14' title='bbox 235 297 312 333; x_wconf 87' lang='lat' dir='ltr'>antistes</span> <span class='ocrx_word' id='word_1_15' title='bbox 327 297 411 333; x_wconf 85' lang='lat' dir='ltr'>Macutus</span> <span class='ocrx_word' id='word_1_16' title='bbox 425 298 444 333; x_wconf 92' lang='lat' dir='ltr'>in</span> <span class='ocrx_word' id='word_1_17' title='bbox 459 297 553 333; x_wconf 80' lang='lat' dir='ltr'>Britannia</span> <span class='ocrx_word' id='word_1_18' title='bbox 568 298 645 332; x_wconf 78' lang='lat' dir='ltr'>Maiori³</span> <span class='ocrx_word' id='word_1_19' title='bbox 661 299 757 343; x_wconf 81' lang='lat' dir='ltr'>generosis</span> 
     </span>
     <span class='ocr_line' id='line_1_4' title="bbox 107 350 757 396; baseline 0.003 -12"><span class='ocrx_word' id='word_1_20' title='bbox 107 350 215 396; x_wconf 87' lang='lat' dir='ltr'>parentibus</span> <span class='ocrx_word' id='word_1_21' title='bbox 227 356 278 385; x_wconf 87' lang='lat' dir='ltr'>ortus</span> <span class='ocrx_word' id='word_1_22' title='bbox 291 356 324 385; x_wconf 84' lang='lat' dir='ltr'>est</span> <span class='ocrx_word' id='word_1_23' title='bbox 347 351 407 386; x_wconf 84' lang='lat' dir='ltr'>Mater</span> <span class='ocrx_word' id='word_1_24' title='bbox 419 362 463 386; x_wconf 90' lang='lat' dir='ltr'>vero</span> <span class='ocrx_word' id='word_1_25' title='bbox 475 351 515 386; x_wconf 90' lang='lat' dir='ltr'>eius</span> <span class='ocrx_word' id='word_1_26' title='bbox 527 351 601 386; x_wconf 84' lang='lat' dir='ltr'>nornine</span> <span class='ocrx_word' id='word_1_27' title='bbox 614 351 689 395; x_wconf 80' lang='lat' dir='ltr'>Deruel,</span> <span class='ocrx_word' id='word_1_28' title='bbox 703 362 757 387; x_wconf 88' lang='lat' dir='ltr'>soror</span> 
     </span>
     <span class='ocr_line' id='line_1_5' title="bbox 54 403 768 449; baseline 0.003 -10"><span class='ocrx_word' id='word_1_29' title='bbox 54 403 150 446; x_wconf 87' lang='lat' dir='ltr'>Hamonis‚</span> <span class='ocrx_word' id='word_1_30' title='bbox 164 403 222 448; x_wconf 85' lang='lat' dir='ltr'>patris</span> <span class='ocrx_word' id='word_1_31' title='bbox 237 403 295 439; x_wconf 89' lang='lat' dir='ltr'>sancti</span> <span class='ocrx_word' id='word_1_32' title='bbox 310 404 424 449; x_wconf 89' lang='lat' dir='ltr'>Sampsonis,</span> <span class='ocrx_word' id='word_1_33' title='bbox 437 404 508 447; x_wconf 69' lang='lat' dir='ltr'>extitit,</span> <span class='ocrx_word' id='word_1_34' title='bbox 528 410 546 439; x_wconf 88' lang='lat' dir='ltr'>et</span> <span class='ocrx_word' id='word_1_35' title='bbox 561 410 614 449; x_wconf 89' lang='lat' dir='ltr'>pater</span> <span class='ocrx_word' id='word_1_36' title='bbox 628 404 667 439; x_wconf 90' lang='lat' dir='ltr'>eius</span> <span class='ocrx_word' id='word_1_37' title='bbox 682 405 768 442; x_wconf 23' lang='lat' dir='ltr'>nomine,</span> 
     </span>
     <span class='ocr_line' id='line_1_6' title="bbox 52 456 756 502; baseline 0 -10"><span class='ocrx_word' id='word_1_38' title='bbox 52 456 115 500; x_wconf 89' lang='lat' dir='ltr'>Went,</span> <span class='ocrx_word' id='word_1_39' title='bbox 124 456 193 501; x_wconf 89' lang='lat' dir='ltr'>optime</span> <span class='ocrx_word' id='word_1_40' title='bbox 204 457 349 492; x_wconf 87' lang='lat' dir='ltr'>conuersationis</span> <span class='ocrx_word' id='word_1_41' title='bbox 359 458 393 499; x_wconf 89' lang='lat' dir='ltr'>vir,</span> <span class='ocrx_word' id='word_1_42' title='bbox 400 457 419 491; x_wconf 87' lang='lat' dir='ltr'>in</span> <span class='ocrx_word' id='word_1_43' title='bbox 430 457 546 502; x_wconf 84' lang='lat' dir='ltr'>sexagesimo</span> <span class='ocrx_word' id='word_1_44' title='bbox 557 464 611 492; x_wconf 80' lang='lat' dir='ltr'>sexto</span> <span class='ocrx_word' id='word_1_45' title='bbox 623 457 713 502; x_wconf 84' lang='lat' dir='ltr'>[vxoris]⁴</span> <span class='ocrx_word' id='word_1_46' title='bbox 723 468 756 493; x_wconf 89' lang='lat' dir='ltr'>sue</span> 
     </span>
     <span class='ocr_line' id='line_1_7' title="bbox 53 508 774 555; baseline 0.001 -10"><span class='ocrx_word' id='word_1_47' title='bbox 53 521 101 545; x_wconf 90' lang='lat' dir='ltr'>anno</span> <span class='ocrx_word' id='word_1_48' title='bbox 114 509 174 544; x_wconf 89' lang='lat' dir='ltr'>virum</span> <span class='ocrx_word' id='word_1_49' title='bbox 189 508 218 544; x_wconf 91' lang='lat' dir='ltr'>dei</span> <span class='ocrx_word' id='word_1_50' title='bbox 234 509 352 544; x_wconf 87' lang='lat' dir='ltr'>Machutum¹</span> <span class='ocrx_word' id='word_1_51' title='bbox 365 510 433 555; x_wconf 82' lang='lat' dir='ltr'>genuit,</span> <span class='ocrx_word' id='word_1_52' title='bbox 448 510 479 545; x_wconf 77' lang='lat' dir='ltr'>in⁶</span> <span class='ocrx_word' id='word_1_53' title='bbox 494 511 541 545; x_wconf 89' lang='lat' dir='ltr'>valle</span> <span class='ocrx_word' id='word_1_54' title='bbox 556 511 604 555; x_wconf 80' lang='lat' dir='ltr'>que⁶</span> <span class='ocrx_word' id='word_1_55' title='bbox 619 510 684 546; x_wconf 87' lang='lat' dir='ltr'>dicitur</span> <span class='ocrx_word' id='word_1_56' title='bbox 699 511 774 550; x_wconf 80' lang='lat' dir='ltr'>Nam—5</span> 
     </span>
    </p>
   </div>
   <div class='ocr_carea' id='block_1_4' title="bbox 53 562 756 648">
    <p class='ocr_par' dir='ltr' id='par_1_4' title="bbox 53 562 756 648">
     <span class='ocr_line' id='line_1_8' title="bbox 53 562 756 608; baseline 0.004 -12"><span class='ocrx_word' id='word_1_57' title='bbox 53 574 130 597; x_wconf 88' lang='lat' dir='ltr'>carwan.</span> <span class='ocrx_word' id='word_1_58' title='bbox 153 562 174 596; x_wconf 90' lang='lat' dir='ltr'>in</span> <span class='ocrx_word' id='word_1_59' title='bbox 186 573 222 606; x_wconf 87' lang='lat' dir='ltr'>qua</span> <span class='ocrx_word' id='word_1_60' title='bbox 234 563 295 597; x_wconf 84' lang='lat' dir='ltr'>nobile</span> <span class='ocrx_word' id='word_1_61' title='bbox 305 563 436 598; x_wconf 87' lang='lat' dir='ltr'>monasterium</span> <span class='ocrx_word' id='word_1_62' title='bbox 447 564 502 598; x_wconf 88' lang='lat' dir='ltr'>situm</span> <span class='ocrx_word' id='word_1_63' title='bbox 515 569 560 607; x_wconf 86' lang='lat' dir='ltr'>erat,</span> <span class='ocrx_word' id='word_1_64' title='bbox 567 564 587 599; x_wconf 88' lang='lat' dir='ltr'>in</span> <span class='ocrx_word' id='word_1_65' title='bbox 598 574 635 608; x_wconf 92' lang='lat' dir='ltr'>quo</span> <span class='ocrx_word' id='word_1_66' title='bbox 646 564 756 599; x_wconf 86' lang='lat' dir='ltr'>Brendanus</span> 
     </span>
     <span class='ocr_line' id='line_1_9' title="bbox 53 612 756 648; baseline 0 -1"><span class='ocrx_word' id='word_1_67' title='bbox 53 613 147 647; x_wconf 88' lang='lat' dir='ltr'>consessor</span> <span class='ocrx_word' id='word_1_68' title='bbox 158 612 225 647; x_wconf 85' lang='lat' dir='ltr'>Christi</span> <span class='ocrx_word' id='word_1_69' title='bbox 236 613 306 647; x_wconf 78' lang='lat' dir='ltr'>abbas⁷</span> <span class='ocrx_word' id='word_1_70' title='bbox 317 612 413 647; x_wconf 89' lang='lat' dir='ltr'>virtutibus</span> <span class='ocrx_word' id='word_1_71' title='bbox 424 614 496 647; x_wconf 89' lang='lat' dir='ltr'>ssoruit:</span> <span class='ocrx_word' id='word_1_72' title='bbox 515 613 547 647; x_wconf 89' lang='lat' dir='ltr'>vbi</span> <span class='ocrx_word' id='word_1_73' title='bbox 560 613 615 647; x_wconf 89' lang='lat' dir='ltr'>etiam</span> <span class='ocrx_word' id='word_1_74' title='bbox 627 619 686 647; x_wconf 88' lang='lat' dir='ltr'>mater</span> <span class='ocrx_word' id='word_1_75' title='bbox 697 613 756 648; x_wconf 85' lang='lat' dir='ltr'>sancti</span> 
     </span>
    </p>
   </div>
   <div class='ocr_carea' id='block_1_5' title="bbox 52 663 784 2029">
    <p class='ocr_par' dir='ltr' id='par_1_5' title="bbox 52 663 784 2029">
     <span class='ocr_line' id='line_1_10' title="bbox 53 663 756 711; baseline 0.006 -13"><span class='ocrx_word' id='word_1_76' title='bbox 53 665 120 699; x_wconf 90' lang='lat' dir='ltr'>Macuti</span> <span class='ocrx_word' id='word_1_77' title='bbox 125 669 179 699; x_wconf 88' lang='lat' dir='ltr'>nocte</span> <span class='ocrx_word' id='word_1_78' title='bbox 184 663 244 709; x_wconf 82' lang='lat' dir='ltr'>vigilie</span> <span class='ocrx_word' id='word_1_79' title='bbox 250 675 306 710; x_wconf 90' lang='lat' dir='ltr'>pasce</span> <span class='ocrx_word' id='word_1_80' title='bbox 310 665 334 699; x_wconf 94' lang='lat' dir='ltr'>ad</span> <span class='ocrx_word' id='word_1_81' title='bbox 338 664 450 711; x_wconf 83' lang='lat' dir='ltr'>vigilandum</span> <span class='ocrx_word' id='word_1_82' title='bbox 454 664 537 709; x_wconf 90' lang='lat' dir='ltr'>veniens,</span> <span class='ocrx_word' id='word_1_83' title='bbox 542 665 599 701; x_wconf 86' lang='lat' dir='ltr'>filium</span> <span class='ocrx_word' id='word_1_84' title='bbox 607 666 674 711; x_wconf 88' lang='lat' dir='ltr'>[suum]</span> <span class='ocrx_word' id='word_1_85' title='bbox 680 666 686 685; x_wconf 79' lang='lat'>⁸</span> <span class='ocrx_word' id='word_1_86' title='bbox 691 668 756 702; x_wconf 89' lang='lat' dir='ltr'>eadem</span> 
     </span>
     <span class='ocr_line' id='line_1_11' title="bbox 53 718 755 763; baseline 0.001 -10"><span class='ocrx_word' id='word_1_87' title='bbox 53 725 106 753; x_wconf 89' lang='lat' dir='ltr'>nocte</span> <span class='ocrx_word' id='word_1_88' title='bbox 120 719 198 762; x_wconf 84' lang='lat' dir='ltr'>peperit.</span> <span class='ocrx_word' id='word_1_89' title='bbox 220 719 280 761; x_wconf 78' lang='lat' dir='ltr'>Quem</span> <span class='ocrx_word' id='word_1_90' title='bbox 296 719 405 754; x_wconf 86' lang='lat' dir='ltr'>Brendanus</span> <span class='ocrx_word' id='word_1_91' title='bbox 420 719 522 763; x_wconf 88' lang='lat' dir='ltr'>baptizans,</span> <span class='ocrx_word' id='word_1_92' title='bbox 534 718 552 753; x_wconf 86' lang='lat' dir='ltr'>in</span> <span class='ocrx_word' id='word_1_93' title='bbox 568 718 625 753; x_wconf 85' lang='lat' dir='ltr'>filium</span> <span class='ocrx_word' id='word_1_94' title='bbox 641 719 755 763; x_wconf 84' lang='lat' dir='ltr'>spiritualem</span> 
     </span>
     <span class='ocr_line' id='line_1_12' title="bbox 53 771 784 816; baseline 0 -11"><span class='ocrx_word' id='word_1_95' title='bbox 53 771 127 815; x_wconf 87' lang='lat' dir='ltr'>accepit,</span> <span class='ocrx_word' id='word_1_96' title='bbox 135 776 154 805; x_wconf 88' lang='lat' dir='ltr'>et</span> <span class='ocrx_word' id='word_1_97' title='bbox 161 781 256 816; x_wconf 86' lang='lat' dir='ltr'>quousque</span> <span class='ocrx_word' id='word_1_98' title='bbox 265 771 315 816; x_wconf 93' lang='lat' dir='ltr'>loqui</span> <span class='ocrx_word' id='word_1_99' title='bbox 326 776 345 806; x_wconf 88' lang='lat' dir='ltr'>et</span> <span class='ocrx_word' id='word_1_100' title='bbox 356 771 458 816; x_wconf 87' lang='lat' dir='ltr'>intelligere</span> <span class='ocrx_word' id='word_1_101' title='bbox 467 777 537 816; x_wconf 88' lang='lat' dir='ltr'>posset,</span> <span class='ocrx_word' id='word_1_102' title='bbox 545 771 637 807; x_wconf 79' lang='lat' dir='ltr'>enutriun.</span> <span class='ocrx_word' id='word_1_103' title='bbox 660 771 682 806; x_wconf 93' lang='lat' dir='ltr'>In</span> <span class='ocrx_word' id='word_1_104' title='bbox 690 774 755 808; x_wconf 89' lang='lat' dir='ltr'>eadem</span> <span class='ocrx_word' id='word_1_105' title='bbox 765 784 784 807; x_wconf 85' lang='lat' dir='ltr'>ro</span> 
     </span>
     <span class='ocr_line' id='line_1_13' title="bbox 53 824 756 868; baseline 0.003 -10"><span class='ocrx_word' id='word_1_106' title='bbox 53 829 114 858; x_wconf 91' lang='lat' dir='ltr'>autem</span> <span class='ocrx_word' id='word_1_107' title='bbox 127 830 181 858; x_wconf 87' lang='lat' dir='ltr'>nocte</span> <span class='ocrx_word' id='word_1_108' title='bbox 193 835 229 868; x_wconf 91' lang='lat' dir='ltr'>qua</span> <span class='ocrx_word' id='word_1_109' title='bbox 241 831 294 859; x_wconf 86' lang='lat' dir='ltr'>natus</span> <span class='ocrx_word' id='word_1_110' title='bbox 309 829 338 859; x_wconf 90' lang='lat' dir='ltr'>est</span> <span class='ocrx_word' id='word_1_111' title='bbox 352 830 427 859; x_wconf 85' lang='lat' dir='ltr'>sanctus</span> <span class='ocrx_word' id='word_1_112' title='bbox 443 824 544 867; x_wconf 81' lang='lat' dir='ltr'>Macutus⁰,</span> <span class='ocrx_word' id='word_1_113' title='bbox 559 825 633 868; x_wconf 87' lang='lat' dir='ltr'>triginta</span> <span class='ocrx_word' id='word_1_114' title='bbox 648 831 686 859; x_wconf 88' lang='lat' dir='ltr'>tres</span> <span class='ocrx_word' id='word_1_115' title='bbox 699 836 756 860; x_wconf 83' lang='lat' dir='ltr'>sexus</span> 
     </span>
     <span class='ocr_line' id='line_1_14' title="bbox 53 876 756 922; baseline 0.003 -12"><span class='ocrx_word' id='word_1_116' title='bbox 53 876 147 910; x_wconf 84' lang='lat' dir='ltr'>masculini</span> <span class='ocrx_word' id='word_1_117' title='bbox 161 888 202 911; x_wconf 91' lang='lat' dir='ltr'>cum</span> <span class='ocrx_word' id='word_1_118' title='bbox 215 888 237 911; x_wconf 93' lang='lat' dir='ltr'>eo</span> <span class='ocrx_word' id='word_1_119' title='bbox 250 876 287 911; x_wconf 89' lang='lat' dir='ltr'>nati</span> <span class='ocrx_word' id='word_1_120' title='bbox 300 882 343 911; x_wconf 91' lang='lat' dir='ltr'>sunt</span> <span class='ocrx_word' id='word_1_121' title='bbox 354 888 378 911; x_wconf 86' lang='lat' dir='ltr'>ex</span> <span class='ocrx_word' id='word_1_122' title='bbox 389 877 478 912; x_wconf 88' lang='lat' dir='ltr'>matribus</span> <span class='ocrx_word' id='word_1_123' title='bbox 491 876 527 911; x_wconf 85' lang='lat' dir='ltr'>illis</span> <span class='ocrx_word' id='word_1_124' title='bbox 538 877 620 921; x_wconf 83' lang='lat' dir='ltr'>grauidis</span> <span class='ocrx_word' id='word_1_125' title='bbox 635 887 671 922; x_wconf 89' lang='lat' dir='ltr'>que</span> <span class='ocrx_word' id='word_1_126' title='bbox 685 877 704 912; x_wconf 89' lang='lat' dir='ltr'>in</span> <span class='ocrx_word' id='word_1_127' title='bbox 719 889 756 912; x_wconf 91' lang='lat' dir='ltr'>vno</span> 
     </span>
     <span class='ocr_line' id='line_1_15' title="bbox 53 928 756 973; baseline 0.004 -10"><span class='ocrx_word' id='word_1_128' title='bbox 53 928 138 963; x_wconf 90' lang='lat' dir='ltr'>comitatu</span> <span class='ocrx_word' id='word_1_129' title='bbox 150 929 253 973; x_wconf 84' lang='lat' dir='ltr'>equitantes</span> <span class='ocrx_word' id='word_1_130' title='bbox 265 940 306 964; x_wconf 91' lang='lat' dir='ltr'>curn</span> <span class='ocrx_word' id='word_1_131' title='bbox 318 935 377 964; x_wconf 86' lang='lat' dir='ltr'>matre</span> <span class='ocrx_word' id='word_1_132' title='bbox 388 929 428 964; x_wconf 87' lang='lat' dir='ltr'>eius</span> <span class='ocrx_word' id='word_1_133' title='bbox 436 930 566 973; x_wconf 76' lang='lat' dir='ltr'>ambulabant:</span> <span class='ocrx_word' id='word_1_134' title='bbox 578 935 649 965; x_wconf 88' lang='lat' dir='ltr'>etcum</span> <span class='ocrx_word' id='word_1_135' title='bbox 661 940 684 965; x_wconf 91' lang='lat' dir='ltr'>eo</span> <span class='ocrx_word' id='word_1_136' title='bbox 694 930 756 966; x_wconf 88' lang='lat' dir='ltr'>nutriti</span> 
     </span>
     <span class='ocr_line' id='line_1_16' title="bbox 53 978 756 1027; baseline 0.001 -11"><span class='ocrx_word' id='word_1_137' title='bbox 53 987 99 1016; x_wconf 89' lang='lat' dir='ltr'>sunt.</span> <span class='ocrx_word' id='word_1_138' title='bbox 130 982 171 1016; x_wconf 89' lang='lat' dir='ltr'>Non</span> <span class='ocrx_word' id='word_1_139' title='bbox 187 982 236 1016; x_wconf 88' lang='lat' dir='ltr'>enim</span> <span class='ocrx_word' id='word_1_140' title='bbox 251 982 317 1026; x_wconf 86' lang='lat' dir='ltr'>puerili</span> <span class='ocrx_word' id='word_1_141' title='bbox 332 993 384 1016; x_wconf 90' lang='lat' dir='ltr'>more</span> <span class='ocrx_word' id='word_1_142' title='bbox 399 978 502 1016; x_wconf 87' lang='lat' dir='ltr'>leuitatibus</span> <span class='ocrx_word' id='word_1_143' title='bbox 517 982 598 1024; x_wconf 87' lang='lat' dir='ltr'>indulsit,</span> <span class='ocrx_word' id='word_1_144' title='bbox 613 984 647 1016; x_wconf 87' lang='lat' dir='ltr'>sed</span> <span class='ocrx_word' id='word_1_145' title='bbox 662 982 721 1027; x_wconf 83' lang='lat' dir='ltr'>magis</span> <span class='ocrx_word' id='word_1_146' title='bbox 736 983 756 1017; x_wconf 89' lang='lat' dir='ltr'>in</span> 
     </span>
     <span class='ocr_line' id='line_1_17' title="bbox 52 1033 783 1080; baseline 0.005 -13"><span class='ocrx_word' id='word_1_147' title='bbox 52 1033 141 1077; x_wconf 84' lang='lat' dir='ltr'>grauitate</span> <span class='ocrx_word' id='word_1_148' title='bbox 152 1034 242 1074; x_wconf 83' lang='lat' dir='ltr'>fundatus,</span> <span class='ocrx_word' id='word_1_149' title='bbox 250 1034 300 1068; x_wconf 88' lang='lat' dir='ltr'>velut</span> <span class='ocrx_word' id='word_1_150' title='bbox 307 1034 390 1068; x_wconf 89' lang='lat' dir='ltr'>esuriens</span> <span class='ocrx_word' id='word_1_151' title='bbox 400 1033 452 1068; x_wconf 83' lang='lat' dir='ltr'>fauce</span> <span class='ocrx_word' id='word_1_152' title='bbox 462 1035 516 1069; x_wconf 87' lang='lat' dir='ltr'>auida</span> <span class='ocrx_word' id='word_1_153' title='bbox 525 1034 584 1070; x_wconf 88' lang='lat' dir='ltr'>cibum</span> <span class='ocrx_word' id='word_1_154' title='bbox 596 1034 657 1070; x_wconf 90' lang='lat' dir='ltr'>diuine</span> <span class='ocrx_word' id='word_1_155' title='bbox 667 1035 756 1080; x_wconf 82' lang='lat' dir='ltr'>sapientie</span> <span class='ocrx_word' id='word_1_156' title='bbox 765 1049 783 1080; x_wconf 82' lang='lat'>¹5</span> 
     </span>
     <span class='ocr_line' id='line_1_18' title="bbox 54 1085 755 1132; baseline 0.004 -12"><span class='ocrx_word' id='word_1_157' title='bbox 54 1085 153 1121; x_wconf 84' lang='lat' dir='ltr'>hauriebat.</span> <span class='ocrx_word' id='word_1_158' title='bbox 176 1087 262 1132; x_wconf 83' lang='lat' dir='ltr'>Dumque</span> <span class='ocrx_word' id='word_1_159' title='bbox 274 1087 333 1132; x_wconf 83' lang='lat' dir='ltr'>magis</span> <span class='ocrx_word' id='word_1_160' title='bbox 344 1098 364 1121; x_wconf 88' lang='lat' dir='ltr'>ac</span> <span class='ocrx_word' id='word_1_161' title='bbox 376 1087 435 1132; x_wconf 88' lang='lat' dir='ltr'>magis</span> <span class='ocrx_word' id='word_1_162' title='bbox 444 1087 508 1122; x_wconf 89' lang='lat' dir='ltr'>litteris</span> <span class='ocrx_word' id='word_1_163' title='bbox 520 1087 578 1123; x_wconf 89' lang='lat' dir='ltr'>sacris</span> <span class='ocrx_word' id='word_1_164' title='bbox 589 1092 639 1123; x_wconf 89' lang='lat' dir='ltr'>esset</span> <span class='ocrx_word' id='word_1_165' title='bbox 650 1087 755 1131; x_wconf 89' lang='lat' dir='ltr'>instructus,</span> 
     </span>
     <span class='ocr_line' id='line_1_19' title="bbox 52 1140 755 1185; baseline 0.001 -11"><span class='ocrx_word' id='word_1_166' title='bbox 52 1140 137 1175; x_wconf 88' lang='lat' dir='ltr'>virtutem</span> <span class='ocrx_word' id='word_1_167' title='bbox 153 1140 284 1175; x_wconf 86' lang='lat' dir='ltr'>validissimam</span> <span class='ocrx_word' id='word_1_168' title='bbox 296 1140 369 1175; x_wconf 87' lang='lat' dir='ltr'>seruere</span> <span class='ocrx_word' id='word_1_169' title='bbox 384 1140 403 1175; x_wconf 95' lang='lat' dir='ltr'>in</span> <span class='ocrx_word' id='word_1_170' title='bbox 422 1151 443 1175; x_wconf 91' lang='lat' dir='ltr'>se</span> <span class='ocrx_word' id='word_1_171' title='bbox 458 1141 564 1175; x_wconf 85' lang='lat' dir='ltr'>testabatur.</span> <span class='ocrx_word' id='word_1_172' title='bbox 595 1140 654 1185; x_wconf 83' lang='lat' dir='ltr'>[Vt]¹⁰</span> <span class='ocrx_word' id='word_1_173' title='bbox 670 1152 711 1175; x_wconf 91' lang='lat' dir='ltr'>curn</span> <span class='ocrx_word' id='word_1_174' title='bbox 725 1141 755 1176; x_wconf 90' lang='lat' dir='ltr'>alii</span> 
     </span>
     <span class='ocr_line' id='line_1_20' title="bbox 53 1192 754 1237; baseline 0.004 -11"><span class='ocrx_word' id='word_1_175' title='bbox 53 1193 135 1236; x_wconf 90' lang='lat' dir='ltr'>discipuli</span> <span class='ocrx_word' id='word_1_176' title='bbox 144 1193 223 1237; x_wconf 86' lang='lat' dir='ltr'>rigorem</span> <span class='ocrx_word' id='word_1_177' title='bbox 234 1193 306 1237; x_wconf 80' lang='lat' dir='ltr'>frigoris</span> <span class='ocrx_word' id='word_1_178' title='bbox 315 1193 333 1226; x_wconf 92' lang='lat' dir='ltr'>in</span> <span class='ocrx_word' id='word_1_179' title='bbox 344 1204 365 1227; x_wconf 91' lang='lat' dir='ltr'>se</span> <span class='ocrx_word' id='word_1_180' title='bbox 372 1192 462 1227; x_wconf 89' lang='lat' dir='ltr'>habentes</span> <span class='ocrx_word' id='word_1_181' title='bbox 469 1192 615 1237; x_wconf 85' lang='lat' dir='ltr'>ingemiscerent,</span> <span class='ocrx_word' id='word_1_182' title='bbox 623 1193 754 1229; x_wconf 87' lang='lat' dir='ltr'>validissimum</span> 
     </span>
     <span class='ocr_line' id='line_1_21' title="bbox 53 1244 755 1290; baseline 0.001 -11"><span class='ocrx_word' id='word_1_183' title='bbox 53 1245 132 1280; x_wconf 86' lang='lat' dir='ltr'>calorem</span> <span class='ocrx_word' id='word_1_184' title='bbox 138 1256 159 1280; x_wconf 89' lang='lat' dir='ltr'>se</span> <span class='ocrx_word' id='word_1_185' title='bbox 165 1245 331 1289; x_wconf 69' lang='lat' dir='ltr'>paudiceretu-et</span> <span class='ocrx_word' id='word_1_186' title='bbox 337 1245 419 1280; x_wconf 78' lang='lat' dir='ltr'>dum¹²in</span> <span class='ocrx_word' id='word_1_187' title='bbox 425 1244 608 1290; x_wconf 87' lang='lat' dir='ltr'>biemecondiscipuli</span> <span class='ocrx_word' id='word_1_188' title='bbox 614 1245 653 1280; x_wconf 89' lang='lat' dir='ltr'>eius</span> <span class='ocrx_word' id='word_1_189' title='bbox 659 1246 755 1289; x_wconf 89' lang='lat' dir='ltr'>prenimio</span> 
     </span>
     <span class='ocr_line' id='line_1_22' title="bbox 54 1298 784 1343; baseline 0.004 -12"><span class='ocrx_word' id='word_1_190' title='bbox 54 1298 120 1343; x_wconf 81' lang='lat' dir='ltr'>frigore</span> <span class='ocrx_word' id='word_1_191' title='bbox 130 1299 216 1333; x_wconf 87' lang='lat' dir='ltr'>dentibus</span> <span class='ocrx_word' id='word_1_192' title='bbox 226 1298 332 1340; x_wconf 80' lang='lat' dir='ltr'>stridebant,</span> <span class='ocrx_word' id='word_1_193' title='bbox 339 1298 380 1343; x_wconf 90' lang='lat' dir='ltr'>ipse</span> <span class='ocrx_word' id='word_1_194' title='bbox 390 1298 484 1343; x_wconf 89' lang='lat' dir='ltr'>palliuma</span> <span class='ocrx_word' id='word_1_195' title='bbox 494 1309 515 1333; x_wconf 85' lang='lat' dir='ltr'>se</span> <span class='ocrx_word' id='word_1_196' title='bbox 523 1298 598 1343; x_wconf 83' lang='lat' dir='ltr'>expulit.</span> <span class='ocrx_word' id='word_1_197' title='bbox 620 1298 645 1332; x_wconf 93' lang='lat' dir='ltr'>Vt</span> <span class='ocrx_word' id='word_1_198' title='bbox 655 1309 704 1341; x_wconf 90' lang='lat' dir='ltr'>pene</span> <span class='ocrx_word' id='word_1_199' title='bbox 715 1310 755 1333; x_wconf 90' lang='lat' dir='ltr'>om·</span> <span class='ocrx_word' id='word_1_200' title='bbox 764 1314 784 1334; x_wconf 79' lang='lat' dir='ltr'>ro</span> 
     </span>
     <span class='ocr_line' id='line_1_23' title="bbox 53 1350 755 1395; baseline 0.003 -13"><span class='ocrx_word' id='word_1_201' title='bbox 53 1351 107 1383; x_wconf 88' lang='lat' dir='ltr'>nibus</span> <span class='ocrx_word' id='word_1_202' title='bbox 113 1351 163 1385; x_wconf 88' lang='lat' dir='ltr'>horis</span> <span class='ocrx_word' id='word_1_203' title='bbox 169 1351 195 1384; x_wconf 91' lang='lat' dir='ltr'>illi</span> <span class='ocrx_word' id='word_1_204' title='bbox 202 1356 288 1395; x_wconf 87' lang='lat' dir='ltr'>putarent</span> <span class='ocrx_word' id='word_1_205' title='bbox 295 1356 349 1395; x_wconf 86' lang='lat' dir='ltr'>caput</span> <span class='ocrx_word' id='word_1_206' title='bbox 357 1351 396 1385; x_wconf 87' lang='lat' dir='ltr'>eius</span> <span class='ocrx_word' id='word_1_207' title='bbox 404 1351 465 1393; x_wconf 88' lang='lat' dir='ltr'>lauari,</span> <span class='ocrx_word' id='word_1_208' title='bbox 472 1351 515 1385; x_wconf 90' lang='lat' dir='ltr'>dum</span> <span class='ocrx_word' id='word_1_209' title='bbox 523 1360 598 1394; x_wconf 89' lang='lat' dir='ltr'>semper</span> <span class='ocrx_word' id='word_1_210' title='bbox 603 1350 687 1384; x_wconf 85' lang='lat' dir='ltr'>viderent</span> <span class='ocrx_word' id='word_1_211' title='bbox 695 1354 755 1395; x_wconf 84' lang='lat' dir='ltr'>guttas</span> 
     </span>
     <span class='ocr_line' id='line_1_24' title="bbox 53 1396 755 1447; baseline 0 -10"><span class='ocrx_word' id='word_1_212' title='bbox 53 1404 137 1447; x_wconf 75' lang='lat' dir='ltr'>paruulus</span> <span class='ocrx_word' id='word_1_213' title='bbox 143 1404 166 1439; x_wconf 91' lang='lat' dir='ltr'>de</span> <span class='ocrx_word' id='word_1_214' title='bbox 172 1403 232 1439; x_wconf 82' lang='lat' dir='ltr'>fronte</span> <span class='ocrx_word' id='word_1_215' title='bbox 239 1410 257 1438; x_wconf 93' lang='lat' dir='ltr'>et</span> <span class='ocrx_word' id='word_1_216' title='bbox 262 1403 275 1423; x_wconf 79' lang='lat'>¹³</span> <span class='ocrx_word' id='word_1_217' title='bbox 280 1403 325 1438; x_wconf 81' lang='lat' dir='ltr'>facie</span> <span class='ocrx_word' id='word_1_218' title='bbox 332 1403 371 1438; x_wconf 91' lang='lat' dir='ltr'>eius</span> <span class='ocrx_word' id='word_1_219' title='bbox 376 1404 457 1439; x_wconf 85' lang='lat' dir='ltr'>etiluere.</span> <span class='ocrx_word' id='word_1_220' title='bbox 485 1396 512 1438; x_wconf 86' lang='lat' dir='ltr'>Et</span> <span class='ocrx_word' id='word_1_221' title='bbox 517 1402 559 1447; x_wconf 87' lang='lat' dir='ltr'>quia</span> <span class='ocrx_word' id='word_1_222' title='bbox 564 1403 617 1437; x_wconf 88' lang='lat' dir='ltr'>valiis</span> <span class='ocrx_word' id='word_1_223' title='bbox 622 1403 652 1437; x_wconf 88' lang='lat' dir='ltr'>illa</span> <span class='ocrx_word' id='word_1_224' title='bbox 658 1403 730 1438; x_wconf 86' lang='lat' dir='ltr'>Caruan</span> <span class='ocrx_word' id='word_1_225' title='bbox 736 1404 755 1438; x_wconf 92' lang='lat' dir='ltr'>in</span> 
     </span>
     <span class='ocr_line' id='line_1_25' title="bbox 53 1456 756 1501; baseline 0.003 -11"><span class='ocrx_word' id='word_1_226' title='bbox 53 1466 88 1499; x_wconf 90' lang='lat' dir='ltr'>qua</span> <span class='ocrx_word' id='word_1_227' title='bbox 95 1456 174 1490; x_wconf 87' lang='lat' dir='ltr'>nutritus</span> <span class='ocrx_word' id='word_1_228' title='bbox 182 1462 210 1490; x_wconf 89' lang='lat' dir='ltr'>est</span> <span class='ocrx_word' id='word_1_229' title='bbox 216 1456 304 1497; x_wconf 89' lang='lat' dir='ltr'>Macutus,</span> <span class='ocrx_word' id='word_1_230' title='bbox 308 1456 393 1499; x_wconf 83' lang='lat' dir='ltr'>proxima</span> <span class='ocrx_word' id='word_1_231' title='bbox 399 1461 427 1490; x_wconf 91' lang='lat' dir='ltr'>est</span> <span class='ocrx_word' id='word_1_232' title='bbox 432 1456 484 1496; x_wconf 83' lang='lat' dir='ltr'>mari,</span> <span class='ocrx_word' id='word_1_233' title='bbox 488 1456 563 1501; x_wconf 80' lang='lat' dir='ltr'>contigit</span> <span class='ocrx_word' id='word_1_234' title='bbox 568 1467 609 1491; x_wconf 87' lang='lat' dir='ltr'>eum</span> <span class='ocrx_word' id='word_1_235' title='bbox 615 1467 656 1491; x_wconf 87' lang='lat' dir='ltr'>cum</span> <span class='ocrx_word' id='word_1_236' title='bbox 662 1456 756 1501; x_wconf 82' lang='lat' dir='ltr'>discipulis</span> 
     </span>
     <span class='ocr_line' id='line_1_26' title="bbox 53 1507 756 1545; baseline 0.004 -4"><span class='ocrx_word' id='word_1_237' title='bbox 53 1507 90 1543; x_wconf 82' lang='lat' dir='ltr'>suis</span> <span class='ocrx_word' id='word_1_238' title='bbox 98 1508 172 1544; x_wconf 87' lang='lat' dir='ltr'>ludendi</span> <span class='ocrx_word' id='word_1_239' title='bbox 180 1521 235 1545; x_wconf 87' lang='lat' dir='ltr'>causa</span> <span class='ocrx_word' id='word_1_240' title='bbox 242 1510 265 1544; x_wconf 88' lang='lat' dir='ltr'>ad</span> <span class='ocrx_word' id='word_1_241' title='bbox 275 1509 326 1545; x_wconf 88' lang='lat' dir='ltr'>littus</span> <span class='ocrx_word' id='word_1_242' title='bbox 337 1509 393 1545; x_wconf 89' lang='lat' dir='ltr'>maris</span> <span class='ocrx_word' id='word_1_243' title='bbox 405 1510 461 1545; x_wconf 79' lang='lat' dir='ltr'>exire.</span> <span class='ocrx_word' id='word_1_244' title='bbox 483 1509 530 1545; x_wconf 89' lang='lat' dir='ltr'>Aliis</span> <span class='ocrx_word' id='word_1_245' title='bbox 541 1511 615 1545; x_wconf 91' lang='lat' dir='ltr'>tandem</span> <span class='ocrx_word' id='word_1_246' title='bbox 625 1515 668 1545; x_wconf 85' lang='lat' dir='ltr'>ante</span> <span class='ocrx_word' id='word_1_247' title='bbox 678 1509 756 1544; x_wconf 85' lang='lat' dir='ltr'>inunda-</span> 
     </span>
     <span class='ocr_line' id='line_1_27' title="bbox 53 1562 783 1608; baseline 0.001 -11"><span class='ocrx_word' id='word_1_248' title='bbox 53 1562 121 1598; x_wconf 89' lang='lat' dir='ltr'>tionem</span> <span class='ocrx_word' id='word_1_249' title='bbox 133 1564 189 1598; x_wconf 91' lang='lat' dir='ltr'>maris</span> <span class='ocrx_word' id='word_1_250' title='bbox 201 1563 265 1597; x_wconf 89' lang='lat' dir='ltr'>relicto</span> <span class='ocrx_word' id='word_1_251' title='bbox 276 1563 319 1597; x_wconf 92' lang='lat' dir='ltr'>ludo</span> <span class='ocrx_word' id='word_1_252' title='bbox 330 1564 353 1598; x_wconf 90' lang='lat' dir='ltr'>ad</span> <span class='ocrx_word' id='word_1_253' title='bbox 366 1562 453 1598; x_wconf 87' lang='lat' dir='ltr'>lectiones</span> <span class='ocrx_word' id='word_1_254' title='bbox 466 1563 606 1605; x_wconf 81' lang='lat' dir='ltr'>recurrentibus,</span> <span class='ocrx_word' id='word_1_255' title='bbox 620 1574 699 1608; x_wconf 88' lang='lat' dir='ltr'>sompno</span> <span class='ocrx_word' id='word_1_256' title='bbox 712 1574 755 1598; x_wconf 85' lang='lat' dir='ltr'>eum</span> <span class='ocrx_word' id='word_1_257' title='bbox 764 1577 783 1607; x_wconf 80' lang='lat'>¹5</span> 
     </span>
     <span class='ocr_line' id='line_1_28' title="bbox 53 1615 755 1661; baseline 0.003 -12"><span class='ocrx_word' id='word_1_258' title='bbox 53 1616 142 1650; x_wconf 87' lang='lat' dir='ltr'>retinente</span> <span class='ocrx_word' id='word_1_259' title='bbox 150 1616 169 1650; x_wconf 96' lang='lat' dir='ltr'>in</span> <span class='ocrx_word' id='word_1_260' title='bbox 177 1616 237 1650; x_wconf 88' lang='lat' dir='ltr'>medio</span> <span class='ocrx_word' id='word_1_261' title='bbox 245 1616 310 1650; x_wconf 83' lang='lat' dir='ltr'>littoris</span> <span class='ocrx_word' id='word_1_262' title='bbox 318 1626 374 1661; x_wconf 91' lang='lat' dir='ltr'>super</span> <span class='ocrx_word' id='word_1_263' title='bbox 381 1616 449 1650; x_wconf 75' lang='lat' dir='ltr'>fascem</span> <span class='ocrx_word' id='word_1_264' title='bbox 457 1616 498 1661; x_wconf 84' lang='lat' dir='ltr'>alge</span> <span class='ocrx_word' id='word_1_265' title='bbox 506 1616 556 1651; x_wconf 93' lang='lat' dir='ltr'>solus</span> <span class='ocrx_word' id='word_1_266' title='bbox 563 1615 656 1651; x_wconf 80' lang='lat' dir='ltr'>remansit.</span> <span class='ocrx_word' id='word_1_267' title='bbox 676 1615 699 1650; x_wconf 89' lang='lat' dir='ltr'>Et</span> <span class='ocrx_word' id='word_1_268' title='bbox 707 1626 755 1656; x_wconf 86' lang='lat' dir='ltr'>ecce,</span> 
     </span>
     <span class='ocr_line' id='line_1_29' title="bbox 54 1668 756 1713; baseline 0.001 -11"><span class='ocrx_word' id='word_1_269' title='bbox 54 1676 140 1713; x_wconf 88' lang='lat' dir='ltr'>quantum</span> <span class='ocrx_word' id='word_1_270' title='bbox 155 1679 206 1704; x_wconf 87' lang='lat' dir='ltr'>mare</span> <span class='ocrx_word' id='word_1_271' title='bbox 221 1670 319 1711; x_wconf 89' lang='lat' dir='ltr'>crescebat,</span> <span class='ocrx_word' id='word_1_272' title='bbox 335 1674 404 1703; x_wconf 88' lang='lat' dir='ltr'>tantum</span> <span class='ocrx_word' id='word_1_273' title='bbox 419 1668 468 1704; x_wconf 90' lang='lat' dir='ltr'>littus</span> <span class='ocrx_word' id='word_1_274' title='bbox 483 1679 540 1713; x_wconf 92' lang='lat' dir='ltr'>super</span> <span class='ocrx_word' id='word_1_275' title='bbox 554 1669 602 1712; x_wconf 90' lang='lat' dir='ltr'>quod</span> <span class='ocrx_word' id='word_1_276' title='bbox 618 1679 665 1713; x_wconf 91' lang='lat' dir='ltr'>puer</span> <span class='ocrx_word' id='word_1_277' title='bbox 682 1674 756 1703; x_wconf 89' lang='lat' dir='ltr'>sanctus</span> 
     </span>
     <span class='ocr_line' id='line_1_30' title="bbox 54 1721 756 1765; baseline 0 -10"><span class='ocrx_word' id='word_1_278' title='bbox 54 1723 146 1758; x_wconf 89' lang='lat' dir='ltr'>dormiens</span> <span class='ocrx_word' id='word_1_279' title='bbox 158 1723 232 1763; x_wconf 87' lang='lat' dir='ltr'>iacebat,</span> <span class='ocrx_word' id='word_1_280' title='bbox 243 1727 288 1756; x_wconf 90' lang='lat' dir='ltr'>nutu</span> <span class='ocrx_word' id='word_1_281' title='bbox 300 1722 329 1756; x_wconf 90' lang='lat' dir='ltr'>dei</span> <span class='ocrx_word' id='word_1_282' title='bbox 340 1721 416 1756; x_wconf 84' lang='lat' dir='ltr'>exaltari</span> <span class='ocrx_word' id='word_1_283' title='bbox 427 1722 527 1756; x_wconf 86' lang='lat' dir='ltr'>videbatur.</span> <span class='ocrx_word' id='word_1_284' title='bbox 550 1721 629 1756; x_wconf 84' lang='lat' dir='ltr'>Sanctus</span> <span class='ocrx_word' id='word_1_285' title='bbox 638 1721 698 1765; x_wconf 89' lang='lat' dir='ltr'>itaque</span> <span class='ocrx_word' id='word_1_286' title='bbox 709 1732 756 1764; x_wconf 86' lang='lat' dir='ltr'>puer</span> 
     </span>
     <span class='ocr_line' id='line_1_31' title="bbox 53 1772 755 1818; baseline 0.001 -12"><span class='ocrx_word' id='word_1_287' title='bbox 53 1775 113 1807; x_wconf 89' lang='lat' dir='ltr'>sonitu</span> <span class='ocrx_word' id='word_1_288' title='bbox 121 1775 187 1808; x_wconf 84' lang='lat' dir='ltr'>fluctus</span> <span class='ocrx_word' id='word_1_289' title='bbox 195 1774 252 1807; x_wconf 87' lang='lat' dir='ltr'>maris</span> <span class='ocrx_word' id='word_1_290' title='bbox 259 1784 270 1807; x_wconf 90' lang='lat' dir='ltr'>a</span> <span class='ocrx_word' id='word_1_291' title='bbox 278 1784 356 1818; x_wconf 87' lang='lat' dir='ltr'>sompno</span> <span class='ocrx_word' id='word_1_292' title='bbox 364 1784 460 1815; x_wconf 82' lang='lat' dir='ltr'>excussus,</span> <span class='ocrx_word' id='word_1_293' title='bbox 468 1773 515 1807; x_wconf 87' lang='lat' dir='ltr'>circa</span> <span class='ocrx_word' id='word_1_294' title='bbox 523 1783 543 1807; x_wconf 88' lang='lat' dir='ltr'>se</span> <span class='ocrx_word' id='word_1_295' title='bbox 549 1772 646 1817; x_wconf 86' lang='lat' dir='ltr'>aspiciens,</span> <span class='ocrx_word' id='word_1_296' title='bbox 656 1782 755 1816; x_wconf 89' lang='lat' dir='ltr'>secumque</span> 
     </span>
     <span class='ocr_line' id='line_1_32' title="bbox 53 1824 784 1871; baseline 0.004 -12"><span class='ocrx_word' id='word_1_297' title='bbox 53 1826 121 1862; x_wconf 90' lang='lat' dir='ltr'>mirans</span> <span class='ocrx_word' id='word_1_298' title='bbox 129 1832 147 1862; x_wconf 90' lang='lat' dir='ltr'>et</span> <span class='ocrx_word' id='word_1_299' title='bbox 155 1827 211 1861; x_wconf 87' lang='lat' dir='ltr'>multa</span> <span class='ocrx_word' id='word_1_300' title='bbox 219 1826 322 1868; x_wconf 89' lang='lat' dir='ltr'>reuoluens,</span> <span class='ocrx_word' id='word_1_301' title='bbox 330 1826 387 1860; x_wconf 84' lang='lat' dir='ltr'>dixit:</span> <span class='ocrx_word' id='word_1_302' title='bbox 400 1825 488 1859; x_wconf 89' lang='lat' dir='ltr'>‘Domine</span> <span class='ocrx_word' id='word_1_303' title='bbox 496 1826 542 1859; x_wconf 88' lang='lat' dir='ltr'>deus</span> <span class='ocrx_word' id='word_1_304' title='bbox 549 1824 671 1870; x_wconf 89' lang='lat' dir='ltr'>omnipotens,</span> <span class='ocrx_word' id='word_1_305' title='bbox 679 1825 709 1870; x_wconf 89' lang='lat' dir='ltr'>qui</span> <span class='ocrx_word' id='word_1_306' title='bbox 717 1836 755 1859; x_wconf 87' lang='lat' dir='ltr'>non</span> <span class='ocrx_word' id='word_1_307' title='bbox 763 1840 784 1871; x_wconf 77' lang='lat'>30</span> 
     </span>
     <span class='ocr_line' id='line_1_33' title="bbox 53 1877 753 1924; baseline 0 -12"><span class='ocrx_word' id='word_1_308' title='bbox 53 1879 165 1924; x_wconf 88' lang='lat' dir='ltr'>derelinquis</span> <span class='ocrx_word' id='word_1_309' title='bbox 174 1885 270 1924; x_wconf 85' lang='lat' dir='ltr'>sperantes</span> <span class='ocrx_word' id='word_1_310' title='bbox 278 1878 297 1912; x_wconf 88' lang='lat' dir='ltr'>in</span> <span class='ocrx_word' id='word_1_311' title='bbox 304 1884 328 1921; x_wconf 91' lang='lat' dir='ltr'>te,</span> <span class='ocrx_word' id='word_1_312' title='bbox 335 1877 366 1912; x_wconf 89' lang='lat' dir='ltr'>vbi</span> <span class='ocrx_word' id='word_1_313' title='bbox 376 1878 448 1922; x_wconf 86' lang='lat' dir='ltr'>positus</span> <span class='ocrx_word' id='word_1_314' title='bbox 453 1879 466 1897; x_wconf 85' lang='lat'>¹⁴</span> <span class='ocrx_word' id='word_1_315' title='bbox 474 1888 515 1912; x_wconf 86' lang='lat' dir='ltr'>sum</span> <span class='ocrx_word' id='word_1_316' title='bbox 524 1888 558 1921; x_wconf 83' lang='lat' dir='ltr'>ego</span> <span class='ocrx_word' id='word_1_317' title='bbox 564 1880 581 1912; x_wconf 81' lang='lat' dir='ltr'>i&#39;</span> <span class='ocrx_word' id='word_1_318' title='bbox 604 1878 687 1921; x_wconf 86' lang='lat' dir='ltr'>Cumque</span> <span class='ocrx_word' id='word_1_319' title='bbox 695 1878 753 1912; x_wconf 87' lang='lat' dir='ltr'>Bren-</span> 
     </span>
     <span class='ocr_line' id='line_1_34' title="bbox 54 1930 755 1977; baseline 0 -13"><span class='ocrx_word' id='word_1_320' title='bbox 54 1932 112 1967; x_wconf 92' lang='lat' dir='ltr'>danus</span> <span class='ocrx_word' id='word_1_321' title='bbox 123 1943 178 1977; x_wconf 88' lang='lat' dir='ltr'>quare</span> <span class='ocrx_word' id='word_1_322' title='bbox 191 1932 274 1967; x_wconf 85' lang='lat' dir='ltr'>Macutus</span> <span class='ocrx_word' id='word_1_323' title='bbox 285 1942 322 1965; x_wconf 92' lang='lat' dir='ltr'>non</span> <span class='ocrx_word' id='word_1_324' title='bbox 331 1931 410 1965; x_wconf 88' lang='lat' dir='ltr'>redisset</span> <span class='ocrx_word' id='word_1_325' title='bbox 420 1941 431 1964; x_wconf 87' lang='lat' dir='ltr'>a</span> <span class='ocrx_word' id='word_1_326' title='bbox 441 1930 503 1974; x_wconf 87' lang='lat' dir='ltr'>pueris</span> <span class='ocrx_word' id='word_1_327' title='bbox 513 1930 593 1964; x_wconf 89' lang='lat' dir='ltr'>solicitus</span> <span class='ocrx_word' id='word_1_328' title='bbox 602 1935 694 1974; x_wconf 88' lang='lat' dir='ltr'>quereret,</span> <span class='ocrx_word' id='word_1_329' title='bbox 702 1936 720 1965; x_wconf 90' lang='lat' dir='ltr'>et</span> <span class='ocrx_word' id='word_1_330' title='bbox 728 1930 755 1965; x_wconf 91' lang='lat' dir='ltr'>illi</span> 
     </span>
     <span class='ocr_line' id='line_1_35' title="bbox 54 1982 755 2029; baseline -0.003 -10"><span class='ocrx_word' id='word_1_331' title='bbox 54 1994 96 2021; x_wconf 90' lang='lat' dir='ltr'>eum</span> <span class='ocrx_word' id='word_1_332' title='bbox 107 1986 228 2022; x_wconf 90' lang='lat' dir='ltr'>dormientem</span> <span class='ocrx_word' id='word_1_333' title='bbox 240 1984 259 2021; x_wconf 92' lang='lat' dir='ltr'>in</span> <span class='ocrx_word' id='word_1_334' title='bbox 270 1984 329 2020; x_wconf 89' lang='lat' dir='ltr'>littore</span> <span class='ocrx_word' id='word_1_335' title='bbox 341 1982 432 2019; x_wconf 88' lang='lat' dir='ltr'>dimisisse</span> <span class='ocrx_word' id='word_1_336' title='bbox 443 1982 589 2027; x_wconf 87' lang='lat' dir='ltr'>respondissent,</span> <span class='ocrx_word' id='word_1_337' title='bbox 600 1982 629 2018; x_wconf 88' lang='lat' dir='ltr'>vir</span> <span class='ocrx_word' id='word_1_338' title='bbox 640 1983 675 2026; x_wconf 89' lang='lat' dir='ltr'>dei,</span> <span class='ocrx_word' id='word_1_339' title='bbox 687 1994 755 2029; x_wconf 82' lang='lat' dir='ltr'>magno</span> 
     </span>
    </p>
   </div>
   <div class='ocr_carea' id='block_1_6' title="bbox 53 2062 756 2143">
    <p class='ocr_par' dir='ltr' id='par_1_6' title="bbox 53 2062 756 2143">
     <span class='ocr_line' id='line_1_36' title="bbox 53 2062 756 2103; baseline 0.001 -11"><span class='ocrx_word' id='word_1_340' title='bbox 53 2069 129 2100; x_wconf 88' lang='lat' dir='ltr'>patronus</span> <span class='ocrx_word' id='word_1_341' title='bbox 138 2067 226 2103; x_wconf 85' lang='lat' dir='ltr'>alumpnos,</span> <span class='ocrx_word' id='word_1_342' title='bbox 237 2065 311 2101; x_wconf 84' lang='lat' dir='ltr'>Protege,</span> <span class='ocrx_word' id='word_1_343' title='bbox 318 2072 400 2100; x_wconf 87' lang='lat' dir='ltr'>conserua,</span> <span class='ocrx_word' id='word_1_344' title='bbox 408 2063 469 2099; x_wconf 85' lang='lat' dir='ltr'>resoue‚</span> <span class='ocrx_word' id='word_1_345' title='bbox 479 2062 537 2098; x_wconf 85' lang='lat' dir='ltr'>reieua,</span> <span class='ocrx_word' id='word_1_346' title='bbox 548 2072 592 2100; x_wconf 82' lang='lat' dir='ltr'>rege,</span> <span class='ocrx_word' id='word_1_347' title='bbox 602 2071 644 2100; x_wconf 78' lang='lat' dir='ltr'>cura,</span> <span class='ocrx_word' id='word_1_348' title='bbox 654 2062 756 2100; x_wconf 80' lang='lat' dir='ltr'>Consignacs</span> 
     </span>
     <span class='ocr_line' id='line_1_37' title="bbox 54 2101 503 2143; baseline -0.002 -11"><span class='ocrx_word' id='word_1_349' title='bbox 54 2103 121 2143; x_wconf 88' lang='lat' dir='ltr'>Chn&#39;sto,</span> <span class='ocrx_word' id='word_1_350' title='bbox 130 2106 157 2136; x_wconf 90' lang='lat' dir='ltr'>tibi</span> <span class='ocrx_word' id='word_1_351' title='bbox 165 2106 239 2135; x_wconf 82' lang='lat' dir='ltr'>concines</span> <span class='ocrx_word' id='word_1_352' title='bbox 247 2103 324 2134; x_wconf 82' lang='lat' dir='ltr'>iaciendo.</span> <span class='ocrx_word' id='word_1_353' title='bbox 344 2102 363 2132; x_wconf 93' lang='lat' dir='ltr'>V.</span> <span class='ocrx_word' id='word_1_354' title='bbox 375 2102 408 2132; x_wconf 91' lang='lat' dir='ltr'>Ora</span> <span class='ocrx_word' id='word_1_355' title='bbox 415 2111 444 2140; x_wconf 86' lang='lat' dir='ltr'>pro</span> <span class='ocrx_word' id='word_1_356' title='bbox 451 2101 503 2132; x_wconf 82' lang='lat' dir='ltr'>nobis.</span> 
     </span>
    </p>
   </div>
   <div class='ocr_carea' id='block_1_7' title="bbox 53 2142 756 2225">
    <p class='ocr_par' dir='ltr' id='par_1_7' title="bbox 53 2142 756 2225">
     <span class='ocr_line' id='line_1_38' title="bbox 74 2142 756 2188; baseline -0.004 -9"><span class='ocrx_word' id='word_1_357' title='bbox 74 2142 122 2180; x_wconf 89' lang='lat' dir='ltr'>Deus</span> <span class='ocrx_word' id='word_1_358' title='bbox 129 2150 155 2188; x_wconf 87' lang='lat' dir='ltr'>qni</span> <span class='ocrx_word' id='word_1_359' title='bbox 162 2151 224 2179; x_wconf 86' lang='lat' dir='ltr'>beatum</span> <span class='ocrx_word' id='word_1_360' title='bbox 232 2149 315 2178; x_wconf 85' lang='lat' dir='ltr'>Letardum</span> <span class='ocrx_word' id='word_1_361' title='bbox 326 2168 530 2178; x_wconf 74' lang='grc'>..............</span> <span class='ocrx_word' id='word_1_362' title='bbox 537 2147 598 2183; x_wconf 81' lang='lat' dir='ltr'>equasti</span> <span class='ocrx_word' id='word_1_363' title='bbox 605 2146 712 2184; x_wconf 84' lang='lat' dir='ltr'>luminaribus,</span> <span class='ocrx_word' id='word_1_364' title='bbox 720 2147 756 2184; x_wconf 88' lang='lat' dir='ltr'>ipso</span> 
     </span>
     <span class='ocr_line' id='line_1_39' title="bbox 53 2185 667 2225; baseline -0.003 -8"><span class='ocrx_word' id='word_1_365' title='bbox 53 2206 242 2220; x_wconf 78' lang='grc'>,,,,,,,,,,,,,</span> <span class='ocrx_word' id='word_1_366' title='bbox 253 2191 308 2217; x_wconf 85' lang='lat' dir='ltr'>nostra</span> <span class='ocrx_word' id='word_1_367' title='bbox 314 2195 399 2225; x_wconf 87' lang='lat' dir='ltr'>quesumus</span> <span class='ocrx_word' id='word_1_368' title='bbox 405 2185 514 2216; x_wconf 89' lang='lat' dir='ltr'>misericordie</span> <span class='ocrx_word' id='word_1_369' title='bbox 522 2189 548 2216; x_wconf 90' lang='lat' dir='ltr'>tue</span> <span class='ocrx_word' id='word_1_370' title='bbox 555 2185 631 2217; x_wconf 84' lang='lat' dir='ltr'>claritate.</span> <span class='ocrx_word' id='word_1_371' title='bbox 639 2207 643 2216; x_wconf 89' lang='lat'>.</span> <span class='ocrx_word' id='word_1_372' title='bbox 651 2209 655 2217; x_wconf 88' lang='lat'><em>.</em></span> <span class='ocrx_word' id='word_1_373' title='bbox 663 2207 667 2216; x_wconf 84' lang='lat'><em>.</em></span> 
     </span>
    </p>
   </div>
   <div class='ocr_carea' id='block_1_8' title="bbox 53 2232 757 2591">
    <p class='ocr_par' dir='ltr' id='par_1_8' title="bbox 53 2232 757 2591">
     <span class='ocr_line' id='line_1_40' title="bbox 72 2232 755 2274; baseline -0.004 -8"><span class='ocrx_word' id='word_1_374' title='bbox 72 2235 78 2253; x_wconf 92' lang='lat'>¹</span> <span class='ocrx_word' id='word_1_375' title='bbox 88 2236 106 2266; x_wconf 86' lang='lat' dir='ltr'>T.</span> <span class='ocrx_word' id='word_1_376' title='bbox 114 2237 185 2272; x_wconf 85' lang='lat' dir='ltr'>Macuto;</span> <span class='ocrx_word' id='word_1_377' title='bbox 195 2235 213 2266; x_wconf 86' lang='grc' dir='ltr'>Ε,</span> <span class='ocrx_word' id='word_1_378' title='bbox 222 2235 300 2265; x_wconf 83' lang='lat' dir='ltr'>Machuto.</span> <span class='ocrx_word' id='word_1_379' title='bbox 355 2233 408 2263; x_wconf 81' lang='lat' dir='ltr'>²Asr.</span> <span class='ocrx_word' id='word_1_380' title='bbox 415 2233 455 2262; x_wconf 79' lang='lat' dir='ltr'>nom</span> <span class='ocrx_word' id='word_1_381' title='bbox 466 2233 493 2263; x_wconf 86' lang='lat' dir='ltr'>the</span> <span class='ocrx_word' id='word_1_382' title='bbox 503 2233 540 2263; x_wconf 87' lang='lat' dir='ltr'>Vita</span> <span class='ocrx_word' id='word_1_383' title='bbox 551 2233 572 2270; x_wconf 83' lang='lat' dir='ltr'>by</span> <span class='ocrx_word' id='word_1_384' title='bbox 579 2232 610 2262; x_wconf 89' lang='lat' dir='ltr'>Bili</span> <span class='ocrx_word' id='word_1_385' title='bbox 618 2234 638 2274; x_wconf 87' lang='lat' dir='ltr'>(c.</span> <span class='ocrx_word' id='word_1_386' title='bbox 645 2234 682 2271; x_wconf 71' lang='lat'>870)</span> <span class='ocrx_word' id='word_1_387' title='bbox 694 2233 710 2262; x_wconf 92' lang='lat' dir='ltr'>in</span> <span class='ocrx_word' id='word_1_388' title='bbox 720 2232 755 2263; x_wconf 82' lang='lat' dir='ltr'>MS.</span> 
     </span>
     <span class='ocr_line' id='line_1_41' title="bbox 54 2272 757 2314; baseline -0.006 -10"><span class='ocrx_word' id='word_1_389' title='bbox 54 2273 93 2312; x_wconf 82' lang='lat' dir='ltr'>Reg.</span> <span class='ocrx_word' id='word_1_390' title='bbox 102 2286 121 2314; x_wconf 81' lang='lat'>13</span> <span class='ocrx_word' id='word_1_391' title='bbox 129 2276 148 2306; x_wconf 75' lang='lat' dir='ltr'>A.</span> <span class='ocrx_word' id='word_1_392' title='bbox 156 2275 177 2306; x_wconf 83' lang='lat' dir='ltr'>X.</span> <span class='ocrx_word' id='word_1_393' title='bbox 184 2275 215 2306; x_wconf 90' lang='lat' dir='ltr'>and</span> <span class='ocrx_word' id='word_1_394' title='bbox 223 2274 269 2304; x_wconf 93' lang='lat' dir='ltr'>Bodl.</span> <span class='ocrx_word' id='word_1_395' title='bbox 277 2282 311 2311; x_wconf 75' lang='lat'>535,</span> <span class='ocrx_word' id='word_1_396' title='bbox 319 2274 350 2309; x_wconf 70' lang='lat' dir='ltr'>ed„</span> <span class='ocrx_word' id='word_1_397' title='bbox 357 2273 396 2303; x_wconf 88' lang='lat' dir='ltr'>with</span> <span class='ocrx_word' id='word_1_398' title='bbox 403 2283 424 2302; x_wconf 84' lang='lat' dir='ltr'>an</span> <span class='ocrx_word' id='word_1_399' title='bbox 430 2282 531 2309; x_wconf 84' lang='lat' dir='ltr'>anonymous</span> <span class='ocrx_word' id='word_1_400' title='bbox 537 2272 564 2302; x_wconf 83' lang='lat' dir='ltr'>lise</span> <span class='ocrx_word' id='word_1_401' title='bbox 571 2273 590 2302; x_wconf 82' lang='lat' dir='ltr'>os</span> <span class='ocrx_word' id='word_1_402' title='bbox 598 2273 626 2302; x_wconf 90' lang='lat' dir='ltr'>the</span> <span class='ocrx_word' id='word_1_403' title='bbox 633 2282 676 2301; x_wconf 86' lang='lat' dir='ltr'>same</span> <span class='ocrx_word' id='word_1_404' title='bbox 684 2274 728 2307; x_wconf 86' lang='lat' dir='ltr'>time,</span> <span class='ocrx_word' id='word_1_405' title='bbox 734 2273 757 2309; x_wconf 85' lang='lat' dir='ltr'>by</span> 
     </span>
     <span class='ocr_line' id='line_1_42' title="bbox 54 2310 755 2350; baseline 0 -8"><span class='ocrx_word' id='word_1_406' title='bbox 54 2312 109 2344; x_wconf 86' lang='lat' dir='ltr'>Plairre</span> <span class='ocrx_word' id='word_1_407' title='bbox 120 2316 152 2344; x_wconf 83' lang='lat' dir='ltr'>and</span> <span class='ocrx_word' id='word_1_408' title='bbox 163 2315 183 2344; x_wconf 87' lang='lat' dir='ltr'>dc</span> <span class='ocrx_word' id='word_1_409' title='bbox 194 2315 210 2344; x_wconf 83' lang='lat' dir='ltr'>la</span> <span class='ocrx_word' id='word_1_410' title='bbox 221 2312 435 2350; x_wconf 73' lang='lat' dir='ltr'>Borderie,Rennes,1884.</span> <span class='ocrx_word' id='word_1_411' title='bbox 456 2311 499 2341; x_wconf 79' lang='lat' dir='ltr'>Both</span> <span class='ocrx_word' id='word_1_412' title='bbox 509 2311 548 2341; x_wconf 86' lang='lat' dir='ltr'>lives</span> <span class='ocrx_word' id='word_1_413' title='bbox 559 2315 592 2341; x_wconf 85' lang='lat' dir='ltr'>rest</span> <span class='ocrx_word' id='word_1_414' title='bbox 604 2321 625 2340; x_wconf 88' lang='lat' dir='ltr'>on</span> <span class='ocrx_word' id='word_1_415' title='bbox 636 2321 657 2340; x_wconf 85' lang='lat' dir='ltr'>an</span> <span class='ocrx_word' id='word_1_416' title='bbox 668 2310 713 2342; x_wconf 89' lang='lat' dir='ltr'>older</span> <span class='ocrx_word' id='word_1_417' title='bbox 723 2310 755 2342; x_wconf 81' lang='lat' dir='ltr'>liic.</span> 
     </span>
     <span class='ocr_line' id='line_1_43' title="bbox 54 2350 756 2389; baseline 0.001 -8"><span class='ocrx_word' id='word_1_418' title='bbox 54 2351 100 2383; x_wconf 84' lang='lat' dir='ltr'>From</span> <span class='ocrx_word' id='word_1_419' title='bbox 107 2355 134 2384; x_wconf 90' lang='lat' dir='ltr'>the</span> <span class='ocrx_word' id='word_1_420' title='bbox 140 2364 188 2383; x_wconf 79' lang='lat' dir='ltr'>anon.</span> <span class='ocrx_word' id='word_1_421' title='bbox 194 2353 221 2383; x_wconf 86' lang='lat' dir='ltr'>lise</span> <span class='ocrx_word' id='word_1_422' title='bbox 228 2354 242 2383; x_wconf 88' lang='lat' dir='ltr'>is</span> <span class='ocrx_word' id='word_1_423' title='bbox 249 2352 313 2383; x_wconf 86' lang='lat' dir='ltr'>derived</span> <span class='ocrx_word' id='word_1_424' title='bbox 320 2352 348 2383; x_wconf 86' lang='lat' dir='ltr'>the</span> <span class='ocrx_word' id='word_1_425' title='bbox 354 2356 388 2382; x_wconf 83' lang='lat' dir='ltr'>text</span> <span class='ocrx_word' id='word_1_426' title='bbox 395 2352 411 2382; x_wconf 89' lang='lat' dir='ltr'>in</span> <span class='ocrx_word' id='word_1_427' title='bbox 420 2351 445 2381; x_wconf 83' lang='lat' dir='ltr'>Du</span> <span class='ocrx_word' id='word_1_428' title='bbox 452 2351 494 2382; x_wconf 84' lang='lat' dir='ltr'>Bosc</span> <span class='ocrx_word' id='word_1_429' title='bbox 501 2351 568 2382; x_wconf 74' lang='lat' dir='ltr'>Fioriac.</span> <span class='ocrx_word' id='word_1_430' title='bbox 574 2351 614 2383; x_wconf 89' lang='lat' dir='ltr'>Bibl.</span> <span class='ocrx_word' id='word_1_431' title='bbox 622 2351 666 2389; x_wconf 80' lang='lat'>1605,</span> <span class='ocrx_word' id='word_1_432' title='bbox 672 2351 704 2382; x_wconf 82' lang='lat' dir='ltr'>and</span> <span class='ocrx_word' id='word_1_433' title='bbox 710 2350 756 2382; x_wconf 78' lang='lat' dir='ltr'>vine.</span> 
     </span>
     <span class='ocr_line' id='line_1_44' title="bbox 54 2390 755 2434; baseline -0.003 -11"><span class='ocrx_word' id='word_1_434' title='bbox 54 2390 94 2425; x_wconf 85' lang='lat' dir='ltr'>Bell.</span> <span class='ocrx_word' id='word_1_435' title='bbox 102 2395 193 2434; x_wconf 76' lang='lat' dir='ltr'>ar,93,&#39;and</span> <span class='ocrx_word' id='word_1_436' title='bbox 200 2395 228 2424; x_wconf 92' lang='lat' dir='ltr'>the</span> <span class='ocrx_word' id='word_1_437' title='bbox 235 2393 274 2424; x_wconf 88' lang='lat' dir='ltr'>lives</span> <span class='ocrx_word' id='word_1_438' title='bbox 281 2393 297 2423; x_wconf 89' lang='lat' dir='ltr'>in</span> <span class='ocrx_word' id='word_1_439' title='bbox 305 2393 380 2423; x_wconf 84' lang='lat' dir='ltr'>Mabillon</span> <span class='ocrx_word' id='word_1_440' title='bbox 388 2392 451 2432; x_wconf 84' lang='lat' dir='ltr'>(=Sar.</span> <span class='ocrx_word' id='word_1_441' title='bbox 459 2391 493 2432; x_wconf 77' lang='lat' dir='ltr'>Bt.)</span> <span class='ocrx_word' id='word_1_442' title='bbox 500 2393 532 2421; x_wconf 82' lang='lat' dir='ltr'>and</span> <span class='ocrx_word' id='word_1_443' title='bbox 539 2391 601 2422; x_wconf 82' lang='lat' dir='ltr'>Surius.</span> <span class='ocrx_word' id='word_1_444' title='bbox 618 2391 642 2422; x_wconf 85' lang='lat' dir='ltr'>Ci.</span> <span class='ocrx_word' id='word_1_445' title='bbox 652 2392 707 2422; x_wconf 87' lang='lat' dir='ltr'>Revue</span> <span class='ocrx_word' id='word_1_446' title='bbox 715 2391 755 2421; x_wconf 83' lang='lat' dir='ltr'>Celt.</span> 
     </span>
     <span class='ocr_line' id='line_1_45' title="bbox 54 2431 757 2472; baseline -0.001 -10"><span class='ocrx_word' id='word_1_447' title='bbox 54 2431 104 2464; x_wconf 72' lang='lat' dir='ltr'>xcx.</span> <span class='ocrx_word' id='word_1_448' title='bbox 145 2433 314 2472; x_wconf 78' lang='lat' dir='ltr'>³Vit.quadrangula.</span> <span class='ocrx_word' id='word_1_449' title='bbox 355 2431 473 2462; x_wconf 79' lang='lat' dir='ltr'>¹T.E.etatis.</span> <span class='ocrx_word' id='word_1_450' title='bbox 495 2431 757 2468; x_wconf 63' lang='lat' dir='ltr'>ludevnattemotherisoe</span> 
     </span>
     <span class='ocr_line' id='line_1_46' title="bbox 53 2469 756 2508; baseline -0.003 -7"><span class='ocrx_word' id='word_1_451' title='bbox 53 2470 280 2505; x_wconf 53' lang='grc' dir='ltr'>θΤ.Ε.ίιε1σ];Νιιπῑτῐίεεῑι</span> <span class='ocrx_word' id='word_1_452' title='bbox 291 2472 355 2502; x_wconf 86' lang='lat' dir='ltr'>eumin.</span> <span class='ocrx_word' id='word_1_453' title='bbox 405 2470 479 2508; x_wconf 63' lang='lat' dir='ltr'>‘aqut</span> <span class='ocrx_word' id='word_1_454' title='bbox 531 2470 611 2501; x_wconf 76' lang='lat' dir='ltr'>&#39;Eeta</span> <span class='ocrx_word' id='word_1_455' title='bbox 658 2469 756 2500; x_wconf 72' lang='lat' dir='ltr'>&#39;ominlL</span> 
     </span>
     <span class='ocr_line' id='line_1_47' title="bbox 53 2508 756 2549; baseline 0 -8"><span class='ocrx_word' id='word_1_456' title='bbox 53 2508 166 2545; x_wconf 72' lang='lat' dir='ltr'>&#39;Emacatus</span> <span class='ocrx_word' id='word_1_457' title='bbox 207 2514 218 2531; x_wconf 81' lang='lat'>¹⁰</span> <span class='ocrx_word' id='word_1_458' title='bbox 228 2513 271 2543; x_wconf 64' lang='lat' dir='ltr'>tu.</span> <span class='ocrx_word' id='word_1_459' title='bbox 279 2512 304 2544; x_wconf 86' lang='lat' dir='ltr'>Et.</span> <span class='ocrx_word' id='word_1_460' title='bbox 343 2511 356 2531; x_wconf 91' lang='lat'>¹¹</span> <span class='ocrx_word' id='word_1_461' title='bbox 366 2509 550 2549; x_wconf 84' lang='lat' dir='ltr'>T.diceret,E.dicebat.</span> <span class='ocrx_word' id='word_1_462' title='bbox 590 2510 756 2549; x_wconf 74' lang='lat' dir='ltr'>1²E.cum;&#39;1&#39;.durn.</span> 
     </span>
     <span class='ocr_line' id='line_1_48' title="bbox 53 2549 267 2591; baseline -0.005 -8"><span class='ocrx_word' id='word_1_463' title='bbox 53 2549 110 2583; x_wconf 71' lang='lat' dir='ltr'>”Ea</span> <span class='ocrx_word' id='word_1_464' title='bbox 154 2553 267 2591; x_wconf 78' lang='lat' dir='ltr'>¹‘E.posiust.</span> 
     </span>
    </p>
   </div>
   <div class='ocr_carea' id='block_1_9' title="bbox 0 0 886 2803">
    <p class='ocr_par' dir='ltr' id='par_1_9' title="bbox 0 0 886 2803">
     <span class='ocr_line' id='line_1_49' title="bbox 0 0 886 2803; baseline 0 0"><span class='ocrx_word' id='word_1_465' title='bbox 0 0 886 2803; x_wconf 95' lang='lat' dir='ltr'> </span> 
     </span>
    </p>
   </div>
  </div>
 </body>
</html>
