1762 2803
240 95 286 154 ma
301 95 389 150 &otuu
403 95 457 153 mai
471 95 581 156 stiuam.
716 109 761 154 445

61 222 105 259 mihi
120 221 139 256 in
155 220 240 256 omnibus
255 220 396 255 necessitatibus
407 221 511 254 succurrat!
535 219 558 253 Et
570 229 613 253 ecce
624 228 682 253 naues
696 217 762 263 quibus

60 275 187 311 sanctissimus
197 274 280 319 pontifex
291 274 366 308 nomine
378 274 451 308 Nennio
462 284 503 307 cum
511 273 550 308 suis
558 273 623 314 inerat,
633 273 657 306 de
668 271 762 306 Britannia

61 330 162 370 venientes,
170 334 243 373 portum
251 328 311 362 insule
319 338 381 361 coram
391 327 503 361 monasterio
513 332 617 361 tenuerunt.
641 326 712 368 Quibus
721 336 762 359 cum

60 383 126 428 gaudio
134 387 152 416 et
160 382 230 416 honore
242 380 339 425 susceptis,
350 380 415 424 prefati
426 386 489 425 patres
500 380 586 415 iuuenem
598 379 689 414 Finanum
697 389 763 413 vener-

61 436 103 472 abili
118 435 205 480 episcopo
221 446 263 469 cum
278 434 329 468 omni
345 434 439 477 diligentia
454 434 611 468 commendarunt.
634 433 680 467 Cum
696 433 780 472 eodem5

61 488 185 533 repatriante¹
200 487 298 531 nauigauit,
311 493 329 521 et
342 486 361 521 in
376 486 417 521 eius
430 487 480 528 sede,
494 497 530 530 que
544 487 650 530 ‘magnum'
664 486 764 521 vocabatur

61 541 230 583 ‘monasterium'²,
239 541 311 585 regulas
319 545 337 575 et
346 540 470 574 institutiones
478 539 578 574 monastice
585 539 622 575 vite
633 540 700 584 aliquot
709 539 763 574 annis

62 596 131 641 probus
142 595 244 628 monachus
255 593 322 635 didicit,
333 599 388 637 atque
400 592 418 626 in
430 598 535 627 sanctarum
546 593 679 637 scripturarum
691 592 763 637 paginis

62 659 98 683 non
106 658 172 692 parum
180 647 279 692 proficiens
290 646 387 688 insudauit,
399 651 417 680 et
425 656 459 690 per
466 645 599 680 inuocationem
607 645 686 680 nominis
695 645 763 680 Christi

62 702 118 738 multa
134 701 221 737 miracula
232 700 279 736 fecit.
324 693 426 746 Quendam
438 699 531 734 hominem
545 710 614 744 genere
629 699 715 742 Grecum,
729 711 763 744 pro
773 713 792 735 ro

62 754 200 790 immanissimis
218 754 319 788 sceleribus
335 754 374 788 suis
390 753 452 787 multis
469 753 522 786 annis
538 759 629 793 vexatum,
645 764 700 797 quem
716 753 764 798 legio

62 810 161 843 demonum
177 808 221 842 dum
237 819 271 852 per
284 818 403 852 quascunque
419 806 483 841 mundi
497 811 560 850 partes
575 806 672 841 sanitatem
684 817 764 850 querens

63 863 99 895 ibat
109 861 206 894 infeliciter
215 861 332 904 sequebatur,
343 861 366 893 ab
376 860 427 892 omni
438 860 520 902 corporis
532 865 550 892 et
560 859 621 892 anime
632 859 720 901 languore
731 870 764 892 sua

62 925 118 959 prece
135 914 224 948 liberauit.
271 906 333 956 Regis
349 912 444 946 Britannie
459 912 521 955 filiam,
537 912 598 957 ipsum
618 911 686 945 carnali
703 922 765 945 amore

63 967 118 1003 nimis
135 967 240 1011 diligentem
257 971 275 1001 et
291 967 370 1010 quadam
387 966 417 1001 die
433 966 456 1001 ad
472 965 554 1000 illicitum
571 970 632 1000 actum
648 964 766 1008 impudenter
775 974 792 1006 ¹5

62 1021 171 1056 allicientem
177 1020 184 1039 ³
191 1025 209 1055 et
216 1020 264 1054 iusto
272 1019 302 1054 dei
310 1019 373 1054 iuditio
384 1030 446 1054 eoram
457 1024 509 1063 patre
519 1023 537 1053 et
546 1018 615 1062 populo
625 1023 666 1062 post
675 1017 765 1062 paruum⁴

62 1074 179 1109 interuallum
195 1074 218 1107 ob
232 1073 278 1107 hoc³
295 1073 404 1115 defunctam,
416 1078 514 1117 parentum
526 1077 544 1106 et
555 1071 654 1106 astantium
668 1071 766 1114 gemitibus

63 1138 171 1172 compassus
188 1128 211 1162 ad
227 1127 283 1162 vitam
299 1132 368 1162 castam
384 1132 402 1161 et
417 1132 499 1161 sanctam
515 1125 612 1161 reuocauit.
656 1117 697 1160 Vas
713 1136 766 1170 aque,

63 1182 157 1216 cuiusdam
173 1181 264 1215 hominis⁶
280 1180 349 1215 inuidia
359 1192 432 1215 veneno
448 1180 541 1222 infectum,
553 1180 649 1214 confidens
660 1179 679 1214 in
691 1179 766 1214 domino

63 1235 120 1270 bibit:
132 1240 151 1269 et
168 1235 238 1268 nullum
255 1234 329 1268 omnino
346 1240 477 1269 nocumentum
493 1238 558 1277 postea
574 1232 617 1267 inde
634 1232 697 1267 sensit.
742 1225 765 1267 ln
775 1243 794 1264 ro

64 1289 195 1323 monachorum
213 1288 274 1332 itaque
291 1288 359 1332 regulis
375 1293 393 1321 et
410 1288 429 1321 in
446 1292 509 1321 sancte
529 1286 619 1331 scripture
637 1286 710 1330 paginis
728 1298 765 1320 non

64 1341 180 1375 mediocriter
190 1341 296 1381 instructus,
306 1341 424 1384 apostolicam
434 1346 498 1384 petere
510 1341 574 1373 sedem
587 1340 674 1379 decreuit,
684 1345 704 1373 vt
715 1339 767 1383 quic-

64 1393 108 1438 quid
120 1393 197 1429 scientie
208 1393 292 1428 salutaris
303 1392 350 1428 forte
361 1392 422 1428 minus
433 1392 513 1434 haberet,
524 1392 560 1427 illic
571 1392 594 1427 ad
605 1391 680 1436 plenum
692 1391 767 1427 haurire

64 1453 132 1492 posset
160 1448 188 1481 lbi
204 1447 254 1481 enim
270 1447 324 1480 annis
340 1452 412 1491 septem
429 1446 523 1480 studiosus
539 1445 633 1489 indagator
649 1456 766 1490 permanens,

65 1501 87 1534 ad
101 1500 201 1535 sacerdocii
216 1501 293 1544 gradum
309 1500 398 1534 aseendit.
443 1493 494 1535 Cum
510 1499 560 1533 enim
575 1499 643 1543 populo
656 1509 733 1533 romano
748 1499 766 1532 in
777 1511 794 1540 ²5

65 1554 142 1589 ecclesia
154 1554 233 1598 quadam
243 1554 320 1588 verbum
332 1553 402 1588 domini
413 1553 522 1597 predicaret,
534 1552 649 1597 quorundam
661 1552 767 1587 clericorum

65 1607 138 1648 inuidia,
148 1619 172 1642 ne
183 1618 194 1641 a
205 1607 273 1651 populo
283 1618 319 1640 vox
331 1607 379 1640 illius
390 1606 488 1648 audiretur,
499 1617 567 1650 organa
577 1611 595 1639 et
606 1606 659 1639 tubas
671 1611 768 1650 ceteraque

66 1661 136 1695 musice
151 1660 280 1695 modulationis
295 1660 417 1694 instrumenta
433 1659 487 1694 simul
499 1670 564 1693 sonare
578 1658 625 1692 fecit.
649 1659 690 1693 Hec
705 1664 767 1693 tamen

66 1714 127 1747 omnia
141 1713 236 1747 altitudine
252 1713 335 1755 mirabili,
347 1713 415 1747 virtute
431 1712 498 1753 diuina,
513 1723 550 1746 vox
563 1722 597 1746 sua
610 1722 707 1755 superans,
719 1722 768 1746 com·

66 1768 169 1809 mentiatur,
187 1772 205 1800 et
220 1767 267 1800 deus
282 1766 300 1799 in
318 1771 382 1799 sancto
397 1776 431 1798 suo
445 1765 561 1809 glorificatur.
606 1757 662 1798 Duos
676 1769 719 1808 post
734 1765 796 1803 hec3o

66 1829 164 1854 numerose
179 1818 300 1854 multitudinis
316 1818 394 1862 populos
409 1818 464 1862 ydola
475 1818 562 1858 colentes,
574 1816 698 1862 predicatione
713 1817 768 1851 simul

66 1877 84 1907 et
91 1873 184 1908 miraculis
192 1875 214 1907 ad
223 1874 279 1907 fidem
292 1872 359 1906 Christi
370 1873 420 1906 iuxta
431 1872 500 1906 ltaliam
511 1871 612 1905 conuertit:
624 1876 642 1905 et
652 1872 768 1915 quorundam

66 1928 124 1969 pedes
137 1927 220 1972 ipsorum
233 1927 252 1960 in
266 1937 308 1960 eum
320 1925 427 1960 irruentium
439 1931 487 1959 terre
499 1925 564 1959 herere
576 1924 628 1958 fecit:
645 1935 723 1969 cumque
735 1936 769 1959 rex

66 1990 130 2016 eorum
146 1982 214 2026 lignum
232 1982 255 2016 ad
273 1980 416 2025 crucifigendum
429 1980 488 2015 virum
504 1979 534 2014 dei
549 1985 598 2014 terre
613 1978 664 2024 infigi
679 1978 769 2022 iussisset,

67 2034 127 2068 eidem
138 2035 187 2078 ligno
197 2035 254 2068 altera
264 2035 303 2068 eius
315 2045 381 2068 manus
393 2034 471 2074 adhesit,
483 2033 539 2067 altera
552 2044 585 2067 suo
596 2033 647 2066 lateri
659 2033 720 2067 iuncta
731 2033 769 2067 suit.
778 2041 797 2071 35

67 2086 139 2122 Omnes
147 2093 208 2122 tamen
216 2087 320 2132 penitentes
329 2092 346 2122 et
354 2088 377 2122 ad
385 2087 441 2122 fidem
449 2097 555 2129 conuersos,
563 2085 611 2120 illieo
619 2085 678 2119 soluit.
723 2078 770 2120 Duo

66 2139 143 2183 insuper
152 2141 216 2174 leones
227 2142 251 2173 de
262 2141 308 2173 silua
319 2141 409 2183 proxima,
417 2140 457 2173 viro
468 2145 531 2172 sancto
542 2139 659 2182 precedente,
667 2139 769 2178 venientes,

67 2192 141 2237 ipsum⁷
156 2194 225 2228 catulos
237 2204 301 2227 eorum
313 2193 332 2226 in
343 2193 385 2226 sinu
396 2198 500 2237 portantem
508 2192 560 2236 quusi
568 2202 623 2225 vacce
631 2191 697 2225 vitulos
708 2202 770 2225 coram

67 2248 117 2281 omni
129 2248 196 2292 populo
208 2248 333 2292 sequebantur
343 2256 378 2290 per
389 2246 485 2280 ciuitatem.
509 2246 529 2279 Si
541 2245 591 2279 enim
605 2246 639 2278 hoc
650 2245 723 2285 faceret,
735 2246 770 2278 deo

67 2311 100 2334 suo
115 2313 135 2335 se
149 2300 250 2335 credituros
265 2300 422 2344 spoponderunt&
445 2299 524 2343 Insuper
537 2304 555 2332 et
568 2298 628 2332 virum
640 2299 733 2342 quendam
747 2299 770 2332 ab
779 2309 799 2337 40

67 2353 94 2387 eis
106 2354 187 2388 occisum
198 2354 235 2389 vite
246 2353 330 2387 restituit.
371 2346 417 2387 Hiis
428 2352 490 2396 itaque
501 2351 585 2396 peractis,
597 2351 675 2385 famulus
687 2352 716 2385 dei
729 2362 770 2386 cum

68 2412 172 2442 sanctorum
184 2406 271 2451 reliquiis,
282 2406 370 2451 altarique
382 2415 491 2446 marmoreo,
503 2415 523 2439 ac
536 2404 594 2438 tribus
606 2404 690 2438 rotundis
705 2404 771 2450 lapidi-

87 2486 93 2504 ¹
103 2488 121 2517 E.
129 2488 244 2526 repatriantem.
285 2486 291 2503 ²
301 2487 329 2516 ie.
338 2486 409 2516 Candida
416 2494 452 2515 casa
459 2485 570 2521 atWhithern,
579 2484 648 2514 founded
655 2485 676 2522 by
684 2485 700 2514 S.
707 2485 771 2516 Ninian.

68 2525 73 2543 ³
84 2527 102 2556 E.
109 2528 203 2558 alleientem.
256 2526 262 2545 ⁴
273 2526 290 2556 E.
299 2536 369 2564 peruum.
421 2525 427 2543 ⁵
437 2535 468 2555 om.
475 2525 491 2554 iu
498 2525 517 2555 T.
568 2524 574 2541 ⁶
584 2525 602 2554 T.
610 2525 678 2555 hominis
685 2525 771 2556 cuiusdam.

68 2565 74 2581 ⁷
84 2567 123 2597 T.E
135 2568 222 2605 ipsumque.
263 2566 269 2584 ⁸
279 2567 297 2595 E.
304 2566 438 2604 sposponderunt.
