1762 2803
109 112 111 118 ¹
138 110 185 155 470
330 98 410 151 muna
425 95 542 160 tertona
557 96 650 160 annito.

139 221 242 264 gentesimo
260 220 395 265 septuagesimo
414 226 483 264 quarto.
519 221 574 255 Anno
592 230 637 255 vero
658 219 726 254 domini
748 218 844 254 millesimo

140 272 268 318 [centesimo]¹
276 279 328 307 sexto
335 273 443 313 Richardus,
450 273 506 308 abbas
512 274 592 315 ultimus,
599 272 689 307 transtulit
695 283 762 317 corpus
768 272 844 317 virginis

140 331 203 360 sancte
214 327 237 358 ad
250 326 320 359 locum²
330 325 361 359 vbi
372 337 430 369 vsque
441 327 463 359 ad
476 331 539 360 nostra
549 331 632 370 tempora
643 326 760 369 requiescere
772 326 844 361 meruit.

141 379 243 423 Repertum
255 384 283 412 cst
295 388 361 421 corpus
373 379 412 412 cius
423 378 559 413 sanctissimum
569 385 610 424 post
621 384 647 413 tot
657 388 747 412 annorum
756 378 845 413 curricula

124 444 132 474 5
141 432 236 475 integrum,
246 442 288 465 cum
297 432 385 474 vestibus,
397 437 415 466 et
425 431 557 476 incorruptum,
568 443 646 475 eumque
659 433 760 466 monachus
771 432 845 475 quidam

141 485 224 520 membra
231 484 313 528 virginea
322 489 405 528 tangeret
413 491 431 519 et
440 485 527 519 ssexibilia
537 486 632 530 reperiret,
640 486 705 520 candet
716 484 781 519 rosatis
793 485 845 529 genis

142 538 197 573 facies
210 538 286 581 virginis
299 539 352 581 quasi
365 539 401 572 vite
416 538 507 582 spiraculo
521 539 619 582 inspirata:
638 544 656 572 et
671 549 713 571 cum
728 538 791 571 tumba
806 537 846 571 eius

141 590 213 636 lapidea
220 589 321 625 inconsulte
329 597 347 625 et
357 591 406 625 fatue
417 597 524 626 tractaretur
532 597 549 626 et
560 592 616 625 fracta
627 591 696 633 suisset,
705 590 788 625 edificata
799 601 846 626 noua

141 644 214 679 breuior
224 655 260 678 vno
272 645 320 688 pede
329 645 406 687 videtur,
417 646 449 679 sed
462 646 527 689 prima,
536 644 602 679 virtute
614 643 680 686 diuina,
691 654 712 678 ac
723 643 740 678 si
751 654 846 688 nunquum

115 709 133 730 ro
142 697 206 731 fuisset
214 697 276 740 fracta,
284 697 397 731 resolidatur.

165 770 212 815 [MS.
221 770 260 805 Tib,
269 771 325 805 adds:
437 770 551 805 lucidarum.

166 826 217 869 Cum
229 833 308 868 Dacius⁴
316 833 457 868 mediolanensis
468 833 566 878 episcopus
578 832 755 877 Constantinopolim
767 839 847 876 pergens

143 886 266 921 Chorinthum
279 887 366 925 uenisset,
380 886 452 929 aspexit
465 886 537 920 eminus
551 886 632 929 (domum
646 885 764 929 congruentis
778 886 847 929 magni-

142 938 210 974 tudinis
219 950 296 984 eamque
304 938 338 974 sibi
348 938 442 984 preparari
453 940 476 973 acl
487 939 616 984 hospitandum
628 939 685 974 iussit.
708 939 791 983 Cumque
799 939 847 974 eius-

144 995 186 1027 dem
197 992 230 1026 loci
242 992 301 1026 incole
313 991 394 1026 dicerent
406 992 424 1026 in
436 1004 458 1026 ea
469 992 517 1027 hunc
529 1003 604 1027 manere
616 1003 653 1027 non
665 1003 721 1036 posse
733 993 775 1036 quia
786 992 848 1026 multis

115 1057 133 1087 15
143 1046 180 1080 iam
188 1045 241 1079 annis
252 1045 298 1079 hanc
309 1045 391 1079 diabolus
402 1045 515 1088 inhabitaret,
524 1052 578 1089 atque
588 1045 629 1079 ideo
637 1056 714 1079 uacuam
722 1046 848 1087 remansis)se,

142 1098 247 1141 respondit:
258 1098 311 1131 ‘Ideo
320 1098 408 1141 hospitari
416 1099 442 1140 (in
450 1099 505 1131 domo
513 1098 584 1140 eadem)
593 1097 664 1131 debitor
670 1108 717 1139 sum,
724 1097 740 1131 si
748 1098 795 1131 hanc
803 1098 848 1139 (ma-

142 1151 203 1195 lignus
218 1150 294 1194 spiritus
309 1150 376 1184 inuasit
391 1155 409 1183 et
424 1150 454 1193 ab)
470 1161 492 1183 ea
507 1149 602 1184 hominum
619 1149 752 1185 habitacionem
768 1149 849 1193 expulit.¹

145 1204 228 1247 Cumque
248 1203 283 1246 (uir
300 1203 337 1245 dei)
356 1208 409 1237 nocte
429 1203 536 1246 quiesceret,
555 1196 640 1247 antiquus
661 1202 719 1237 hostis
738 1202 848 1245 (immensis)

142 1255 218 1291 uocibus
235 1257 284 1300 cepit
301 1255 367 1289 imitari
383 1256 453 1300 rugitus
468 1256 547 1299 leonum,
565 1256 649 1300 (balatus)
668 1266 761 1300 pecorum,
777 1255 848 1290 ruditus

116 1323 135 1344 20
144 1310 243 1351 asinorum,
261 1309 324 1343 sibilos
342 1308 471 1353 serpen(cium,
491 1309 603 1354 (por)corum
621 1309 710 1342 stridores
728 1314 746 1342 et
764 1309 850 1343 soricum.

144 1364 197 1398 Tunc
219 1363 303 1406 (repente
322 1362 396 1406 Dacius)
418 1367 444 1397 tot
464 1362 544 1397 hostium
563 1362 638 1396 uocibus
660 1361 749 1396 excitatus
770 1362 850 1396 surrexit

144 1416 202 1448 iratus
222 1420 240 1447 et
259 1420 322 1448 contra
341 1416 414 1449 hostem
435 1415 516 1448 clamans
538 1414 593 1449 dixit:
618 1415 679 1448 ‘Bene
702 1414 733 1448 tibi
756 1414 850 1458 contingit,

146 1469 208 1510 miser,
217 1473 235 1501 et
247 1468 277 1512 qui
289 1468 355 1506 imitari
366 1468 461 1502 dominum
473 1467 546 1503 uoluisti
558 1467 639 1512 indigne,
653 1478 701 1508 ecce,
713 1473 732 1502 ut
744 1467 811 1511 dignus
825 1478 850 1508 es,

145 1521 213 1556 bestias
232 1520 319 1556 imitaris)
352 1520 382 1555 Ad
401 1531 456 1564 quam
473 1532 537 1555 uocem
553 1520 688 1555 deieecionem⁶
704 1531 756 1554 suam
774 1520 850 1564 spiritus

118 1587 136 1618 ²5
147 1573 239 1618 malignus
247 1573 323 1617 erubuit,
332 1579 350 1608 et
361 1574 436 1608 domum
448 1573 496 1607 illam
507 1574 530 1608 ad
541 1573 645 1608 exhibenda
656 1579 744 1616 monstra,
753 1574 799 1608 sicut
807 1585 850 1608 con-

146 1632 237 1669 sueuerat,
251 1637 288 1659 non
303 1626 383 1660 intrauit.
427 1619 490 1661 ⁰Cum
501 1626 603 1660 uenerabili
615 1627 701 1669 episcopo
711 1626 806 1660 Venancio
817 1626 851 1660 Sa-

146 1680 208 1724 blinol
217 1679 311 1722 diaconus)
320 1678 424 1713 nunciasset
432 1678 481 1722 quod
489 1688 554 1712 cursus
562 1677 590 1712 sui
599 1678 659 1712 Padus
667 1677 748 1722 alu(eum
756 1677 850 1722 egres)sus

146 1730 224 1768 ecclesie
239 1743 292 1775 agros
308 1736 422 1776 occupasset,
437 1730 493 1766 dixit:
514 1731 582 1776 (‘Vade
598 1731 622 1776 et)
638 1732 667 1765 dic
683 1731 710 1766 ei:
730 1732 804 1766 mandat
819 1730 850 1766 tibi

146 1786 244 1830 episcopus
255 1791 274 1818 ut
286 1785 310 1828 (te
321 1796 428 1828 compescas
440 1786 465 1828 et)
477 1786 499 1818 ad
511 1785 607 1828 proprium
616 1785 689 1818 alueum
699 1786 775 1819 redeas!
797 1785 850 1827 Quod

118 1855 137 1885 50
146 1840 233 1873 diaconus
242 1838 295 1882 (eius)
304 1839 381 1873 audiens
392 1838 477 1882 despexit
484 1843 503 1872 et
510 1848 547 1871 non
555 1837 592 1871 iuit.
614 1837 667 1871 Tunc
675 1837 710 1881 (uir
718 1836 755 1881 dei)
763 1837 851 1872 accersito

146 1892 216 1926 notario
224 1891 298 1925 dictauit
308 1891 381 1926 dicens:
395 1891 492 1934 ‘(Sabinus
505 1891 573 1924 domini
584 1891 640 1925 Ihesu
649 1890 715 1924 Christi
724 1901 794 1932 seruus,
803 1901 850 1924 com-

146 1943 263 1978 monitorium
277 1943 353 1987 (Pado):
373 1942 455 1986 Precipio
468 1942 502 1976 tibi
517 1943 535 1976 in
551 1943 626 1976 nomine
641 1943 710 1976 domini
726 1942 781 1977 ihesu
795 1948 815 1976 ut
828 1944 851 1975 de

147 1998 206 2040 (alueo
219 2005 250 2030 tuo
264 1997 290 2039 in)
304 1997 350 2030 locis
363 1996 404 2030 istis
418 1997 495 2030 ulterius
510 2006 547 2030 non
563 2006 619 2030 exeas
635 1996 676 2040 (nec
691 1996 758 2040 terras)
774 1996 851 2030 ecclesie

146 2050 209 2085 ledere
222 2052 337 2093 presumas3’
352 2055 406 2094 atque
421 2049 488 2093 (eidem
502 2050 572 2083 notario
586 2049 687 2092 sub)iunxit
699 2049 774 2083 dicens:
790 2050 851 2083 ‘Vade

119 2115 138 2145 35
147 2109 165 2137 et
178 2103 213 2136 hoc
226 2102 245 2136 in
258 2113 324 2147 aquam
339 2102 425 2146 (proice).'
454 2102 495 2144 Quo
508 2101 555 2136 facto
567 2113 614 2146 aqua
629 2112 649 2136 se
663 2102 776 2145 compescuit
790 2107 808 2136 et
822 2101 851 2145 (ad

147 2155 250 2198 proprium)
262 2157 334 2188 alueum
346 2165 427 2197 reuersa,
439 2155 490 2188 exire
502 2154 577 2188 ulterius
589 2154 615 2198 (in
626 2154 666 2187 loca
678 2155 749 2197 eadem)
761 2165 798 2188 non
810 2165 852 2199 pre-

148 2206 250 2250 sumpsit⁸.]

168 2264 311 2296 ¹T.E,vicesirno.
353 2265 470 2296 lscthcnew
478 2266 548 2295 minster.
588 2265 750 2303 ³Excreg0r.Dia1.
759 2266 852 2305 (quotedon

148 2306 176 2336 the
183 2305 250 2343 margin)
259 2305 288 2334 ΙΙΙ,
295 2315 310 2342 4,
316 2304 362 2335 Vino.
369 2305 409 2335 Bell.
416 2305 470 2336 XXII.
479 2315 503 2343 74.
550 2304 555 2322 ⁴
565 2305 583 2335 T.
592 2305 650 2336 darius.
697 2306 703 2323 Ι
714 2306 732 2337 Τ.
740 2306 852 2337 deteceionem.

148 2345 154 2363 ⁶
164 2345 211 2382 Greg.
220 2344 260 2375 Dial.
269 2345 297 2374 ΙΙΙ.
306 2356 330 2375 10,
369 2344 375 2362 ⁷
385 2346 405 2376 al.
413 2346 446 2375 VB.

169 2385 175 2402 ³
185 2385 222 2415 Ant,
230 2386 261 2414 and
269 2385 309 2415 Coll.
317 2386 333 2414 in
340 2385 367 2415 ΤΑ

168 2421 207 2459 Aue
217 2438 278 2466 gemma
288 2428 362 2457 claritatis
371 2429 391 2457 ad
401 2427 451 2458 instar
458 2428 552 2465 carbunculi,
560 2429 595 2458 Aue
605 2438 641 2458 rusa
652 2430 721 2467 paradisi
730 2439 774 2460 more
781 2430 852 2467 fragrans

149 2469 214 2500 balsami
221 2479 225 2498 t
237 2469 251 2497 O
258 2468 375 2507 W(ith)burga,
382 2468 427 2504 uirgo
434 2468 472 2496 felix
479 2468 547 2505 gloriosa
555 2469 619 2506 meritis,
626 2468 725 2499 assistentes
734 2474 761 2499 tue
771 2470 812 2499 laudi
823 2467 852 2499 celi

150 2511 197 2547 iunge
204 2508 270 2546 gaudiis.
291 2508 309 2538 V.
321 2508 354 2537 Ora
361 2517 390 2544 pro
397 2508 447 2537 nobis.

170 2549 280 2593 Omnipotens
287 2554 384 2592 sempiterne
392 2553 437 2591 deus,
445 2557 499 2583 auctor
506 2553 568 2584 uirtutis
575 2556 591 2583 ct
598 2556 659 2585 amator
666 2553 767 2593 uirginitatis,
775 2554 795 2585 da
802 2552 852 2589 nobis,
