1762 2803
99 114 101 121 ’
127 127 171 180 676
200 192 202 196 ι
394 122 517 183 eunome
534 124 566 168 ΙΙ.

126 245 159 278 sibi
167 256 201 277 non
210 245 322 279 obstantibus.
346 247 386 279 Hoc
393 246 454 279 videns
462 252 479 280 et
487 246 559 279 audiens
567 246 662 279 monachus
670 244 761 288 predictus,
767 243 830 276 relator

127 296 238 338 presencium,
247 307 298 339 supra
305 297 375 330 modum
386 298 482 330 lamentans
493 296 549 330 timuit
561 296 595 330 iam
607 296 649 329 iilud
656 296 702 337 vulgi
714 295 777 328 dictum
789 299 830 327 tunc

126 358 165 380 esse
171 347 281 389 completum:
290 347 370 381 videlicet
377 347 438 391 [quod]
444 355 535 391 postquam
541 348 594 381 tercio
600 348 661 380 beatus
668 347 771 380 Etimundus
777 355 830 378 cornu

127 408 176 430 suum
183 397 253 439 flauerit,
262 398 359 441 relinquens
365 399 522 432 Beodricesworthe
528 399 590 432 rediret
596 399 619 432 ad
628 400 689 431 Hoxne
695 398 724 431 vbi
731 396 829 430 martiratus

109 456 117 486 5
127 447 211 481 occubuit.
234 449 264 481 Set
276 449 334 489 spacio
345 459 380 481 non
392 448 460 482 modico
472 448 572 490 interrupto,
580 447 637 481 anime
649 458 679 490 pre
690 446 749 480 dolore
759 444 829 479 visionis

126 497 213 541 languenti
221 497 255 530 cito
263 498 316 532 illuxit
324 499 407 533 solacium
415 500 483 533 celestis
491 498 559 532 oraculi.
583 500 629 531 Nam
638 500 708 532 beatum
718 497 829 530 Edmundum

126 547 191 582 audiuit
203 553 220 582 et
228 548 270 582 vidit
281 549 299 582 in
306 550 372 584 visione
383 561 414 592 per
425 549 498 585 similem
509 550 555 584 viam
566 556 583 583 et
595 550 665 583 modum
677 550 738 591 quibus
749 557 829 590 egressus

125 599 186 639 fuerat,
197 598 278 632 omnibus
290 601 373 634 clausuris
383 607 422 642 post
434 611 474 633 eum
486 600 536 634 simul
547 600 673 641 coherentibus,
681 604 801 638 reuertentem,
813 602 830 630 et

126 648 202 688 gladium
210 660 259 682 suum
267 651 342 693 undique
349 651 432 692 sanguine
440 661 551 693 conspersum
558 651 643 682 monacho
653 651 749 682 tradentem
760 648 788 690 qui
797 647 829 680 sibi

100 698 173 731 millum
185 699 232 740 prius
244 700 373 734 administrauit.
397 702 493 734 Monachus
505 711 546 742 ergo
560 700 636 741 gladium
647 705 754 732 cruentatum
765 698 829 730 lintheo

127 749 192 783 mundo
204 749 259 793 tersit,
274 757 291 784 et
306 752 408 785 mundatum
421 751 438 785 in
451 752 513 794 vagina
528 751 629 785 recondidit.
653 751 691 792 Quo
703 752 754 791 tacto,
768 750 829 783 beatus

126 800 230 833 Eclmundus
243 801 260 833 in
272 801 353 835 scrinium
364 812 413 835 suum
425 806 512 835 assuetum
523 812 542 835 se
553 800 645 843 recollegit,
656 806 673 834 et
684 801 777 834 monachus
789 808 828 833 eum

126 849 184 892 gladio
197 850 219 883 ad
233 850 317 893 capellam
331 851 439 894 reliquiarum
451 857 539 884 reuertens
554 852 613 884 statim
629 852 717 893 disparuit.
740 850 828 891 Euigilans

126 907 183 934 autem
194 902 288 933 monachus
295 907 356 934 custos
366 901 423 934 feretri
434 901 525 944 predictus,
533 901 598 934 audiuit
610 901 654 934 infra
665 901 740 934 triduum
752 901 798 943 quod
810 900 828 933 in

99 964 117 995 15
127 950 201 984 crastino
209 957 248 994 post
255 952 291 984 eius
299 951 383 985 visionem
391 952 482 994 episcopus
487 951 597 985 norwicensis
605 952 650 994 apud
655 950 828 985 Westmonasterium

126 1002 143 1035 in
148 1001 229 1045 predictis
235 1002 304 1044 triginta
309 1003 346 1036 auri
354 1002 422 1036 talentis
431 1013 488 1036 coram
496 1002 592 1036 iusticiariis
600 1002 665 1035 domini
673 1003 718 1044 regis
725 1001 828 1035 iustefuerat

126 1053 272 1095 condempnatus:
287 1058 304 1086 et
316 1052 341 1086 sic
351 1053 393 1087 visio
403 1052 440 1086 eius
452 1051 607 1095 condempnacioni
618 1052 691 1095 presulis
700 1052 828 1096 quodammodo

126 1102 242 1136 concordabit.
252 1102 255 1144 Ι
265 1104 343 1136 Tandem
349 1104 440 1145 episcopus
446 1104 468 1135 ad
474 1104 576 1135 instanciam
582 1104 627 1144 regis
633 1103 711 1145 promisit
717 1103 734 1135 in
739 1102 828 1145 presencia

125 1158 260 1194 procuratorum,
273 1154 377 1186 notariorum
392 1158 410 1186 et
424 1152 496 1186 aliorum
510 1153 608 1191 multorum,
622 1153 668 1194 quod
683 1153 705 1185 de
720 1158 776 1185 cetero
792 1161 828 1184 non

99 1216 117 1236 20
125 1202 200 1245 exigeret
211 1202 233 1236 ab
245 1203 308 1237 abbate
319 1210 336 1237 et
348 1209 433 1236 conuentu
443 1202 498 1235 sancti
509 1203 597 1236 Edmundi
607 1203 702 1236 subsidium
713 1203 787 1246 aliquod,
796 1213 828 1235 nec

125 1253 250 1288 exhibicionem
261 1254 388 1297 priuilegiorum
399 1265 473 1294 suorum,
481 1264 514 1287 nee
525 1265 576 1295 super
587 1254 704 1288 celebracione
714 1254 794 1287 ordinum
805 1255 828 1287 de

125 1305 214 1338 monachis
227 1305 299 1347 predicti
310 1305 410 1339 monasterii
421 1310 451 1338 aut
463 1305 484 1338 de
496 1304 561 1338 clericis
573 1304 650 1338 oriundis
661 1304 705 1338 infra
716 1304 827 1347 municipium

125 1355 180 1389 sancti
192 1356 279 1389 Edmundi
287 1368 317 1390 eos
325 1357 431 1399 inquietaret.
454 1358 477 1389 Et
489 1356 513 1388 sic
525 1356 625 1397 temporalia
637 1366 668 1389 sua
679 1356 747 1397 recepit.
771 1357 794 1388 Et
804 1355 827 1388 ad

125 1405 256 1448 disposicionem
267 1407 311 1447 regis
323 1407 369 1439 idem
382 1406 472 1447 episcopus
484 1410 501 1438 et
512 1406 566 1438 abbas
577 1405 634 1438 taliter
645 1405 718 1448 qualiter
729 1404 827 1438 concordati

98 1468 115 1497 25
125 1463 164 1490 sunt
172 1466 176 1495 ς
188 1467 236 1489 more
243 1462 302 1489 tamen
310 1456 403 1498 sophistico
413 1463 431 1489 et
438 1455 508 1489 verbali.
532 1457 579 1488 N'am
590 1466 628 1488 cum
637 1455 723 1498 predictus
731 1455 826 1498 episcopus,

125 1506 142 1539 in
151 1505 238 1549 sapiencia
249 1518 279 1539 sua
291 1508 380 1540 confidens
388 1507 452 1549 pariter
462 1512 480 1539 et
491 1508 578 1548 thesauro,
586 1512 646 1549 postea
657 1509 724 1540 curium
736 1516 827 1540 romanam

121 1560 156 1598 ,dre
164 1558 238 1598 exquiretis
245 1559 297 1599 regis,
304 1562 330 1590 set
339 1562 360 1589 vl
369 1559 429 1589 verius
434 1558 512 1589 creditur
519 1558 544 1589 ad
548 1558 686 1598 persecutionem
695 1558 761 1589 ecclesie
769 1557 828 1589 reiecti

126 1608 222 1646 Edmundr',
227 1616 265 1638 cum
271 1617 336 1649 uragna
340 1609 406 1649 porrrpa
413 1608 503 1639 intrasset:
513 1616 595 1638 asummo
600 1606 680 1647 pontifice
687 1612 704 1639 et
712 1606 827 1639 cardinalibus

124 1662 212 1698 gratanter
219 1662 298 1699 receptus
305 1662 341 1698 est;
354 1667 424 1699 sperans
432 1656 490 1689 omnia
497 1655 530 1689 sibi
541 1656 564 1689 ad
572 1663 612 1690 vota
623 1657 719 1690 succedere.
742 1658 772 1690 Set
783 1656 827 1689 inira

97 1722 117 1751 30
124 1717 189 1748 paucos
196 1708 233 1739 dies
241 1708 325 1740 aduentus
333 1707 359 1739 sui
367 1706 390 1739 ad
398 1706 468 1745 curiam,
476 1711 531 1738 morte
539 1705 595 1739 subita
603 1712 716 1749 preocupatus
724 1707 771 1748 obiit,
778 1712 795 1740 et
803 1706 826 1739 ibi

124 1759 201 1801 sepultus
211 1763 248 1799 est;
263 1758 310 1791 cuius
321 1758 339 1790 in
351 1757 439 1790 moriendo
451 1757 484 1790 hec
495 1758 548 1790 verba
558 1757 626 1790 fuerunt
636 1757 705 1791 ultima:
717 1757 767 1791 ‘Buri
780 1759 826 1798 Buri,

123 1816 172 1852 seynt
179 1809 262 1841 Edmond
267 1816 316 1850 seynt
323 1809 414 1841 Edmoncll
421 1808 430 1849 ¹,
439 1808 481 1840 sicut
488 1808 546 1840 testati
551 1814 591 1840 sunt
597 1808 625 1849 qui
632 1814 673 1842 tunc
678 1810 760 1850 temporis
768 1819 826 1842 secum

123 1865 210 1901 presentes
222 1859 318 1892 extiterunt.
329 1857 331 1901 i
341 1859 376 1900 Sic,
388 1858 412 1890 sic
426 1858 510 1898 dommus,
522 1863 582 1890 contra
595 1868 645 1899 quem
657 1869 691 1891 non
703 1864 728 1891 est
740 1859 826 1900 sapiencia

123 1919 155 1942 nec
170 1908 265 1950 consilium,
281 1909 333 1941 finem
348 1907 428 1950 imposuit
443 1906 543 1948 cogitacioni
559 1916 594 1946 sue,
608 1907 672 1941 meritis
687 1907 733 1941 beati
748 1907 793 1949 regis
809 1913 826 1941 et

96 1970 114 1999 35
123 1958 197 1992 martiris
209 1958 303 1999 Edmundi,
311 1957 339 2001 qui
351 1968 418 1999 semper
428 1957 450 1990 de
461 1956 534 1990 inimicis
544 1961 561 1989 et
571 1957 708 1999 persecutoribus
716 1957 788 1991 ecclesie
795 1968 825 1992 sue

122 2008 212 2042 victoriam
224 2007 284 2041 habuit
296 2014 313 2040 et
327 2007 436 2050 triumphum.
460 2006 561 2049 Nusquam¹
575 2007 621 2039 enim
633 2007 694 2049 legitur
706 2009 751 2050 quod
764 2008 825 2051 aliquis

123 2059 213 2093 ecclesiam
223 2058 278 2091 sancti
290 2059 379 2090 Edmundi
390 2057 447 2091 leserit
458 2063 476 2090 et
487 2067 525 2090 eam
537 2057 599 2089 iniuste
611 2063 710 2099 persecutus
722 2058 776 2097 tuerit,
785 2059 826 2101 quin

122 2121 161 2143 eum
169 2109 249 2142 dominus
256 2108 321 2141 meritis
329 2107 383 2140 sancti
394 2107 420 2140 sui
430 2106 505 2140 martiris
513 2108 536 2139 ad
544 2107 659 2149 penitenciam
667 2108 759 2148 vomuerit,
767 2114 797 2140 aut
807 2109 825 2141 in

123 2158 191 2191 rualicia
196 2164 333 2199 perseuerantem
341 2157 416 2198 grauiter
423 2155 528 2199 puniu[er]it.
541 2156 576 2188 Vbi
583 2156 634 2197 enim,
642 2162 660 2189 vt
668 2158 689 2189 de
695 2157 754 2199 paucis
760 2158 825 2199 loquar,

94 2222 115 2252 40
123 2221 152 2242 rex
158 2207 231 2247 siranus,
237 2208 293 2249 presul
300 2207 383 2248 Arfastus,
389 2206 493 2240 Eustachius
501 2206 545 2239 filius
551 2206 596 2248 regis
602 2207 685 2249 Stephani
694 2207 716 2239 de
724 2217 758 2249 quo
766 2207 825 2240 scribit

124 2260 210 2292 Iohannes
218 2258 280 2290 Sarum
288 2258 305 2290 in
314 2257 414 2290 Policratico
422 2268 458 2296 suo,
467 2256 553 2290 Henricus
562 2257 583 2289 de
591 2256 676 2297 Estsexia,
685 2259 763 2298 Rogerus
774 2258 825 2299 Bigot

123 2319 180 2342 comes
190 2307 414 2347 Northfolchie,Willelmus
423 2308 444 2340 de
453 2306 561 2348 Gislingham
569 2306 671 2339 iusticiarius
679 2306 729 2348 regis,
738 2308 825 2340 lohannes

122 2360 144 2391 de
161 2357 307 2390 Bello-Monte'-
313 2357 341 2389 vbi
358 2367 431 2398 quorum
445 2357 517 2388 nomina
532 2356 636 2388 conficerent
653 2355 728 2389 librum?
757 2358 825 2389 Horum

122 2407 180 2449 vtique
189 2405 258 2438 malicia
268 2404 367 2437 execrabilis
375 2409 405 2443 est,
413 2404 483 2436 infamia
493 2403 570 2441 celebris,
578 2403 635 2436 infelix
642 2403 701 2446 exitus,
709 2415 760 2448 quem
768 2406 825 2437 adhuc

39 2467 41 2469 ·
94 2468 113 2498 45
123 2458 145 2490 de
155 2456 257 2500 quibusdam
270 2465 329 2487 eorum
342 2465 412 2497 presens
423 2460 460 2487 etas
471 2464 507 2488 non
520 2454 592 2496 ignorat.
615 2455 680 2498 Siquis
693 2466 733 2497 ergo
745 2455 825 2497 antiquas

122 2506 177 2541 nescit
192 2505 272 2540 historias
287 2515 318 2539 seu
333 2515 383 2539 casus
398 2505 424 2538 vel
436 2503 528 2547 precipicia
542 2510 669 2547 persecutorum
684 2505 755 2540 ecclesie
770 2503 825 2539 sancti

413 2590 418 2608 ¹
429 2589 462 2621 MS,
470 2590 536 2628 nnsquis.
