1762 2803
144 146 207 201 378¹
335 145 415 198 uoto
431 142 547 205 tramea
563 142 655 206 unctio.

144 264 300 310 eger¹reportare
308 265 393 300 solebat².
432 257 538 301 Monachus
548 266 621 310 quidam
633 263 846 307 couentrensis‚nomine

144 319 257 362 Sperculfus,
273 319 336 352 solitus
348 324 387 352 erat
399 319 532 353 monasterium
547 319 605 353 sancti
620 319 692 363 ngini
707 320 726 353 in
741 325 846 353 sanctorum

145 370 273 405 festiuitatibus
291 371 412 414 frequentare,
428 370 446 405 in
462 371 573 406 orationibus
592 376 707 415 pernoctare.
734 371 753 405 ls
770 381 812 405 curn
827 371 846 404 in

144 425 224 467 quodam
235 424 282 457 festo
293 424 352 457 sancti
364 423 435 467 ngini
446 435 498 458 more
509 425 563 459 solito
575 426 593 458 in
605 424 683 459 ecclesia
694 425 777 458 eiusdem
789 423 847 458 sancti

127 485 136 516 5
145 483 244 510 nocturnas
251 477 322 521 vigilias
330 477 422 521 invigiliis
430 484 448 512 ct
456 478 568 512 orationibus
576 483 712 522 preoccuparet,
720 477 847 511 admirabilem

144 529 234 564 visionem
245 530 303 564 oculis
310 530 404 574 corporeis
412 531 475 566 videre
484 532 555 566 meruit.
577 531 627 565 Vidit
635 531 685 565 enirn
695 531 755 575 primo
767 529 847 564 lumina³

145 583 207 616 diuina
212 584 278 617 virtute
283 584 363 617 extincta
367 585 379 625 ³,
386 589 404 617 et
410 584 506 618 ecclesiam
512 584 599 628 paulatim
605 595 686 628 superna
692 585 733 618 luce
739 583 847 617 illustratam

145 641 164 670 et
171 635 274 669 incredibili
279 636 348 679 fulgore
356 636 466 671 irradiatam.
485 637 569 682 Cumque
575 637 598 671 ad
604 637 637 671 hoc
643 637 767 681 spectaculum
773 636 848 670 territus

145 689 227 721 animum
243 694 261 721 et
276 690 337 722 oeulos
352 690 480 732 conuenisset,
495 691 583 734 conspicit
596 690 733 733 processionem
748 690 848 723 maximam

119 746 250 776 1osanctorum
266 741 363 784 spirituum
377 743 512 784 aduenientem,
523 745 542 776 in
556 754 592 786 qua
605 743 680 786 quidam
693 741 746 786 pueri
758 741 848 775 luminum

146 794 258 839 portitores⁴
273 805 314 829 cum
333 795 447 830 candelabris
464 795 603 840 precedebant⁵,
619 795 686 830 dehinc
701 794 768 840 ephebi
783 804 848 838 seque-

146 848 221 889 bantur3
236 853 278 891 post
289 859 336 893 quos
349 848 432 882 seniores
444 850 550 883 veneranda
560 848 629 883 canicie
639 849 720 883 nitentes
731 848 789 882 secuti
800 852 848 882 sunt.

147 899 179 934 Hii
193 911 258 934 omnes
273 901 319 935 albis
334 902 385 935 stolis
398 902 457 936 induti
470 903 537 936 mirum
550 903 674 945 spectaculum
685 902 782 945 prebuere.
804 901 849 933 Post

147 954 181 987 hos
196 953 271 997 quidam
286 954 419 999 pontificalibus
434 956 508 989 indutus
527 955 606 997 aduenit,
622 965 677 998 quem
692 955 757 988 dextra
771 953 849 996 leuaque

120 1024 139 1055 15
147 1007 186 1041 bini
194 1007 277 1042 seniores
288 1009 408 1043 deducebant.
430 1009 546 1043 Accedentes
557 1019 600 1052 ergo
610 1009 632 1042 ad
642 1009 699 1042 altare
709 1007 768 1042 sancti
778 1006 850 1051 ngini

148 1060 246 1094 matutinas
256 1066 330 1094 cantare
339 1066 432 1105 ceperunt.
455 1062 502 1095 Mira
511 1064 552 1096 resl
576 1062 634 1096 Missa
645 1061 735 1104 incipitur,
743 1071 764 1094 ac
772 1059 849 1094 mirabili

148 1113 244 1147 dulcedine
258 1115 369 1148 decantatur.
397 1115 437 1155 Qua
449 1115 545 1157 completa,
559 1114 605 1148 sicut
618 1114 719 1148 intrauerat
733 1118 791 1147 totum
806 1112 850 1145 illud

148 1165 245 1208 collegium
255 1166 349 1199 seriatim⁰
357 1167 474 1210 procedendo
485 1177 582 1210 egressum
593 1172 626 1200 esti
672 1159 722 1200 Cum
730 1166 779 1199 idem
787 1175 851 1199 mona-

148 1219 194 1253 chus
206 1219 284 1262 quadam
295 1224 349 1253 nocte
362 1220 381 1254 in
393 1220 470 1255 ecelesia
483 1220 512 1254 dei
524 1219 617 1264 genitricis
629 1220 648 1253 in
661 1220 727 1253 eodem
738 1217 850 1252 monasterio

122 1288 140 1309 κο
149 1272 167 1306 in
175 1272 224 1306 illius
234 1271 293 1307 festo⁷
303 1272 380 1317 vigilans
390 1268 516 1318 pernoctaret3
529 1274 588 1308 ianuis
597 1273 669 1316 clausis,
680 1283 722 1306 cum
733 1270 851 1305 inestimabili

150 1326 231 1360 claritate
243 1330 261 1359 et
273 1327 339 1360 decore
355 1327 444 1371 conspicit
455 1327 509 1361 simili
525 1329 579 1361 modo
591 1327 729 1370 processionem
740 1325 851 1366 venientem,

151 1384 271 1422 sanctumque
286 1379 382 1423 Egvuinum
397 1381 496 1424 gloriosam
509 1381 539 1415 dei
552 1379 660 1424 genitricem
671 1379 761 1424 virginem
774 1377 851 1412 Mariam

151 1433 277 1465 deducentem.
301 1432 434 1466 Peruenientes
449 1434 503 1475 igitur
515 1439 558 1467 ante
573 1433 630 1467 altare
645 1437 708 1466 sancte
721 1430 785 1473 Marie,
797 1441 852 1465 vene-

151 1484 220 1517 randus
231 1484 315 1526 pontifex
332 1490 406 1518 sanctus
418 1485 506 1529 nginus
517 1490 559 1529 post
570 1484 668 1518 matutinas
679 1482 809 1517 honestissime
821 1482 852 1516 de-

123 1552 140 1583 25
152 1542 238 1579 cantatas,
249 1537 347 1571 missarum
359 1539 449 1573 solemnia
461 1548 539 1572 exorsus
551 1543 584 1572 est,
607 1537 709 1571 Monachus
720 1547 765 1571 vero
776 1535 807 1580 qui
819 1535 853 1568 hec

151 1589 201 1631 vidit,
221 1590 334 1632 stupefactus
352 1591 400 1624 intra
418 1602 439 1625 se
456 1592 511 1625 dixit:
528 1591 586 1632 ‘Quid
601 1597 629 1625 est
644 1591 690 1623 hoc?
713 1590 762 1622 Num
777 1598 853 1622 sensum

152 1641 236 1685 perdidi?
260 1642 326 1675 Nonne
337 1642 366 1675 hic
378 1642 452 1686 quidam
464 1648 506 1676 sunt
518 1653 564 1686 quos
576 1642 607 1675 diu
619 1653 642 1676 ex
654 1643 687 1675 hac
699 1642 740 1675 luce
752 1640 853 1674 subtractos

151 1694 256 1739 intelligo?¹
280 1695 303 1729 Et
318 1697 407 1730 accedens
421 1702 491 1731 secreto
505 1698 528 1730 ad
540 1696 636 1740 quendam,
649 1706 684 1739 que
696 1699 746 1729 esset
758 1693 787 1727 eui
797 1692 854 1727 missa

153 1750 281 1782 decantaretur
299 1749 378 1792 inquirit.
408 1750 431 1783 Et
449 1750 492 1784 ille:
509 1750 572 1784 ‘Tace
602 1749 651 1783 Num
670 1747 744 1791 ignoras
759 1747 854 1780 dominum

124 1819 143 1849 30
153 1806 237 1835 nostrum
249 1807 333 1835 sanctum
345 1802 442 1846 nginum
457 1804 510 1837 beate
526 1802 556 1836 dei
570 1801 658 1846 genetrici
671 1806 689 1834 et
703 1810 777 1844 semper
788 1798 854 1843 virgini

154 1854 212 1888 Marie
229 1864 301 1888 sacrum
320 1855 422 1889 misterium
439 1856 583 1890 celebrantemi’
606 1855 669 1898 Itaque
686 1855 743 1888 missa
758 1853 855 1897 completa,

151 1909 188 1941 duo
207 1906 288 1951 episcopi
307 1908 390 1951 reginam
407 1909 441 1942 celi
457 1910 523 1943 dextra
541 1908 630 1952 leuaque⁸
648 1911 770 1948 assumentes,
789 1906 854 1940 eodem

152 1960 216 1993 ordine
227 1971 263 2002 quo
275 1961 388 1995 intrauerant
399 1972 440 1995 cum
452 1962 571 2005 processione
583 1961 664 2004 regressi
677 1960 736 1994 sumt.

171 2043 354 2079 ¹Boll.egerquispiarn.
379 2045 531 2076 lBollmereretur.
557 2042 759 2074 ³R.limina...recludi.
783 2042 855 2079 4Epor·

150 2085 215 2112 tatores.
247 2083 395 2120 “Elprocedebant
425 2082 579 2114 “Bollsicutante
608 2082 695 2113 ⁷E.sacto.
723 2081 830 2119 ”queomin
838 2081 855 2110 T.

154 2123 187 2152 ⁰111
195 2123 213 2152 T.
222 2123 250 2152 the
259 2128 292 2153 rest
301 2124 319 2153 os
327 2124 354 2154 the
367 2125 428 2154 column
440 2126 469 2155 has
479 2125 520 2154 been
531 2124 623 2154 obliterated
634 2122 725 2161 purposely,
734 2132 753 2152 so
763 2121 798 2152 that
808 2125 837 2151 not
847 2131 856 2151 a

151 2163 197 2194 word
204 2163 222 2191 os
227 2163 254 2191 the
262 2163 346 2192 Narration
354 2165 367 2193 is
374 2165 452 2195 readable.
469 2165 491 2193 At
496 2165 523 2193 the
529 2165 589 2193 bottom
594 2173 649 2193 occurs
655 2164 683 2192 the
689 2163 771 2199 following
776 2162 846 2191 Collect:

173 2198 235 2236 Sancte
243 2208 297 2245 presul
302 2208 373 2244 ngine,
380 2209 425 2238 solue
430 2210 492 2238 uincula
500 2209 595 2246 captiuitatis
601 2213 660 2246 nostre,
667 2208 694 2244 qui
701 2217 730 2245 pro
737 2216 791 2236 amore
797 2206 856 2236 Christi

152 2247 171 2277 ab
176 2247 235 2284 Anglia
240 2257 289 2285 usque
295 2247 362 2276 Romam
368 2248 409 2277 ferro
415 2249 513 2286 compeditus
519 2248 629 2286 perambulasti
636 2248 655 2277 ad
661 2247 724 2276 uincula
731 2246 781 2276 sancti
787 2246 834 2281 Petri,
840 2250 856 2275 et

152 2287 212 2317 clauem
219 2287 299 2323 compedis
306 2297 352 2324 quarn
360 2288 376 2316 in
381 2288 440 2325 Anglia
446 2288 530 2326 proiecisti,
538 2288 562 2327 (in
568 2288 627 2327 Rom)a
634 2298 654 2317 ex
661 2292 718 2317 uentre
723 2286 770 2324 piscis
777 2285 856 2323 recepisti.

153 2327 185 2356 Ora
192 2336 226 2363 pro.

178 2363 288 2408 Omnipotens
298 2371 396 2409 sempiterne
407 2371 450 2409 deus,
458 2371 509 2400 tribue
520 2371 564 2401 nobis
574 2371 636 2401 famulis
647 2371 679 2401 tuis
688 2381 717 2408 per
727 2370 857 2400 intercessionem

152 2412 194 2440 beati
203 2411 265 2447 ngini
275 2412 371 2441 confessoris
382 2411 404 2440 tui
415 2415 462 2449 atque
472 2411 556 2449 pontificis,
567 2412 669 2448 poscentibus
679 2411 746 2447 ueniam,
756 2409 857 2447 querentibus

153 2451 208 2480 salutis
218 2451 264 2489 uiam,
272 2451 371 2488 pulsantibus
381 2450 426 2488 regni
435 2451 497 2480 celestis
505 2451 562 2488 aulam,
569 2455 586 2480 ut
595 2452 614 2480 ad
622 2455 677 2480 eterne
687 2450 774 2480 maiestatis
781 2454 807 2478 tue
814 2458 857 2476 man·

153 2490 221 2529 si(onem
232 2495 248 2519 te
259 2492 343 2520 adiuuante
353 2491 432 2529 possimus
441 2491 529 2529 peruenirey
539 2491 580 2530 per).
601 2491 655 2530 (Same
663 2491 701 2520 Ant.
710 2491 727 2518 in
736 2490 771 2519 Act.
780 2491 809 2519 SS.
817 2489 857 2518 Boll.

154 2530 186 2561 lan.
196 2531 207 2560 l.
215 2539 230 2568 p.
239 2539 267 2569 7⁰7
274 2532 314 2561 from
321 2532 390 2561 another
397 2530 439 2569 MS.)
