1762 2803
127 101 187 187 Ι452
323 129 414 184 ,muna
429 126 545 191 letenna
561 128 654 192 unalia.

260 251 275 289 ll
287 243 321 287 DE
331 261 401 287 saneto
412 251 517 287 WlLLELMO
529 262 591 288 ruant>
602 262 625 288 ΕΤ
636 252 738 288 Mantinia&

146 320 249 396 SAnctus
263 320 311 354 enim
322 320 427 354 Willelmus
440 331 464 354 ex
478 326 530 364 patre
543 322 652 362 Wenstano‚
665 327 683 356 et
698 327 757 356 matre
773 322 845 364 Eluina,

199 372 255 405 rurali
266 383 323 416 opere
333 372 389 406 vitam
401 374 497 417 agentibus
509 384 530 406 ac
544 374 653 408 necessariis
664 373 701 408 vite
715 374 802 408 subsidiis
814 376 846 408 ad·

144 425 219 458 modum
231 424 382 468 habundantibus,
395 431 449 459 natus
464 431 498 460 est.
526 425 651 471 Impregnanti
666 426 747 461 etenim²
759 426 812 462 matri
828 432 846 461 et

145 477 241 513 dormienti
249 478 295 513 visio
303 479 344 513 talis
355 479 429 514 accidit:
442 479 520 514 Videbat
528 481 578 514 enirn
586 481 661 525 piscem,
670 481 701 525 qui
709 480 767 515 lucius
776 481 846 523 dicitur,

126 541 135 572 5
145 532 211 575 pinnas
217 532 327 566 rubicundas
333 537 351 566 et
357 537 444 577 tanquam
451 533 539 578 sanguine
547 544 633 578 aspersas
639 535 736 568 duodecim
742 534 846 577 habentem,

144 594 199 627 quem
217 596 259 618 cum
275 585 294 618 in
311 587 372 619 sinum
391 585 488 629 posuisset,
503 586 599 620 videbatur
617 588 673 631 piscis
692 599 713 621 se
732 598 812 629 mouere,
828 593 847 621 et

144 635 230 680 paulatim
241 638 287 672 adeo
297 649 418 680 succrescere,
425 644 445 673 vt
457 639 493 673 iam
505 638 556 673 sinus
568 640 629 683 ipsum
640 639 797 683 comprehendere
809 650 846 674 non

144 694 218 734 posset:
230 692 366 736 assumptisque
376 692 436 727 subito
443 692 477 727 alis
485 702 557 727 sursum
565 692 637 736 volauit,
646 693 741 737 nubesque
749 692 846 733 transiens,

143 749 207 789 aperto
218 744 253 780 sibi
264 746 320 789 coelo,
328 745 347 780 in
358 745 419 790 ipsum
429 756 449 780 se
459 745 533 790 recepit.
556 745 638 790 Cumque
652 745 698 790 patri
709 756 742 781 suo
750 746 846 789 sacerdoti,

117 805 135 827 10
144 796 241 840 plurimam
257 799 407 841 exponendarum
422 798 512 832 visionum
529 798 615 842 peritiam
634 799 714 839 habenti,
729 805 793 832 cuncta
811 809 846 843 per

144 849 227 884 ordinem
233 849 330 889 retulisset,
336 850 371 884 ait:
384 850 478 890 ‘Noueris‚
483 850 525 890 filia,
531 855 549 884 te
557 849 674 894 impregnari,
680 847 846 894 filiumqueparitu-

144 914 188 944 ram,
194 902 248 946 quiin
254 903 402 937 terrishonorem
408 902 641 946 maximumconsequetur,
647 902 845 947 etsuperaltitudinem

144 957 219 990 nubium
228 957 310 990 eleuatus
317 957 336 990 in
344 957 409 998 celum,
417 957 519 991 duodennis
527 956 645 990 exaltabitur!
665 957 712 991 Nato
720 957 781 1000 itaque
789 967 846 1001 puero

144 1015 162 1043 et
173 1008 266 1051 ablactato,
277 1010 322 1044 dum
333 1014 386 1053 pater
396 1009 435 1044 eius
444 1008 558 1044 Wenstanus
570 1008 636 1044 affines
648 1010 670 1043 ad
682 1009 786 1043 conuiuium
800 1009 846 1043 inui-

116 1074 134 1102 15
143 1066 206 1102 tasset‚
213 1063 337 1105 penitentialis
345 1062 418 1105 quidam
427 1062 500 1095 brachia
508 1062 573 1096 ferreis
581 1062 660 1096 innexus
669 1063 753 1104 nexibus,
761 1064 813 1105 quasi
823 1065 846 1097 ad

143 1113 263 1148 elemosinam
278 1115 416 1149 conuiuantibus
431 1114 528 1148 intererat:
546 1114 577 1159 qui
593 1125 634 1148 cum
649 1114 746 1159 puerulum
762 1115 846 1148 manibus

143 1168 195 1212 quasi
203 1169 331 1213 applaudendo
338 1174 415 1212 teneret,
420 1179 472 1212 puer,
478 1169 544 1213 puerili
553 1169 667 1212 simplicitate
675 1169 745 1203 ferreos
753 1170 846 1204 admirans

143 1231 208 1263 nexus
223 1233 255 1255 eos
270 1222 357 1266 palpauit,
373 1227 391 1257 et
406 1233 448 1256 ecce
463 1222 523 1257 subito
538 1222 610 1256 vincula
625 1227 736 1265 rumpuntur
749 1223 768 1255 in
783 1228 845 1266 partes

143 1274 259 1310 dissilientes.
282 1275 328 1310 Cum
336 1280 397 1309 autem
405 1275 500 1320 septennis
508 1286 555 1319 puer
563 1279 618 1318 esset,
627 1275 675 1319 cepit
683 1276 728 1310 adeo
736 1275 846 1311 abstinentie

115 1338 134 1358 ro
143 1332 213 1361 amator
222 1330 307 1371 existere,
315 1334 334 1362 vt
345 1329 404 1362 tribus
415 1330 434 1361 in
446 1329 562 1361 hebdomada
573 1328 624 1362 feriis
635 1328 735 1362 ieiunaret:
748 1329 845 1362 nonnullos

142 1391 186 1415 vero
191 1390 238 1424 pane
246 1385 343 1415 contentus
351 1386 369 1415 et
378 1381 439 1426 [aqua]
445 1381 452 1400 ³
459 1380 627 1425 transigebatdies:
639 1380 735 1415 ecclesiam
741 1379 845 1426 frequenta·

142 1435 177 1477 bat,
189 1435 270 1479 psalmos
286 1440 304 1469 et
320 1434 411 1470 orationes
423 1434 499 1478 dicebat,
512 1439 530 1469 et
545 1444 654 1479 quecunque
667 1433 696 1468 dei
709 1439 760 1469 erant
773 1445 845 1469 summa

142 1488 264 1523 venerabatur
271 1489 380 1523 reuerentia.
402 1489 487 1523 Tandem
495 1490 544 1531 apud
553 1487 658 1522 Norwicum
670 1488 742 1522 cuidam
750 1488 845 1532 pelliparia

143 1541 161 1574 in
172 1545 211 1574 arte
220 1541 251 1574 illa
260 1542 337 1574 traditur
348 1541 473 1575 instruendus.
496 1541 579 1574 Tandem
590 1539 608 1573 in
621 1541 700 1583 quodam
713 1541 760 1574 festo
771 1541 844 1584 pasche,

115 1605 133 1634 ²5
144 1592 195 1627 ludei
200 1593 266 1627 invrbe
271 1600 364 1627 morantes
370 1604 448 1637 puerum
454 1593 530 1627 subdole
535 1592 614 1637 hospitia
619 1603 682 1627 eorum
687 1593 755 1627 intrare
760 1593 845 1635 alliciunt,

143 1648 240 1690 subitoque
251 1647 329 1691 rapiunt,
337 1652 355 1681 et
364 1648 419 1681 variis
428 1647 488 1681 modis
498 1646 590 1680 illudunt⁴.
609 1646 645 1680 Per
653 1651 741 1691 vtrasque
752 1646 815 1681 fauces
822 1648 845 1680 ad

142 1699 264 1744 posteriorem
277 1700 318 1734 colli
330 1705 402 1744 partem
414 1700 494 1734 reductis
508 1699 590 1744 corrigiis
602 1699 708 1734 firmissimo
720 1700 845 1735 astrinxerunt

142 1755 196 1795 nodo,
204 1754 321 1796 postmodum
329 1764 373 1787 vero
382 1753 434 1787 breui
446 1752 529 1794 funiculo,
538 1752 644 1787 auricularis
656 1752 694 1786 sere
706 1752 756 1796 digiti
766 1753 844 1787 habente

142 1805 289 1849 grossitudinem,
296 1812 374 1849 arrepto,
380 1806 485 1849 trinumque
491 1806 509 1839 in
514 1816 536 1839 eo
541 1806 596 1840 certis
601 1806 646 1840 locis
651 1805 766 1849 assignantes
771 1807 845 1846 nodum,

113 1871 132 1901 50
142 1863 196 1903 caput
201 1858 245 1893 illud
252 1858 339 1894 innocens
347 1870 358 1893 a
365 1858 425 1893 fronte
431 1858 526 1903 inocciput
531 1857 680 1903 circumcingunt,
686 1859 767 1892 medium
775 1858 844 1902 quippe

141 1911 844 1958 frontinodum,extremosquealioshincetindetemporibus⁶imprimentes,

142 1965 187 2010 [et]⁶
194 1970 313 2010 vtrarumque
322 1966 401 2011 partium
411 1966 500 2010 capitibus
508 1967 531 2000 ad
539 1967 610 2010 occiput
619 1966 733 2000 strictissime
741 1966 844 2008 contractis,

140 2025 158 2054 et
175 2018 289 2054 strictissimo
307 2020 389 2055 confecto
407 2019 432 2054 ibi
450 2021 504 2062 nodo,
523 2021 571 2064 quod
588 2019 662 2054 funiculi
681 2023 778 2063 supererat
797 2018 844 2053 circa

141 2073 212 2113 collum,
217 2072 280 2106 itidem
288 2072 330 2107 hinc
339 2077 357 2107 et
364 2072 407 2107 inde
415 2073 438 2106 ad
446 2073 538 2107 anteriora
545 2073 586 2107 colli
594 2074 628 2106 sub
637 2077 699 2106 mento
708 2071 844 2106 contrahendo⁷

114 2136 131 2165 35
141 2127 235 2168 reducunt,
250 2125 310 2170 ibique
327 2126 372 2160 illud
391 2126 483 2161 insolitum
502 2125 588 2160 tormenti
603 2137 662 2168 genus
678 2126 697 2159 in
714 2125 777 2169 quinto
796 2125 844 2159 nodo

140 2185 272 2214 consummant.
295 2180 359 2224 Capite
370 2192 443 2225 quoque
454 2186 496 2225 post
508 2180 542 2215 hec
552 2191 599 2222 rasa,
607 2178 683 2214 infinitis
693 2180 737 2214 illud
749 2179 843 2223 spinarum

140 2231 269 2277 punctionibus
283 2233 384 2277 vulnerant,
398 2234 550 2277 innocentemque
565 2244 576 2267 a
590 2238 640 2266 terra
655 2232 751 2274 sublatum,
763 2232 843 2276 patibulo

141 2286 248 2328 extinguere
256 2287 394 2320 contendebant.
423 2287 501 2320 Sinistro
509 2286 548 2319 eius
556 2285 608 2319 lateri
615 2297 674 2329 vsque
682 2287 704 2319 ad
713 2286 773 2320 cordis
781 2285 844 2319 intima

139 2337 589 2382 vulnusacerbuminssigunt‚etvtsanguinemper
595 2342 653 2372 totum
659 2349 725 2382 corpus
731 2338 842 2373 defluentem

162 2407 167 2426 ¹
178 2407 207 2438 Ed.
215 2406 231 2436 in
238 2406 273 2436 Act.
281 2406 310 2437 SS.
318 2407 359 2439 Boll.
367 2417 386 2445 25
397 2407 451 2437 March
460 2408 488 2438 Ill.
496 2418 511 2446 p.
518 2408 553 2446 587.
575 2407 598 2438 Cs.
606 2408 642 2438 Chr.
654 2408 736 2445 Bromton,
744 2418 787 2438 anno
799 2414 841 2443 1⁰43·

141 2450 176 2479 The
183 2451 218 2477 text
225 2448 238 2477 is
246 2448 277 2477 abr.
285 2447 324 2478 from
331 2448 358 2477 the
363 2447 400 2478 Vita
404 2448 425 2485 by
430 2448 498 2478 Thomas
507 2448 630 2485 llonimetensis,
636 2458 648 2479 c.
657 2450 700 2485 1160,
706 2450 743 2479 who
750 2452 802 2479 wrote
808 2450 811 2464 ¹
817 2447 842 2476 De

140 2489 229 2519 Guilhelmo
235 2497 285 2525 puero
291 2492 307 2517 et
313 2492 382 2524 martyre
387 2498 396 2525 7
402 2489 455 2525 libros,
461 2493 477 2518 et
484 2489 504 2518 de
511 2488 545 2519 mir.
551 2498 604 2526 unum,
610 2489 630 2518 ad
636 2488 740 2519 Guilhelmum
746 2489 766 2518 de
772 2487 842 2518 Turebes

140 2530 236 2566 Episcopum
244 2526 371 2557 Norrvicensem'
380 2527 432 2566 (Pits).
455 2528 494 2557 This
504 2527 531 2557 lise
540 2528 553 2558 is
563 2529 649 2565 preserved
659 2528 675 2557 in
685 2538 694 2557 a
702 2529 736 2558 MS.
744 2527 841 2561 Breut-Eley

140 2566 373 2605 (nowCambr.Univ.Libr.).
419 2566 541 2598 ²Boll.autem.
586 2568 711 2602 ³soT.‚om,in
719 2568 737 2598 E.
783 2565 841 2596 ⁴Boll.

139 2609 207 2638 illusum.
247 2607 385 2646 ⁵T,timporibus.
425 2605 473 2639 loru.
514 2606 696 2639 'Boltcontrahentes
