1762 2803
85 105 120 158 48·
277 104 357 155 muta
373 101 490 164 icauna
505 103 597 166 anaia

86 226 154 259 bonam
159 236 200 260 esse
206 225 244 259 sere
249 225 268 259 in
273 225 332 259 omni¹
337 225 373 259 nisi
378 226 427 270 quod
433 227 474 261 odio
480 228 570 262 laboraret
575 227 654 262 hostium
660 239 706 272 quos
711 227 788 262 infestos

86 278 182 321 nequiter²
192 283 292 321 pateretur,
302 278 433 321 respondisset,
441 280 538 324 episcopus
550 280 586 315 ait:
599 280 630 314 ‘Si
639 292 674 324 per
681 281 742 314 omnia
753 281 788 315 deo

86 330 183 373 placueris,
198 330 251 364 facile
266 329 298 364 tibi
312 330 395 365 inimicos
408 337 483 375 pacatos
496 332 568 374 efficiet,
580 337 610 366 aut
623 332 705 366 subiiciet
719 341 788 376 expug-

86 390 145 418 natos.
167 377 277 418 Verumtibi
285 385 388 418 cauendum
395 390 424 417 est
428 384 458 419 vta
467 386 535 419 auctori
543 392 573 419 tuo
579 385 597 419 in
604 385 664 430 aliquo
672 397 788 430 nequaquam

70 437 185 476 5iniuriosus
197 437 271 478 existas,
284 443 315 471 aut
330 437 349 472 in
364 438 458 481 proximos
473 439 570 483 quicquam
583 439 666 483 iniquum
681 438 789 472 committas.

87 490 115 525 De
127 496 145 525 te
155 501 205 532 vero,
213 491 262 534 quod
275 496 345 526 mestus
358 491 428 535 loquor,
436 492 472 526 iarn
485 492 569 537 publicus
580 502 643 527 rumor
654 497 682 526 est
694 492 743 536 quod
754 502 788 526 uec

86 543 165 576 maritali
178 543 231 576 thoro
243 544 299 577 fidem
314 554 384 584 seruas,
396 555 431 578 nec
443 545 562 579 ecclesiarum
574 544 674 588 priuilegia,
685 545 704 578 in
717 545 789 588 prefici-

87 595 140 629 endis
152 594 232 629 maxime
244 595 345 630 rectoribus
357 606 424 639 earum,
437 596 504 631 illibata
515 597 600 638 custodis,
613 597 699 641 quodque
711 596 789 640 pecunie

87 649 192 683 interuentu
200 650 290 692 quosdam
297 650 320 682 ad
329 650 411 693 regimen
423 650 525 684 animarum
536 661 646 694 promouere
653 651 707 684 soles.
730 649 789 692 Quod,

61 713 79 735 ro
87 701 212 745 proculdubio,
224 702 240 735 si
251 712 316 736 verum
329 707 362 744 est,
376 712 412 745 pax
424 703 457 736 tibi
469 713 480 736 a
491 704 566 737 domino
579 703 654 737 concedi
667 714 705 737 non
718 703 789 747 potest'

88 754 155 798 Sicque
167 764 230 797 regem
238 755 261 788 de
268 754 324 789 variis
333 754 429 798 diligenter
438 755 532 790 admonuit
540 761 558 790 et
566 755 658 799 instruxit,
670 755 702 800 [et]
714 756 737 796 de
749 755 789 789 aliis

88 809 162 851 quidem
175 818 196 841 se
211 808 284 851 penitus
299 813 424 848 excusantem,
440 809 463 842 de
479 808 519 842 aliis
534 820 589 852 opem
603 808 741 843 intercessionis
756 820 790 843 sue

88 861 151 894 sedulo
162 860 279 904 flagitantem,
290 870 331 894 curn
344 860 472 894 benedictione
484 861 557 896 dimisit.
586 862 628 896 Rex
638 872 710 905 quoque
725 867 790 905 postea

88 924 129 948 cum
142 914 181 948 suis
196 914 220 947 de
232 913 272 947 viro
284 912 314 947 dei
326 913 404 957 loquens
417 917 435 947 et
447 913 533 948 virtutem
547 914 603 948 animi
615 914 655 949 eius
668 914 725 948 multa
736 914 790 948 laude

62 978 79 1006 15
88 967 179 1008 attollens,
185 965 241 999 dixit:
254 965 285 998 ‘Si
292 965 342 999 enim
349 966 400 1007 tales,
407 966 466 1008 qualis
474 966 508 1000 iste
517 972 550 1007 est,
558 967 628 1009 passim
636 972 699 1001 essent
707 972 726 1000 et
734 967 790 1000 ceteri

88 1018 175 1064 episcopi,
183 1018 244 1051 nullus
252 1022 315 1051 contra
321 1028 353 1051 eos
360 1028 424 1061 regum
432 1023 463 1052 aut
471 1018 575 1063 principum
583 1019 667 1052 attollere
675 1024 791 1063 presumeret

89 1072 190 1106 ceruicem?
234 1065 273 1105 Vix
288 1072 374 1115 episcopo
389 1072 408 1105 in
420 1072 506 1115 Angliam
521 1082 602 1114 reuerso,
614 1072 664 1106 idem
679 1083 713 1106 rex
728 1078 791 1105 contra

88 1135 152 1168 regem
160 1124 271 1158 Francorum
278 1123 348 1167 impetu
353 1123 405 1164 sacto,
413 1124 471 1168 captis
477 1124 539 1158 multis
546 1125 665 1168 optimatibus
673 1125 721 1159 illius
729 1125 790 1168 ipsum

88 1176 107 1210 in
115 1177 176 1220 fugam
184 1176 225 1220 egit.
249 1175 310 1210 Huius
317 1181 378 1210 autem
386 1175 474 1220 triumphi
483 1176 550 1210 seriem
561 1187 604 1211 mox
616 1181 679 1211 sancto
686 1177 726 1211 viro
734 1177 789 1221 signi-

61 1241 80 1262 20
88 1229 151 1271 ficans,
162 1234 182 1263 vt
193 1239 227 1272 pro
237 1239 264 1270 eo,
273 1228 320 1263 sieut
331 1233 410 1273 ceperat,
419 1239 472 1263 orare
482 1229 587 1272 dignaretur
598 1230 706 1273 suppliciter
716 1236 790 1272 exorat;

88 1282 163 1315 nomina
175 1291 247 1324 quoque
262 1285 281 1314 et
296 1291 393 1314 numerum
406 1281 479 1314 fortium
493 1292 539 1325 quos
553 1287 626 1325 ceperat
639 1282 745 1316 litteratorie
758 1293 791 1316 ex-

88 1334 161 1377 pressit.
184 1336 237 1367 Hanc
248 1339 310 1368 autem
321 1332 415 1367 victoriam
426 1333 496 1368 meritis
507 1334 565 1368 saneti
575 1334 609 1368 viri
621 1334 685 1369 celitus
697 1334 735 1379 regi
748 1345 791 1369 con-

88 1385 514 1428 cessam⁴multiindubitanterasscripseruntl.
537 1380 791 1430 Cumautemperquandam

88 1438 150 1473 viliam
169 1443 244 1472 sanctus
262 1437 360 1481 episcopus
375 1437 472 1472 transitum
487 1438 560 1481 faceret,
576 1439 646 1473 inuenit
662 1439 790 1474 demoniacum

62 1504 79 1533 2⁵
89 1491 195 1525 mirabiliter
206 1490 269 1524 oculos
281 1490 300 1524 in
311 1490 371 1534 girum
379 1495 474 1532 rotantem,
483 1501 504 1525 os
515 1501 564 1525 nunc
575 1491 593 1525 in
602 1491 649 1525 hanc
658 1502 706 1525 nunc
714 1491 733 1525 in
741 1492 791 1526 illam

89 1550 160 1588 partem
168 1543 267 1577 miserabili
272 1545 318 1578 rictu
324 1548 480 1586 contorquentem.
501 1543 554 1578 Nunc
562 1543 643 1588 linguam
651 1544 670 1578 in
678 1544 791 1579 immensum

89 1598 111 1631 ab
120 1608 151 1631 ore
159 1597 286 1642 protendebat,
292 1606 341 1630 nunc
349 1596 434 1630 dentibus
442 1596 541 1638 stridebat3
552 1596 601 1631 hiatu
610 1596 689 1631 faucium
697 1597 791 1631 immanis-

89 1649 136 1683 simo
148 1649 230 1694 patulum
242 1649 319 1693 gutturis
331 1653 417 1691 meatum,
429 1649 477 1683 acsi
489 1651 580 1693 quoddam
592 1650 658 1693 ingens
669 1651 761 1684 baratrum
773 1655 792 1684 et

89 1701 202 1737 intuentibus
210 1702 305 1735 horridum
313 1701 454 1735 demonstrabat.
477 1701 532 1735 Facto
542 1707 603 1736 autern
614 1712 670 1746 super
678 1712 720 1736 eum
729 1708 791 1736 sancte

62 1764 82 1794 3⁰
89 1755 148 1788 erucis
155 1754 213 1797 signo,
219 1753 304 1797 dictoque
310 1754 315 1771 ‘
320 1752 339 1786 in
344 1753 444 1797 principio’
453 1754 547 1797 euangelio
556 1754 649 1795 iohannis,
654 1765 730 1798 aspersa
736 1765 792 1798 super

89 1818 132 1841 eum
140 1817 187 1851 aqua
196 1807 293 1840 benedicta
302 1806 383 1850 perfecte
394 1805 423 1839 vir
434 1806 465 1839 ille
478 1806 570 1848 liberatus,
578 1807 597 1840 in
605 1812 699 1851 posterum
707 1807 763 1841 vitam
773 1808 792 1841 in

89 1859 340 1895 meliusstuduitemendare.
380 1849 792 1904 ⁶Virsanctnsdomosleprosorumperquas

88 1913 185 1949 transitum
197 1912 273 1947 iaciebat
285 1911 356 1956 ingredi
368 1911 473 1956 consueuit;
486 1923 541 1957 quarn
553 1912 674 1948 humilitatem
685 1912 792 1948 Willelmus

88 1967 208 2001 cancellarius
218 1965 344 2000 lincolniensis
351 1965 421 2007 videns,
426 1966 507 2010 experiri
515 1966 571 2000 voluit
578 1971 639 2001 vtrum
647 1972 723 2010 propter
732 1967 793 2001 excel·

62 2029 80 2058 55
89 2020 232 2053 lentiam'huius
246 2018 307 2062 operis
320 2019 374 2053 elatio
386 2024 470 2062 tangeret
482 2019 564 2053 animum
579 2018 614 2054 viri
631 2018 678 2060 iusti,
691 2018 722 2052 etl
735 2019 792 2054 dixit:

89 2073 190 2107 ‘Martinus
196 2072 290 2115 leprosum
298 2072 397 2112 osculando
406 2071 487 2107 sanauit:
499 2083 533 2107 vos
541 2073 624 2116 leprosos
630 2083 677 2116 quos
685 2072 792 2106 osculamini

89 2137 127 2159 non
135 2124 214 2158 sanatis)
234 2123 268 2158 Cui
274 2125 372 2166 episcopus
378 2124 413 2157 ait:
428 2125 526 2158 ‘Osculum
533 2124 607 2158 Martini
612 2124 705 2168 leprosum
711 2125 792 2159 sanauit:

90 2178 173 2211 osculum
180 2187 224 2209 vero
232 2176 300 2219 leprosi
308 2175 388 2208 animam
400 2186 460 2209 meam
471 2177 549 2210 sanat.⁰’
595 2170 642 2210 Erat
655 2182 716 2210 autem
728 2177 793 2210 mulier

90 2231 169 2273 quedam
184 2228 274 2271 spiritum,
286 2234 306 2262 vt
320 2227 421 2270 videbatur,
437 2229 506 2263 habens
523 2228 642 2272 phitonicum,
656 2239 692 2272 que
706 2228 793 2263 indicauit

62 2295 82 2326 40
90 2282 160 2327 passim
173 2281 220 2315 furta
232 2292 243 2315 a
254 2280 392 2325 quibuscunque
404 2281 489 2324 admissa,
501 2286 519 2316 et
532 2282 602 2316 occulta
614 2292 686 2326 queque
697 2281 793 2326 detegebat

90 2335 185 2371 maleficia.
207 2334 228 2369 Si
236 2345 280 2369 vero
288 2344 298 2368 a
306 2333 371 2378 quouis
380 2334 515 2378 corripiebatur,
523 2335 628 2379 importuna
640 2334 703 2379 lingue
711 2335 793 2370 volubili-

89 2395 126 2424 tate
138 2393 245 2432 arguentem
253 2387 305 2431 quasi
313 2387 406 2431 stupidum
414 2388 505 2422 reddebat·
512 2393 530 2421 et
542 2387 645 2432 elinguem:
658 2388 721 2431 sicque
729 2398 794 2422 omnes

89 2441 205 2477 verbositatis
212 2440 305 2475 affluentia
313 2440 432 2484 opprimebat,
437 2446 456 2476 vt
463 2442 524 2475 nullus
534 2451 575 2476 earn
583 2440 669 2475 euincere
677 2445 708 2475 aut
713 2441 731 2475 ei
738 2440 793 2475 silen-

110 2501 232 2532 ¹al.omnibus.
256 2499 451 2536 'alnequiteriniestos
476 2499 710 2537 ³Vit.ne:nequaquamom.
731 2499 766 2531 ¹T.
775 2500 792 2529 E.

89 2550 187 2571 concessum.
228 2538 384 2568 lvitaffirmabant.
422 2538 558 2576 0-00111.inv1·2.;
568 2539 654 2570 cistrius.
683 2538 729 2569 ⁷om.
737 2539 753 2568 in
761 2539 778 2570 T.
