1762 2803
251 91 590 151 praememorantur.
726 105 771 148 459

71 216 89 244 et
105 212 179 247 luminis
198 213 308 248 beneficium
327 214 446 257 recepissent,
461 214 554 248 humiliter
566 215 588 248 ad
604 213 662 258 pedes
677 212 717 247 eius
732 222 772 246 eor·

71 271 152 309 ruerunt,
163 267 235 301 veniam
245 267 355 312 flagitantes.
378 266 401 301 Et
411 272 453 311 post
463 267 497 302 hec
507 268 529 301 ad
539 267 614 302 domum
623 267 728 308 redeuntes,
736 275 772 309 que

71 324 123 361 gesta
135 325 177 354 sunt
189 321 227 364 regi
241 332 265 355 ex
278 321 342 355 ordine
355 320 468 355 nunciarunt.
497 322 567 364 Quibus
580 321 622 356 ille:
635 320 772 364 ‘Nequaquam

71 371 135 416 inquit,
148 373 281 409 incantationes
298 375 338 408 eius
350 374 418 408 salsaue
430 374 514 419 dogmata
525 380 555 409 aut
567 385 598 409 ars
609 375 680 419 magica
691 372 713 408 a¹
725 373 772 407 meis

71 435 112 459 eam
127 427 217 470 eripient²
230 429 320 463 manibus.
342 427 380 462 Sed
395 427 481 472 quoniam
493 439 523 462 me
537 434 668 473 contempnere
681 437 727 461 ausa
738 432 790 468 est,5

72 484 169 522 postquam
180 482 216 522 illa,
224 487 243 515 vt
254 482 332 522 libuerit,
342 482 410 515 abusus
420 482 477 523 suero,
486 482 573 515 lenonum
583 483 666 515 tradetur
673 480 772 525 polluenda

72 530 160 565 ludibrio!
184 532 237 567 Hec³
246 534 297 575 dixit,
305 539 323 567 et
331 532 392 567 surore
402 534 479 577 agitatus
489 534 512 568 ad
521 535 585 569 vrbem
598 543 633 577 qua
645 534 697 577 virgo
708 542 771 566 mane·

71 584 102 616 bat
116 586 237 628 progreditur,
261 586 284 620 Et
297 598 340 620 ecce
355 591 418 620 sancte
435 586 548 621 Frideswide
563 586 639 620 orationi
654 596 706 620 more
717 585 772 620 solito

71 637 183 672 incumbenti
198 645 252 673 nocte
266 640 297 673 illa
310 641 387 682 angelus
402 640 486 683 apparuit
500 639 575 674 dicens:
587 639 680 683 ‘Ignoras
693 650 704 672 o
714 639 771 681 virgo,

72 743 202 785 satisfacturus,
211 747 226 780 si
237 747 290 780 detur
299 747 412 790 possibilitas
422 746 536 789 irrumpendi
546 746 651 789 pudicitiam
663 745 771 788 integritatis

72 799 114 830 tnei
137 798 165 832 Ne
180 799 251 841 timeas,
266 799 329 842 inquit,
345 800 430 833 dominus
447 798 499 833 Iesus
513 798 596 831 Christus
611 797 709 830 iocundum
723 797 771 841 quod

71 849 90 883 in
105 854 136 883 tua
148 851 251 895 virginitate
264 852 386 886 habitaculum
402 851 503 896 preparasti
519 851 613 893 custodiet,
624 850 725 894 illususque
739 860 772 885 rex

72 908 90 935 et
104 914 137 947 spe
150 904 247 939 frustratus
262 906 333 948 redibit,
348 917 369 939 ac
385 916 444 950 penas
459 904 540 939 cecitatis
554 910 643 948 perpetue
658 903 722 937 soluet.
744 902 772 937 Tu

72 961 133 990 autern
141 967 219 1002 propera
227 964 245 993 et
253 959 337 993 semitam
345 969 381 1004 que
390 959 438 993 ducit
446 960 469 992 ad
478 958 553 992 ssuuium
562 957 655 991 Thamisie
664 956 771 1000 ingredere:
782 969 799 998 15

72 1017 166 1054 repertura
174 1014 223 1046 enirn
232 1025 252 1047 es
260 1013 348 1057 scapham
356 1024 367 1047 a
374 1013 410 1047 deo
421 1018 508 1057 paratam,
517 1018 534 1046 et
545 1011 564 1045 in
575 1013 616 1055 ipsa
627 1011 692 1045 ducem
702 1009 772 1045 itineris

73 1065 156 1097 nautam!
180 1065 247 1099 Sancta
255 1077 299 1100 vero
308 1066 374 1110 [virgo]
382 1067 449 1110 gratias
457 1067 492 1099 deo
500 1075 563 1109 agens,
571 1066 617 1098 duas
627 1074 700 1098 sorores
709 1074 771 1098 secum

72 1126 174 1159 assumens,
187 1119 257 1152 concita
268 1120 291 1152 ad
303 1118 379 1152 fluuium
392 1119 481 1163 peruenit,
495 1124 513 1152 et
526 1117 629 1152 nauiculam
641 1118 734 1151 inuentam
746 1117 772 1150 in·

73 1180 142 1212 gressa,
151 1181 161 1203 a
169 1172 236 1206 iuuene
246 1171 300 1206 albo⁴
313 1172 374 1206 habitu
386 1172 483 1216 splendido
493 1171 580 1216 vultuque
591 1170 726 1212 venustissimo,
737 1169 772 1203 sub

72 1224 126 1255 vnius
138 1223 182 1257 hore
193 1226 256 1268 spacio
266 1226 329 1259 decern
340 1224 417 1259 miliaria
427 1224 566 1266 transferuntur,
575 1229 593 1258 et
602 1224 636 1258 sub
644 1223 687 1258 villa
698 1225 772 1257 nornine
782 1235 800 1255 1ο

73 1273 168 1309 Bentona⁵
176 1282 298 1319 exponuntur.
322 1277 411 1321 Exposite
418 1287 463 1311 vero
472 1288 506 1311 nec
513 1287 579 1311 nauem
587 1287 621 1310 nec
630 1276 700 1310 itineris
706 1276 771 1309 ducem

72 1328 144 1372 uspiam
156 1336 298 1373 conspexerunt.
326 1330 411 1364 Nemoris
422 1329 577 1374 profunditatem⁵
589 1328 678 1363 intrantes
685 1329 772 1372 virgines,

71 1390 169 1423 porcorum
179 1388 260 1417 tutamen
272 1390 335 1418 contra
346 1383 394 1418 aeris
406 1384 533 1427 intemperiem
545 1387 674 1423 constructum,
684 1382 707 1415 ab
717 1381 773 1415 edera

72 1441 200 1470 succrescente
212 1447 235 1470 ex
248 1437 298 1471 omni
309 1443 361 1481 parte
374 1441 482 1478 contectum,
494 1436 626 1480 ingrediuntur.
648 1434 729 1480 Algarus
744 1434 772 1469 in·

72 1491 123 1520 terea
138 1499 171 1522 rex
186 1488 278 1524 Oxoniam
290 1490 372 1531 veniens,
384 1490 445 1531 minis,
457 1490 543 1534 precibus
554 1499 575 1523 ac
586 1490 662 1532 premiis
674 1489 773 1522 conabatur
782 1501 800 1531 25

72 1539 95 1573 ab
110 1541 175 1575 incolis
191 1542 288 1576 dinoscere
299 1553 380 1587 quonam
392 1542 504 1576 Frideswida
516 1543 626 1575 diuertisset.
653 1541 736 1583 Cumque
752 1551 773 1574 se

72 1592 149 1636 nescire,
165 1594 215 1629 ciues
234 1606 276 1630 cum
295 1596 397 1631 iuramento
415 1600 525 1638 assererent,
540 1595 597 1629 iratus
612 1604 645 1629 rex
661 1595 680 1628 in
696 1593 774 1628 ciuitatis

72 1647 212 1682 subuersionem
232 1649 337 1683 coniurauit.
366 1649 413 1683 Cum
427 1660 472 1683 vero
488 1654 540 1693 porte
558 1647 658 1692 aquilonari
674 1647 773 1691 appropin-

72 1706 141 1742 quaret,
155 1701 235 1735 cecitatis
250 1702 305 1746 plaga
318 1702 414 1737 confestim
427 1703 514 1736 diuinitus
526 1712 626 1747 percussus
637 1706 670 1734 est.
694 1700 772 1744 Expauit

71 1753 132 1796 itaque
146 1754 212 1788 stultus
224 1756 339 1799 repentinam
351 1756 370 1789 in
384 1766 405 1790 se
417 1755 478 1790 diuine
492 1754 587 1799 potestatis
600 1754 698 1788 vltionem:
714 1764 749 1786 nec
762 1764 773 1786 a
782 1768 802 1797 3⁰

72 1807 189 1851 malignitatis
204 1819 237 1842 sue
254 1808 346 1843 desistens
358 1809 486 1850 obstinatione,
501 1819 533 1842 cor
546 1807 647 1842 Pharaonis
662 1808 685 1841 ad
698 1807 773 1851 propria

73 1860 176 1905 reportauit.
200 1862 229 1896 Ob
236 1862 288 1897 cuius
296 1862 381 1907 equidem
388 1862 456 1897 tiranni
467 1862 573 1907 supplitium
584 1863 658 1896 innatus
669 1867 697 1895 est
708 1861 773 1895 horror

72 1914 146 1956 regibus
162 1915 235 1956 Anglie,
249 1920 269 1947 vt
284 1926 318 1948 nec
333 1926 381 1948 vnus
396 1916 460 1948 vrbem
476 1915 553 1955 Oxonie,
565 1921 584 1948 vt
600 1915 662 1954 fertur,
677 1920 772 1956 presumat

72 1965 146 2000 intrare.
191 1958 263 2003 Sancta
270 1972 330 2001 autem
339 1966 354 2000 F
355 1967 452 2001 rideswida
460 1966 518 2000 tribus
527 1966 566 2000 sere
574 1965 628 1999 annis
636 1964 734 1999 solitudine
741 1965 773 1999 illa

73 2018 92 2053 in
111 2030 178 2063 magna
196 2020 312 2062 abstinentia,
326 2021 393 2065 vigiliis
411 2026 428 2054 et
445 2020 523 2054 assiduis
539 2019 623 2064 precibus
639 2020 674 2052 deo
692 2019 773 2053 vacabat.
782 2031 801 2062 35

73 2072 155 2107 Puellam
164 2074 255 2116 quandam
264 2075 286 2108 ab
294 2074 347 2108 hoste
358 2075 432 2118 antiquo
443 2073 517 2108 cecitate
525 2082 637 2118 percussam,
645 2082 692 2115 aqua
700 2071 773 2107 lotionis

73 2136 160 2160 manuum
168 2126 208 2160 eius
214 2127 272 2160 oculis
280 2127 362 2162 linitam⁷
369 2127 483 2162 illuminauit.
494 2126 588 2160 ⁸Tandem
596 2125 687 2160 Oxoniam
694 2127 773 2168 rediens,

73 2189 97 2213 ne
105 2180 198 2213 sororibus
206 2181 225 2213 in
234 2181 311 2214 cenobio
319 2181 400 2214 dimissis
408 2191 487 2215 onerosa
495 2186 550 2221 esset,
558 2179 577 2213 in
586 2179 626 2213 loco
636 2180 715 2223 quodam
723 2180 773 2214 iuxta

72 2233 137 2266 vrbem
157 2232 219 2267 multis
240 2233 335 2267 arboribus
356 2234 432 2276 consito,
451 2234 525 2267 nomine
543 2231 655 2276 Thornbiry,
674 2232 773 2267 oratorium

74 2285 180 2328 edificiaque
196 2286 304 2327 construxit,
321 2285 427 2330 fontemque
441 2296 499 2329 vsque
517 2285 571 2318 hodie
586 2284 652 2328 iugiter
668 2291 773 2319 manantem
783 2299 803 2329 4⁰

72 2339 158 2380 precibus
166 2344 184 2371 et
192 2338 262 2371 meritis
270 2339 374 2381 impetrauit
379 2339 389 2372 ⁸.
424 2331 475 2372 Cum
482 2339 554 2371 iuuenis
560 2337 634 2381 quidam
641 2337 676 2371 diei
683 2338 774 2373 dominice

74 2400 111 2424 non
123 2390 208 2425 deserens
220 2391 269 2435 ligna
280 2391 374 2433 incideret,
386 2401 452 2425 manus
464 2391 504 2425 eius
515 2390 563 2424 illico
574 2389 666 2424 adherens
678 2391 775 2425 manubrio

74 2444 119 2477 adeo
133 2444 236 2478 incenditur
250 2449 270 2478 vt
285 2454 318 2488 pre
332 2444 399 2478 doloris
412 2443 528 2478 intolerantia
543 2443 647 2479 terribiliter
658 2444 775 2480 exclamaret.

93 2502 212 2532 1011111113011.
237 2503 362 2540 “Bolleripict
394 2504 440 2531 'om
448 2503 464 2531 in
472 2502 512 2532 Boll.
539 2501 712 2537 1Ε.1111111,0111.111Τ.
738 2503 775 2532 ⁵tt.

72 2541 406 2611 ⁸liuetp'tlotpilap',L.Bamtonia,i.e.Bampton.
433 2542 529 2572 ⁶L.nemus
536 2542 556 2572 de
564 2542 651 2581 Bencseya.
683 2542 717 2574 1Τ.
724 2543 774 2573 linita.
