1762 2803
118 135 146 197 3'4
308 142 387 194 tutta
403 140 519 203 tarmus
534 142 627 204 anglic.

197 305 221 338 ll¹
229 297 262 338 DE
273 314 346 338 SANCTA
358 297 482 338 HlLDELlTHA
493 315 570 338 VIRGINE
582 315 605 338 ET
616 307 735 340 nBBAT1ssa².

121 399 236 483 BErlunga
243 399 379 439 monasterium,
387 394 486 433 multorum
494 404 600 433 sanctorum
606 399 819 435 dinoscituressesacra·

177 453 229 487 rium.
252 452 363 496 Plerumque
375 452 425 487 enim
438 462 494 496 super
505 452 554 486 hunc
567 453 627 487 locum
640 453 719 497 quodam
735 451 819 487 familiari

118 511 202 550 respectu
211 506 269 540 celum
277 506 350 540 videtur
358 511 448 549 apertum,
456 510 474 539 et
483 505 583 540 claritatem
591 517 646 549 quam
655 506 716 540 anime
723 506 819 549 possident

118 557 137 591 in
150 557 194 592 celis
208 558 303 591 effundere
312 558 447 601 quodammodo
458 557 561 591 ostenditur
572 558 679 601 corporibus
690 557 819 601 glorificandis.

101 625 109 651 5
119 609 149 643 Ad
157 621 245 654 magnam
253 609 307 654 igitur
314 610 391 654 gloriam
399 610 433 643 hoc
441 614 512 653 spectat
520 610 573 644 beate
581 609 645 644 matris
654 608 762 652 Hildelithe,
770 610 819 654 quod

120 664 159 698 sola
166 664 215 698 inter
222 669 248 697 tot
257 664 335 698 celestes
342 664 392 698 velut
399 663 535 707 preciosissima
542 674 615 707 gemma
621 663 716 707 excipitur,
724 663 764 698 sola
771 663 820 697 inter

119 727 153 750 sua
164 717 225 751 sidera
232 717 282 751 velut
293 717 394 750 clarissima
405 721 557 760 premonstratur,
565 717 605 750 sola
616 722 658 760 post
671 716 743 751 beatam
756 716 819 750 Ethel-

119 770 195 814 burgam
204 768 303 804 sanctitatis
312 769 364 803 titulo
370 769 518 814 solempnizatur.
540 769 565 803 Vt
572 774 633 804 autem
641 774 768 814 pretereamus
775 779 819 814 pos-

119 822 196 857 teritatis
210 822 284 864 merita;
300 828 383 866 tempore
400 833 436 866 quo
451 823 517 857 beatus
533 823 642 857 Edmundus
659 822 766 866 martyrium
783 833 818 867 pro

92 886 111 907 10
120 874 193 909 Christo
206 884 272 917 passus
284 880 317 917 est,
330 880 367 909 tota
379 880 485 909 sanctarum
496 875 587 918 virgInum
603 875 720 918 congregatio
733 885 774 909 cum
786 885 820 909 sua

119 932 177 962 matre
190 927 209 960 in
221 927 255 961 hac
270 933 333 961 sancta
345 927 422 962 ecclesia
437 939 447 961 a
462 928 538 972 paganis
551 933 579 963 est
593 933 713 962 concremata.
736 928 753 962 0
764 939 819 972 quam

119 981 216 1016 recolenda
227 980 292 1024 pietas,
304 980 335 1015 vbi
347 986 406 1015 mater
418 981 449 1016 illa
460 981 522 1016 diuine
535 982 607 1023 familie,
622 983 730 1016 decurrente
743 982 819 1026 plumbo

119 1033 199 1067 ardentis
219 1033 329 1076 monasterii,
344 1039 431 1078 vtrasque
446 1045 511 1069 manus
530 1036 553 1069 ad
572 1035 631 1069 celum
651 1035 731 1077 eleuans‚
744 1041 762 1069 et
778 1046 819 1070 cum

119 1087 216 1130 lachrymis
235 1098 300 1121 omnes
315 1087 424 1128 confortans,
440 1087 496 1122 dixit:
515 1088 624 1129 ‘Sustinete‚
639 1088 676 1122 filie
695 1087 820 1131 dilectissime,

101 1139 242 1183 ¹;transitorium
256 1139 310 1172 istum
327 1139 395 1182 ignem,
408 1150 444 1182 quo
459 1141 483 1173 ad
498 1145 608 1182 perpetuum
624 1140 714 1173 currimus
729 1140 819 1175 brauium.

119 1190 158 1224 lam
166 1189 218 1224 nobis
227 1190 286 1224 celum
294 1195 392 1231 reseratur,
400 1190 436 1224 iam
445 1190 506 1234 palma
515 1190 598 1235 martyrii
608 1196 626 1225 et
637 1191 750 1235 sempiterna
761 1191 819 1235 gloria

118 1248 246 1277 momentaneo
258 1244 320 1276 dolore
331 1245 434 1277 mercatun’
457 1244 494 1278 Iste
507 1244 557 1277 enim
564 1245 664 1288 virginales
675 1249 766 1288 martyres
778 1255 819 1278 cum

118 1295 243 1340 superioribus
251 1295 351 1340 virginibus
356 1296 406 1330 velut
414 1296 467 1340 plebs
475 1296 548 1331 siderea
553 1306 590 1331 vna
598 1296 771 1331 commemoratione
779 1296 820 1331 sine

118 1354 167 1383 certa
179 1349 305 1393 lugubratione
318 1354 336 1383 et
349 1349 424 1383 nomine
437 1350 548 1384 recoluntur.
572 1350 628 1384 Beata
638 1360 683 1384 vero
697 1350 820 1385 Hildelithaa

91 1419 109 1439 20
118 1402 202 1447 gloriosis
222 1402 354 1445 gloriosissima
369 1403 491 1446 pretenditur.
515 1403 555 1437 Hec
571 1403 621 1437 enim
636 1403 688 1447 virgo
703 1409 767 1437 sancta
782 1414 819 1437 non

118 1455 177 1489 solum
192 1466 203 1488 a
217 1455 318 1497 Dunstano,
332 1456 451 1497 Ethelwoldo,
465 1461 483 1490 et
496 1456 579 1500 Elphego
592 1456 647 1500 digna
657 1456 777 1490 veneratione
792 1462 820 1491 est

118 1507 214 1549 celebrata,
225 1518 290 1540 verum
302 1507 358 1541 etiam
369 1518 380 1541 a
392 1507 454 1541 multis
464 1508 533 1542 sanctis
545 1508 626 1552 antiquis
639 1508 726 1542 sanctitas
740 1508 780 1542 eius
791 1515 820 1543 est

117 1559 211 1604 predicata
219 1570 222 1594 :
235 1564 253 1593 et
261 1559 276 1593 si
284 1559 343 1600 nobis,
350 1560 373 1593 ob
382 1560 454 1603 culpam
462 1560 566 1595 incurievel
575 1562 598 1595 ob
605 1561 696 1605 premium
705 1560 753 1603 fidei,
761 1561 820 1605 ipsius

118 1611 205 1646 miracula
211 1611 241 1645 uel
249 1608 382 1655 scripturarum
390 1611 456 1646 indicia
462 1612 573 1653 defecerunt,
579 1613 605 1647 illi
613 1612 732 1657 proculdubio
741 1612 819 1647 claman-

90 1678 108 1707 25
117 1663 165 1699 tibus
180 1663 277 1699 virtutibus
294 1664 341 1698 hanc
360 1671 451 1699 nouerunt
466 1665 497 1710 qui
512 1665 597 1710 primitus
614 1672 656 1701 ante
675 1665 819 1701 combustionem

118 1727 212 1751 sacrorum
227 1716 341 1751 voluminum
356 1728 390 1760 per
408 1722 465 1752 totam
483 1718 562 1752 insulam
581 1729 615 1763 per
631 1718 695 1753 Danos
714 1718 785 1761 factam,
801 1719 819 1753 in

118 1770 212 1805 lucernam
221 1770 303 1804 omnium
312 1781 352 1804 eam
361 1771 469 1814 extulerunt,
477 1771 562 1816 diemque
569 1783 623 1807 suum
631 1770 769 1806 sanctissimum
778 1783 820 1807 esse

119 1828 225 1857 sanxerunt.
249 1823 309 1856 Huius
324 1823 385 1867 itaque
399 1824 475 1867 virginis
492 1825 571 1868 gloriose
586 1825 693 1859 instantiam
712 1829 731 1858 et
745 1817 820 1868 vigilem

119 1884 240 1919 curamsupra
245 1885 320 1919 gregem
327 1875 362 1910 sibi
367 1876 486 1911 commissum
491 1877 573 1911 breuiter
578 1877 636 1922 tangit
640 1876 820 1919 Bedavenerabilis³,

91 1943 110 1972 30
118 1929 199 1964 confisus
211 1929 234 1962 de
246 1934 306 1963 cetero
315 1930 364 1973 quod
376 1930 478 1974 descriptus
490 1931 537 1965 liber
545 1931 582 1966 vite
594 1936 657 1965 sancte
670 1930 788 1974 Ethelburge,
796 1932 820 1966 de

118 1993 154 2025 quo
168 1982 202 2015 hec
215 1986 233 2015 et
245 1981 281 2014 alia
291 1982 374 2025 preclara
385 1988 489 2026 exceperat,
497 1984 520 2017 ad
533 1983 658 2017 testimonium
670 1983 771 2017 sanctitatis
780 1983 820 2018 eius

119 2035 216 2068 sufficeret.
238 2034 291 2068 Adeo
305 2034 367 2068 diuina
380 2035 467 2070 charitate
481 2042 520 2070 erat
533 2036 594 2080 plena,
607 2041 625 2070 et
638 2035 721 2070 omnium
732 2034 820 2070 virtutum

119 2087 190 2121 doctrix
205 2092 224 2120 et
238 2087 321 2128 formula,
336 2087 355 2121 in
366 2088 437 2131 vigiliis,
453 2089 573 2131 abstinentiis,
585 2088 702 2132 benignitate,
718 2088 820 2131 clementia,

119 2144 259 2181 ceterarumque
266 2138 353 2172 virtutum
361 2149 433 2173 summa
440 2151 444 2182 ;
456 2140 481 2173 ita
489 2140 585 2174 animabus
596 2145 614 2174 et
626 2140 732 2184 corporibus
740 2140 820 2183 prouidit

91 2206 109 2234 55
119 2190 253 2232 necessariavt
261 2202 323 2225 coram
331 2192 366 2225 deo
374 2197 392 2226 et
400 2192 504 2227 hominibus
512 2193 605 2227 incederet
610 2192 651 2228 sine
656 2192 737 2236 querela.
754 2192 820 2228 Cetera

118 2256 162 2279 vero
170 2244 207 2279 vita
214 2245 243 2278 vel
251 2245 316 2279 merita
327 2246 379 2279 beate
390 2245 491 2281 Hildelithe
498 2247 556 2281 latent
563 2246 637 2281 nostra⁴
645 2251 730 2290 tempora
738 2257 742 2288 ;
754 2247 820 2290 qulbus

118 2297 210 2332 credimus
223 2308 260 2331 non
273 2297 354 2332 defuisse
361 2297 490 2334 miraculorum
498 2299 607 2343 testimonia,
614 2309 725 2344 quamquam
731 2299 790 2344 magis
801 2300 820 2335 in

118 2352 159 2392 fide,
168 2361 204 2395 que
216 2361 251 2394 per
263 2351 379 2394 dilectionem
391 2358 481 2395 operatur,
494 2363 549 2397 quam
562 2353 581 2387 in
593 2352 686 2386 miraculis
698 2352 785 2387 sanctitas
797 2354 820 2388 sit

118 2405 259 2447 comprobanda.
282 2405 349 2437 Omnia
362 2409 424 2438 tamen
437 2405 476 2438 eius
488 2415 541 2439 sacra
555 2410 607 2448 gesta
620 2405 659 2438 celo
672 2404 764 2438 credimus
777 2415 820 2440 esse

89 2470 109 2500 40
118 2456 214 2501 descripta,
226 2461 276 2489 tanto
289 2455 314 2489 ibi
327 2456 404 2490 clariora
413 2462 481 2501 quanto
494 2457 523 2491 hic
537 2456 654 2492 obscuriora:
667 2456 718 2490 cuius
729 2456 766 2491 vita
778 2468 820 2492 cum

136 2546 142 2564 ¹
152 2546 181 2576 Ed.
189 2546 247 2583 mostly
254 2546 270 2575 in
277 2545 297 2575 A.
305 2546 334 2576 SS.
343 2545 383 2577 Boll.
392 2546 446 2576 March
454 2546 482 2576 lll.
491 2556 506 2585 p,
514 2548 554 2584 485;
565 2547 584 2577 cl.
593 2546 637 2576 Bcda
645 2545 671 2576 lV.
681 2555 705 2577 1o.
745 2545 751 2563 ²
761 2551 777 2577 et
784 2547 818 2578 abb.

117 2595 147 2616 om.
154 2586 170 2616 in
178 2585 195 2616 T.
237 2586 243 2603 ³
254 2586 298 2616 Beda
305 2586 332 2617 lV.
342 2595 365 2617 ιο,
407 2586 413 2604 ⁴
423 2586 440 2617 E.
449 2591 505 2617 vestra
