1762 2803
122 127 124 132 '
146 138 191 179 610
222 209 224 214 ¹
410 132 536 194 appendit
553 134 585 180 ΙΙ.

145 254 197 288 nichil
205 254 299 297 proficeret,
308 254 404 288 consultum
412 261 439 288 est
446 254 461 288 ei
469 255 493 289 ab
500 255 590 297 Ayelwino
597 253 643 287 beati
651 254 725 287 martiris
733 260 848 301 consecretali,

145 305 224 349 quatinus
232 304 361 348 energuminum
368 305 391 339 ad
399 305 477 339 tumbam
485 305 540 339 sancti
547 305 642 338 curandum
647 305 709 339 deferri
715 304 785 340 iuberet.
799 309 848 351 Quod

145 368 184 391 curn
195 356 259 390 factum
271 355 336 397 suisset,
349 356 429 389 omnibus
444 356 462 389 in
477 367 568 390 commune
583 356 654 399 psalmis
669 362 686 389 et
701 358 769 391 letaniis
785 359 849 395 incum-

145 407 231 446 bentibus,
245 405 331 449 tande[m]
344 408 366 440 ab
379 407 459 448 ymagine
472 406 500 440 dei
513 417 587 449 nequam
601 406 670 450 spiritus
682 407 740 450 egredi
752 411 849 452 compulsus

128 464 137 494 5
146 464 177 491 est.
200 456 251 498 Quod
259 467 330 489 cernens
338 467 368 490 rex
375 463 393 491 et
400 456 428 489 alii
437 456 573 499 circumstantes,
580 462 662 498 ceperunt
669 457 764 498 glorificare
773 459 824 492 deum
832 462 848 494 in

146 507 209 541 sanctis
221 508 256 540 suis
267 506 368 548 mirabilem,
376 514 393 541 et
400 507 486 540 mirabilia
493 519 523 550 per
531 519 560 540 eos
568 513 674 550 operantem.
697 508 785 549 Osgothus
796 510 849 544 eciam

146 570 165 592 se
177 558 209 593 sibi
220 558 307 592 redditum
318 559 432 601 perpendens,
440 559 507 601 gracias
515 560 548 592 deo
556 565 573 592 et
583 564 644 592 sancto
655 558 747 592 Edmundo
755 558 848 604 impendit,

146 609 209 643 deinde
220 609 274 642 vitam
285 610 358 643 correxit
372 616 389 643 et
401 620 458 643 mores
470 610 547 651 mutauit,
558 615 651 652 sanctoque
665 608 746 651 deinceps
758 610 849 646 Edmundo

147 659 202 693 fidelis
215 660 314 701 permansit.
338 662 359 693 ln
371 660 488 693 testimonium
500 666 558 692 tamen
570 658 706 701 presumpcionis
717 658 798 701 indebite,
806 668 849 694 vtra-

120 723 140 746 ιο
147 719 219 752 rumque
229 720 312 742 manuum
322 710 404 742 multatus
415 716 442 742 est
453 709 552 742 arriditate:
568 715 586 742 ut
597 710 629 741 sub
641 709 676 751 iugi
688 709 771 752 supplicio
783 721 850 753 semper

148 761 268 795 admoneretur
275 770 310 794 non
318 761 371 794 altum
380 769 440 804 sapere
448 765 473 793 set
481 760 546 794 timere.

192 847 205 884 ii
219 850 249 881 DE
260 856 337 882 DOMINO
349 856 375 882 DE
386 849 501 883 WERKETOt'l
513 856 538 882 ΕΤ
548 856 615 882 VXORE
626 855 662 883 SUA
673 856 697 883 AB
709 855 810 883 HORRIBILI

392 907 460 933 MORTE
472 907 608 933 PRESERUATlS.

473 972 504 1006 Uit
513 973 582 1015 quidam
588 972 668 1005 dominus
674 972 748 1005 Manerii
754 973 776 1005 de
781 973 850 1007 Werlre-

493 1025 523 1057 tofi
535 1028 612 1065 tempore
626 1022 682 1065 primo
697 1022 752 1057 sancti
764 1023 849 1070 Edwardi,

147 1074 176 1116 qui
188 1072 248 1105 habuit
255 1083 324 1106 rixorem
336 1072 368 1106 sibi
380 1073 441 1107 deuote
453 1074 554 1117 copulatam.
581 1074 656 1116 Vterque
664 1073 723 1114 iustus,
731 1080 802 1116 uterque
813 1074 849 1117 pius

120 1138 138 1169 ¹5
148 1135 169 1158 ac
176 1123 255 1165 operibus
262 1122 378 1157 misericordie
386 1130 470 1157 assuetus.
486 1123 552 1165 Quibus
561 1123 639 1157 inuidens
646 1123 730 1165 inimicus,
735 1124 850 1166 deceptoriam

148 1175 214 1207 eisdem
226 1174 258 1206 sub
270 1173 328 1214 specie
343 1174 429 1214 religionis
445 1174 510 1207 inmisit
525 1173 658 1215 suggestionem.
686 1175 706 1207 ln
720 1174 779 1215 primis
794 1175 850 1216 itaque

148 1223 232 1266 suggessit
240 1223 320 1256 cordibus
328 1222 447 1256 innocencium
454 1230 553 1256 sanctorum
558 1223 643 1264 victorias,
650 1223 766 1257 consessorum
773 1224 849 1265 gloriam,

147 1286 168 1309 ac
175 1274 261 1318 virginum
268 1273 389 1317 triumphalem
397 1274 529 1316 continenciam,
537 1279 562 1307 set
570 1274 640 1307 demum
647 1274 771 1308 demonstrauit
779 1285 849 1308 coronas

147 1325 277 1360 excellenciores
284 1325 373 1358 martirum
384 1327 485 1359 beatorum:
497 1332 515 1358 ut
527 1332 591 1369 quanto
602 1326 667 1359 scilicet
679 1326 732 1358 cicius
743 1325 850 1369 peruenerint

120 1388 139 1409 ao
147 1378 170 1410 ad
183 1386 264 1409 coronam
276 1375 353 1416 martirii,
365 1381 414 1409 tanto
427 1377 503 1410 velocius
515 1377 618 1410 inducantur
630 1376 653 1410 ad
666 1377 705 1410 loca
716 1376 782 1418 premii.
805 1378 849 1410 Ecce

147 1425 241 1460 martirium
249 1424 401 1468 comlm]endatur,
409 1432 436 1459 set
443 1427 504 1459 modus
512 1426 583 1459 martirii
589 1436 624 1459 non
631 1426 745 1467 distinguitur.
758 1428 849 1469 Elegerunt

146 999 254 1032 Excrom'cis
258 999 321 1031 Sancti
324 998 417 1031 Edmundi
419 997 430 1031 ¹.
439 973 470 1048 F

146 1487 187 1519 ergo
193 1476 246 1509 vitam
251 1476 310 1509 mundi
319 1476 367 1509 finire
375 1476 456 1518 martirio,
462 1478 556 1511 etfonnam
563 1476 657 1512 execrande
664 1476 768 1519 perdicionls
776 1477 850 1519 precogi-

146 1533 226 1561 tauerunt
234 1538 237 1560 :
250 1524 277 1560 et²
284 1527 325 1559 dum
332 1525 350 1559 in
358 1525 420 1559 vicinio
428 1537 489 1561 manus
496 1538 530 1561 non
538 1527 622 1561 haberent
628 1527 777 1568 occidencium,ne
785 1526 849 1561 diucius

147 1578 277 1620 prolongaretur
289 1582 366 1619 optatum
379 1577 465 1619 gaudium,
477 1584 547 1621 vterque
561 1578 578 1611 in
591 1588 653 1621 corpus
664 1577 752 1621 proprium
765 1577 850 1617 seuiendo,

121 1642 139 1671 ²5
148 1629 180 1662 sibi
188 1634 246 1660 tamen
254 1634 320 1661 tantum
328 1628 411 1669 cognitus,
418 1628 520 1671 sacrilegum
528 1629 635 1671 precipitauit
643 1628 760 1662 homicidium.
779 1628 813 1671 Qui
821 1628 848 1660 die

148 1678 228 1721 quadam,
236 1678 306 1710 remotis
314 1677 337 1709 ad
345 1679 429 1710 cautelam
436 1679 538 1711 famulorum
545 1678 647 1719 intersticiis,
655 1679 727 1722 quisque
734 1681 801 1721 nephas
811 1689 850 1710 con·

147 1734 216 1772 ceptum
231 1728 312 1770 precurrit
324 1738 414 1770 occupare.
438 1730 467 1762 Set
482 1729 524 1763 deus
538 1729 599 1770 bonus,
615 1728 643 1772 qui
658 1729 712 1763 noluit
727 1735 795 1763 sanctos
811 1739 849 1761 suos

147 1779 233 1814 inmisceri
240 1779 302 1812 eternis
308 1776 390 1820 ludibriis,
397 1786 517 1822 temptatorem
525 1779 618 1821 hebetauit,
623 1785 640 1812 et
646 1785 739 1822 temptatos
746 1792 757 1813 a
764 1779 849 1822 proposito

147 1840 221 1874 nequam
233 1831 262 1863 tali
273 1830 325 1863 modo
337 1830 429 1863 reuocauit.
452 1832 492 1863 Mos
504 1830 550 1863 enim
561 1830 642 1873 predictis
654 1842 665 1863 a
675 1830 736 1873 priscis
747 1829 850 1873 temporibus

120 1895 139 1923 30
147 1881 218 1914 inoleuit
228 1886 247 1912 vt
260 1881 322 1913 cotidie
335 1886 374 1922 post
387 1881 479 1923 prandium
492 1881 509 1913 in
523 1882 588 1913 honore
602 1881 671 1923 gloriosi
684 1882 729 1923 regis
744 1888 762 1914 et
777 1879 850 1913 martiris

148 1930 236 1963 Edmundi
245 1936 283 1971 post
291 1929 357 1971 gracias
369 1929 402 1962 deo
414 1931 478 1963 solutas
486 1930 599 1971 potacionem‚
607 1941 659 1973 quam
668 1931 738 1972 plenum
750 1931 786 1964 siue
797 1929 849 1972 pleni-

147 1978 238 2023 tudine[m]
247 1979 301 2012 sancti
313 1979 401 2012 Edmundi
409 1980 501 2020 vocabant,
509 1981 532 2013 ad
543 1980 647 2022 gustandum
658 1981 749 2023 postulare,
758 1991 796 2021 non,
805 1978 849 2022 quod

146 2030 197 2072 absit,
213 2031 235 2064 ad
249 2032 288 2073 gule
303 2031 391 2065 illecebras
407 2030 512 2073 excitandas
526 2037 555 2072 set,
567 2037 586 2065 vt
600 2031 657 2066 verius
671 2031 735 2076 loquar,
749 2031 772 2065 ad
788 2027 849 2065 Christi

147 2092 231 2125 pauperes
243 2082 349 2115 recreandos.
373 2082 484 2124 Prochdolor,
497 2082 543 2115 dicto
557 2082 585 2116 die
599 2083 676 2126 concepti
691 2083 759 2116 sceleris
771 2083 850 2125 poculum

120 2143 139 2172 35
148 2132 193 2166 beati
208 2132 282 2164 martiris
298 2132 492 2165 omiserunt—nimirum
507 2143 546 2165 cum
561 2139 615 2166 totum
629 2133 651 2165 ad
666 2134 732 2165 malum
746 2132 849 2174 aspirabant,

148 2184 213 2216 bonum
223 2192 257 2215 non
266 2183 362 2223 sapiebant.
384 2184 463 2216 Tandem
471 2192 511 2215 vero
519 2183 563 2215 inter
571 2184 633 2215 densas
641 2193 662 2216 ac
669 2193 764 2225 peropacas
771 2182 850 2214 tenebras

148 2233 177 2266 lux
191 2232 239 2265 exilis
251 2232 324 2272 emicuit,
337 2238 395 2266 sancte
406 2232 486 2266 videlicet
499 2232 624 2266 recordacionis
636 2232 724 2266 Edmundi
735 2231 780 2274 regis
793 2230 850 2264 oblata

149 2283 222 2326 potacio.
243 2283 294 2315 Vnde
306 2283 347 2315 dum
358 2284 428 2326 plenum
439 2283 494 2316 sancti
507 2283 595 2316 Edmundi
606 2283 711 2325 deportatur,
720 2282 777 2316 suasio
788 2278 849 2315 diaboli

148 2334 240 2375 effugatur:
252 2339 269 2367 et
277 2333 318 2366 dum
328 2339 406 2375 gustatur
414 2340 463 2376 potus
472 2335 494 2368 ob
503 2333 616 2368 deuocionem
627 2340 709 2375 sacratus,
717 2335 786 2376 fugatur
797 2330 849 2366 hostis

121 2398 141 2427 40
148 2389 244 2416 excecatus.
274 2384 382 2425 Quapropter
396 2389 472 2425 uterque,
487 2384 555 2416 sceleris
573 2384 674 2426 precogitati
693 2384 777 2427 penitens.
792 2387 850 2416 sancto

148 2433 213 2468 martiri
221 2432 287 2475 gracias
295 2433 329 2474 egit
336 2433 438 2467 dulcilluas.v
455 2434 488 2475 Qui
496 2434 548 2467 cicius
556 2433 633 2468 eiusdem
641 2434 686 2476 regis
694 2433 850 2469 liminavisitantes

169 2510 174 2528 ¹
184 2510 199 2539 Α
210 2509 290 2540 Chronicle
301 2509 319 2540 os
325 2508 347 2540 St.
355 2508 438 2539 Edmund's
450 2509 463 2538 is
473 2514 525 2539 extant
534 2509 550 2538 in
562 2509 595 2539 MS.
607 2511 672 2550 Queen's
681 2510 722 2541 Coll.
734 2509 768 2540 0xt.
778 2508 823 2539 ccciv.
836 2513 849 2543 3,

146 2551 295 2621 *ertator-l
843 2569 844 2572 ¹
