1762 2803
90 138 136 193 Ut
151 135 251 189 &curto
268 135 394 188 &aaaron
410 134 481 197 neoc
497 138 521 187 tt
536 138 659 201 oparata
687 148 728 193 351

31 259 100 304 ingenti
113 258 132 292 in
145 258 211 293 talibus
223 267 243 291 se
255 262 360 302 perceptam
372 267 383 291 a
394 256 433 291 uiro
447 262 510 291 sancto
521 256 614 300 ingemuit.
640 256 733 291 Turbatus

32 311 107 347 nimium
119 311 182 349 abbas,
190 310 232 343 inde
244 309 326 351 recessit,
333 315 350 343 et
359 308 450 353 expeditis
457 309 475 343 in
484 309 534 343 curia
544 309 593 353 regis
601 308 639 342 suis
647 308 733 352 negociis,

31 365 116 400 inuitatus
124 364 147 398 ad
155 363 237 408 reginam
245 362 301 398 uenit.
323 362 357 397 Cui
368 362 452 408 ingresso
463 362 525 408 plures
533 361 651 396 enormitates
659 360 733 396 lasciuie

32 419 86 453 nimis
97 418 220 451 fauorabiliter
232 423 251 451 et
263 418 386 451 inuerecunde
397 417 457 451 locuta
468 423 501 458 est,
509 417 596 460 precibus
607 421 625 450 et
636 415 734 459 promissis

32 472 81 506 illum
92 471 115 504 ad
123 470 184 504 illicita
191 470 258 512 atterit,
266 469 354 503 estimans
364 469 423 503 uirum
435 469 464 503 dei
474 469 538 502 fraude
546 468 625 514 maligna
635 468 653 502 in
664 468 751 508 scelere5

32 534 94 559 secum
107 522 220 557 commisceri
228 535 232 564 ;
247 522 332 567 quoniam
340 522 432 567 perillum
442 522 502 567 detegi
510 522 574 558 metuit
582 533 593 556 a
601 521 671 556 malicia
679 532 734 566 quam

32 578 81 609 illam
89 587 187 608 excercere
194 576 268 608 inuenit.
292 576 374 618 Cumque
379 576 409 608 ille
417 575 487 608 uiribus
495 581 513 608 et
520 575 582 609 uerbis
590 575 661 617 nephas
668 575 735 608 abhor-

33 634 85 669 reret,
93 633 184 662 commota
191 627 209 661 in
221 627 300 662 furorem
311 627 380 671 regina,
388 627 456 661 uocatis
467 626 536 662 ancillis
546 627 584 661 suis
593 628 666 660 beatum
674 627 734 660 uirum

34 681 74 716 neci
87 681 160 715 tradere
171 680 234 721 iussit3
252 680 316 714 nolens
330 690 371 715 esse
387 680 505 724 superstitem
518 690 573 724 quem
587 680 684 724 aliquando
696 680 735 714 lore

34 732 121 767 dubitauit
128 743 203 766 suorum
211 733 301 766 scelerum
310 733 427 775 proditorem.
446 733 469 767 Et
477 744 501 766 ne
507 733 574 767 uulnus
579 732 597 766 in
605 744 627 766 eo
632 738 735 777 appareret,
745 744 764 766 ιο

34 786 134 830 gladiorum
143 785 217 828 capulos
225 784 244 818 in
255 785 297 829 igne
308 785 380 819 seruere
388 784 436 827 fecit,
444 791 463 819 et
474 786 508 819 sub
520 785 591 819 ascellis
599 785 669 819 abbatis
676 796 735 829 usque

34 839 57 872 ad
70 837 145 882 spiritus
160 837 286 871 exalacionem
301 837 409 881 impressit¹.
437 838 478 880 Quo
489 838 541 879 sacto,
553 838 631 873 clamant
644 844 662 873 et
673 838 736 882 lugent

34 891 98 926 ancille
111 895 197 934 tanquam
209 890 307 924 infortunio
320 890 420 934 pauel'acte.
448 891 572 925 Occurrentes
583 897 644 924 autem
657 890 736 925 ministri

34 943 104 978 abbatis
115 948 133 977 et
144 942 233 985 monachi,
241 948 350 987 preuentum
361 943 421 977 subita
431 949 489 977 morte
497 943 581 978 abbatem
589 943 690 978 audierunt.
713 940 736 977 Et

35 996 149 1040 imponentes
163 1006 229 1039 corpus
242 996 332 1036 uehiculo,
345 1001 363 1030 et
379 996 448 1030 nullum
463 996 544 1030 uulneris
559 995 675 1031 inuenientes
690 996 736 1030 indi·
746 1008 764 1038 15

35 1050 87 1091 cium,
93 1049 112 1082 in
120 1049 198 1083 heliensi
207 1049 284 1084 ecclesia
292 1049 386 1093 sepulture
394 1048 519 1092 tradiderunt]

316 1149 330 1184 ll
341 1149 427 1181 Narratio
433 1149 443 1181 ².

56 1195 123 1236 Abbas
129 1200 203 1246 quidam
211 1200 286 1235 nomine
295 1200 402 1242 Nathanael,
408 1200 471 1236 fraude
479 1200 564 1235 demonis
572 1199 659 1235 accidiam
665 1211 738 1246 passus,

37 1256 59 1289 de
67 1255 112 1289 cella
120 1265 153 1288 sua
161 1255 250 1288 recedens
258 1254 312 1287 aliam
318 1253 457 1288 sibil'abricauit.
472 1253 508 1287 Vbi
516 1264 557 1287 cum
563 1253 646 1287 habitare
652 1254 737 1298 cepisset,

37 1309 104 1342 demon
111 1318 146 1350 per
154 1312 228 1341 noctem
238 1318 280 1340 cum
290 1305 352 1350 llagris
362 1306 442 1340 sonitum
451 1317 538 1350 magnum
546 1306 594 1340 feeit.
617 1306 675 1348 ‘Quis
684 1312 738 1349 estu,

37 1360 94 1404 inquit
104 1360 133 1394 vir
146 1360 181 1402 dei,
193 1359 223 1403 qui
237 1359 279 1394 talia
294 1359 312 1393 in
325 1359 404 1403 hospitio
418 1370 459 1394 meo
471 1359 563 1394 conaris?’
585 1359 634 1403 ‘Ego
648 1370 695 1402 sum,
707 1360 737 1402 ait,
746 1368 766 1391 ao

37 1414 67 1456 qui
78 1419 96 1446 te
106 1413 129 1446 de
140 1413 202 1456 priore
213 1413 258 1445 cella
269 1412 340 1455 lugani·y
353 1418 371 1445 et
382 1418 402 1445 vt
412 1423 460 1446 nunc
471 1413 494 1446 de
506 1412 540 1445 hac
551 1418 569 1446 te
581 1412 674 1455 expellam
684 1412 738 1446 veni!

37 1465 88 1499 Tunc
100 1470 174 1499 sanctus
189 1464 263 1498 illusum
274 1474 295 1498 se
306 1464 377 1506 videns,
389 1465 412 1498 ad
424 1464 545 1499 habitaculum
557 1465 638 1509 primum
649 1465 708 1507 rediit,
720 1470 738 1498 et

37 1518 110 1562 triginta
125 1524 196 1562 septem
212 1518 265 1552 annis
280 1517 341 1561 ipsum
356 1518 413 1552 limen
429 1518 494 1552 domus
509 1528 547 1552 non
562 1517 624 1552 eniuit.
655 1519 678 1553 Et
697 1529 739 1553 cum

38 1576 109 1614 septem
125 1571 222 1614 episcopos
237 1581 280 1604 eum
294 1569 391 1604 visitantes
410 1581 444 1603 nec
458 1582 496 1604 vno
511 1569 586 1614 quidem
604 1580 661 1613 passu
676 1581 739 1615 prose-

38 1624 111 1668 quendo
126 1625 242 1663 conduceret,
255 1623 343 1657 diaconus
359 1623 432 1657 illorum
447 1623 483 1658 ait:
503 1623 572 1664 ‘Abba
587 1623 686 1667 superbam
699 1634 739 1658 rem
748 1633 767 1665 25

38 1678 136 1711 admodum
146 1677 195 1718 sacis,
204 1677 235 1721 qui
246 1683 319 1711 sanctos
330 1677 427 1721 episcopos
435 1688 473 1711 non
481 1678 568 1711 conducis
574 1679 589 1711 t'
613 1677 668 1721 ¹Ego,
676 1678 740 1722 inquit,

39 1730 122 1764 dominos
133 1741 185 1764 meos
195 1730 292 1773 episcopos
299 1740 383 1770 veneror,
391 1731 424 1764 sed
432 1736 450 1764 et
460 1730 489 1764 his
499 1736 517 1764 et
525 1731 611 1764 uniuerso
622 1731 685 1764 seculo
692 1741 740 1764 mor-

38 1787 89 1816 tuum
100 1794 130 1816 me
140 1794 182 1817 esse
191 1782 283 1825 profiteor.
306 1782 402 1817 Occultum
413 1787 474 1817 autem
486 1782 601 1826 propositum
611 1792 673 1817 meum
689 1784 740 1817 nouit

39 1835 89 1876 deus,
101 1841 178 1878 propter
190 1835 238 1878 quod
253 1845 286 1868 eos
300 1844 337 1867 non
350 1836 462 1878 prosequor.¹
486 1835 515 1867 Fit
527 1835 595 1868 iterum
608 1835 675 1868 demon
688 1835 740 1878 quasi

39 1886 126 1929 paruulus
141 1897 232 1921 annorum
248 1887 318 1928 decem,
332 1887 405 1920 minans
420 1886 492 1921 asinum
508 1886 598 1930 profunda
613 1892 666 1921 nocte
681 1898 740 1930 panes
749 1896 768 1925 3ο

40 1938 134 1980 serentem,
147 1946 165 1975 et
178 1940 250 1974 asinum
262 1942 281 1974 in
295 1945 363 1974 terram
374 1940 435 1974 ruisse
447 1940 525 1984 fingens,
538 1939 658 1974 exclamauit:
674 1940 740 1974 ‘Abba

40 1991 147 2035 Nathanael‚
157 1994 246 2027 miserere
259 1993 320 2035 michi,
333 2003 367 2036 ego
380 2003 421 2027 sum
435 2003 482 2036 puer
495 1993 579 2027 monachi
591 1992 640 2027 illius
652 1999 670 2028 et
682 2004 740 2037 panes

40 2043 57 2078 ei
69 2051 132 2089 port03
142 2057 200 2091 queso
212 2057 236 2080 ne
248 2045 337 2081 iacentem
346 2045 437 2090 despicias
446 2057 467 2082 ac
476 2045 556 2081 serarum
565 2044 657 2080 morsibus
666 2046 740 2081 tradas.²

41 2096 64 2130 Et
76 2098 100 2132 ait
111 2099 139 2133 vir
152 2100 182 2133 dei
194 2100 242 2133 intra
254 2110 282 2134 se:
300 2100 392 2134 ‘Necesse
404 2105 432 2134 est
444 2111 475 2134 me
487 2105 518 2134 aut
531 2099 679 2140 misericordiam,
691 2100 740 2143 quod

41 2150 141 2184 maximum
150 2158 179 2185 est
189 2158 302 2195 preceptum,
310 2163 347 2185 non
355 2153 420 2193 facere,
428 2159 459 2186 aut
467 2164 477 2185 a
485 2153 578 2195 proposito
586 2152 670 2186 deniare)
692 2153 741 2186 Tan·
749 2161 769 2191 35

41 2200 82 2234 dem
95 2202 177 2237 oratione
189 2204 212 2237 ad
226 2204 281 2238 deum
294 2204 346 2244 facta,
359 2204 464 2248 respondit:
482 2203 546 2243 ‘Audi
559 2203 624 2237 infans.
647 2204 706 2238 Credo
721 2204 741 2238 in

40 2251 80 2295 ipso
93 2254 122 2289 cui
135 2256 201 2298 seruio,
214 2256 245 2300 qui
259 2256 309 2290 omni
323 2256 394 2300 spiritui
407 2257 514 2299 dominatur,
530 2257 573 2300 quia
587 2256 603 2290 si
615 2256 741 2291 necessarium

41 2304 131 2349 habueris,
140 2309 227 2343 auxilium
239 2309 280 2354 ipse
289 2309 320 2343 tibi
328 2309 416 2353 prestabit
424 2319 458 2344 nec
466 2309 515 2344 seras
527 2314 557 2343 aut
567 2319 677 2353 quemquam
685 2309 741 2344 alium

41 2367 107 2393 nocere
121 2362 205 2405 patietur⁴
228 2362 248 2396 Si
260 2374 304 2397 vero
316 2374 347 2397 res
359 2362 455 2407 temptatio
467 2368 501 2404 est,
514 2363 550 2396 iam
562 2373 611 2396 nunc
622 2363 698 2406 aspiciat
711 2364 742 2397 do

42 2411 102 2446 minus
114 2426 167 2449 meus
180 2428 215 2450 nec
227 2428 251 2450 ex
263 2429 285 2450 ea
294 2428 325 2450 me
337 2416 374 2450 ledi
386 2415 479 2460 permittat
488 2415 574 2449 vlterius!
597 2416 670 2450 Demon
681 2416 771 2462 itaqueto

41 2463 99 2499 victus
105 2471 123 2500 et
129 2468 221 2511 confusus,
229 2468 247 2503 in
255 2469 305 2503 venti
314 2470 405 2503 turbinem
413 2474 441 2503 est
449 2469 545 2510 resolutus,
553 2473 571 2503 et
579 2468 598 2503 in
604 2479 648 2503 sues
654 2475 743 2514 agrestes,

42 2515 155 2555 discursibus
163 2526 181 2556 et
188 2522 266 2566 strepitu
274 2521 389 2557 1aseiuiens³.

61 2589 177 2631 ‘alimpnmi
243 2596 344 2626 ‘FromVit
352 2597 421 2633 Patr-um,
429 2596 450 2627 11.
459 2598 493 2627 266.
561 2597 723 2629 ³VP.lasciuientes.
