1762 2803
245 132 291 188 Bt
305 130 406 184 sancto
423 130 537 186 tutatae.
699 145 741 188 521

44 261 59 298 si
67 256 118 295 nam‘
126 265 170 300 spes
176 259 226 288 esset
231 251 337 287 valitudinis
345 261 384 286 sue.
398 251 502 296 Episcopus
508 251 557 286 enirn
565 251 588 285 ad
596 249 683 285 nuncium
688 249 744 285 dixit:

45 312 110 349 ‘Refer
125 307 208 350 celerius,
219 306 283 351 inquit,
295 306 369 340 domino
384 310 415 340 tuo
427 311 445 340 vt
461 304 555 350 dispositis
570 304 626 339 rebus
640 303 690 338 omni
702 313 745 338 cura

44 367 129 413 preparet
140 373 166 402 se,
178 360 220 404 quia
232 370 272 394 cras
284 369 356 394 mecum
367 358 494 404 proficiscetur
505 359 527 392 ad
539 358 598 393 eterni
610 357 659 403 regis
670 358 746 399 curiam,

44 419 74 454 vbi
89 415 148 450 fidelis
164 412 236 447 seruicii
251 424 262 446 a
277 412 369 445 communi
384 412 458 445 domino
473 411 548 454 recipiat
563 412 668 444 mercedem
682 410 746 442 suam!

46 471 79 506 Illo
86 473 147 502 autem
155 466 239 506 abeunte,
247 464 345 508 episcopus
355 468 452 507 presentes
463 462 528 497 fratres
536 462 567 497 tali
574 473 619 497 voce
627 461 678 496 afl'ari
686 461 746 507 cepit:
755 469 764 503 5

45 523 101 563 ‘H0c,
113 517 215 553 charissimi
227 517 269 559 mei,
281 523 357 561 paterna
370 517 458 550 charitate
469 516 540 560 rogati²
551 521 624 551 seruate
640 515 686 560 [vt}³
697 515 746 550 hunc

46 575 117 611 fidelem
129 577 217 612 nostrum,
227 571 250 604 ad
260 572 315 605 deum
323 580 396 604 mecum
404 569 524 613 migraturum
536 578 598 603 meum
610 568 664 603 funus
675 572 747 612 presto-

46 627 104 667 lando,
115 633 188 659 mecum
199 624 222 658 ad
235 622 385 658 Schireburniam
395 621 463 657 deferri
474 627 492 657 et
503 622 577 666 sepeliri
588 621 668 663 faciatis:
684 626 703 657 vt
716 620 747 666 qui

46 680 90 716 mihi
100 679 178 712 deuotus
187 676 206 710 in
218 676 300 719 presenti
308 676 345 709 vita
356 686 430 718 semper
441 676 479 716 fuit,
486 676 505 709 in
514 681 574 709 morte
584 675 639 708 etiam
650 680 668 708 et
676 675 694 708 in
702 685 748 718 pace

46 731 89 767 assit
101 728 200 773 perpetua.¹
225 727 308 771 Lugebat
319 727 418 771 plurimum
433 727 481 761 inter
493 733 565 762 ceteros
576 728 663 762 sacerdos
674 727 748 772 quidam
758 736 776 759 ro

47 788 108 819 sancto
121 781 190 826 presuli
206 780 271 815 merito
285 779 386 816 sanctitatis
399 780 493 815 familiaris
508 792 529 815 ac
544 785 657 815 secretorum
673 789 748 815 suorum

47 835 134 876 conscius,
147 835 222 868 nomine
233 834 320 869 ericus.
348 834 382 869 Cui
397 840 472 869 sanctus
485 835 583 879 episcopus
598 834 716 878 compatiens,
730 838 748 869 et

47 889 98 934 quasi
108 890 145 923 iam
157 888 227 923 solutus
239 894 257 923 et
268 888 287 922 in
295 888 335 923 celo
343 888 414 932 positus
426 887 534 923 fiducialiter
541 887 619 932 loquens
627 887 683 921 dixit:
696 885 748 921 ‘Noli

48 944 97 984 flere,
108 941 172 984 inquit,
184 941 241 974 frater
252 941 366 982 charissime,
377 940 420 984 quia
430 941 477 974 vado
489 941 512 973 ad
523 940 610 983 gaudium
621 940 669 973 mei'
680 938 748 973 domini
802 940 810 955 ⁶

47 993 127 1028 vocantis
139 1003 174 1026 me
196 992 273 1026 Confide
284 993 345 1037 potius
357 997 375 1027 et
387 992 441 1027 crede
451 992 493 1036 quia
504 991 547 1027 hinc
558 1002 568 1026 a
580 991 688 1026 duodecimo
699 996 776 1031 tran-15

48 1047 92 1081 situs
100 1045 136 1079 mei
144 1055 193 1079 anno
200 1055 221 1079 ac
231 1045 324 1089 deinceps,
332 1046 438 1079 recordatus
447 1043 532 1080 dominus
541 1044 627 1079 bonitatis
635 1056 669 1079 sue
678 1043 749 1078 miseri-

49 1099 118 1133 cordias
125 1108 169 1132 suas
176 1109 248 1133 mecum
257 1098 384 1133 miraculorum
392 1099 506 1132 attestatione
516 1099 605 1138 ostendet,
614 1098 687 1142 plebem
695 1108 748 1131 suam

49 1151 104 1195 gratie
112 1162 145 1185 sue
153 1151 264 1185 reuelatione
271 1151 290 1185 in
297 1162 327 1186 me
334 1151 413 1185 visitabit
420 1162 425 1192 ;
433 1156 452 1185 vt
459 1152 505 1184 sicut
513 1151 536 1184 de
543 1150 619 1184 transitu
627 1160 670 1183 meo
679 1149 749 1192 [modo]

50 1204 109 1237 dolore
117 1202 177 1237 affecti
184 1203 234 1245 estis,
242 1204 267 1237 ita
275 1207 318 1238 tunc
326 1214 407 1247 superno
415 1208 500 1247 respectu
508 1203 614 1247 gaudeatis!
637 1202 679 1236 Hiis
690 1202 750 1244 dictis,

50 1255 123 1290 eleuatis
137 1255 156 1290 in
169 1256 228 1291 celum
241 1256 298 1291 oculis
311 1256 330 1291 in
345 1256 452 1291 admirabile
467 1256 516 1291 beati
529 1255 619 1301 Stephani
634 1255 694 1300 erupit
708 1266 750 1301 pre·
758 1266 778 1289 ao

50 1308 120 1342 conium
135 1308 209 1344 dicens:
230 1310 287 1344 ‘Ecce
300 1310 354 1344 video
369 1311 419 1344 celos
433 1315 508 1354 apertos
522 1315 541 1343 et
555 1309 630 1344 ihesum
645 1314 724 1344 stantem
739 1318 750 1343 a

50 1361 118 1396 dextris
131 1362 171 1397 dei.'
195 1363 218 1398 Et
231 1363 249 1398 in
261 1363 295 1398 hac
307 1374 358 1406 voce,
371 1368 424 1398 sexto
436 1363 480 1397 ldus
491 1362 572 1403 ianuarii,
585 1362 604 1396 in
614 1373 670 1396 manu
681 1361 751 1396 domini

51 1414 115 1447 efflauit
124 1415 208 1458 spiritum
216 1426 276 1449 suum.

345 1482 457 1521 fffimm

72 1547 128 1589 Circa
142 1556 177 1591 hos
191 1556 231 1591 dies
247 1557 336 1591 heremita
348 1557 428 1602 quidam,
440 1557 469 1592 vir
483 1558 578 1593 modestus
591 1563 610 1592 et
623 1563 702 1598 sanctus,
714 1567 751 1592 non

51 1607 103 1652 longe
112 1620 122 1643 a
130 1610 235 1654 purgatorio
243 1610 301 1645 sancti
310 1610 382 1645 Patricii
389 1611 408 1645 in
416 1611 455 1645 loco
463 1610 537 1645 deserto
543 1610 562 1645 in
571 1610 661 1646 Hibernia
669 1611 752 1655 degebat,
761 1626 779 1656 ²5

51 1660 69 1694 in
81 1661 132 1695 cuius
143 1663 196 1695 horto
209 1663 260 1696 omni
272 1663 311 1697 fere
322 1669 375 1697 nocte
387 1664 476 1697 demones
488 1663 584 1698 visibiliter
597 1668 722 1698 conuenerunt
733 1669 752 1698 et

52 1713 110 1747 statim
126 1720 168 1757 post
179 1715 223 1749 solis
238 1726 323 1750 occasum
335 1716 441 1760 congregati
453 1715 540 1760 placitum
553 1716 578 1751 ibi
591 1721 694 1758 tenuerunt,
709 1721 752 1750 ante

52 1765 94 1800 solis
109 1772 169 1802 ortum
185 1767 228 1803 inde
243 1770 361 1812 recedentes;
377 1769 466 1803 rationem
478 1768 503 1804 ibi
516 1768 616 1805 reddebant
629 1769 707 1815 principi
719 1780 753 1804 suo

52 1819 94 1862 quid
109 1822 152 1855 mali
167 1822 258 1856 fecerant¹⁵
273 1823 386 1866 decipiendo.
416 1822 498 1864 Quorum
514 1823 669 1857 confabulationes
683 1821 752 1856 audiuit

52 1872 79 1905 vir
91 1879 165 1907 sanctus
180 1874 282 1916 manifeste,
298 1880 316 1909 et
331 1885 395 1909 eorum
409 1875 478 1917 figuras
493 1875 586 1909 deformes
599 1875 695 1908 visibiliter
709 1886 752 1908 con·
761 1883 781 1911 ³0

53 1924 116 1966 spexit.
139 1926 169 1959 Ad
182 1926 248 1960 ostium
261 1926 326 1962 cellule
339 1925 379 1961 eius
393 1932 523 1967 conuenerunt,
536 1927 569 1961 sed
583 1926 669 1971 quoniam
684 1926 752 1960 intrare

53 1984 88 2010 non
96 1983 185 2020 poterant,
193 1979 252 2013 nudas
260 1979 285 2012 illi
293 1990 338 2023 sepe
346 1978 432 2013 mulieres
440 1980 565 2013 ostenderunt.
587 1979 655 2023 Sicque
663 1980 752 2014 heremita

53 2025 83 2061 ille
93 2041 127 2073 per
135 2030 292 2066 confabulationes
300 2042 362 2066 eorum
371 2031 426 2066 vitam
434 2031 482 2066 illius
493 2031 572 2077 regionis
584 2032 683 2067 multorum
695 2031 752 2067 homi·

53 2090 96 2115 num
104 2084 193 2127 cognouit.
216 2085 261 2119 Erat
269 2091 330 2119 autem
338 2086 357 2119 in
364 2085 422 2129 patria
432 2085 462 2119 illa
470 2086 556 2119 sacerdos
564 2086 638 2129 quidam
646 2091 709 2120 sancte
716 2086 753 2120 vite

53 2138 71 2167 et
82 2134 164 2178 honeste,
173 2137 203 2181 qui
211 2137 292 2182 quotidie
303 2148 357 2172 mane
368 2148 446 2183 surgens
458 2137 566 2173 cimiterium
578 2139 679 2174 circumiuit
690 2145 709 2174 et
719 2149 753 2183 pro
762 2153 781 2185 35

54 2186 147 2224 animabus
155 2189 173 2224 in
184 2190 271 2225 cimiterio
279 2191 411 2235 quiescentium
421 2197 492 2235 septem
501 2192 584 2235 psalmos
591 2193 670 2227 deuotus
677 2192 753 2234 cecinit3

54 2245 102 2273 caste
114 2241 165 2284 vixit,
178 2248 197 2277 et
210 2244 263 2277 bonis
276 2243 362 2287 operibus
376 2254 397 2277 ac
410 2249 473 2278 sancte
486 2244 569 2279 doctrine
582 2244 659 2279 sollicite
674 2244 754 2279 studium

54 2288 145 2334 impendit.
169 2294 262 2329 Demones
273 2296 293 2329 in
304 2295 390 2331 concilio⁶
401 2307 435 2330 suo
446 2296 555 2332 multociens
567 2298 663 2343 conquesti
676 2304 718 2333 sunt
731 2299 755 2333 de

54 2352 75 2376 eo
83 2347 313 2393 quodapropositonullus
319 2360 383 2384 eorum
389 2350 450 2393 ipsum
455 2350 528 2386 flectere
533 2356 602 2395 posset.
616 2350 754 2394 Increpalbah'

55 2398 140 2434 satellites
152 2411 196 2436 suos
210 2400 297 2445 princeps
308 2413 373 2437 eorum
385 2403 435 2448 quod
449 2408 486 2437 tarn
499 2404 530 2438 diu
545 2404 638 2448 presbiter
649 2403 754 2438 inflexibilis
762 2418 783 2446 40

55 2451 169 2489 perstitisset.
192 2454 215 2487 Et
228 2456 319 2488 accedens
330 2465 378 2489 vnus
391 2466 455 2490 eorum
465 2456 522 2490 dixit:
540 2456 589 2500 ‘Ego
602 2456 692 2500 decipiam
706 2466 755 2498 eum,

73 2530 181 2579 ‘'L-quonam
218 2536 254 2568 1Ε.
262 2542 320 2575 rogate.
358 2538 429 2570 ³orn.in
437 2539 618 2577 E.;Lansd.quatinus.
654 2539 755 2570 ⁴E.domiui

55 2579 90 2604 mer.
136 2576 255 2609 tnsecerunt.
296 2578 328 2609 οΕ.
336 2579 407 2612 consilio.
447 2578 481 2611 1Ε.
489 2579 565 2619 increpat.
