1762 2803
121 123 123 129 ’
155 167 198 209 140
221 202 224 211 „
341 155 421 208 unua
437 152 553 215 tenuta
569 152 662 215 tinniit.

153 275 205 319 graui
218 281 293 319 peccato
306 277 362 310 deum
375 277 497 310 exacerbaret.
521 276 544 309 Et
556 287 622 310 reuera
635 275 709 319 grauius
721 280 750 309 est
762 274 855 308 Christum

154 338 227 371 negare,
236 339 290 372 quam
301 329 381 372 aliquem
392 340 425 373 pro
433 340 467 363 sua
476 328 603 372 redemptione
615 328 699 362 homines
710 338 753 363 suos
764 327 855 362 ablatione

155 382 232 425 pecunie
246 382 339 426 ipsorum¹
351 384 374 417 ad
386 383 478 416 modicum
489 394 572 427 grauare.
595 383 633 416 Sed
647 382 696 426 quod
708 381 770 416 minus
783 386 812 415 est
824 381 855 414 El·

155 435 227 479 phegus
235 435 295 470 facere
303 435 370 478 noluit;
382 436 439 469 multo
447 434 501 479 igitur
509 435 570 469 minus
575 434 669 469 Christum
678 438 758 478 negaret,
766 433 782 467 si
788 444 857 468 vesana

139 486 209 530 5plebs
220 488 242 520 ad
253 488 288 521 hoc
299 499 341 522 eum
353 493 431 521 mortem
440 488 568 531 intemptando
578 489 717 530 constringeret.
739 487 794 521 Vnde
805 488 857 520 datur

156 539 232 583 intelligi
240 539 341 583 quantavis
348 540 419 575 iusticie
427 545 492 585 pectus
500 541 540 575 eius
548 541 656 584 possederit,
663 541 736 585 quando
742 539 797 573 vitam
805 549 857 573 suam

157 592 219 626 maluit
228 593 276 635 dare,
285 603 340 637 quam
348 599 410 638 spreta
417 593 504 628 charitate
512 593 606 638 proximos
616 604 660 627 suos
668 592 795 627 scandalizare.
819 591 857 625 Nec

156 645 253 687 immerito,
258 651 278 681 vt
285 657 327 681 reor
332 646 343 690 ²,
349 647 397 682 inter
404 647 488 682 martires
496 653 616 691 computatur,
624 647 654 691 qui
662 657 696 692 pro
704 646 771 681 iustitia
779 650 858 679 mortem

157 704 222 742 sponte
237 699 342 743 suscepisse
356 700 466 744 predicatur.
494 701 542 734 Nam
557 706 575 734 et
590 701 655 735 beatus
669 701 762 734 Iohannes
776 698 858 742 Baptista

131 762 149 782 10
157 762 212 795 quem
221 751 250 785 dei
258 752 335 786 ecclesia
345 752 453 797 precipuum
463 753 557 787 martirem
568 753 626 787 credit
636 758 655 787 et
661 758 764 793 veneratur,
772 762 809 785 non
817 750 859 794 quia

158 803 250 837 Christum
266 815 338 848 negare,
352 806 386 839 sed
400 805 442 848 quia
457 816 491 849 pro
505 806 613 839 defensione
627 805 674 849 legis
689 805 751 838 diuine
763 804 859 837 veritatem

157 857 215 891 noluit
226 863 291 899 tacere,
301 859 323 892 ad
332 864 395 893 votum
407 859 502 893 saltatricis
514 858 573 902 capite
584 859 651 902 plexus
661 863 695 893 est.
718 857 741 892 Et
751 855 795 901 quid
805 855 860 890 distat

158 921 192 955 pro
207 910 278 945 iusticia
293 911 345 954 mori,
357 912 387 947 vel
402 912 449 947 mori
463 923 497 956 pro
511 912 600 948 veritate?
623 912 704 954 Constat,
716 915 794 945 testante
808 919 860 944 sacro

159 964 236 1009 eloquio,
244 965 286 1008 quia
294 964 368 1005 veritas,
380 971 398 999 et
409 965 480 1000 iusticia
488 966 573 1000 Christus
585 970 618 1000 est.
642 966 685 1009 Ipse
696 965 745 998 enim
754 962 815 997 dicit'“
821 962 860 1005 Ego

132 1028 150 1058 15
159 1028 201 1052 sum
208 1018 292 1059 veritas‚”
301 1024 319 1052 et
327 1019 420 1062 apostolus
429 1019 528 1053 “Christus
536 1019 594 1052 iactus
604 1023 633 1052 est
642 1018 695 1052 nobis
704 1028 714 1051 a
725 1018 759 1050 deo
771 1015 861 1059 sapientia

160 1075 177 1105 ct
189 1071 276 1104 iusticia¹¹
299 1071 335 1113 Qui
347 1082 390 1115 ergo
403 1083 436 1115 pro
448 1071 524 1106 veritate
537 1077 555 1106 et
566 1071 637 1106 iusticia
649 1071 730 1112 moritur,
742 1081 776 1114 pro
788 1068 861 1103 Christo

159 1124 245 1166 moritur3
258 1124 289 1167 qui
295 1129 355 1168 autem
362 1136 395 1168 pro
401 1125 473 1158 Christo
480 1126 561 1167 moritur,
567 1125 644 1159 ecclesia
650 1130 696 1158 teste
703 1129 773 1166 martyr
779 1123 860 1156 habetur.

160 1175 228 1209 Beatus
239 1187 284 1210 vero
296 1176 390 1220 Elphegus
406 1187 453 1221 eque
466 1187 500 1220 pro
516 1177 592 1219 iusticia,
602 1182 622 1211 vt
635 1181 709 1211 sanctus
722 1176 814 1223 iohannes
827 1183 861 1217 pro

160 1229 240 1271 veritate,
249 1240 315 1273 passus
326 1235 360 1264 est.
382 1230 420 1264 Cur
430 1241 474 1274 ergo
484 1232 526 1275 plus
537 1232 560 1265 de
567 1231 627 1271 vnius,
635 1240 690 1275 quam
701 1229 724 1264 de
735 1227 810 1263 alterius
817 1237 862 1261 vero

133 1289 152 1311 20
160 1287 259 1325 sanctoque
276 1282 357 1317 martirio
370 1283 467 1327 quisquam
483 1284 567 1328 ambigat,
583 1295 625 1318 cum
640 1294 674 1328 par
689 1293 744 1316 causa
762 1281 781 1314 in
798 1281 862 1314 mortis

160 1334 280 1378 perpessione
286 1340 383 1378 Vtrumque
391 1336 471 1369 detineat
476 1337 491 1369 ξ’
510 1336 595 1369 Audiens
602 1337 637 1368 hoc
644 1335 769 1374 Lamsrancus,
774 1333 862 1366 rationem

160 1386 264 1430 gratanter³
273 1384 386 1430 appiobauit
395 1392 412 1422 et
424 1393 507 1422 sanctum
516 1388 620 1432 Elphegum
628 1388 716 1431 deinceps
723 1391 822 1422 veneratus
830 1388 862 1417 cst.

162 1432 232 1474 Postea
243 1440 320 1474 relatum
332 1446 360 1474 est
372 1440 407 1483 ipsi
416 1441 524 1475 Lamfranco
532 1442 581 1484 quod
592 1442 648 1475 abbas
656 1439 757 1474 Anselmus
764 1449 801 1473 vna
810 1441 862 1471 noete

162 1498 205 1537 post
211 1493 309 1527 matutinas
315 1493 393 1528 veniens
401 1495 424 1528 ad
430 1494 498 1528 lectum
506 1505 560 1529 suum
568 1493 638 1529 inuenit
645 1494 664 1527 in
673 1504 694 1527 eo
701 1492 775 1526 anulum
782 1500 863 1529 aureum,

135 1554 153 1583 25
162 1557 218 1590 quem
225 1546 277 1589 prius
285 1546 352 1580 Christi
361 1548 425 1581 cruce4
433 1548 511 1591 signauit
516 1547 528 1588 ⁵,
537 1558 561 1581 ne
568 1548 615 1581 sorte
623 1546 682 1581 illusio
691 1544 774 1579 demonis
783 1548 837 1585 esset,
846 1547 863 1575 et

163 1599 232 1642 accepit
243 1609 291 1633 eum.
313 1600 367 1640 Quod
377 1610 419 1633 curn
430 1600 512 1633 audisset
523 1600 677 1643 archiepiscopus,
685 1596 817 1640 re[s]erent[']⁶
829 1594 863 1627 sibi

163 1651 268 1696 respondit:
278 1651 394 1687 ‘Certissime
401 1652 453 1693 scias,
458 1652 509 1687 illum
515 1657 556 1696 post
563 1663 592 1687 me
599 1652 679 1686 futurum
685 1649 844 1694 archiepiscopum
849 1648 863 1681 ':

164 1709 182 1739 et
197 1704 244 1739 sicut
259 1704 343 1750 predixit,
359 1704 383 1739 ita
398 1705 465 1740 euenit.
513 1699 557 1740 Fuit
572 1705 622 1739 enim
638 1704 759 1738 Lamfrancus
774 1701 864 1737 alacritate

164 1759 258 1798 iocundus,
266 1758 368 1793 humilitate
379 1759 487 1801 submissus,
495 1759 514 1792 in
522 1758 628 1793 elemosinis
638 1759 705 1802 largus,
714 1758 751 1791 fide
761 1754 864 1793 catholicus,

137 1818 157 1847 30
165 1811 263 1844 christiane
279 1810 372 1854 religionis
391 1817 489 1856 reparator,
504 1822 605 1856 pauperum
622 1815 738 1851 sustentator,
754 1808 864 1853 pupillorum

165 1869 261 1908 protector,
268 1864 363 1898 viduarum
369 1866 482 1906 consolator,
494 1871 512 1899 et
520 1876 569 1898 anno
577 1864 694 1908 episcopatus
700 1862 728 1896 sui
734 1861 805 1896 decimo
811 1869 865 1899 nono,

165 1916 228 1959 quinto
241 1915 275 1949 kal.
287 1915 336 1956 iunii,
348 1916 397 1950 diem
409 1917 473 1951 clausit
484 1922 594 1958 extremum,
607 1921 625 1950 et
637 1916 655 1949 in
667 1915 745 1949 ecclesia
756 1924 811 1958 quam
826 1912 865 1955 ipsc

166 1968 256 2003 edificauit
261 1968 272 2012 ⁷,
277 1980 319 2003 curn
328 1968 397 2003 honore
405 1969 488 2014 sepultus
496 1970 580 2003 est-l
587 1961 627 2003 Hic
634 1967 753 2002 Lamhancus
759 1961 866 2000 reuocabat⁹

165 2022 242 2056 viriliter
249 2022 377 2065 possessiones
389 2023 466 2056 ecclesie
477 2033 510 2056 sue
520 2022 613 2064 alienatas,
625 2032 668 2055 nam
677 2026 695 2055 et
703 2020 808 2064 preualebat
817 2019 836 2051 in
844 2026 866 2050 eo

139 2081 158 2112 55
167 2075 227 2110 anime
241 2074 328 2110 viuaeitas
344 2081 361 2110 et
378 2076 426 2110 beati
441 2075 532 2111 Dunstani
550 2075 569 2110 in
584 2086 627 2110 eum
642 2074 693 2109 fauor
708 2073 791 2108 diffusus.
820 2070 866 2104 Nam

167 2128 324 2172 quotienscunque
334 2127 353 2161 in
363 2128 429 2162 talibus
440 2129 577 2162 cunctabundus
589 2128 671 2161 differret
682 2126 797 2167 sententiam,
806 2125 867 2158 aderat

168 2180 275 2213 Dunstanus
287 2180 322 2213 sibi
333 2175 427 2225 soporato,¹
434 2180 581 2214 aduersariorum
593 2180 683 2223 detegens
694 2178 784 2212 versutias
798 2182 816 2210 et
827 2184 867 2208 eua-

168 2233 224 2267 dendi
239 2233 339 2267 ostendens
354 2233 434 2267 semitas.
457 2233 561 2275 Quinetiam
574 2233 671 2277 aliquando
686 2236 800 2275 egrotantem
815 2229 867 2262 Lam-

168 2286 257 2325 francum,
268 2285 359 2319 luctamen
371 2287 419 2328 quod
431 2297 494 2320 secum
507 2285 614 2320 Dunstanus
626 2284 683 2319 inisse
694 2283 795 2325 videbatur,
803 2278 867 2324 eripuit

141 2347 161 2379 40
169 2337 270 2374 discrimini
278 2344 296 2372 et
304 2337 382 2372 restituit
388 2338 487 2372 valitudini.
531 2338 545 2358 ¹⁰
551 2330 673 2372 Lamfrancus
680 2336 735 2371 etiam
743 2336 761 2370 in
770 2332 868 2369 consessio·

170 2392 223 2427 nibus
229 2390 325 2426 audiendis
331 2396 368 2425 tam
374 2390 416 2435 pius
422 2397 440 2425 et
448 2391 525 2425 affabilis
531 2391 595 2433 extitit,
600 2396 619 2425 vt
627 2401 692 2425 manus
698 2390 733 2424 sibi
739 2387 868 2424 confitentium,

189 2480 378 2519 ¹T.ipsorumpecunie.
419 2479 502 2511 ²E.rear,
543 2479 671 2518 ³E.gratenter.
713 2472 869 2522 *Tmrucecnn‘stl

169 2521 282 2559 ³T.signans.
323 2520 481 2552 ⁶T.E.reuerenter.
527 2519 593 2559 7εοΤ,;
604 2520 622 2552 E.
630 2519 717 2551 edificabat.
763 2514 869 2560 ”Ctihgdfffi

169 2562 206 2598 VII,
213 2563 223 2591 6
229 2562 324 2600 (Knyghton
332 2561 384 2601 2362).
440 2560 446 2577 ⁰
457 2561 474 2591 E.
483 2561 568 2592 reuocauit.
623 2561 635 2578 ¹⁰
642 2561 690 2598 fligd.
697 2560 748 2590 adds:
759 2559 779 2588 Et
786 2562 804 2587 ut
810 2565 831 2585 ex
839 2556 870 2582 vita

171 2601 249 2633 Dunstani
256 2601 339 2640 colligitur.
