1762 2803
84 154 86 159 .
135 120 179 175 656
346 125 347 128 ’
398 119 523 182 appatuit
540 123 571 167 ΙΙ.

134 239 209 272 martiris
223 240 313 283 edicasset,
326 242 359 274 hac
371 247 450 275 sanctum
464 243 574 285 Botulphum,
588 243 627 277 illac
642 248 721 277 sanctum
738 242 837 287 luminum,

84 297 86 305 ’
134 289 226 332 medioque
238 290 317 333 reliquias
332 291 386 325 sancti
399 293 467 326 Thome
481 299 499 326 et
514 294 586 326 aliorum
601 293 726 337 quamplurium
741 295 805 328 auratis
821 300 838 328 et

135 341 226 382 gemmatis
240 341 306 374 feretris
320 343 397 385 preclare
415 343 526 377 collacasset:
546 350 623 385 egrotare
642 344 690 386 cepit.
714 345 771 377 Nocte
787 344 838 386 igitur

136 390 210 433 quadam
224 391 321 425 dominicali
333 394 393 426 morbo
406 392 546 434 ingrauescente:
564 393 630 426 visione
643 394 742 426 dulcissima
752 393 799 426 visus
812 400 838 426 est

118 440 167 478 asibi
178 440 257 474 dominus
267 442 326 475 ihesus
334 442 417 482 Christus,
426 442 529 476 Edmundus
539 453 606 485 quoque
614 454 653 476 cum
660 443 676 476 T
677 443 734 484 homa,
743 442 838 485 Botuipbus

136 490 190 524 eciam
205 501 243 524 cum
258 492 333 524 Iurmino
349 497 366 524 et
385 492 475 532 Nicholao,
490 492 631 534 appropinquare,
647 492 676 534 qui
690 491 741 525 eum1
756 492 838 525 melliflua

135 539 239 574 allocucione
254 540 378 583 alloquunturt
402 541 481 575 Tandem
496 542 575 575 aiebant:
596 542 682 582 ‘Adorna,
699 541 766 582 dilecte,
782 542 838 574 thala-

135 600 183 623 mum
196 591 251 624 cordis
262 591 287 624 tui
298 596 315 624 et
326 591 366 624 veni
378 593 400 625 ad
413 602 450 625 nos.
473 592 519 635 Quid
530 592 611 625 vlterius?
628 591 687 626 venies
698 591 721 625 ad
732 591 808 634 requiem
821 598 838 625 et

136 640 208 682 gloriam
221 642 309 675 eternam?
333 642 387 676 Facta
400 642 451 684 igitur
463 647 500 676 tam
513 648 573 675 sancta
587 642 656 683 visione,
669 652 709 674 mox
721 642 838 675 consessorem

110 702 128 723 ιο
137 691 169 724 sibi
181 691 259 724 accersiri
271 692 330 732 iussit;
343 692 369 724 cui
380 702 418 724 curn
427 693 459 724 hec
466 691 556 733 retulisset,
564 697 581 724 et
590 693 635 725 facta
646 690 752 725 consessione
764 690 838 724 domini-

136 752 176 774 cum
187 751 249 784 corpus
259 742 371 783 percepisset:
384 743 416 774 deo
428 748 444 774 et
455 742 505 774 beate
517 741 573 773 Marie
584 747 677 783 sanctoque
688 740 782 773 Edmundo
794 746 838 772 cete-

136 791 193 832 risque
206 790 278 832 preuisis
292 800 360 823 necnon
373 795 391 823 et
404 789 483 822 omnibus
497 790 562 822 sanctis
573 789 652 833 spiritum
663 788 809 833 com[m]eudans,
821 789 839 822 in

136 850 180 883 pace
188 840 258 884 quieuit.

247 929 277 959 DE
289 935 371 966 QUODAM
382 935 394 959 A
406 934 478 960 MORTIS
489 934 584 960 PERICULO
596 933 728 960 PRESERUATO.

179 994 223 1036 Egio
233 1001 314 1037 precepto
322 995 353 1028 uiri
361 994 451 1037 homicide,
459 995 504 1028 fures
513 1000 530 1028 et
542 994 638 1028 huiusmodi
648 1005 658 1027 e
666 993 737 1027 diuersis
747 992 839 1036 prouinciis

111 1053 128 1083 15
200 1045 332 1087 inquirebantur,
343 1046 460 1087 capiebantur,
472 1052 488 1079 et
499 1055 557 1078 coram
568 1045 652 1077 iudicibus
662 1043 747 1086 regiisque
757 1042 839 1076 ministris

137 1094 183 1138 apud
191 1101 269 1128 sanetum
277 1095 388 1128 Edmundum
396 1095 503 1128 ducebantur
510 1101 527 1128 et
535 1095 552 1128 in
560 1105 628 1128 carcere
636 1094 764 1127 claudebantur.
787 1094 810 1125 Et
818 1103 839 1125 ne

137 1144 172 1180 doli
179 1146 225 1178 malo
233 1145 349 1186 liberarentur,
358 1145 432 1179 iudicum
441 1150 521 1188 precepto
529 1146 546 1178 in
554 1145 608 1178 tribus
615 1144 695 1178 breuibus
703 1155 761 1177 eorum
769 1143 839 1176 nomina

137 1195 259 1229 scribebantur.
284 1196 331 1228 Inter
342 1206 385 1238 quos
395 1196 465 1238 quidam
477 1196 563 1228 Robertus
573 1194 675 1236 cognomine
684 1193 762 1236 putridus
771 1193 839 1234 sotular,

138 1246 160 1278 de
168 1245 252 1285 Banham,
260 1255 290 1286 pro
298 1251 335 1276 rato
343 1250 398 1277 semet
405 1244 455 1278 scribi
464 1250 480 1276 et
488 1244 531 1277 vidit
538 1250 555 1276 et
563 1244 634 1276 audiuit.
650 1242 685 1275 Hic
693 1242 737 1274 inter
745 1242 839 1282 oraciones,

112 1303 130 1325 ιο
138 1292 246 1334 afflicciones,
254 1292 333 1326 lacrimas
341 1298 359 1326 et
367 1292 470 1327 deuociones
480 1299 540 1327 uotum
550 1293 598 1326 uouit
609 1294 642 1326 deo
651 1298 669 1326 et
676 1298 735 1326 sancto
746 1292 840 1326 Edmundo

138 1342 217 1388 quatinus
226 1343 240 1377 si
248 1355 287 1377 eum
295 1344 379 1387 eriperent
387 1345 409 1378 de
417 1343 528 1386 huius[modi]
538 1344 618 1386 periculo,
626 1343 760 1385 prestanciorem
768 1348 840 1385 quatuor

137 1396 189 1427 boum
200 1404 268 1427 suorum
277 1394 292 1427 ei
303 1394 383 1427 redderet
390 1404 448 1427 vnum.
460 1401 461 1405 ’
471 1394 524 1426 Mane
532 1393 584 1435 igitur
591 1393 624 1426 hiis
631 1393 697 1426 eductis
704 1392 840 1436 nominatimque

138 1453 177 1477 curn
183 1443 251 1486 scriptis
259 1443 346 1477 accersitis
351 1449 370 1476 vt
376 1455 420 1486 aque
427 1443 505 1477 examine
511 1450 632 1485 purgarentur:
643 1443 693 1476 buius
700 1443 771 1476 Roberti
777 1454 839 1477 nomen

138 1492 189 1526 nuilic
195 1499 221 1525 est
226 1500 317 1534 repertum.
333 1494 397 1526 Libens
404 1493 456 1534 igitur
463 1499 480 1525 et
488 1494 565 1533 gaudens
573 1494 596 1525 ad
603 1493 672 1534 propria
677 1493 765 1532 remeauit,
771 1492 840 1534 votique

112 1553 131 1583 25
139 1542 164 1574 sui
172 1551 206 1573 non
214 1541 303 1574 immemor
310 1542 373 1574 bouem
380 1541 451 1574 adduxit
458 1547 475 1575 et
483 1552 522 1574 eum
529 1541 604 1574 maxima
612 1541 706 1574 deuocione
713 1542 746 1574 deo
754 1547 771 1573 et
781 1546 840 1574 sancto

139 1590 232 1624 Edmundo
241 1591 309 1634 optulit;
321 1590 379 1634 sicque
387 1591 467 1634 deinceps
474 1591 543 1625 beacius
551 1591 604 1625 uitam
612 1602 660 1625 suam
667 1591 764 1634 proteiauit.

185 1691 216 1722 DE
227 1697 401 1724 NnUFRAGANTIBUs
413 1691 515 1724 DONEWICI
527 1697 564 1723 PER
576 1697 666 1724 SANCTUM
677 1690 797 1724 Eontunoum

386 1748 399 1771 Α
411 1747 477 1772 MORTE
488 1747 592 1773 LIBERATIS.

183 1806 247 1840 Uidam
266 1812 325 1849 portus
344 1806 474 1848 douewicensis,
492 1807 562 1849 nauigio
581 1807 688 1849 remigantes,
705 1818 752 1841 more
766 1806 840 1850 piscario

203 1857 221 1890 in
230 1857 284 1891 altum
292 1868 340 1891 mare
347 1857 445 1900 tendebant,
454 1857 533 1900 rectaque
544 1858 621 1891 laxantes
631 1863 666 1891 tota
675 1865 725 1891 nocte
734 1857 841 1892 iactabantur

139 1909 186 1942 salo:
198 1907 287 1951 subitoque
294 1908 319 1942 eis
327 1914 419 1950 tempestas
426 1913 485 1941 exorta
493 1908 564 1941 certauit
574 1909 643 1941 eosdem
651 1909 744 1951 propellere
752 1910 775 1941 ad
782 1908 840 1941 mortis

112 1966 132 1995 30
139 1964 218 1992 extrema.
242 1957 308 1999 Quibus
318 1958 347 1990 diu
355 1958 426 1999 vexatis,
433 1957 502 2001 uitaque
514 1958 610 2000 desperata,
619 1958 686 1992 animas
698 1969 737 1993 suas
749 1959 782 1992 deo
794 1968 840 1992 com-

140 2006 266 2050 [m]endabant,
280 2018 321 2050 sepe
334 2008 426 2040 clamantes
438 2007 492 2041 sancti
506 2007 594 2040 Edmundi
605 2017 674 2049 nomen,
686 2007 741 2041 sancti
752 2006 840 2041 Edmundi

139 2056 224 2097 auxilium,
233 2062 250 2089 et
262 2057 306 2089 inter
314 2058 398 2089 clamores
409 2063 425 2090 et
435 2057 503 2098 dolores
513 2056 545 2089 sibi
557 2062 598 2089 uota
606 2068 636 2089 sua
643 2063 732 2097 vouerunt,
740 2057 819 2100 quatinus
827 2056 841 2088 si

139 2105 199 2139 mortis
211 2104 303 2148 periculum
314 2106 412 2146 euaderent,
423 2117 475 2149 quam
486 2105 539 2140 cicius
550 2112 619 2149 possent
628 2117 667 2140 eum
676 2113 754 2150 peterent
766 2114 783 2141 et
793 2108 840 2141 obla-

140 2155 217 2189 cionibus
223 2162 350 2197 venerarentur,
357 2156 478 2199 annuatimque
486 2156 546 2190 diebus
553 2157 633 2190 omnibus
641 2157 676 2190 vite
683 2169 713 2191 sue
721 2160 841 2200 persoluerent.

113 2211 131 2240 35
139 2205 173 2238 Vix
180 2205 225 2238 sacto
235 2211 314 2247 peracto:
329 2207 442 2249 tranquillitas
453 2207 499 2239 facta
510 2213 535 2239 est
546 2206 563 2238 in
574 2207 617 2239 mari
629 2206 681 2240 itaut
692 2208 748 2240 mirati
759 2214 808 2247 sunt;
824 2213 841 2238 et

140 2254 168 2297 qui
182 2253 228 2295 prius
241 2254 363 2288 estimauerunt
376 2266 433 2289 escam
447 2266 465 2289 se
478 2257 515 2288 fore
526 2256 601 2298 piscibus
612 2256 669 2297 maris,
681 2257 716 2289 iam
728 2268 767 2290 cum
778 2257 841 2290 retibus

140 2303 210 2337 eosdem
223 2304 330 2338 extrahentes
342 2304 359 2338 in
371 2316 429 2338 escam
440 2306 540 2340 habuerunt.
559 2307 606 2339 Vota
617 2306 675 2350 itaque
686 2308 782 2350 persoluere
793 2306 840 2340 festi-

139 2358 206 2393 nantes,
215 2364 286 2388 munera
294 2361 311 2388 et
319 2356 416 2389 oblaciones
425 2363 531 2399 coaptauere,
540 2363 557 2390 et
567 2357 612 2390 inter
622 2363 678 2391 cetera
686 2358 779 2391 anchoram
787 2366 840 2400 quan-

140 2405 181 2438 dam
193 2414 259 2437 ceream
271 2411 384 2439 construxere.
406 2407 484 2440 Tandem
497 2406 520 2440 ad
532 2412 609 2440 sanctum
623 2407 735 2441 Edmundum
748 2407 841 2446 venientes,

112 2466 132 2495 40
140 2455 233 2488 anchoram
253 2455 348 2497 predictam
369 2456 458 2489 offerentes
480 2457 590 2498 suspendere,
608 2457 733 2500 laudantesque
755 2458 807 2491 deum
824 2461 841 2489 et

140 2509 218 2538 sanctum
230 2505 342 2537 Edmundum
353 2507 375 2538 ad
387 2506 455 2548 propria
466 2516 505 2539 cum
516 2506 579 2548 gaudio
590 2505 682 2539 redierunt.

260 2577 266 2597 ¹
276 2577 308 2608 MS.
318 2577 347 2608 Cui
354 2587 393 2608 cum.
549 2578 555 2596 ²
565 2578 598 2610 MS.
606 2579 721 2619 alloquerentur.
