1762 2803
241 100 286 157 Ut
302 99 401 154 sancto
418 98 559 155 armanno.
708 111 752 156 247

105 260 120 297 ll
128 258 246 300 Suouuurun
253 268 297 293 ntis
304 269 410 301 LECTloltES,
418 270 497 301 punnuu
506 269 589 299 srourus
596 268 630 293 asr
637 267 702 292 rarum.

247 322 315 366 [lurra
322 332 405 356 cernuas
413 322 432 357 S.
441 321 536 365 Osuunnr]
541 322 553 356 ¹.

53 385 186 461 POstquam,
200 390 306 420 transcurso
321 385 414 429 presentis
425 385 462 419 vite
477 384 541 425 stadio,
553 384 643 429 gloriosus
656 383 753 418 sarisburi-

111 438 161 471 ensis
173 438 251 471 ecclesie
263 439 338 471 antistes
350 438 458 471 Osmundus
469 438 492 470 ad
504 447 585 482 superne
596 435 654 481 patrie
667 436 752 470 brauium

50 490 170 526 deuotissime
182 490 288 533 aspirasset,
300 500 343 524 mox
355 489 449 534 ostensi[s]
459 499 493 534 per
502 488 542 523 cius
553 489 638 532 suffragia
649 486 752 522 innumeris

50 542 180 577 miraculorum
192 542 249 588 signis
260 543 309 577 haud
321 542 351 578 diu
363 543 430 578 latebat
442 542 527 578 homines
538 541 556 577 in
568 542 622 577 terris
633 542 696 587 quanti
710 551 752 576 eum

50 598 168 639 omnipotens
175 596 252 630 faciebat
260 597 278 629 in
287 596 336 630 celis.
359 596 407 630 Nam
418 596 466 630 side
477 595 557 629 omnium
568 596 673 629 morborum
684 597 770 638 genere5

51 648 80 683 cui
88 648 188 694 preualuit3
201 648 216 683 si
228 649 252 683 de
260 648 333 683 furiosis
343 653 361 683 et
371 654 433 684 mente
444 648 527 683 alienatis
537 647 569 693 qui
580 646 722 693 quamplurimi²
730 647 753 681 ab

50 712 72 737 eo
81 702 137 737 curati
145 708 202 745 erant,
211 702 226 736 si
237 703 261 736 de
272 702 340 736 claudis
351 708 369 736 et
380 702 433 744 cecis,
441 702 457 737 si
468 702 547 746 denique
558 702 581 736 de
591 702 640 737 vnda
650 700 752 735 submersis

51 760 69 788 et
77 755 117 788 aliis
125 755 180 789 variis
187 754 292 788 infortuniis
299 754 336 788 vita
344 754 416 795 functis,
422 755 445 788 ad
453 754 513 788 locum
519 754 614 797 sepulture
620 753 668 787 illius
675 752 753 796 pristine

51 806 169 842 incolumitati
183 806 278 848 restitutis
291 818 325 851 per
341 806 412 850 singula
428 806 537 848 diceremus,
550 806 621 841 facilius
633 817 668 840 nos
680 812 753 850 tempus

51 871 106 904 quam
114 860 167 904 copia
174 860 235 895 finiret
240 860 252 894 ³.
275 860 371 894 Habentes
379 859 433 904 igitur
441 860 503 902 multa,
512 866 529 894 et
537 860 594 894 multo
604 859 690 904 equidem
701 859 753 903 plura
763 866 782 889 ¹0

50 924 105 957 quam
122 913 175 947 huius
190 913 302 948 celebritatis
317 913 396 947 officium
411 913 489 947 dicenda
503 912 579 957 patitur:
598 924 657 957 pauca
675 913 699 947 de
717 911 752 946 biis

51 966 165 1001 mirabilibus
185 977 221 1011 que
239 966 324 1000 dominus
342 966 384 1000 fecit
400 972 418 1001 et
436 966 516 1000 ostendit
534 965 593 1008 nobis,
608 964 752 1000 ecclesiasticum

50 1029 121 1053 morem
129 1018 190 1052 debite
198 1024 316 1062 exequentes
325 1018 406 1052 fidelium
415 1018 489 1053 aun'bus
497 1018 515 1052 in
524 1017 605 1052 medium
613 1017 733 1062 proferamus.

72 1070 151 1108 llLarlio
165 1071 245 1105 secunda.
269 1063 317 1104 Erat
331 1070 349 1104 in
361 1070 419 1105 veteri
432 1071 490 1115 burgo
505 1071 572 1106 mulier
586 1071 665 1116 quedam
680 1069 753 1114 Agatha
809 1073 811 1076 '

50 1126 130 1167 nornine,
135 1136 170 1169 que
176 1126 220 1159 dum
227 1124 300 1159 fouendi
306 1124 404 1168 diligenter
411 1125 505 1159 infantuli*
513 1125 541 1160 sui
550 1135 584 1169 pro
592 1123 687 1159 maternali
693 1122 752 1158 officio
763 1130 781 1161 ¹5

50 1188 113 1212 curam
121 1179 202 1220 haberet,
208 1177 267 1212 subito
275 1177 401 1212 arescentibus
407 1178 498 1219 mammis,
503 1177 549 1212 nihil
557 1178 575 1212 in
584 1179 611 1213 eis
617 1178 669 1212 lactis
676 1176 754 1211 inuenit.

51 1232 74 1266 Et
82 1231 168 1276 quoniam
176 1231 286 1272 muliercule,
293 1230 350 1265 nimie
357 1232 470 1276 paupertatis
478 1243 534 1266 onere
542 1242 612 1275 presse,
621 1229 752 1265 conducende³

50 1285 126 1318 nutricis
141 1290 171 1318 aut
187 1284 282 1318 cuiuslibet
296 1284 414 1327 comparandi
429 1282 537 1318 nutrimenti
552 1284 629 1318 facultas
644 1294 680 1317 non
696 1282 753 1324 affuit,

50 1337 121 1380 liquore
132 1342 203 1371 tanturn
215 1336 293 1371 ceruisie
305 1336 331 1378 (vt
344 1336 403 1380 ipsius
415 1336 473 1380 patrie
487 1342 541 1380 potus
554 1337 589 1379 est)
603 1342 675 1380 septem
687 1336 752 1369 diebus

50 1400 129 1434 puerum
137 1400 190 1423 suurn
199 1389 297 1433 cogebatur
305 1389 359 1424 alere.
381 1388 453 1424 Videns
461 1389 536 1424 tandem
544 1388 602 1423 inutili
609 1393 663 1433 pastu
673 1398 751 1433 puemm
762 1398 781 1421 πο

51 1453 105 1477 suum
117 1444 202 1484 deficere,
214 1453 234 1477 ac
246 1443 269 1477 de
281 1442 339 1476 salute
350 1442 409 1486 ipsius
421 1441 546 1486 desperans⁶3
562 1452 634 1476 memor
645 1441 752 1476 meritorum

51 1495 130 1539 presulis
142 1495 233 1530 Osmundi
244 1495 330 1530 audacter
344 1496 366 1529 ad
380 1495 438 1540 ipsius
452 1495 569 1539 sepulchrum
582 1496 667 1539 confugit,
679 1495 752 1540 illicque

51 1549 132 1583 diuinum
145 1549 232 1583 auxilium
244 1549 278 1583 hac
289 1560 334 1583 voce
346 1548 421 1593 querula
432 1548 518 1584 flebiliter
529 1548 644 1594 implorauit:
661 1549 752 1584 ‘Domine

50 1604 102 1643 deus,
110 1602 141 1645 qui
148 1602 230 1636 formasti
237 1613 315 1644 puerum
327 1602 346 1635 in
356 1607 407 1635 vtero
416 1612 464 1641 meo,
472 1607 490 1635 et
500 1602 566 1635 dedisti
577 1603 594 1635 ei
604 1608 623 1634 vt
633 1602 681 1635 hanc
693 1603 752 1635 lucem

50 1654 131 1689 videret:
150 1654 174 1688 ob
193 1664 275 1688 amorem
290 1653 382 1688 Osmundi
396 1653 489 1698 pontilicis
504 1655 527 1688 da
542 1654 587 1688 mihi
602 1660 712 1699 oportunum
727 1654 781 1694 illia5

51 1707 143 1748 auxilium,
156 1718 180 1741 ne
195 1708 268 1751 pereat!
296 1707 388 1741 Adiuncta
403 1707 450 1741 illico
465 1707 547 1742 oratione
562 1707 659 1749 dominica,
673 1707 716 1742 vix⁷
731 1719 753 1742 ea

51 1760 140 1804 completa
148 1760 214 1793 mirum
222 1760 241 1793 in
250 1761 325 1794 modum
333 1760 379 1794 adeo
386 1759 477 1804 turgentia
482 1760 539 1794 ubera
547 1770 580 1794 sua
588 1760 671 1805 lacteque
679 1760 753 1805 copiosa

51 1813 183 1855 redundabant,
194 1818 214 1847 vt
225 1819 262 1847 tam
274 1812 345 1847 felicem
359 1824 380 1848 se
394 1819 471 1848 matrem
484 1814 607 1858 congaudens,
619 1815 654 1847 deo
667 1824 687 1848 ac
700 1814 753 1848 beato

51 1866 153 1901 consessori
161 1866 228 1910 gratias
236 1877 299 1911 agens,
307 1867 381 1900 domum
389 1866 426 1901 voti
434 1877 511 1910 compos
519 1877 561 1901 curn
568 1867 635 1910 gaudio
642 1873 739 1902 remearet.

73 1922 87 1954 ll
94 1920 152 1953 Lectio
159 1920 183 1952 iii.
207 1913 298 1954 Iordanus
308 1919 386 1954 clericus
395 1924 432 1953 tam
440 1929 484 1963 egra
491 1929 547 1963 quam
555 1919 661 1954 deformiori
669 1919 753 1955 molestia
762 1927 782 1957 30

51 1973 108 2006 multo
124 1978 207 2017 tempore
222 1972 298 2006 affectus
313 1978 346 2012 est,
360 1978 380 2006 vt
395 1972 447 2006 labiis
462 1972 511 2007 illius
526 1974 549 2007 ad
564 1984 620 2007 vnam
633 1973 671 2007 fere
687 1984 752 2008 aurem

51 2025 155 2067 contractis,
167 2031 185 2058 et
196 2025 282 2069 loquendi
295 2025 375 2059 officium
390 2030 408 2058 et
420 2025 488 2058 edendi
500 2025 659 2070 masticandique⁸
671 2026 752 2060 necessi-

51 2084 108 2113 tatem
120 2077 200 2111 maxima
211 2078 285 2121 quidem
296 2089 320 2111 ex
330 2083 382 2121 parte
392 2078 503 2122 perdiderat.
527 2078 563 2113 Hic
575 2084 691 2121 autemeam
703 2079 753 2114 nulla

52 2131 164 2165 medicorum
175 2136 214 2165 arte
225 2131 259 2165 sibi
269 2136 340 2175 poterat
349 2130 447 2172 subueniri,
455 2132 530 2166 demum
541 2133 564 2167 ad
575 2132 694 2176 sepulchrum
705 2133 753 2167 beati

51 2185 85 2219 viri
97 2184 209 2218 orationibus
220 2185 314 2226 insistens,
322 2184 401 2228 quodam
410 2194 452 2218 osse
463 2184 536 2228 putrido
544 2186 593 2229 quod
606 2195 654 2219 nouo
665 2191 682 2219 et
692 2185 753 2220 inuiso
763 2196 781 2224 35

51 2248 104 2272 more
109 2237 161 2271 alteri
166 2237 240 2271 maxille
246 2247 410 2280 superexcrescere
415 2236 516 2278 videbatur,
522 2238 540 2271 in
549 2238 614 2272 eodem
621 2238 661 2272 loco
669 2239 753 2282 protinus

52 2290 139 2323 liberatus
151 2296 184 2323 est.
207 2290 249 2331 Quo
260 2289 306 2324 facto
317 2290 377 2324 omnis
388 2290 443 2323 decor
454 2294 473 2323 et
484 2289 571 2324 habitudo
582 2289 634 2325 faciei
647 2290 753 2334 restituitur,

71 2388 77 2408 ¹
89 2389 123 2420 Sur,
132 2389 167 2420 Bm
178 2388 249 2420 Secmrda
256 2388 283 2428 die,
292 2389 367 2419 Lectiones
375 2388 393 2419 de
402 2389 480 2419 nriraarlis
485 2389 551 2429 gloriosi
556 2390 654 2429 confessoris,¹
664 2390 755 2431 cfieganlur

49 2434 77 2469 ptr
88 2430 160 2467 charras,
171 2430 233 2468 quando
243 2441 253 2459 n
260 2431 300 2467 sesto
310 2431 386 2460 vacarem?
396 2440 431 2460 cum
442 2431 515 2469 reginn'ne
524 2431 566 2460 clrorf
574 2435 592 2460 nt
597 2432 657 2469 festum
668 2432 755 2471 Margnrcle

51 2470 89 2508 virg.
97 2471 172 2506 etfhstnm
177 2470 227 2499 Mane
232 2470 328 2508 Magdnlcne,
336 2481 365 2508 que
370 2473 408 2499 sunt
414 2480 449 2499 cum
456 2471 529 2508 rtgr‘mr‘rre
535 2471 579 2501 clrorr'.
627 2470 633 2488 ²
643 2471 674 2502 SB.
681 2481 690 2501 e
697 2473 754 2510 quibus

52 2509 119 2547 plurimi.
178 2509 226 2539 ³813.
234 2509 299 2548 fugeret.
353 2510 387 2539 ⁴E.
395 2510 468 2540 infantili.
518 2510 553 2541 ³13.
564 2510 666 2543 conducendi.
717 2511 753 2543 6Ε.

52 2551 142 2588 desperare.
192 2549 198 2567 ⁷
209 2551 241 2581 SB.
248 2551 312 2589 vixque.
361 2550 367 2568 ⁸
378 2550 409 2580 SB.
417 2550 534 2582 masticandive.
