1762 2803
124 162 168 205 254
314 147 393 207 naua
409 144 525 207 leuuca
541 143 633 208 unalia

123 269 202 301 exsoluit
209 268 220 301 ¹.
243 266 332 300 indicauit
344 269 399 300 ctiam
408 267 443 299 illis
451 278 472 299 se
480 267 538 310 ipsius
549 267 643 310 presentia
654 277 767 310 magnopere
774 268 823 302 velle

123 322 188 365 potiri:
200 326 239 355 tum
248 320 290 364 quia
300 321 352 354 senio
363 320 424 353 sessus
434 325 512 354 mortem
524 320 558 353 sibi
570 320 692 363 propinquam
704 319 777 360 sciebat,
785 324 824 355 tum

124 375 166 419 quia
178 374 257 419 regulari
267 372 407 407 conuersatione
417 384 450 407 sue
462 371 523 416 gentis
530 372 580 407 viros
588 383 622 416 per
630 383 672 407 eum
680 371 775 406 instituere
787 373 824 408 dis-

124 430 208 470 ponebat.
231 428 271 468 Quo
286 426 353 466 audito,
369 426 420 468 graui
435 436 508 459 merore
522 426 592 466 deiecti,
605 436 642 458 non
658 426 746 459 audentes
762 430 824 459 tamen

107 479 212 524 ‚uvoluntati
223 477 309 513 antistitis
320 477 400 520 obuiare,
410 484 482 522 parent,
491 485 508 513 et
517 479 578 512 debito
590 489 631 513 cum
644 479 713 513 honore
725 479 748 513 ad
760 483 824 514 nutum

124 534 203 576 presulis
222 533 306 574 dirigunt.
333 532 439 573 Antequam
457 536 519 564 tamen
542 532 661 564 Cantuariam
677 531 741 564 venire
759 532 824 573 potuit,

124 591 198 619 sanctus
212 584 252 617 Odo
266 583 347 616 debitum
358 583 418 616 carnis
430 583 509 617 humane
523 583 603 617 exsoluit
609 583 620 618 ¹.
666 576 777 617 Presidebat
788 583 824 618 illis

125 638 190 672 diebus
201 635 325 672 dorcestrensi
337 635 414 670 ecclesie
425 635 499 679 quidam
511 636 612 670 Osketillus
623 636 709 671 nomine:
722 636 752 681 qui
763 637 824 671 audito

124 692 195 735 nepotis
211 690 239 723 sui
255 689 336 724 Oswaldi
351 691 436 730 aduentu,
452 690 531 733 benigne
549 690 630 733 suscepit
645 691 701 730 illum,
717 695 735 723 et
750 690 827 735 sincere*

98 744 193 787 1odiiexit,
206 748 224 776 et
240 744 268 776 sui
280 743 345 776 secreti
357 743 450 776 conscium
462 742 508 775 fecit.
530 743 632 785 Assumpto
644 743 718 776 tandem
730 742 753 776 ad
765 743 824 776 archi-

125 797 250 839 episcopatum
262 796 392 828 eboracensem
404 795 499 837 Osketillo,
510 801 584 828 sanctus
597 795 704 828 Dunstanus
717 796 824 829 Oswaldum

124 849 164 892 regi
176 849 249 891 Edgaro
260 847 406 881 commendatum
417 846 524 880 familiarem
535 847 595 881 effecit
608 852 625 881 et
635 847 686 881 iussu
694 848 743 890 regis
751 846 824 890 Wigor-

124 901 185 936 aiensi
204 900 280 934 ecclesie
300 898 381 944 prefecit.
437 892 563 944 Congregauit
582 905 643 935 autem
663 900 761 934 Oswaldus
781 901 825 934 duo-

125 955 185 988 decim
208 954 307 986 monachos
326 953 345 986 in
363 953 406 987 uilla
424 954 499 987 nomine
517 954 634 997 Westbyri²;
654 964 700 997 quos
719 954 825 996 frequenter

98 1020 116 1051 15
125 1007 204 1049 visitare,
218 1006 287 1040 monita
302 1005 364 1039 salutis
380 1010 443 1039 eterne
458 1006 562 1040 ministrare
576 1012 594 1040 et
608 1005 703 1047 consolari,
717 1011 735 1040 et
747 1005 826 1049 ieiuniis,

125 1061 195 1103 vigiliis,
211 1065 229 1092 et
245 1059 356 1092 orationibus
371 1059 441 1092 solebat
457 1070 532 1101 operam
548 1061 596 1093 dare.
641 1055 727 1093 ³Aecidit
742 1059 791 1092 enim
806 1065 825 1094 vt

125 1113 216 1146 Ailwinus
236 1121 297 1144 comes
316 1111 401 1143 diuturno
417 1122 437 1144 ac
453 1111 544 1145 laborioso
564 1112 643 1145 cruciatu
660 1112 742 1157 podagre
756 1112 825 1155 pedum

125 1176 200 1199 suorum
212 1164 273 1197 multis
285 1164 376 1197 laboraret
387 1164 445 1197 annis.
469 1164 492 1197 Et
504 1175 546 1198 cum
557 1165 649 1209 piscator*
659 1165 738 1209 quidam,
751 1164 825 1199 nomine

125 1218 212 1262 Wlfget⁵,
228 1228 269 1251 cum
284 1217 368 1251 nauicula
382 1228 416 1251 sna
429 1227 500 1261 aquam,
513 1218 681 1262 Ramlm]esmere⁶
696 1223 827 1261 nuncupatam,

98 1289 118 1310 20
126 1271 209 1314 piscandi
221 1271 278 1313 gratia
289 1271 312 1303 ad
322 1280 377 1304 usum
388 1269 457 1303 domini
469 1271 497 1304 sui
509 1271 579 1305 comitis
591 1271 687 1314 ingressus
699 1277 753 1311 esset,
766 1276 783 1304 et
795 1271 826 1305 diu

126 1324 193 1357 frustra
201 1324 291 1364 laborans,
299 1323 355 1356 nimio
366 1324 415 1356 tedio
426 1324 509 1367 fatigatus
520 1326 595 1358 tandem
607 1324 710 1358 obdormire
720 1324 780 1368 cepit:
793 1324 826 1357 Cui

126 1383 201 1410 sanctus
213 1376 324 1409 Benedictus
336 1386 428 1419 apparens
440 1376 495 1411 dixit:
509 1377 593 1411 ‘Aurora
604 1388 645 1411 curn
657 1376 763 1417 surrexerit,
775 1381 826 1410 tuum

127 1431 172 1463 eiice
184 1436 261 1472 tragum,
273 1433 292 1461 et
303 1429 414 1462 multitudini
426 1429 500 1473 copiose
511 1430 548 1462 voti
561 1440 636 1473 compos
648 1429 731 1463 obuiabis
744 1429 827 1474 piscium.

128 1484 227 1527 Captorum
239 1493 311 1526 quoque
322 1482 400 1526 piscium
411 1482 504 1525 maiorem,
515 1483 575 1524 haket,
583 1483 601 1516 id
611 1488 644 1524 est,
655 1483 728 1525 lucium,
737 1487 827 1524 vocatum,

100 1552 118 1580 ²5
127 1537 207 1570 Ailwino
217 1536 291 1569 domino
301 1541 331 1569 tuo
342 1546 383 1569 mea
395 1547 419 1569 ex
430 1541 482 1578 parte
494 1536 580 1578 offerens,
588 1536 638 1570 dices
647 1537 663 1570 ei
671 1541 690 1569 vt
698 1546 757 1569 meam
770 1536 826 1569 dona-

128 1589 196 1622 tionem
211 1588 290 1630 benigne
304 1587 412 1629 suscipiens,
426 1587 456 1630 pie
470 1588 522 1620 matri
535 1588 661 1622 misericordie
676 1588 733 1622 Marie
749 1594 767 1621 et
782 1588 827 1622 mihi

128 1641 251 1684 omnibusque
269 1640 325 1673 sacris
341 1639 441 1683 virginibus
460 1641 591 1675 monasterinm
606 1641 624 1675 in
640 1642 674 1676 hac
689 1641 749 1676 insula
764 1651 827 1676 mona·

128 1695 204 1728 chorum
223 1693 263 1726 sine
282 1691 367 1726 dilatione
386 1694 457 1726 studeat
474 1693 572 1728 fabricare:
590 1694 720 1737 Scruteturque
736 1694 830 1741 quomodo·

128 1752 181 1781 nocte
193 1747 211 1780 in
224 1745 283 1780 insula
295 1745 380 1779 animalia
391 1756 425 1779 sua
436 1745 548 1789 incumbunt,
562 1753 580 1781 et
592 1747 623 1782 vbi
636 1752 708 1782 taurum
721 1752 827 1790 surgentem

100 1819 120 1849 30
128 1801 193 1834 dextro
211 1799 259 1843 pede
274 1798 339 1831 viderit
354 1804 422 1831 terram
441 1805 542 1842 percutere,
558 1800 582 1833 ibi
597 1812 648 1833 aram
663 1800 734 1843 erigere
749 1800 828 1833 festinetA

128 1854 189 1896 thue
197 1851 264 1885 certius
273 1850 308 1883 hiis
316 1850 362 1883 meis
374 1852 436 1883 credat
446 1852 541 1891 mandatis¹
550 1853 598 1886 hunc
610 1857 661 1886 tuum
672 1852 705 1885 tibi
717 1852 827 1885 exteriorem

127 1906 204 1939 incuruo
212 1904 293 1947 digitum,
300 1913 355 1946 quem
363 1908 381 1936 et
388 1902 434 1946 ipse,
441 1914 484 1938 mox
490 1915 500 1938 a
506 1914 555 1939 nexu
563 1906 644 1949 podagre
652 1905 727 1947 solutus,
734 1904 765 1939 tibi
771 1904 828 1948 erigat

127 1959 259 2003 reparandum!
283 1956 376 2001 Euigilans
384 1963 445 1991 autem
454 1958 545 2002 copiosam
554 1958 632 2003 piscium
640 1958 774 1993 multitudinem
785 1970 828 1992 con-

128 2013 185 2053 clusit,
195 2011 320 2053 maioremque
331 2009 404 2044 domino
416 2021 449 2044 suo
461 2022 484 2044 ex
496 2016 547 2054 parte
559 2012 618 2046 sancti
629 2012 702 2054 obtulit;
715 2022 750 2055 que
758 2011 828 2045 viderat

101 2081 119 2115 55
129 2071 146 2099 et
161 2065 243 2099 audierat
256 2063 353 2106 replicans,
365 2068 385 2096 vt
397 2063 473 2106 digitum
488 2075 542 2097 suum
557 2064 673 2098 incuruatum
688 2064 746 2107 erigat
760 2064 828 2097 obnixe

128 2118 203 2161 rogauit.
226 2116 279 2149 Tunc
289 2115 381 2149 Ailwinus
392 2115 467 2158 digitum
475 2116 509 2149 viri
516 2117 578 2150 manui
590 2117 686 2151 herentem
698 2117 767 2151 erexit:
780 2122 798 2150 et
805 2117 828 2150 ad

128 2169 206 2203 insulam
217 2173 236 2202 vt
247 2167 306 2211 potuit
319 2168 429 2211 properauit¹
452 2167 534 2212 Cumque
545 2168 564 2202 in
576 2169 655 2202 insulam
666 2168 762 2212 ingressus
772 2180 783 2201 a
795 2179 828 2201 suo

128 2223 193 2257 morbo
201 2220 282 2266 perfecte
291 2226 363 2254 curatus
371 2220 440 2261 fuisset,
446 2226 508 2255 taurus
517 2222 540 2255 de
548 2222 609 2256 medio
618 2222 723 2255 animalium
730 2233 828 2266 exurgens,

128 2281 197 2308 terram
207 2275 254 2318 pede
264 2274 383 2317 percutiendo
394 2275 453 2307 iocum
463 2274 524 2308 altaris
534 2275 651 2308 construendi
661 2275 749 2309 diuinitus
761 2275 829 2318 signifi-

100 2345 120 2376 40
129 2328 181 2363 cauit.
200 2327 266 2361 Comes
274 2337 317 2370 ergo
326 2327 380 2361 deum
388 2327 469 2368 laudans,
477 2327 573 2362 confestim
581 2328 669 2363 truncatis
677 2327 731 2372 lignis
740 2328 828 2372 capellam

129 2382 154 2414 ibi
162 2380 269 2414 construxit.
292 2380 333 2412 Non
341 2380 398 2412 multo
405 2391 449 2413 vero
457 2386 499 2424 post
507 2381 573 2414 comite
581 2381 661 2414 Ailwino
672 2382 743 2424 amplas
755 2391 829 2424 posses·

129 2435 191 2469 siones
202 2433 319 2474 concedente,
329 2438 403 2466 sanctus
415 2433 512 2467 Oswuldus
523 2433 570 2467 infra
581 2434 726 2478 quinquennium
738 2432 830 2468 edificauit

148 2519 153 2536 ¹
165 2520 183 2550 Ε.
191 2518 256 2548 exoluit.
303 2517 309 2534 ²
319 2518 337 2548 T.
343 2518 424 2555 westbiry.
464 2517 470 2534 ³
481 2518 506 2548 Cf.
514 2518 571 2555 Edgari
578 2519 637 2549 Charta
644 2519 704 2548 fundat.
711 2518 803 2547 monasterii
810 2517 830 2545 de

126 2560 205 2606 *Ramsey,
213 2558 229 2587 in
238 2558 306 2588 Monast.
313 2558 361 2595 Angl.
368 2558 383 2587 ii.
390 2567 425 2595 557.
465 2556 471 2573 ⁴
483 2558 500 2586 E.
507 2558 606 2595 piscatorum.
649 2558 655 2576 ³
665 2558 683 2589 E,
691 2558 751 2595 nget.
795 2557 801 2574 θ
811 2556 830 2585 E.

128 2607 229 2629 ramesmere.
