1762 2803
60 122 73 141 1.
83 97 183 141 reatina]
273 96 318 151 D?
333 94 435 146 &mitid
451 95 555 148 &taula-
714 109 760 153 479

59 223 77 257 in
86 219 171 254 omnibus
179 228 252 262 quoque
261 216 350 261 prouidus
355 216 365 259 ¹,
374 216 471 262 magnique
479 216 549 252 consilii
557 222 575 251 et
583 217 683 252 industrius
689 217 701 251 ¹.
722 217 759 252 lste

59 276 114 309 frater
126 277 164 306 erat
175 269 223 305 beati
236 270 329 304 Eustachii
341 270 418 312 comitis,
426 270 478 304 cuius
488 281 536 304 vxor
547 269 611 305 Sibilia
622 281 685 305 secum
692 269 760 304 luit³in

59 327 122 362 eadem
133 323 250 367 expeditione
260 333 301 357 curn
312 333 346 357 sex
357 323 433 357 filiabus,
461 323 539 365 Quintus
549 323 611 367 itaque
621 323 761 367 episcoporum‘

60 383 163 415 sanctorum
176 375 273 410 Lotharius
287 381 331 417 erat,
342 375 371 410 vir
384 381 403 410 et
415 375 456 419 ipse
469 386 571 419 generosus
583 387 603 411 ac
615 376 638 410 de
650 375 707 420 regali
719 386 761 420 pro·

59 432 131 478 genitus
145 429 208 475 stirpe.
231 428 357 464 Consobrinus
372 440 416 464 vero
431 428 482 464 erat⁰
497 428 605 464 nobilissimi
620 428 693 464 iuuenis
708 429 779 471 beatos

59 485 126 520 Vrsule
144 483 213 528 sponsi,
228 482 256 516 vir
271 484 353 526 prudens
368 489 387 517 et
404 484 448 517 boni
463 483 568 525 testimonii,
582 489 648 526 castus,
663 483 761 527 animoque

60 545 149 577 strenuus,
158 541 176 570 et
183 537 231 570 bene
239 536 335 569 discretus.
358 536 416 569 Porro
424 536 447 570 de
458 536 550 581 episcopis
558 537 589 580 qui
597 537 714 580 postmodum
726 535 762 569 illis

60 589 127 626 suntin
136 588 202 623 itinere
212 588 302 630 associati,
311 588 355 622 nibil
367 598 402 623 nos
412 588 486 629 scimus,
495 594 573 633 excepto
585 589 660 623 Cesario
671 587 762 622 meldensi

60 643 150 688 episcopo,
162 641 218 675 nobili
229 640 274 682 viro,
286 640 337 675 cuius
348 651 383 676 nos
394 647 449 685 caput
460 641 550 676 habemus
562 647 670 686 partemque
680 641 762 685 corporis

60 698 104 732 eius.
127 694 211 739 Denique
222 694 280 729 felicis
292 694 380 729 memorie
388 694 440 738 virgo
451 694 551 736 Elizabeth,
559 694 594 729 hoc
604 694 649 729 satis
657 695 681 729 de
689 693 762 728 illorum
771 708 790 730 ro

60 750 107 785 serie
118 749 201 783 scribens
212 748 293 791 exponit,
301 758 337 792 que
347 748 396 782 inter
406 754 478 783 ceteros
488 749 585 793 episcopos
596 755 668 783 sanctos
677 753 762 783 sanetum

61 801 168 837 Mauricium
182 811 224 835 esse
239 806 307 841 narrat,
320 801 396 834 tratrem
409 801 473 834 matris
485 801 553 835 Vrsule
564 801 647 845 virginis.
670 801 724 834 Nunc
739 801 763 834 de

60 864 122 898 regum
131 853 246 898 quorundam
258 852 312 896 serie,
320 864 356 898 que
367 863 427 898 nuper
438 859 481 889 sunt
492 854 556 889 celitus
568 853 649 889 reuelato
660 863 762 889 narremus.

61 909 142 951 Quorum
157 906 231 951 quidam
246 912 308 951 patres
323 912 341 941 et
356 906 427 949 fratres,
443 906 527 941 auunculi
545 911 563 941 et
580 907 644 951 sponsi
662 906 763 942 extiterunt

61 961 173 1006 quarundam
185 960 275 1004 virginum
288 960 365 1002 illarum,
373 971 419 1004 quos
430 960 471 1004 ipse
482 970 516 995 rex
528 960 601 994 celestis
612 959 689 994 mirabili
699 970 733 994 sua
744 965 762 994 et
772 972 790 1004 ¹5

61 1013 107 1049 dulci
113 1013 170 1058 gratia
177 1024 211 1058 per
217 1014 292 1047 easdem
297 1013 378 1057 virgines
385 1013 492 1048 mirabiliter
498 1014 593 1048 conuertit.
608 1013 681 1048 Primus
689 1013 762 1048 illorum

61 1072 134 1102 sanctus
142 1066 175 1100 fuit
182 1066 279 1101 Olosernes
285 1066 357 1100 iuuenis
365 1066 516 1109 preclarissimus,
524 1077 558 1100 rex
566 1073 584 1101 et
592 1066 639 1100 filius
647 1065 702 1111 regis,
709 1067 762 1101 beate

61 1120 125 1153 Vrsule
134 1130 219 1161 sponsus.
234 1119 270 1153 Hic
278 1129 320 1153 curn
328 1119 356 1152 eis
364 1129 401 1153 non
409 1124 437 1153 est
445 1119 545 1163 profectus,
558 1120 591 1154 sed
600 1119 717 1163 postmodum
725 1118 761 1153 illis

61 1173 83 1206 de
89 1171 290 1206 Romareuertentibus
296 1170 762 1216 Maguncietassociatus,pergitcumeiscuoniam,

61 1232 79 1260 et
90 1226 161 1260 felicem
172 1237 209 1260 vna
221 1236 262 1260 cum
274 1225 311 1260 eis¹
322 1224 399 1260 martirii
410 1225 489 1270 adeptus
500 1231 528 1261 est
539 1225 625 1270 palmam.
648 1225 689 1260 Hoc
700 1230 761 1261 autern
771 1239 791 1263 ao

61 1290 128 1313 nomen
141 1278 239 1313 Olofernes
253 1279 380 1323 nequaquam⁸
391 1278 417 1312 illi
430 1283 459 1313 est
473 1279 575 1323 proprium,
588 1279 621 1313 sed
636 1283 712 1323 propter
726 1278 762 1313 vir-

61 1338 117 1367 tutem
136 1333 192 1367 animi
211 1333 287 1367 multam
303 1338 322 1366 et
341 1331 422 1376 corporis
441 1331 595 1377 pulchritudinem
610 1331 635 1365 ita
653 1337 682 1366 est
697 1343 762 1377 cogno·

61 1384 150 1426 minatus;
167 1384 238 1429 que[m]
257 1384 331 1419 domina
349 1384 443 1418 Elizabeth
461 1385 562 1418 Ethereum
577 1389 635 1418 vocat.
665 1385 762 1418 Secundus

61 1442 120 1471 autem
135 1442 174 1472 erat
189 1437 261 1471 inclitus
274 1436 346 1471 iuuenis
357 1447 391 1471 rex
403 1436 495 1479 Oliuerus,
509 1436 618 1471 nobilissimi
630 1437 679 1481 regis
692 1437 763 1471 Oliueri

61 1490 137 1526 senioris
152 1490 205 1534 filius,
219 1491 250 1535 qui
265 1501 300 1535 per
314 1501 402 1535 sponsam
418 1500 476 1531 suam,
488 1489 579 1533 virginem
594 1489 667 1525 Oliuam
679 1489 763 1525 illustris·
772 1504 790 1535 ²5

61 1544 131 1586 simam,
144 1550 173 1579 est
188 1555 299 1579 conuersus:
317 1555 353 1589 que
368 1544 430 1588 magni
444 1543 492 1588 regis
507 1544 599 1588 Cleopatri
611 1544 663 1578 erat⁵
676 1544 718 1584 filia,
731 1543 762 1588 qui

61 1603 136 1641 patruus
147 1598 207 1632 extitit
217 1598 284 1632 Vrsule
296 1597 358 1642 patris.
379 1597 453 1632 Tertius
466 1597 499 1632 suit
511 1596 618 1642 Crophorus
633 1597 706 1632 iuuenis
721 1608 763 1642 pre-

61 1650 177 1691 clarissimus,
189 1663 223 1685 rex
235 1659 253 1685 et
266 1651 316 1694 regis
328 1651 404 1685 Pinnosi
417 1650 466 1685 filius
476 1650 598 1692 illustrissimi,
609 1650 640 1694 qui
652 1662 693 1684 curn
704 1662 763 1684 uxore

62 1702 157 1745 Cleopatra
171 1703 262 1746 virginum
274 1704 375 1737 associatus
390 1708 419 1737 est
432 1702 512 1747 collegio.
541 1702 585 1737 Erat
599 1703 654 1738 etiam
669 1703 698 1737 hic
713 1703 763 1738 idem

61 1767 93 1790 rex
105 1756 211 1801 Crophorus
222 1756 298 1801 virginis
308 1756 376 1791 Vrsule
388 1763 480 1801 cognatus.
503 1756 583 1800 Quartus
594 1767 628 1790 rex
639 1761 678 1791 erat
690 1755 763 1799 Lucius,
771 1768 791 1799 30

61 1814 112 1851 pater
119 1810 166 1845 Yote
174 1810 251 1854 virginis
263 1821 299 1854 que
310 1810 370 1854 prima
382 1810 414 1845 luit
425 1809 510 1845 vndecim
520 1809 612 1853 virginum
623 1810 762 1854 principalium

61 1861 99 1895 virl
107 1869 146 1898 erat
157 1862 282 1898 nobilissimus
294 1863 327 1906 [et]
339 1868 411 1907 potens,
423 1868 440 1897 et
451 1863 489 1897 vite
500 1862 554 1897 bone.
577 1862 619 1904 Hic,
630 1873 688 1897 vxore
699 1862 763 1907 regina

61 1913 142 1955 piissima
149 1923 226 1958 mortua,
234 1927 268 1960 per
276 1916 343 1949 Yotam
349 1915 406 1949 filiam
418 1915 489 1949 suam¹⁰
497 1921 515 1948 et
523 1916 568 1948 duas
578 1915 626 1948 illius
636 1926 710 1949 sorores
719 1926 762 1948 con-

61 1976 131 2007 uersus,
142 1979 184 2003 cum
196 1969 231 2003 illis
246 1968 372 2014 proficiscitur.
395 1967 439 2001 Erat
455 1967 535 2001 autem¹¹
549 1967 590 2010 ipse
604 1967 680 2011 virginis
694 1966 762 2002 Vrsule

61 2026 151 2064 cognatus.
174 2022 253 2066 Quintus
264 2033 310 2057 sane
321 2032 354 2057 rex
366 2020 487 2056 Clodoneusli
498 2020 536 2063 suit,
544 2020 573 2055 vir
583 2024 670 2056 strenuus
682 2025 699 2055 et
710 2020 763 2056 fortis
771 2029 790 2062 35

61 2078 79 2106 et
86 2074 187 2119 religiosus,
194 2076 225 2121 qui
233 2087 274 2110 curn
282 2086 339 2109 uxore
347 2075 411 2120 regina
416 2074 489 2109 nomine
498 2073 587 2109 Blandiua
593 2074 606 2095 ¹⁸
613 2074 643 2119 pia
651 2079 669 2109 et
677 2074 763 2118 religiosa

61 2136 95 2168 per
104 2128 159 2163 filiam
167 2129 269 2173 Eugeniam
276 2130 355 2164 nobilem
365 2129 462 2170 ducissam,
470 2133 488 2163 et
495 2139 530 2172 per
537 2128 622 2163 maritum
630 2128 689 2173 ipsius
696 2129 762 2163 ducem

61 2178 164 2220 piissimum
175 2182 302 2217 Alexandmm
314 2182 431 2223 conuertitur,
443 2187 461 2216 et
473 2182 519 2215 duas
534 2180 581 2216 filias
595 2191 658 2215 secum
674 2181 762 2216 ducentes

61 2233 117 2266 sacris
132 2236 245 2269 associantur
255 2235 362 2280 virginibus.
384 2235 453 2269 Sextus
468 2234 559 2278 siquidem
574 2246 607 2269 rex
623 2239 662 2268 erat
675 2233 762 2276 Canutus,

61 2285 88 2318 vir
102 2288 168 2322 nobilis
183 2295 202 2324 et
216 2290 326 2334 grandeuus,
341 2299 444 2333 magneque
459 2289 554 2333 probitatis
568 2288 623 2322 homo
629 2288 641 2308 ¹⁴
652 2293 670 2322 et
685 2288 791 2331 virtutis,40

61 2339 102 2380 qui⁶
112 2351 149 2375 vna
161 2353 203 2377 cum
216 2353 274 2377 uxore
287 2342 364 2377 Balbina
377 2341 443 2376 illustri
455 2342 519 2386 regina
532 2347 550 2376 et
563 2341 706 2386 prudentissima
719 2352 762 2376 con·

80 2436 318 2479 ¹in...prouidus0m.in13.
369 2439 491 2472 ²E.industris.
546 2439 639 2471 'afuerit
690 2438 725 2470 ¹13.
734 2439 763 2469 suit

61 2478 215 2517 episcopussanctus
223 2483 241 2511 L.
286 2483 332 2511 ὅσω.
340 2482 356 2511 in
364 2481 382 2512 B.
426 2480 556 2517 ‘Emagnifice
602 2478 637 2510 1Β.
646 2479 682 2510 illis.
725 2479 762 2510 ⁸1³.

62 2525 118 2555 neque.
168 2521 294 2553 ⁹B.viretiam.
345 2520 357 2539 ¹⁰
368 2531 398 2553 om.
406 2521 423 2551 in
431 2520 450 2554 B.
497 2521 508 2540 ¹¹
519 2520 538 2552 B.
546 2524 567 2551 et.
618 2519 658 2551 11Β.
666 2519 760 2550 Clodoueus.

60 2554 72 2572 ¹³
82 2557 100 2590 B.
108 2558 191 2595 Blandina.
243 2561 255 2581 ¹⁴
266 2562 284 2593 B.
293 2561 363 2592 honoris.
