1762 2803
121 109 166 164 484
314 108 394 160 tutha
409 104 525 167 uastata
540 106 633 167 unalia

120 227 207 262 interiere
219 227 302 262 diuersis.
325 227 342 260 A
355 227 455 260 latronibus
471 227 577 271 frequenter
589 227 678 262 Godricus
693 226 773 267 iniurias,
784 227 824 261 vin-

122 282 166 323 cula,
182 281 296 324 verberaque
311 280 397 315 sustInuit
412 280 508 324 patienter,
521 285 539 315 et
554 279 591 314 illis
606 280 740 321 recedentibus,
752 279 768 314 si
780 278 823 323 quid

121 334 167 369 forte
188 339 306 374 remanserat,
325 344 402 367 currens
423 338 464 377 post
483 345 516 367 eos
535 334 644 367 obsecrabat
662 340 681 367 vt
700 333 755 367 etiam
779 333 823 365 illud

120 388 218 423 auferrent.
264 379 377 431 Respiciens
396 386 487 422 Godricus
505 388 528 422 ad
548 387 604 422 altare
623 388 676 422 beate
696 386 761 429 Marie,
779 385 824 421 vidit

103 442 166 480 sduas
183 440 264 483 virgines
281 442 304 474 ad
323 441 359 474 duo
378 451 447 474 cornua
466 441 527 474 altaris
547 446 622 475 stantes,
646 441 690 474 Erat
709 446 770 474 autern
788 439 824 473 illis

120 493 193 537 speeies
205 493 334 536 pulcherrima,
346 498 365 526 et
375 499 438 527 vestes
451 493 506 527 niueo
520 495 600 527 candore
613 494 739 537 splendentes,
752 498 770 526 et
783 492 824 536 ipse

120 546 151 580 diu
164 557 185 581 se
198 546 277 580 inuicem
292 546 443 589 contemplantes.
466 546 556 581 Godricus
569 547 663 581 admirans
678 552 696 580 et
712 546 823 590 stupefactus

121 599 218 640 intremuit,
231 605 249 633 et
261 609 304 632 mox
315 604 365 632 tanto
376 600 458 641 repletus
472 604 500 632 est
511 600 582 642 gaudio,
594 605 613 633 vt
624 610 673 642 pene
685 599 720 632 sibi
731 599 824 632 videretur

120 661 130 684 a
149 650 218 685 terreni
237 651 319 694 pondere
338 650 420 694 corporis
439 650 538 693 liberatus;
556 656 574 685 et
593 656 656 686 tacens
672 651 735 695 sepius
754 650 773 684 in
791 661 823 684 eas

93 705 182 738 rooeulos
198 704 320 737 conuertebat.
343 703 408 738 Stante
423 715 464 745 vna,
480 706 540 738 stabat
555 711 573 739 et
588 706 656 748 altera,
672 705 767 749 gradiente
782 715 823 745 vna,

120 757 237 801 gradiebatur
248 757 309 791 altera.
333 758 363 791 Ad
377 757 477 792 Godricum
490 757 570 801 denique
585 763 708 800 accesserunt,
722 763 740 791 et
754 762 824 791 stantes

119 809 230 855 aliquamdiu
238 816 338 845 tacuerunt.
361 810 413 845 Tunc
423 811 499 855 illaque
510 823 521 845 a
532 810 602 845 dextris
614 817 659 851 erat,
671 823 713 845 eum
724 811 785 844 taliter
795 816 823 845 est

119 864 183 899 affata:
196 864 300 907 ‘Numquid
312 875 347 907 me,
356 864 440 906 Godrice,
452 864 548 908 cognoscis
555 866 570 899 t'
594 864 617 899 Et
627 864 668 899 ille:
682 864 777 904 ‘Domina
790 864 823 898 hoc

120 926 174 950 nemo
193 921 254 960 potest
273 916 308 949 nisi
327 916 355 949 cui
374 922 393 950 tu
412 917 492 949 volueris
508 917 601 950 reuelare.¹
624 917 691 958 ‘Bene,
710 916 769 960 inquit
787 916 823 958 illa,

94 983 98 1001 ι
102 984 110 1012 5
120 968 193 1004 dixisti:
205 969 247 1013 quia
257 975 315 1003 mater
324 968 391 1003 Christi
403 979 449 1011 sum,
458 975 476 1003 et
485 979 519 1013 per
529 979 559 1004 me
570 970 629 1013 ipsIus
639 969 716 1014 gratiam
726 968 823 1004 obtinebis.

120 1022 157 1056 ista
173 1028 200 1056 est
215 1023 340 1066 apostolorum
355 1023 438 1065 apostola
452 1022 510 1056 Maria
525 1022 639 1067 Magdalena.
667 1022 706 1056 Nos
718 1021 751 1055 tibi
762 1028 823 1066 patro·

119 1076 226 1117 cinabimur,
245 1080 264 1110 et
283 1075 368 1110 solatium
387 1076 406 1109 in
425 1076 475 1109 omni
494 1076 610 1110 tribulatione
629 1075 762 1119 prestabimus.³
790 1075 823 1109 Ille

119 1130 197 1173 pedibus
207 1128 284 1173 virginis
295 1129 402 1163 aduolutus:
415 1128 459 1163 ‘tibi
470 1140 506 1171 me,
514 1128 578 1173 inquit,
586 1129 661 1163 domina
670 1140 716 1170 mea,
724 1129 823 1170 committo,

118 1189 137 1216 vt
152 1194 183 1216 me
198 1188 288 1226 perpetuo
304 1183 396 1215 custodire
411 1183 503 1226 digneris¹
527 1183 579 1216 Tune
593 1188 669 1226 vtraque
684 1194 751 1216 manus
767 1193 823 1226 super

92 1241 173 1279 zocaput
191 1235 239 1269 illius
259 1235 349 1279 apposuit,
367 1241 385 1269 et
404 1235 494 1269 cesariem
513 1236 657 1279 complanantes,
673 1236 748 1269 domum
766 1236 822 1269 odore

118 1289 204 1324 dulcifluo
220 1288 343 1333 repleuerunt.
368 1288 412 1323 Post
427 1289 460 1322 hec
474 1287 503 1323 dei
516 1288 596 1332 genitrix
610 1288 701 1323 canticum
713 1299 774 1322 coram
786 1288 822 1327 illo,

118 1341 170 1384 quasi
182 1351 244 1373 coram
255 1351 313 1384 puero
325 1341 413 1381 discente,
425 1341 495 1382 cecinit,
507 1346 525 1374 et
536 1341 597 1384 ipsum
609 1346 683 1375 cantare
695 1341 765 1382 docuit;
781 1341 823 1384 ipse

117 1405 161 1429 uero
172 1399 214 1438 post
226 1404 266 1428 earn
277 1393 384 1437 frequenter
393 1393 458 1428 cecinit
469 1400 487 1428 et
496 1394 584 1428 memorie
594 1393 672 1429 firmiter
682 1393 822 1428 commendauit.

120 1448 162 1482 Erat
177 1453 238 1483 autem
254 1446 338 1482 rithmice
351 1447 370 1481 in
384 1448 455 1490 anglico
469 1449 601 1492 compositum;
617 1450 665 1491 quod
681 1449 716 1482 hoc
732 1449 786 1482 modo
803 1448 822 1481 in

91 1514 108 1543 25
118 1501 194 1535 latinum
205 1500 301 1535 transferri
313 1506 384 1544 potest:
397 1501 474 1535 ‘Sancta
485 1500 543 1535 Maria
551 1501 609 1545 virgo,
620 1507 679 1536 mater
687 1501 743 1535 lhesu
755 1501 822 1536 Christi

119 1555 214 1596 Nazareni,
225 1554 306 1596 admitte,
315 1560 396 1598 protege,
408 1555 474 1588 adiuua
486 1560 538 1588 tuum
550 1555 661 1597 Godrieum;
673 1555 752 1597 suscipe,
763 1556 822 1589 adduc

118 1608 153 1641 cito
167 1613 228 1641 tecum
240 1606 258 1639 in
271 1606 300 1639 dei
312 1607 410 1650 regnum¹.'
434 1607 520 1650 Precepit
528 1612 547 1640 vt
559 1607 644 1650 quotiens
655 1607 769 1651 temptationi
781 1618 822 1641 suc-

117 1661 205 1695 cumbere
216 1659 328 1700 formidaret,
341 1660 375 1693 hoe
386 1672 407 1694 se
419 1660 490 1693 cantico
501 1661 604 1702 solaretur5
616 1660 710 1703 Quando,
720 1660 784 1705 inquit,
796 1661 822 1695 sic

118 1725 148 1748 nie
159 1714 257 1755 inuocabis,
270 1724 332 1747 meum
344 1714 413 1747 senties
425 1714 515 1747 instanter
525 1713 622 1747 auxilium.¹
646 1714 668 1748 Et
678 1714 751 1758 signum
762 1714 822 1748 crucis

90 1779 110 1806 30
118 1767 172 1811 capiti
184 1766 224 1800 eius
235 1766 335 1810 impressit,
347 1772 365 1800 et
376 1767 434 1801 altera
445 1767 495 1801 idern
506 1767 558 1809 fecit3
571 1772 589 1801 et
602 1767 642 1811 ipso
654 1772 741 1801 cernente
753 1767 772 1801 in
786 1768 822 1801 alta

118 1821 248 1862 conscendunt,
262 1821 337 1854 odorem
349 1819 511 1864 incomparabilem
527 1821 657 1864 relinquentes.
679 1820 746 1855 Vestes
758 1831 821 1854 earum

117 1880 167 1908 tante
175 1873 279 1907 subtilitatis
287 1879 344 1915 erant,
353 1873 402 1916 quod
413 1873 493 1906 hominis
502 1878 571 1907 tactum
581 1873 673 1907 sustinere
684 1884 721 1907 non
733 1878 821 1917 possent:

117 1928 186 1961 “Erant
192 1926 241 1960 enim
248 1925 294 1960 sicut
302 1926 386 1969 pellicula
392 1937 428 1969 que
434 1927 482 1960 intra
488 1926 518 1960 oui
526 1931 593 1961 testam
600 1926 704 1960 continetur
708 1925 719 1960 2.
755 1919 821 1960 Habe-

118 1982 148 2012 bat
167 1984 226 2013 autem
246 1978 336 2012 Godricus
350 1979 423 2012 vnicam
438 1990 524 2021 vaccam,
541 1979 569 2013 cui
584 1985 602 2013 et
618 1979 674 2013 dixit:
692 1979 787 2021 ‘Precipio
802 1979 821 2012 in

89 2043 107 2072 35
118 2033 191 2066 nomine
202 2030 277 2072 domini,
287 2035 306 2064 vt
317 2030 356 2064 sine
369 2031 445 2065 ductore
456 2032 479 2065 ad
491 2042 560 2074 pascua
570 2033 632 2072 vadas,
643 2036 662 2065 et
674 2031 718 2065 hora
727 2030 822 2075 mulgendi

117 2086 182 2119 redeas
196 2084 219 2118 ad
232 2094 268 2127 me,
279 2082 383 2128 Vbicunque
397 2094 427 2119 me
440 2084 510 2128 poteris
523 2084 616 2120 inuenire.’
641 2085 669 2120 Ex
681 2084 710 2120 illo
724 2085 758 2128 die,
771 2095 792 2120 ac
806 2084 821 2119 si

116 2140 186 2174 ratione
198 2143 285 2179 vteretur,
296 2138 394 2181 imperanti
407 2139 472 2182 paruit.
496 2139 519 2173 Et
532 2138 548 2172 si
562 2140 607 2173 hora
622 2139 716 2183 mulgendi
732 2139 821 2173 Godricus

117 2194 135 2226 in
147 2191 226 2226 oratorio
239 2196 293 2232 esset,
305 2190 349 2225 foris
362 2196 413 2224 stans
425 2191 525 2235 mugitibus
536 2191 597 2235 ipsum
609 2192 714 2227 aduocabat,
757 2185 821 2226 Vene-

116 2253 159 2280 runt
169 2246 192 2280 ad
204 2244 303 2280 Godricum
315 2245 387 2288 cognati
399 2245 443 2285 eius,
454 2245 497 2278 iusti
507 2246 540 2279 sed
551 2257 653 2289 pauperes3
665 2246 714 2280 inter
724 2257 771 2289 quos
782 2251 821 2280 erat

88 2312 107 2339 40
116 2304 174 2333 mater
187 2297 251 2341 ipsius,
265 2303 284 2330 et
296 2297 353 2330 frater
366 2297 406 2331 eius
418 2297 528 2337 Willelmus,
542 2304 561 2331 et
576 2309 629 2332 soror
645 2298 755 2341 Burwenna,
770 2299 821 2342 virgo

115 2353 226 2395 incorrupta.
255 2350 305 2384 Fecit
324 2354 385 2384 autem
405 2350 463 2384 sorori
482 2361 515 2384 sue
534 2351 599 2385 cellam
615 2352 633 2385 in
649 2352 688 2386 loco
703 2352 726 2387 ab
742 2351 821 2386 oratorio
844 2355 845 2359 ’

116 2405 207 2448 distante;
219 2404 238 2439 in
250 2415 285 2449 qua
296 2404 355 2439 cilicio
366 2404 435 2448 induta,
448 2409 466 2438 et
478 2404 540 2439 multis
552 2404 679 2441 afflictionibus
691 2410 787 2448 macerata,
797 2406 820 2441 ad

135 2466 140 2482 1
151 2467 191 2503 Reg.
197 2465 241 2502 gives
247 2465 275 2494 the
280 2474 312 2502 ags.
319 2469 362 2495 text:
370 2464 426 2494 Sainte
431 2464 481 2494 Marie
487 2465 554 2502 virgine,
559 2465 615 2494 Moder
622 2465 658 2494 Iesu
664 2465 723 2495 Cristes
729 2466 821 2495 Nazarene:

117 2505 171 2541 Ori-io,
179 2505 223 2541 scild,
231 2505 268 2542 help
279 2505 305 2543 bin
313 2504 381 2541 Godric;
393 2504 467 2542 Ori-sang,
475 2505 521 2542 bring
529 2505 600 2542 eghtlech
611 2506 638 2539 (al.
647 2506 727 2544 hehliche)
738 2506 764 2545 pit
775 2508 793 2543 pe
804 2505 820 2534 in

116 2545 169 2575 Godes
180 2545 223 2574 riche
235 2545 261 2584 (al.
273 2545 307 2584 ric).
328 2545 362 2573 The
372 2554 416 2573 same
427 2545 467 2574 lines
478 2555 505 2574 are
516 2546 602 2582 preserved
613 2546 629 2574 in
637 2545 742 2583 Wendower,
749 2546 788 2576 with
799 2555 819 2575 an

115 2585 202 2614 additional
209 2588 267 2614 stanna.
329 2584 354 2601 Η
366 2593 395 2613 om.
404 2584 420 2611 in
428 2584 450 2613 H.
