1762 2803
239 117 285 172 Bc
300 114 400 169 &aaut
417 114 522 178 canino.
688 123 731 175 369

30 241 102 277 visitare
119 237 181 282 ibique
196 237 266 272 hostias
281 236 347 271 offerre
363 237 475 271 consuetudo
490 236 529 279 fuit,
544 241 562 271 et
577 236 600 271 ad
618 236 652 271 hoc
669 248 732 273 secum

31 292 122 337 Egbinum
136 291 233 324 diaconum
247 290 327 324 sociauit.
351 290 434 341 Quadam
448 289 503 333 igitur
515 289 552 331 die,
567 290 611 323 dum
625 289 667 324 illuc
680 290 733 332 irent,

30 348 139 381 inuenerunt
148 343 242 386 leprosum
252 342 271 375 in
283 342 356 376 messel
366 342 461 382 iacentem,
469 347 527 375 totum
535 341 642 375 vulneribus
651 342 733 385 plenum,

31 398 85 433 ssebili
100 408 145 430 voce
164 397 186 429 ab
204 396 231 429 eis
248 395 336 429 auxilium
352 395 481 438 postulantem.
504 394 540 437 Qui
555 394 654 439 requisitus
669 396 692 429 de
706 396 733 429 in-

31 451 121 491 firmitate,
136 449 232 492 suspirans
247 448 282 483 ait:
301 448 382 483 ‘Graues
401 448 474 482 dolores
492 448 607 492 queruntur²
621 448 640 483 in
655 460 750 493 corpore5

31 516 83 546 meo,
95 504 128 538 sed
138 513 186 537 vnus
198 507 226 537 est
237 502 290 536 dolor
300 507 337 536 tam
349 501 426 536 nociuus
435 507 454 537 vt
466 501 481 536 si
493 501 541 536 hunc
553 501 602 537 diem
613 502 654 537 sine
665 501 734 546 [eius]³

32 557 97 594 auxilio
113 555 208 597 transiero,
222 560 300 590 mortem
314 555 418 600 proximam
434 565 475 590 esse
488 559 544 600 puto:
558 555 617 590 Nares
629 555 679 590 enim
691 566 732 591 mee

32 612 86 656 plene
95 609 181 643 stercoris
191 614 330 643 concremantur
338 610 360 642 ab
368 610 434 643 ardore
443 608 564 643 infirmitatis.¹
586 609 638 643 Tunc
650 609 733 653 Egbinus

32 674 73 698 eum
84 673 118 706 per
128 662 185 695 latera
196 661 292 704 arripiens,
303 672 314 694 a
324 666 374 694 terra
384 672 457 694 sursum
470 661 533 702 erexit,
545 666 563 694 et
574 661 700 695 Winwaloeus
709 663 732 696 ad
786 702 789 707 Ι

32 726 86 750 nares
105 715 144 748 eius
163 724 238 747 manum
257 713 351 756 porrexit:
371 714 416 747 sed*
435 724 507 757 pauper
522 713 577 748 llebili
592 725 638 748 voce
653 715 732 749 clamare
744 725 761 747 ιο

32 768 90 810 cepit:
104 766 160 806 ίΝοΙῑ,
176 766 243 806 senior,
255 765 339 799 manibus
352 765 419 799 naresl
433 776 510 809 capere:
523 765 565 808 quia
577 766 630 799 dolor
641 777 678 799 non
691 777 733 809 per-

33 820 96 862 mittit;
114 819 147 853 sed
163 818 178 853 si
193 818 275 852 dolorem
290 829 352 852 meum
367 818 436 853 leuiare
450 818 536 859 volueris,
550 818 625 862 poteris,
640 819 656 853 si
671 819 732 863 lingue

33 872 106 907 mollitie
122 882 176 905 nares
191 877 269 914 tangens
284 871 398 914 pruriginem
413 871 456 905 inde
469 871 569 905 traxeris?
597 871 650 905 Tunc
665 872 701 912 ilie,
712 882 733 906 se

33 924 140 966 humilians3
155 924 228 968 quando
243 922 314 968 putauit
329 923 412 958 dolorem
427 923 508 958 leuiare⁷
523 922 605 968 pauperi,
619 923 637 957 in
653 934 685 958 ore
700 934 733 959 suo

33 989 106 1014 carnem
118 978 190 1022 excepit
202 976 234 1012 filii
246 977 281 1012 dei.
304 976 349 1012 Mox
361 987 405 1021 ergo
413 982 433 1012 vt
443 977 466 1011 ad
476 987 498 1012 se
509 977 569 1019 traxit,
581 982 634 1021 petra
645 977 734 1013 mirabilis
745 988 762 1019 15

33 1032 51 1066 in
65 1031 104 1065 eius
116 1032 160 1064 orel
172 1030 241 1064 cecidit.
263 1030 332 1064 Beatus
344 1035 405 1063 autem
422 1029 504 1073 Egbinus
519 1040 553 1073 per
566 1029 623 1064 latera
639 1030 734 1065 dominum

33 1091 103 1125 tenens,
118 1094 192 1117 sursum
205 1084 283 1127 aspexit,
295 1083 355 1117 celum
368 1089 453 1127 apertum
466 1083 516 1123 vidit,
530 1088 548 1116 et
561 1083 580 1116 in
592 1083 652 1127 capite
665 1084 734 1118 domini

34 1148 88 1181 quem
96 1137 175 1178 tenebat,
183 1142 246 1171 sancta
254 1147 299 1171 crux
309 1136 399 1180 apparuit,
407 1136 520 1179 angelosque
530 1135 561 1170 inl
570 1136 642 1170 obuiam
653 1137 735 1171 dominil

34 1189 96 1222 venire
105 1189 161 1222 vidit:
176 1194 194 1221 et
204 1188 294 1222 sacerdoti
305 1189 341 1221 ait:
356 1188 426 1229 ‘Palen
437 1189 498 1231 ipsum
510 1198 565 1231 quem
577 1193 632 1221 teneo
643 1188 735 1230 manibus,

34 1241 127 1275 dominum
136 1240 211 1275 ihesum
219 1240 317 1283 Christum,
326 1240 356 1284 qui
365 1250 398 1284 pro
406 1240 459 1274 nobis
467 1240 549 1284 seipsum
555 1240 610 1282 dedit,
617 1250 660 1275 esse
668 1241 734 1275 credo.¹
745 1245 772 1271 20'

35 1294 80 1327 Cum
88 1299 149 1327 autem
154 1293 167 1312 ¹⁰
174 1293 269 1327 dominum
274 1293 411 1327 tenerevellent
418 1293 508 1334 manibus,
515 1292 594 1327 eleuauit
599 1304 620 1327 se
626 1295 644 1327 in
651 1294 735 1335 nubibus,

35 1345 108 1380 dicens:
121 1345 172 1380 ‘Non
185 1357 215 1380 me
227 1345 331 1388 erubuistis,
341 1346 390 1380 serui
400 1346 441 1387 mei,
454 1347 472 1379 in
485 1345 573 1390 angustiis
587 1345 639 1387 meis,
652 1358 687 1381 nec
700 1358 735 1392 ego

35 1410 67 1433 vos
78 1400 185 1433 erubescam
196 1401 215 1433 in
227 1411 284 1443 regno
295 1399 352 1444 patris
362 1399 404 1433 mei.
427 1399 527 1433 Hereditas
538 1404 600 1433 vestra
611 1410 684 1434 mecum
695 1406 734 1443 est;

36 1457 53 1486 et
61 1452 95 1485 hiis
103 1452 134 1495 qui
141 1452 198 1486 vestri
206 1463 299 1486 memores
308 1452 376 1486 luerint
383 1452 403 1485 in
411 1452 524 1485 orationibus
533 1452 577 1492 suis,
588 1453 637 1486 salus
649 1453 667 1486 in
678 1464 736 1497 regno

36 1506 87 1539 meo.'
111 1504 153 1538 Hiis
168 1504 221 1539 dictis
236 1506 310 1539 euanuit
326 1516 349 1539 ex
365 1505 422 1539 oculis
436 1515 505 1546 eorum,
520 1509 539 1538 et
554 1515 595 1541 cum
610 1516 676 1549 magna
690 1517 736 1540 voce
745 1516 764 1546 ²5

36 1562 119 1600 receptus
135 1562 163 1591 est
178 1558 197 1590 in
213 1558 277 1591 celum.
300 1557 370 1591 Vocem
386 1556 460 1600 quidem
475 1557 578 1599 audiebant,
594 1558 627 1591 sed
642 1558 736 1592 neminem

36 1608 126 1643 videbant.
154 1609 238 1653 Cumque
256 1609 353 1654 stupefacti
372 1609 478 1643 laudassent
493 1609 594 1651 dominum,
611 1609 737 1645 Winwaloeus

37 1660 106 1704 Egbino
118 1661 174 1697 dixit:
187 1662 238 1696 ‘Hoc
254 1661 290 1696 tuis
302 1662 372 1696 meritis
387 1661 451 1696 accidit
464 1661 522 1702 nobis,
534 1661 559 1695 mi
571 1662 632 1704 irater,
645 1662 676 1707 qui
687 1667 737 1698 tante

37 1713 140 1748 humilitatis
154 1726 175 1749 es
188 1719 206 1749 et
218 1714 327 1756 obedientie,
339 1720 359 1749 vt
372 1714 458 1758 quicquid
471 1714 551 1748 humana
566 1714 628 1759 lingua
641 1715 738 1760 precipere

37 1772 100 1809 potest,
114 1773 133 1802 tu
147 1768 202 1802 corde
213 1767 332 1802 deuotissimo
343 1767 432 1811 impleas!
456 1767 539 1810 Egbinus
552 1767 588 1802 ait:
602 1768 653 1803 ‘Non
667 1775 694 1803 est
707 1769 737 1811 ita,
747 1777 767 1807 30

37 1825 99 1861 pater:
111 1821 144 1854 sed
158 1826 177 1854 tu
191 1821 221 1865 qui
233 1820 314 1864 quotidie
326 1831 401 1854 carnem
414 1826 432 1854 et
445 1820 554 1864 sanguinem
566 1821 635 1854 domini
647 1822 738 1865 immolas,

37 1871 97 1915 ipsum
105 1874 187 1908 meruisti
196 1875 258 1909 videre
266 1874 285 1908 in
293 1885 370 1918 corpore
377 1885 411 1908 suo
419 1885 474 1917 quem
485 1874 559 1908 assidue
568 1880 631 1918 portas
638 1874 657 1909 in
666 1875 737 1910 animo!

39 1917 126 1970 Denique
145 1938 187 1961 cum
211 1926 277 1961 Franci
295 1932 399 1961 vastassent
423 1926 542 1968 Britanniam,
560 1933 635 1962 sanctus
654 1928 737 1972 Egbinus

38 1977 127 2013 Hibernie
139 1986 201 2024 partes
214 1986 286 2024 petens,
299 1979 318 2013 in
332 1980 378 2013 silua
391 1990 427 2023 que
441 1979 538 2013 Nectensis
552 1979 622 2022 dicitur,
634 1986 653 2014 vt
666 1992 738 2026 pauper

38 2033 145 2074 peregrinus
160 2033 253 2075 tugurium
268 2033 310 2066 lecit
324 2038 342 2066 et
356 2032 452 2066 ecclesiam
468 2032 574 2073 fabricauit;
586 2032 605 2066 in
616 2044 652 2075 qua
663 2034 737 2068 assidue
747 2048 766 2076 35

38 2081 111 2116 domino
122 2083 208 2125 militans,
219 2085 298 2128 quadam
309 2083 339 2118 die
350 2083 435 2118 claudum
446 2084 469 2117 ab
479 2095 502 2118 eo
512 2089 606 2127 petentem
618 2084 738 2120 elemosinam

38 2132 56 2166 in
65 2135 132 2170 Christi
140 2139 214 2171 nomine
222 2138 299 2171 sanauit.
322 2138 405 2180 Quedam
415 2139 470 2171 etiam
479 2138 544 2171 mulier
554 2138 577 2171 ab
586 2149 608 2171 eo
618 2149 652 2181 pro
661 2139 739 2173 sanitate

38 2186 69 2219 filii
81 2188 108 2221 sui
120 2190 208 2233 paralitici
220 2190 323 2233 postulauit.
346 2190 379 2224 Cui
390 2190 431 2224 ille:
446 2190 495 2224 ‘Nos
507 2194 612 2233 peccatores
623 2200 692 2232 sumus,
704 2192 738 2225 hoc

39 2239 145 2275 miraculum
160 2243 179 2276 in
195 2253 229 2276 vsu
245 2253 282 2276 non
298 2243 398 2276 habemus:
413 2243 446 2276 sed
461 2242 477 2276 si
491 2243 519 2276 vis
535 2243 595 2276 sanari
609 2243 667 2277 filium
682 2249 739 2287 tuum,

39 2294 107 2334 perduc
122 2296 199 2330 eumad
212 2301 276 2330 sancte
289 2296 363 2340 Brigide
376 2296 505 2339 sepulchrum!
529 2296 552 2330 Et
563 2296 604 2331 illa:
619 2296 664 2337 ‘lbi,
675 2298 739 2341 inquit,
747 2313 768 2342 4⁰

39 2351 111 2389 opeter,
118 2358 160 2381 eum
168 2348 219 2391 [iam]
228 2348 300 2392 portani
306 2348 322 2389 ¹¹,
330 2349 364 2382 sed
372 2349 450 2392 quadam
457 2354 510 2382 nocte
518 2348 668 2392 expletisvigiliis
674 2361 739 2385 vocem

40 2396 83 2431 mihi
102 2400 194 2434 dicentem
213 2401 285 2435 audiui:
302 2401 341 2435 “In
360 2401 442 2435 nectensi
461 2401 507 2434 silua
526 2407 608 2435 moratur
624 2412 690 2437 seruus
709 2404 740 2438 dei

59 2477 64 2495 ¹
75 2479 115 2511 Boll.
124 2486 170 2513 terra.
208 2483 215 2500 ²
224 2483 284 2514 Winw.
293 2483 388 2521 quatiuntur,
397 2483 436 2512 Boll.
444 2483 515 2521 quatiunt
522 2493 573 2513 meum
583 2493 596 2514 c.
633 2484 639 2502 ³
650 2495 681 2516 orn.
689 2486 705 2516 in
713 2487 742 2523 E.;

40 2515 287 2561 Bollhuiusdoloriscuratione.
328 2522 362 2554 ‘T.
371 2523 388 2553 E.
397 2523 454 2554 sedet.
495 2523 583 2553 rennes
591 2524 665 2556 manibus.
707 2525 743 2558 εΕ.

40 2561 126 2591 mtraxeris.
160 2562 257 2594 'Eleuiari
291 2563 347 2593 ⁸r.os.
380 2563 448 2593 ”olom
482 2561 599 2602 maenaque.
632 2565 641 2583 ¹¹
650 2566 667 2597 E.
675 2572 742 2605 ponam.

374 2612 405 2645 ob
