1762 2803
200 123 246 179 mc
261 120 361 175 &unct
377 120 479 180 ttbuuu
489 121 618 180 >mattatha.
713 137 758 182 403

139 244 166 282 'll
174 236 208 280 Du
219 243 302 279 snucro²
313 235 389 279 Tuom
400 254 491 279 trouucrro
502 254 515 279 u
527 236 602 281 Gutus
612 253 683 279 occist).

94 315 130 349 Um
142 313 191 349 enim
204 313 297 347 Gallorum
308 311 374 347 classis
384 312 445 345 valida
456 317 568 346 armatorum
580 312 723 355 manutenete,
736 311 760 346 ad

114 365 238 400 infestandum
246 364 332 408 Angliam
340 364 380 398 siue
387 364 448 409 potius
456 363 596 410 subiugandurn,
601 363 652 400 iussu
661 362 760 399 Ludouici⁵

57 419 105 464 regIs
119 418 232 453 Francorum
243 417 365 462 primogeniti,
377 418 408 462 qui
419 418 507 462 Angliam
518 427 553 452 suo
563 416 649 460 dominio,
661 417 760 454 multorum

56 478 105 509 terre
113 471 200 507 nobilium
208 471 300 515 promisso
307 470 375 506 auxilio
383 476 401 506 et
413 471 475 505 fauore
483 471 572 506 allectus⁴
583 476 622 506 erat
628 470 640 512 ³,
648 470 761 505 Douoriam⁸

57 525 173 571 applicuisset
180 536 185 567 ;
196 524 259 559 villum
267 529 285 558 et
293 524 425 559 monachorum
437 523 534 559 cenobium
542 524 561 559 in
569 534 591 559 ea
599 528 729 566 constructum,
737 524 760 559 de
769 536 778 566 5

57 579 134 613 nauibus
142 577 217 621 egressi,
225 578 279 610 bonis
287 576 372 610 omnibus
380 577 460 620 spoliare
468 581 562 619 ceperunt.
584 576 667 619 Cumque
675 575 760 609 monachi

57 630 87 674 qui
98 630 161 673 lugere
172 632 257 672 poterant
267 628 308 661 loca
319 638 384 662 secura
395 627 437 672 fuge
448 626 529 672 presidio
540 626 636 673 petissent,
643 638 691 672 gens
701 628 761 673 prede

56 681 109 717 auida
120 679 217 716 cenobium
228 679 304 720 intrans,
312 680 422 715 monachum
434 682 527 724 quendam
538 680 649 715 venerabilis
660 680 760 716 senectutis

56 734 121 776 virum,
129 733 204 767 nomine
215 732 311 776 Thomam,
322 733 379 777 pium,
390 734 500 775 modestum,
510 733 563 768 bonis
574 734 661 775 moribus,
669 732 688 767 in
697 738 760 767 sancta

57 786 197 821 conuersatione
205 785 305 820 monastica
313 785 408 829 apucritia
416 785 510 829 nutritum,
517 786 536 821 in
546 785 653 821 dormitorio
662 786 759 821 sedentem
769 798 789 820 ro

57 839 172 881 inuenerunt,
180 838 211 884 qui
219 839 269 873 nullo
276 839 367 873 sociorum
376 850 431 874 suasu
438 839 500 873 induci
510 844 582 882 poterat
589 844 609 872 vt
616 838 679 873 relicto
687 849 760 873 monas-

57 893 102 926 terio
113 892 200 935 fugiendo
207 891 263 926 vitam
274 891 359 925 saluaret.
379 891 451 925 Etcum
459 891 520 934 minis,
528 890 634 933 terroribus,
642 896 661 925 et
667 890 760 925 blanditiis

57 944 79 977 ad
93 943 210 988 prodendum
223 947 241 978 et
256 942 390 988 propalandum
402 943 509 979 thezanrum
521 943 604 987 ecclesie,
617 953 662 979 vasa
673 948 692 978 et
704 943 760 979 vesti-

57 1000 119 1031 menta
130 1000 149 1031 et
161 1007 197 1040 que
208 996 292 1040 preciosa
304 1002 362 1040 erant,
375 1007 418 1032 eum
429 997 506 1031 incitare
517 999 624 1040 niterentur,
638 1002 656 1031 et
667 997 698 1032 ille
709 997 759 1032 nullo

57 1050 111 1084 modo
126 1049 255 1093 acquiesceret,
266 1060 330 1084 verum
342 1050 365 1083 de
378 1049 475 1094 sacrilegio
489 1061 559 1094 eorum,
570 1055 589 1085 et
602 1050 668 1085 ceteris
685 1049 760 1094 flagitiis
768 1061 787 1093 15

57 1103 143 1137 audacter
155 1107 174 1136 et
186 1101 277 1144 intrepide
288 1113 320 1136 eos
332 1103 459 1146 redarguendo
470 1102 585 1147 corriperet;
599 1103 721 1137 vehementer
731 1102 759 1137 ira

57 1153 147 1195 succensi,
157 1153 177 1188 in
188 1153 276 1188 christum
288 1154 368 1189 domini⁷
377 1164 451 1189 manum
463 1154 570 1197 inlicientes,
580 1154 641 1199 gladio
651 1155 708 1190 vitam
719 1154 759 1190 eius

57 1212 180 1251 amputarunt,
186 1207 245 1242 Nonis
251 1206 381 1252 augustinum
389 1206 458 1242 domini
463 1207 560 1243 millesimo
568 1207 694 1244 ducentesimo
701 1219 759 1243 nona·

57 1260 126 1305 gesimo
138 1259 206 1305 quinto.
253 1253 299 1296 Post
310 1262 349 1296 eius
361 1261 457 1296 transitum
466 1262 502 1295 duo
510 1261 576 1296 iratres
583 1260 672 1306 germani,
680 1272 758 1306 quorum

57 1314 103 1348 alter
117 1313 258 1358 precordialium
277 1313 394 1358 passionibus
412 1313 467 1349 nimis
482 1314 562 1359 grauiter
576 1315 699 1360 torquebatur,
714 1314 788 1351 alterae

57 1377 132 1402 manum
144 1367 223 1402 habebat
234 1367 259 1402 ita
271 1373 381 1402 contractam
392 1372 412 1403 vt
423 1367 496 1402 cuilibet
507 1368 559 1412 operi
571 1368 634 1412 inepta
645 1368 760 1409 redderetur,

58 1419 150 1453 ⁸tumbam
163 1419 198 1454 viri
216 1420 246 1454 dei
260 1419 355 1454 visitantes
368 1421 446 1454 salutem
463 1426 585 1463 reportarunt
640 1413 760 1454 Freneticum

59 1472 150 1515 quendam
158 1473 241 1514 sanauit3
253 1483 306 1507 cecos
314 1478 392 1517 quatuor
398 1471 519 1516 illuminauit;
530 1472 586 1507 surdo
594 1471 676 1507 auditum
686 1472 761 1515 tribuit3

57 1523 106 1560 viros
113 1525 158 1560 duos
164 1526 232 1570 pedum
236 1537 258 1560 ac
264 1536 351 1560 manuum
356 1525 446 1561 beneficio
450 1525 532 1571 priuatos
537 1526 631 1561 valitudini
636 1525 695 1568 dedit3
703 1536 761 1561 naues

58 1578 155 1612 nonnullas
167 1578 223 1613 maris
234 1584 344 1624 tempestate
356 1578 486 1623 periclitantes,
499 1578 568 1614 sedatis
578 1578 639 1613 ventis
650 1583 669 1613 et
679 1589 760 1613 commo·
769 1590 788 1620 ²⁵

57 1630 107 1664 tione
118 1632 175 1665 maris
184 1633 207 1665 ad
219 1637 293 1675 portum
302 1632 376 1665 reduxit
384 1636 478 1675 optatum
495 1636 577 1665 mortuos
589 1630 669 1674 quinque
681 1630 761 1665 resusci-

58 1681 113 1725 tauit;
125 1688 144 1717 et
150 1682 196 1717 alios
203 1683 302 1718 nonnullos
309 1682 366 1719 variis
374 1683 444 1720 morbis
452 1693 553 1729 oppressos
560 1683 619 1718 salute
626 1684 706 1727 gaudere
714 1682 761 1718 feeit

80 1752 128 1796 [MS.
136 1753 175 1788 Tib.
183 1753 240 1788 adds:
356 1764 442 1800 Narrabo
447 1766 458 1800 ⁹.

80 1814 170 1858 Matrona
181 1824 260 1868 quedam
270 1824 323 1858 beato
335 1823 424 1868 Gregorio
435 1824 513 1867 singulis
523 1824 588 1858 diebus
598 1833 656 1867 panes
666 1822 760 1857 offerebat

58 1875 93 1917 Qut
105 1887 147 1910 cum
159 1881 201 1920 post
213 1876 311 1910 missarum
326 1876 429 1920 solempnia
444 1887 511 1921 corpus
525 1875 595 1910 domini
609 1876 643 1910 sibi
655 1875 729 1909 offerret
741 1880 760 1909 et

59 1928 138 1964 diceret:
150 1929 234 1973 ‘Corpus
245 1928 316 1963 domini
326 1930 385 1963 nostri
398 1928 453 1963 ihesu
465 1929 532 1962 Christi
544 1928 633 1962 custodiat
644 1932 662 1961 tc
673 1928 692 1960 in
703 1927 760 1961 uitam
769 1942 790 1972 30

59 1984 151 2023 eternam,¹
159 1982 190 2015 illa
200 1981 281 2016 subrisit.
307 1981 406 2025 Gregorius
413 1986 475 2015 autem
482 1981 568 2015 continuo
580 1981 675 2015 dexteram
686 1980 710 2014 ab
721 1981 761 2015 eius

59 2042 90 2067 ore
98 2039 213 2077 conuertens¹
221 2039 293 2079 partem
300 2033 350 2068 illam
358 2034 444 2070 dominici
452 2035 534 2078 corporis
541 2043 598 2078 super
605 2033 662 2068 altare
670 2033 761 2078 deposuit,

59 2090 77 2118 et
84 2093 186 2123 matronam
195 2098 256 2122 coram
264 2087 332 2133 populo
339 2087 458 2132 interrogauit
465 2098 520 2132 quam
531 2087 554 2122 ob
564 2097 638 2122 eausam
650 2087 710 2122 ridere
719 2098 762 2132 pre·

59 2141 142 2185 sumpsit.
169 2141 193 2176 Et
207 2141 250 2176 illa:
266 2142 324 2184 ‘Quia
342 2152 416 2185 panem,
427 2140 491 2184 inquit,
505 2151 560 2185 quem
578 2140 663 2174 manibus
681 2140 762 2184 propriis

59 2191 143 2235 feceram,
155 2199 175 2228 tu
191 2205 259 2237 corpus
275 2194 387 2228 dominicum
402 2193 519 2237 appellabas!
546 2193 598 2227 Tunc
612 2191 712 2237 Gregorius
728 2203 790 2236 pr035

60 2242 185 2282 incredulitate
192 2247 274 2282 mulieris
282 2258 303 2282 se
310 2247 329 2282 in
337 2248 422 2282 oracione
428 2246 535 2291 prostrauit:
545 2252 564 2281 et
570 2257 649 2290 surgens
655 2246 762 2290 particulam

60 2296 108 2332 illum
115 2300 174 2334 instar
181 2301 232 2345 digiti
240 2310 314 2336 carnem
324 2299 389 2335 iactam
401 2301 487 2345 repperit,
495 2304 514 2335 et
522 2298 549 2335 sic
559 2304 661 2334 matronam
672 2299 695 2334 ad
706 2299 762 2333 fidem

80 2376 85 2395 ¹
94 2378 109 2408 Α
116 2378 173 2417 longer
180 2380 208 2410 tire
214 2381 233 2411 ot*
240 2380 273 2411 this
279 2380 349 2410 Thomas
358 2381 378 2410 de
386 2380 402 2410 ia
409 2380 471 2410 Haleis
478 2384 533 2411 extant
540 2379 557 2410 in
564 2379 600 2409 MS.
607 2378 653 2408 Boot
661 2388 697 2416 240,
704 2388 719 2416 p.
727 2379 762 2416 798.

61 2415 83 2446 Cs.
91 2417 226 2457 Matth.Westm.‚
236 2420 325 2457 Kuyghtcn
336 2420 352 2448 in
363 2420 402 2449 Dec.
411 2420 467 2457 Script.
476 2428 520 2456 2503.
577 2418 672 2447 ²om.inT.
731 2416 762 2444 “A

60 2456 134 2491 cristato:
144 2458 188 2493 John
200 2458 218 2487 ot⁴
227 2459 284 2496 ‘symm
296 2459 385 2488 consouuds
397 2459 425 2487 the
436 2458 529 2496 expedition
540 2457 558 2487 ol
568 2465 612 2495 1295.
624 2456 640 2485 in
652 2456 680 2486 the
690 2456 735 2493 reign
746 2455 765 2484 os

61 2491 122 2532 Philipp
130 2496 202 2535 Pulcher,
208 2498 249 2528 with
256 2498 291 2528 that
297 2498 315 2528 oi
321 2498 361 2527 1216
368 2497 394 2544 (ci.
403 2497 463 2529 Chrom
471 2497 538 2533 Thai-nl.
582 2495 588 2515 ¹
599 2496 617 2527 E.
625 2495 689 2526 alectus.
737 2496 762 2524 ir.

60 2532 149 2566 subditurus
156 2540 201 2568 eratt
277 2538 284 2555 ⁶
294 2538 312 2568 E,
320 2539 407 2568 douonnm.
464 2536 470 2553 ¹
481 2537 499 2568 E.
507 2538 558 2567 deum.
615 2535 620 2554 ³
630 2535 648 2565 T.
655 2535 682 2574 qui
689 2534 763 2566 tumbam.

60 2571 66 2589 ⁹
76 2572 100 2604 Ex
108 2575 147 2615 Leg.
154 2577 213 2614 Aurea,
220 2586 236 2616 pt
244 2587 277 2617 ¹97·

388 2626 439 2661 uda
