1762 2803
279 108 325 163 Dc
340 105 440 159 &anuo
456 107 566 170 coneto.
729 123 769 167 531

72 236 134 273 uenire
140 233 235 279 protessus
241 236 274 265 est.
290 229 346 264 Omni
354 235 412 264 estate
419 235 461 274 post
469 230 537 274 pascha
543 240 600 265 naues
606 240 641 274 per
646 229 707 265 omnia
712 229 773 265 littora

71 288 146 326 adunari
155 284 268 331 precipiebat
279 289 297 319 et
308 283 411 318 ascendens
422 283 500 327 ipsemet
509 294 560 318 mare
571 282 657 318 circuibat
668 288 688 317 vt
698 290 773 328 pyratas

71 346 150 382 arcerem
162 340 229 382 hyeme
236 347 280 371 vero
291 346 325 379 per
335 335 438 379 prouincias
450 336 541 379 equitabat
552 341 572 370 vt
582 336 675 380 predones
686 336 772 377 deleret¹,

71 393 135 429 iudicia
143 389 265 436 potentiorum
274 388 379 431 exquirens,
387 398 411 422 ne
418 387 447 422 ius
455 387 549 423 violarent.
592 381 681 434 Quodam
688 393 772 432 ternpore

71 451 155 483 venatum
170 446 283 488 perrexerat,
297 440 420 483 Dunstanum,
433 441 464 486 qui
479 452 542 476 secum
557 446 602 485 erat,
613 452 681 486 rogans
696 441 790 482 missams

72 500 154 535 differre:
166 496 220 541 quia²
227 494 267 529 dies
273 494 376 528 dominicus
383 499 427 528 erat,
446 494 612 538 Appropinquante
618 495 663 529 hora
668 495 727 535 tertia,
733 495 772 539 epi·

71 562 137 594 scopus
144 548 202 583 sacris
207 547 282 581 indutus
288 558 345 590 super
350 546 407 580 altare
413 557 477 590 regem
483 547 597 591 expectabat,
602 547 699 591 subitoque
705 558 772 591 sopore

72 604 106 639 leui
118 604 217 647 depressus
228 605 292 644 raptus
302 600 321 633 in
332 599 391 634 celum
402 598 470 634 audiuit
482 604 546 634 cantus
557 600 669 643 angelorum,
677 604 772 635 cantantes

73 656 199 702 Kyrieleyson‚
207 652 236 687 ix.
243 652 319 688 vicibus.
342 651 436 686 Excitatus
443 657 485 697 post
493 651 592 695 modicum,
599 652 658 687 adhuc
666 657 772 697 expectans,

72 709 140 754 rapitur
147 714 165 741 et
173 706 242 741 audiuit
249 706 285 740 alta
292 716 337 741 voce
345 705 380 740 dici
388 718 392 741 :
405 707 409 723 ‘
417 706 444 741 Ite
452 706 509 741 missa
517 707 556 747 est:
563 710 582 740 et
589 706 697 750 responderi
705 718 709 741 :
721 706 772 741 ‘Deo
781 717 800 740 ιο

71 762 146 807 gratias?
158 761 211 795 Tune
217 759 343 794 accurrentes³
348 759 388 793 eius
394 758 460 801 clerici,
466 769 529 803 regem
534 760 600 794 adesse
605 758 698 801 dixerunt3
706 759 773 803 quibus

72 813 165 858 respondit
173 813 221 857 quod
229 813 305 845 missam
313 812 413 852 audiuerat,
421 823 455 846 nec
463 822 505 845 esse
516 822 563 855 opus
570 812 619 855 quod
627 822 649 845 ea
657 811 686 845 die
693 812 772 855 amplius

71 867 174 901 celebraret¹
198 864 323 908 interrogatus
335 875 346 898 a
356 874 400 908 rege
412 874 444 898 cur
455 863 489 898 hec
501 863 570 898 diceret
582 870 600 899 et
611 874 668 908 quare
679 865 773 899 celebrare

72 920 130 961 nollet,
138 919 228 953 visionem
236 918 307 961 aperit;
319 922 337 951 et
347 918 381 951 hoc
392 922 465 960 sumpta
476 916 572 951 occasione
583 917 622 961 regi
633 916 742 961 prohibens
747 928 771 951 ne

71 973 100 1007 die
107 970 198 1005 dominico
204 970 281 1005 vlterius
287 975 375 1004 venatum
382 974 473 1014 pergeret.
486 969 547 1012 Quam
555 969 689 1014 correptionem
697 976 772 1005 sanctus
780 981 799 1012 15

71 1036 103 1060 rex
110 1023 189 1068 benigne
197 1023 279 1067 suscepit
286 1030 304 1058 et
312 1024 336 1057 de
344 1029 405 1057 cetero
416 1022 525 1057 obseruauit.
548 1023 584 1065 Qui
595 1024 697 1068 gubernato
708 1034 771 1067 regno,

71 1083 112 1122 post
123 1087 182 1111 annos
190 1076 237 1119 .xvj.,
245 1087 294 1110 auno
306 1076 359 1110 etatis
370 1087 403 1110 sue
412 1075 480 1118 xxxiij.
488 1076 507 1110 in
515 1087 560 1119 pace
568 1075 642 1119 quieuit,
650 1081 668 1110 et
678 1076 771 1110 miraculis

71 1135 111 1174 post
118 1134 195 1163 mortem
204 1128 273 1170 claruit,
280 1133 299 1163 vt
306 1127 325 1162 in
333 1128 370 1163 vita
377 1127 425 1162 beati
434 1127 506 1163 Patricii
514 1128 580 1163 clarius
589 1134 643 1174 patet.

93 1202 171 1248 Explicit
183 1202 243 1246 (Noua
255 1202 334 1247 legenda
346 1202 426 1246 Anglie).
455 1201 548 1246 Impressa
563 1201 669 1237 Londonias
682 1202 701 1237 in
715 1203 770 1237 domo

71 1256 157 1291 Winandi
165 1257 187 1291 de
195 1255 272 1299 Worde,
281 1256 410 1290 commorantis
418 1256 441 1290 ad
449 1254 522 1300 signum
533 1255 583 1297 solis,
591 1255 609 1291 in
617 1255 658 1290 vico
665 1263 770 1300 nuncupato
779 1268 798 1290 to

72 1310 109 1351 (the
120 1309 163 1343 ilete
175 1309 244 1349 strete).
272 1309 328 1342 Anno
341 1308 410 1342 domini
424 1319 500 1342 nr.ccccc
511 1309 549 1351 xvj.
560 1308 617 1351 xxvij.
629 1309 658 1342 die
670 1308 770 1343 Februarii,

70 1363 84 1397 tl
102 1361 164 1404 Itaque
177 1371 242 1394 omnes
255 1360 336 1404 hystorie
348 1360 377 1394 hic
389 1361 464 1395 collecte
481 1360 546 1394 rnerito
563 1361 647 1394 dicuntur
662 1371 716 1401 noue,
728 1361 771 1404 quia

71 1413 110 1447 licet
118 1413 195 1458 quedam
207 1413 230 1447 de
241 1412 282 1447 istis
293 1412 348 1448 etiam
360 1413 477 1459 reperiuntur
488 1414 537 1459 apud
548 1412 617 1459 plures,
625 1424 662 1448 non
673 1418 734 1449 tamen
746 1413 770 1449 ita

71 1468 164 1501 emendate
172 1473 190 1502 et
198 1472 280 1503 correcte
287 1468 334 1503 sicut
341 1469 361 1503 in
369 1468 403 1502 hoc
411 1468 496 1503 volumen
505 1467 625 1502 continentur.

158 1550 163 1569 ¹
174 1556 191 1581 vt
197 1560 212 1589 p.
220 1561 234 1582 a.
243 1551 262 1581 al.
270 1561 300 1582 om.
380 1551 386 1569 ²
397 1551 415 1581 E.
422 1561 458 1588 qua.
539 1551 545 1569 ³
556 1550 573 1581 E.
582 1557 678 1581 occurentes
