1762 2803
258 121 304 178 br
319 120 419 175 &auctu
435 119 551 182 urbico.
692 133 754 180 ¹375

53 247 78 283 tui
95 244 153 290 ipsius
170 242 250 287 clerique
269 248 287 277 et
302 241 365 286 populi
378 252 466 276 assensus
482 246 500 276 et
514 241 587 281 fauoris,
603 240 692 276 constitue
706 239 755 275 ouile

54 300 127 336 Christo
133 297 145 339 ¹,
162 295 250 331 diuinitus
266 301 367 336 ostensum,
381 295 480 339 apostolica
495 295 601 329 auctoritate
616 294 687 336 fultum,
705 294 755 337 regia

54 355 136 389 libertate
151 351 245 391 donatum,
260 349 304 384 cleri
321 354 340 383 et
358 348 422 393 populi
436 348 564 383 benedictione
580 347 687 382 sanccitum.
713 346 755 381 Tibi

54 412 115 442 autem
123 409 141 438 et
149 402 286 438 successoribus
294 401 336 442 tuis,
344 407 445 436 memorato
453 401 539 446 episcopo
551 400 628 446 ngino
638 399 756 442 assentiente,

54 468 115 493 curam
134 456 237 490 animarum
257 455 340 489 eiusdem
359 454 437 488 ecclesie
455 455 543 499 precipue
561 454 680 498 iniungimus,
695 458 715 488 vt
734 452 773 494 si,5

54 511 102 556 quod
110 508 162 551 absit,
171 507 316 553 aliquo²diaboti
325 507 405 552 impulsu
413 508 510 552 quisquam
518 517 608 553 peruasor
615 506 658 542 aut³
666 511 756 550 tyrannus

54 573 126 599 sacrum
144 562 205 596 locum
222 560 305 595 minuere
320 566 351 595 aut
365 560 475 605 impugnare
492 561 631 605 presumpserit,
647 559 679 594 tibi
694 570 705 593 a
720 559 756 593 deo

54 624 141 650 concesse
159 613 256 657 potestatis
275 612 366 646 sententia
384 618 403 646 et
421 613 543 646 anathematis
561 623 661 656 percussus
678 612 756 645 verbere

54 667 146 711 complere
157 675 194 699 non
203 666 280 707 audeat;
292 664 308 698 si
317 664 371 709 quid⁴
384 675 428 699 vero
438 664 511 699 sinistre
522 665 579 709 partis
589 664 633 699 inibi
641 668 756 709 compertum

54 720 107 755 suerit
114 718 162 759 oriri,
170 718 245 752 auribus
252 717 319 751 summi
327 717 418 762 pontificis
427 717 500 761 [patrie]
506 716 513 737 ³
520 716 581 762 potius
592 717 690 757 deferatur,
701 726 756 761 quarn
765 729 784 750 10

54 784 88 819 per
101 771 177 807 alicuius
190 771 279 806 occultam
292 769 402 806 sententiam
413 776 488 806 sanetus
498 771 549 806 locus
561 770 628 806 iniuste
640 771 756 815 deprauetur.

55 827 118 870 ipsum
130 836 174 869 ergo
187 825 254 866 locum,
265 835 321 869 quem
335 824 385 868 regia
396 830 478 868 potestas
492 824 543 868 regie
555 824 633 858 libertati
645 823 725 864 donauit,
738 828 756 857 et

55 889 88 913 nos
100 878 206 912 auctoritate
218 877 248 911 dei
261 883 280 911 et
292 882 397 911 sanctorum
412 877 536 919 apostolorum
548 883 567 911 et
579 881 642 911 nostra
656 877 757 916 donamus3

54 935 73 965 vt
80 930 141 964 nullus
149 929 273 972 cuiuscunque
281 928 351 962 ordinis
359 929 414 962 homo
422 929 456 963 hoc
464 930 513 972 quod
521 928 649 963 constituimus
654 929 757 971 deprauare

55 987 85 1016 aut
92 982 176 1016 minuere
183 987 284 1025 presumat.
301 981 337 1023 Qui
345 981 379 1014 hoc
387 982 499 1015 destruxerit
507 986 537 1015 aut
545 982 594 1015 male
601 979 757 1021 contaminauerit‚
767 991 785 1021 15

55 1035 77 1069 sit
90 1034 119 1068 ille
131 1033 238 1068 maledictus
246 1045 250 1073 ;
262 1034 293 1077 qui
300 1044 345 1068 vero
355 1035 458 1068 seruauerit
465 1039 483 1067 et
491 1035 592 1074 adauxerit,
600 1032 758 1067 benedictionibus

55 1086 168 1130 repleaturtf
214 1078 291 1131 Scripta
299 1091 328 1120 est
337 1087 372 1120 hec
383 1086 460 1130 epistola
470 1096 519 1120 anno
526 1086 585 1130 gratie
592 1084 756 1129 septingentesimo

55 1151 109 1173 nono.
131 1138 155 1173 Et
166 1143 272 1173 consecrato
283 1139 322 1173 loco
333 1148 368 1183 per
378 1144 462 1174 sanctum
469 1139 576 1173 Wilsridum
585 1139 698 1183 episcopum,
707 1138 757 1172 idem

55 1191 151 1226 Wllsridus
157 1197 175 1226 et
182 1191 271 1236 nginus
279 1202 340 1226 coram
348 1191 466 1227 omnibussic
472 1191 541 1237 loquuti
548 1196 602 1226 sunt:
611 1190 701 1225 ‘Domine
705 1191 757 1231 deus,

55 1244 112 1289 quiin
120 1245 165 1279 celis
173 1245 244 1279 habitas
252 1250 271 1278 et
278 1245 340 1279 omnia
349 1245 420 1285 creasti,
428 1255 518 1279 conserua
529 1244 580 1278 illum
588 1243 619 1288 qui
629 1244 689 1277 locum
701 1243 756 1277 istum
766 1253 786 1274 πο

55 1298 156 1341 pacificabit
164 1302 183 1331 et
191 1298 312 1331 conseruabit.
335 1298 374 1331 Nos
381 1298 436 1331 etiarn
442 1298 554 1341 precipimus
562 1298 580 1331 in
589 1296 618 1331 dei
626 1296 756 1341 omnipotentis

55 1355 73 1383 et
81 1349 163 1384 omnium
170 1349 257 1384 virtutum
265 1350 361 1384 celestium
369 1350 448 1393 nomine,
456 1355 475 1384 vt
483 1360 543 1394 neque
555 1360 588 1384 rex
600 1360 660 1394 neque
669 1349 757 1393 princeps

55 1413 114 1446 neque
122 1402 188 1436 ullius⁷
198 1402 269 1437 ordinis
279 1403 334 1436 homo
343 1403 404 1436 locum
414 1402 469 1436 istum
479 1408 563 1436 sanctum
574 1401 675 1442 diminuat;
686 1402 719 1435 sed
727 1402 757 1443 sit,

55 1459 74 1488 vt
85 1460 175 1498 optamus,
186 1455 273 1498 gregibus
285 1460 303 1488 et
314 1455 344 1489 dei
355 1455 460 1499 pastoribus
471 1455 546 1488 murus³
561 1455 609 1489 benc
623 1454 724 1497 dispositus
738 1454 757 1488 in

56 1512 146 1549 potestate
157 1508 227 1551 proprii
237 1507 313 1549 abbatis,
325 1508 427 1542 secundum
439 1507 520 1552 regulam
528 1508 558 1541 dei
566 1513 584 1541 et
591 1506 649 1541 sancti
658 1506 757 1542 Benedicti.
767 1518 786 1549 ²5

56 1558 76 1592 Si
87 1565 149 1594 autem
160 1559 231 1603 aliquis,
242 1560 291 1603 quod
302 1559 355 1601 absit,
367 1558 442 1593 auaritie
454 1558 519 1604 spiritu
529 1564 615 1604 arreptus
626 1564 699 1594 vertere
709 1558 758 1600 velit,

55 1611 145 1647 iudicetur
152 1618 195 1647 ante
204 1613 283 1648 tribunal
291 1612 327 1656 dei,
335 1617 353 1647 et
361 1622 455 1656 nunquam
466 1614 485 1646 in
494 1612 562 1648 Christi
571 1612 633 1647 veniat
644 1612 758 1654 memoriam,

56 1667 88 1699 sed
100 1676 168 1701 nomen
180 1666 220 1701 eius
232 1666 314 1701 deleatur
326 1667 345 1701 in
359 1672 442 1701 eternum
454 1667 477 1702 de
488 1666 534 1702 libro
545 1667 651 1708 vicentium,
663 1671 682 1700 et
693 1665 759 1710 ligetur

56 1722 161 1754 eternarum
179 1730 271 1763 penarum
290 1720 343 1754 nodis
359 1718 378 1753 in
394 1719 471 1762 inferno,
486 1720 522 1755 nisi
537 1719 556 1753 in
571 1720 605 1754 hac
619 1719 656 1754 vita
672 1719 758 1763 penitens

56 1772 152 1805 emendet.¹
197 1765 263 1806 Huius
275 1772 352 1805 ecclesie
364 1771 453 1806 dedicatio
464 1772 511 1805 sacta
522 1778 551 1806 est
562 1782 610 1806 anno
620 1772 678 1815 gratie
688 1772 758 1815 septin·
767 1785 787 1814 50

56 1824 158 1865 gentesimo
177 1824 320 1868 quartodecimo.
373 1816 430 1868 Cepit
448 1824 516 1858 deinde
530 1824 559 1857 vir
577 1823 646 1857 domini
665 1823 758 1867 nginus,

56 1875 128 1909 omissis
136 1876 224 1920 regalium
230 1876 237 1895 ⁹
244 1876 358 1920 negotiorum
367 1876 420 1916 euris,
426 1877 449 1910 ad
457 1876 619 1919 contemplatiuum
626 1877 638 1895 ¹⁰
645 1876 682 1910 vite
689 1881 757 1910 statum

56 1936 77 1960 se
90 1927 179 1970 conferre,
192 1927 290 1963 virtutibus
303 1933 321 1962 et
333 1928 425 1963 miraculis
440 1929 554 1970 choruscare,
567 1938 620 1962 curas
633 1928 697 1962 mundi
708 1934 757 1972 post·

56 1989 131 2023 ponere,
142 1983 222 2025 dampna
234 1992 296 2016 rerum
307 1982 434 2025 temporalium
446 1981 524 2025 simplici
534 1982 596 2016 animo
606 1981 690 2024 tolerare,
700 1981 758 2016 sacris

56 2031 163 2068 lectionibus
181 2035 272 2078 insistere,
287 2034 349 2079 vigilia
365 2039 383 2069 et
401 2034 527 2069 abstinentia¹¹
547 2033 658 2077 (venerabile
676 2034 785 2077 suum¹³J35

56 2087 162 2130 castigare¹³
175 2099 247 2132 corpus.
276 2088 320 2122 Erat
332 2088 381 2122 enim
396 2088 501 2132 (episcopus
515 2088 550 2122 iste
563 2087 650 2132 nginus
665 2086 758 2122 consesso-

56 2147 96 2173 rum
112 2140 263 2185 sanctissimus¹³t
279 2141 353 2176 humilis
367 2141 386 2176 in
405 2142 473 2184 habitu,
488 2140 507 2176 in
526 2151 611 2176 sermone
629 2140 723 2183 iucundus,
738 2141 758 2175 in

56 2193 179 2233 predicatione
195 2195 278 2237 deuotus,
292 2205 349 2229 verax
365 2194 384 2229 in
399 2194 467 2235 iuditio,
482 2195 501 2228 in
514 2194 596 2228 moribus
610 2193 727 2236 venerabilis,
738 2194 757 2228 in

56 2244 167 2280 orationibus
182 2247 266 2290 peruigil,
278 2247 296 2280 in
311 2247 390 2282 lectione
405 2248 495 2289 assiduus,
510 2248 529 2280 in
544 2248 609 2280 affectu
624 2248 676 2290 pius3
696 2246 759 2281 multis

56 2294 110 2331 etiam
124 2299 217 2334 miraculis
231 2299 309 2343 fulgens.
332 2300 379 2334 Nam
394 2300 442 2335 inter
455 2300 552 2334 lachrimas
566 2304 585 2334 et
599 2298 690 2343 singultus
704 2299 788 2344 que¹³4o

66 2368 133 2416 ¹¹Boil.
141 2372 205 2404 Christi.
237 2372 294 2404 ²Bott.
302 2373 390 2412 aliquando.
422 2373 509 2404 ³Boll.ac,
539 2373 654 2410 ‘tequea
688 2373 735 2404 ⁵om,
743 2374 759 2404 in

56 2407 74 2438 Ἰ.
82 2408 100 2441 E.
141 2412 147 2429 ὓ
157 2413 198 2444 ΒοΙΙ.
206 2414 238 2443 add
247 2414 274 2444 the
283 2415 375 2444 conclusion
384 2415 423 2444 from
432 2414 493 2444 Reiner
501 2415 572 2451 Diseept.
582 2414 602 2443 de
610 2413 664 2451 Anth.
673 2413 734 2444 Bcncd.
743 2415 759 2444 in

56 2447 262 2487 Anglia;ct.Chr.Evesn
303 2453 391 2484 ⁷E.illius.
431 2454 571 2484 ⁸R.inusumet.
613 2453 761 2484 ”uenenorum

56 2485 70 2533 ¹⁰·
78 2488 95 2520 E.
108 2494 262 2530 contemplationem,
273 2493 314 2523 Boll.
325 2494 461 2532 contemplativae.
501 2494 512 2511 ¹¹
523 2494 544 2524 R.
554 2493 607 2523 inedia
617 2498 634 2523 et
644 2493 707 2531 vigiliis,
719 2494 760 2525 Boii.

56 2529 112 2564 vigiliis
120 2536 135 2560 et
144 2533 248 2563 abstinentiis.
292 2533 488 2564 nven.suumom.inT.
532 2533 760 2572 uncorpuscnugareffi.

56 2569 133 2607 castigari.
173 2573 184 2590 ¹¹
195 2573 491 2611 episcopus-sanctissinusom.inT.
499 2573 520 2604 R.
560 2573 571 2593 ¹⁶
582 2573 623 2605 Boll.
631 2583 676 2612 quos.
