1762 2803
107 113 152 178 3'64
228 189 229 193 Ἰ
297 124 377 175 mota
392 122 509 186 tatanus
524 123 617 185 ancta.

195 273 210 311 ‘J
223 265 256 308 DE
267 282 338 308 sancto
349 266 440 308 Tnatrno
452 284 539 310 ariscoro
551 284 574 309 Er
585 282 702 308 CONFESSORE
707 272 719 307 1.

142 346 213 381 Anctus
221 346 270 380 enim
277 346 365 380 Theliaus
371 347 378 366 ²
385 348 408 381 ab
418 347 494 381 infantia
502 348 531 381 dei
539 347 597 380 cultor
604 346 692 388 existens,
698 344 810 379 orationibus

163 403 182 433 et
189 397 255 441 vigiliis
263 398 299 432 deo
306 398 401 433 militauit:
413 399 502 443 seipsum,
507 405 527 433 vt
534 399 579 433 alios
586 398 721 443 pinguesceret,
729 407 810 431 macera-

108 451 144 493 bat,
157 451 265 495 omniaque
278 451 385 495 possidebat
398 451 511 496 pauperibus
522 452 624 495 errogabat,
635 457 654 485 et
666 452 743 485 aliorum
756 451 810 484 mise-

109 503 199 547 rebatur³,
206 509 226 538 vt
237 504 382 539 misericordiam
393 510 541 551 consequeretur.
564 503 593 539 Ex
605 504 695 539 nobilibus
703 502 810 549 parentibus

92 568 100 597 5
109 564 160 592 ortus
171 562 204 601 est,
212 562 232 592 vt
243 559 304 592 carnis
315 558 400 594 nobilitas
411 560 460 593 inter
467 559 551 593 homines
563 558 670 592 honestaret
679 568 727 601 eum,
735 557 766 601 qui
774 556 811 590 iam

109 611 166 644 animi
177 611 284 645 nobilitate*
295 612 344 654 apud
352 613 408 646 deum
416 610 545 655 acceptabilis⁵
557 617 602 645 erat.
625 611 670 645 Post
677 611 811 644 incrementum

110 669 171 698 autem
182 663 241 706 etatis,
251 664 339 698 virtutum
351 669 369 699 et
384 664 478 708 sapientie,
488 662 580 708 congruel
592 663 667 698 nomine
679 660 786 707 ‘Helyosly
802 672 813 695 a

110 716 225 762 sapientibus
231 724 348 763 nuncupatus
353 719 409 753 est-³
414 719 475 763 elyos‘
483 718 533 753 enim
538 728 599 762 grece,
607 717 714 752 latine‘sol'
722 717 813 760 interpre-

111 775 172 806 tatur:
189 770 270 814 fulgebat
285 772 335 805 enim
350 773 398 806 sicut
412 772 440 806 sol
455 771 537 806 doctrina
549 771 594 814 eius,
608 770 691 804 fidelium
705 769 813 804 illustrando

86 836 104 858 10
113 824 173 858 corda.
189 823 228 857 Sed
235 823 286 858 laicis
294 829 398 858 extremum
405 824 487 858 vocabuli
495 829 581 869 corrupte
588 823 730 869 proferentibus,
735 821 814 856 adoleuit

113 878 162 920 quod
178 888 215 910 non
231 876 308 920 ‘Elyos‚’
323 879 356 911 sed
372 878 445 911 ‘Eliud’
464 878 621 920 appella[ba]tur³.
644 878 661 909 A
681 880 745 909 sancto
764 876 813 908 enim

114 929 201 963 Dubricio
209 929 296 973 episcopo
304 929 323 963 in
332 930 427 974 scripturis
435 930 502 964 sanctis
512 931 594 963 eruditus
601 929 640 971 fuit,
648 930 707 963 donee
715 939 757 963 eum
765 932 815 962 tante

113 982 180 1016 indolis
188 993 266 1028 puerum
273 983 377 1027 perpendit,
384 989 404 1017 vt
414 983 479 1028 spiritu
490 988 553 1017 sancto
563 989 673 1025 cooperante
683 983 815 1026 scripturarum

114 1036 172 1070 nodos
191 1035 272 1079 perfecte
291 1036 396 1080 explicaret.
418 1036 471 1070 Tunc
485 1046 532 1080 puer
547 1041 626 1079 sauctus,
642 1035 703 1069 audita
721 1034 815 1068 cuiusdam

87 1102 105 1133 15
115 1088 186 1124 Paulini
198 1088 287 1133 sapientis
298 1088 332 1124 viri
341 1089 394 1133 fama,
402 1090 479 1125 accessit
486 1090 509 1124 ad
520 1100 568 1132 eum,
576 1094 594 1124 et
602 1089 733 1133 scripturarum
744 1092 816 1122 secreta

114 1153 156 1176 cum
166 1143 197 1176 illo
207 1142 324 1176 conferebat:
336 1144 366 1176 vbi
377 1148 460 1176 sanctum
469 1142 533 1184 Dauid,
541 1142 622 1186 perfecte
630 1141 723 1175 hominem
731 1141 773 1181 vite,
781 1140 816 1174 sibi

114 1195 222 1234 associauit;
230 1205 276 1237 quos
286 1199 336 1227 tanta
344 1195 438 1227 coniunxit
446 1194 517 1228 dilectio
525 1200 543 1228 et
551 1196 608 1227 sancti
617 1194 691 1238 spiritus
699 1193 762 1237 gratia,
768 1193 815 1236 quod

115 1245 165 1280 idem
170 1246 218 1280 velle
226 1252 245 1280 et
256 1246 304 1281 nolle
316 1247 405 1281 ambobus
417 1252 472 1282 esset.
517 1240 540 1282 ln
552 1248 628 1281 istorum
640 1252 700 1281 autem
712 1250 817 1281 sanctorum

116 1300 180 1334 diebus
191 1300 267 1343 quidam
278 1300 347 1344 populi,
355 1299 387 1345 qui
399 1299 438 1334 siue
450 1310 461 1334 a
474 1300 528 1344 pictis
538 1299 625 1342 vestibus,
637 1300 677 1334 siue
688 1303 764 1344 propter
775 1308 817 1332 ocu-

89 1369 107 1389 to
116 1354 175 1387 lorum
183 1353 273 1397 stigmata,
280 1355 284 1372 ‘
290 1353 344 1387 Picti¹
351 1353 463 1395 dicebantur,
469 1363 510 1387 curn
518 1353 614 1388 innumera
621 1353 679 1388 classe
688 1353 711 1387 de
719 1351 789 1386 Scithia
794 1351 817 1385 ad

117 1406 231 1440 Britanniam
239 1413 335 1449 venerunt,
343 1412 361 1440 et
372 1407 420 1450 capti
432 1417 495 1440 amore
503 1411 551 1440 terre
563 1406 679 1449 possidende,
688 1405 746 1449 magis
754 1404 817 1439 fraude

117 1470 172 1504 quam
178 1458 248 1493 viribus
255 1458 353 1494 Britannos
360 1460 473 1501 inuaserunt,
479 1465 498 1494 et
505 1458 524 1493 in
532 1470 563 1494 eos
568 1460 574 1479 ⁹
579 1460 602 1494 ad
608 1465 681 1502 tempus
689 1459 755 1493 miram
762 1457 818 1491 tiran-

117 1512 180 1546 nidem
193 1516 320 1546 exercuerunt.
348 1511 431 1554 Quorum
443 1511 525 1556 [quidam
539 1512 551 1532 ¹⁰
561 1512 648 1557 princeps
659 1512 737 1546 miseros
748 1511 818 1546 incolas

117 1564 230 1608 trucidando,
238 1566 284 1599 edes
291 1570 310 1599 et
317 1565 386 1610 templa
393 1565 524 1609 comburendo,
528 1577 586 1610 vsque
598 1565 702 1600 Meneniam
711 1566 820 1610 procedens,

91 1634 109 1665 ²5
118 1618 206 1662 palatium
213 1618 238 1652 ibi
247 1617 353 1652 construxit.
376 1618 400 1652 Et
407 1618 473 1653 videns
482 1620 540 1653 sancti
549 1619 608 1653 Dauid
616 1624 634 1653 et
644 1619 698 1653 Eliud
706 1618 819 1662 aliorumque

119 1677 224 1707 sanctorum
235 1672 272 1706 vite
285 1677 303 1706 et
315 1682 387 1706 morum
399 1671 519 1713 sanctitatem,
530 1683 567 1705 non
582 1672 640 1706 solum
654 1672 690 1706 illis
704 1672 774 1714 inuidit,
786 1672 819 1705 sed

119 1724 175 1757 multa
183 1724 210 1758 eis
219 1724 317 1767 obprobria
328 1734 373 1768 sepe
384 1725 465 1767 ingessit.
488 1724 608 1768 Precepitque
616 1726 668 1759 vxori
676 1734 709 1763 sue
716 1725 739 1758 ad
747 1727 821 1758 sanctos

119 1778 194 1811 ancillas
205 1786 248 1810 suas
256 1776 335 1821 dirigere
343 1782 361 1812 et
368 1777 448 1812 motibus
458 1787 555 1822 corporum
562 1776 659 1821 impudicis
667 1782 684 1811 et
692 1774 821 1811 blandimentis

119 1836 224 1866 sanctorum
239 1835 311 1865 mentes
324 1841 335 1866 a
348 1829 442 1875 proposito
454 1835 566 1875 peruenere.
589 1830 630 1874 Que
643 1831 687 1865 dum
700 1830 773 1865 domine
788 1840 821 1864 sue

91 1904 111 1934 30
119 1886 205 1919 mandata
217 1889 322 1927 sequentes,
334 1884 386 1928 quasi
400 1883 475 1918 insanas
486 1894 507 1918 se
518 1883 629 1927 simularent,
641 1884 706 1918 insane
716 1884 762 1918 facte
774 1888 821 1917 sunt.

119 1937 160 1980 Quo
168 1937 207 1972 viso
212 1942 335 1982 persequutor
343 1936 373 1973 ille
381 1942 399 1972 et
407 1934 473 1972 domus
478 1948 511 1973 sua
519 1943 556 1973 tota
564 1938 620 1973 fidem
627 1938 694 1972 Christi
700 1936 822 1982 suscipientes

119 1991 205 2033 baptizati
220 1996 268 2025 sunt.
321 1983 372 2026 Cum
387 1991 437 2024 enim
452 1997 526 2025 sanctus
541 1991 633 2032 Theliaus,
646 1992 677 2035 qui
692 1996 710 2024 et
726 1991 791 2035 Elyud,
804 1995 823 2023 et

120 2042 210 2077 Madocus
222 2043 330 2077 lectionibus
345 2048 436 2087 vacarent,
452 2043 559 2087 superuenit
575 2043 653 2078 famulus
668 2043 747 2088 quidam,
760 2042 823 2077 dicens

120 2096 169 2140 ligna
177 2097 243 2130 deesse
251 2097 317 2140 quibus
325 2107 370 2131 cena
378 2096 454 2131 fratrum
462 2096 557 2140 preparari
564 2102 633 2140 posset.
651 2096 686 2139 Qui
694 2106 738 2140 egre
744 2096 823 2130 ferentes

93 2168 112 2197 35
120 2149 187 2191 audita,
199 2150 223 2182 ad
235 2149 301 2183 siluam
316 2160 358 2183 cum
373 2149 490 2184 festinatione
503 2150 609 2193 pergebant.
632 2149 656 2183 Et
669 2160 712 2183 ecce
725 2150 761 2182 duo
774 2147 824 2183 cerui

121 2200 212 2235 mansueti
225 2207 347 2244 occurrentes,
361 2201 413 2246 quasi
426 2203 449 2236 ad
465 2202 584 2236 seruiendum
598 2202 662 2246 parati,
675 2201 722 2237 colla
734 2211 767 2235 sua
781 2202 824 2244 iugo

122 2254 257 2288 submittebant.
280 2254 363 2299 Cumque
373 2257 431 2290 sancti
442 2259 516 2289 onerato
528 2255 609 2300 plaustro
621 2256 707 2296 redirent,
715 2254 759 2290 viris
770 2254 824 2297 longe

122 2308 263 2353 precedentibus
271 2309 345 2347 sanctis,
353 2309 402 2343 nullo
410 2313 486 2352 urgente
497 2308 547 2342 cerui
554 2308 641 2343 velociter
648 2320 681 2343 eos
690 2307 762 2352 sequuti
770 2312 824 2341 sunt:

142 2383 149 2402 ¹
159 2384 189 2414 Ed.
196 2383 212 2412 in
219 2383 239 2412 A.
248 2382 277 2412 SS.
285 2382 325 2412 Boll.
333 2382 377 2412 Febr.
386 2382 406 2412 Il.
414 2392 429 2420 p.
436 2383 472 2419 308.
492 2381 573 2420 Abridged
582 2383 622 2412 from
632 2383 659 2412 the
666 2382 702 2412 Vita
711 2382 732 2420 by
740 2380 800 2411 Galfrid
810 2378 828 2409 of

123 2423 197 2454 Llandaff
207 2422 223 2451 in
236 2422 270 2452 MS.
280 2421 329 2459 Vesp.
338 2422 358 2453 A.
369 2421 412 2452 XIV.
425 2423 468 2460 (and,
479 2422 518 2453 with
530 2422 615 2459 additions,
628 2422 644 2451 in
656 2422 683 2452 the
697 2422 744 2451 liber
756 2420 825 2450 Landav.

123 2473 142 2495 or
153 2464 200 2493 Liber
210 2462 259 2500 Teilo,
271 2462 295 2492 ed.
308 2462 357 2499 Rees,
369 2463 413 2501 1840,
424 2472 439 2501 p.
446 2465 484 2501 92);
499 2462 551 2501 partly
561 2463 586 2494 ed.
597 2462 613 2493 in
620 2462 701 2493 Whartou
711 2461 731 2492 Α,
738 2461 755 2493 S.
764 2461 784 2491 11.
791 2461 826 2490 662.

123 2506 129 2523 ²
139 2505 160 2536 al.
167 2503 238 2540 Teliaus,
244 2502 304 2539 Teliau,
311 2503 363 2539 Teilo,
371 2502 422 2538 Eliud,
430 2503 478 2533 Elios
525 2503 531 2521 ³
542 2503 560 2534 E.
567 2503 674 2533 miserabatur.
722 2500 728 2519 ⁴
739 2502 758 2532 E.
772 2500 827 2531 nobili·

123 2550 177 2582 tatem.
223 2543 354 2580 *Taeceptalis
399 2542 529 2581 ‘Vitcongruo
576 2542 827 2581 ¹T.e1yos;E.Vesp.ne1yos.

124 2584 226 2623 'SoT.;E.
234 2585 326 2622 appellatur.
366 2581 436 2612 ⁵E,eis.
477 2583 607 2621 ¹“om.;s0Vit.
