1762 2803
109 160 111 166 y
132 111 173 146 222
321 97 400 151 tutta
416 96 532 159 taranta
548 97 640 160 unalia

131 221 149 260 in
155 225 208 265 petra
213 221 322 265 vestigium:
335 227 353 255 et
358 222 382 255 ob
390 221 486 264 vestigium
494 232 552 265 vsque
561 222 614 256 hodie
623 221 662 255 loco
670 232 737 255 nomen
743 221 753 255 ¹.
777 221 832 257 Mane

131 284 175 306 vero
186 280 259 307 sanctus
270 274 368 317 episcopus
380 279 471 306 mortuum
483 273 585 314 inueniens,
594 286 605 307 a
614 272 707 307 lachrimis
718 279 737 306 et
747 274 833 317 precibus

132 336 169 359 non
176 326 254 360 cessauit
262 328 320 359 donec
329 326 421 359 hominem
427 325 490 359 viuum
498 331 516 359 et
523 336 588 360 sanum
595 325 677 360 reddidit.
723 319 834 369 Cogitante²

133 390 163 413 ine
174 379 227 413 huius
237 379 294 413 sancti
305 378 384 420 Niniani,
397 377 493 419 Dunstani,
505 377 618 422 aliorumque
629 378 755 412 consessorum
765 378 834 413 Christi

115 431 297 474 fimansuetudinern,
310 431 396 476 pietatem
408 436 426 465 et
438 430 602 473 conuersationem,
613 433 670 476 pudet
681 432 754 466 miserie
765 438 833 474 nostre,

133 485 189 527 pudet
197 485 266 526 fragilis
274 484 397 526 generationis
407 484 484 526 ignauie.
508 484 558 525 Quis,
567 495 616 527 rogo,
624 491 708 517 nostrum
719 485 774 516 etiam
784 486 833 517 domi

133 536 180 569 inter
187 536 297 569 domesticos
305 536 365 569 ociosa
373 535 444 580 potius³
452 547 507 580 quam
515 536 569 579 Vtilia,
580 536 659 570 carnalia
667 546 722 580 quam
728 536 833 580 spiritualia,

133 590 151 623 in
164 589 244 623 medium
255 594 318 623 mutua
328 588 472 624 confabulatione
484 593 501 623 et
508 588 515 607 ⁴
522 588 617 624 collatione
626 599 663 624 non
671 588 774 633 proferat?
797 588 834 625 Ora

133 654 168 687 que
176 643 199 677 ad
207 643 318 677 laudandum
328 644 388 690 deum,
396 645 419 677 ad
430 653 482 677 saera
492 643 574 677 misteria
585 644 695 677 celebranda
705 644 763 687 gratia
772 643 834 678 diuina

107 707 125 727 ro
133 696 216 738 sacrauit,
225 696 306 740 quotidie
314 696 456 730 detractionibus
463 696 562 740 verbisque
573 696 687 730 secularibus
698 697 808 740 polluuntur,
816 702 834 731 et

133 750 177 783 dum
185 749 266 792 psalmos
273 748 355 792 aliasque
363 750 454 782 orationes
461 748 559 791 fastidiunt,
569 760 604 792 per
614 749 709 782 hominum
720 761 776 792 opera
786 760 834 783 vana

134 807 152 835 et
159 801 219 845 turpia
226 806 264 834 tota
271 802 301 834 die
309 802 418 835 discurrunt.
440 801 524 843 ⁶Nonne,
532 800 578 834 sicut
587 811 658 843 corpus,
666 800 690 834 ita
699 805 717 835 et
726 802 788 835 anima
798 807 834 836 tota

134 853 164 888 die
182 853 201 887 in
219 858 269 887 motu
286 858 319 896 est,
335 853 396 897 lingua
411 853 429 887 in
448 853 498 887 ocio?
521 852 613 887 Rumores
628 859 646 887 et
662 865 723 888 mores
740 854 834 890 hominum

134 906 232 951 impiorum
248 907 267 941 in
283 918 315 941 ore
330 906 443 949 versantnrt,
462 907 500 941 risu
519 912 537 940 et
556 907 633 942 sabulis⁸
651 908 731 952 grauitas
750 908 835 952 religiosa

108 970 126 999 15
135 960 245 1002 dissoluitur,
252 960 324 1005 negotia
330 970 399 1003 regum,
407 960 536 1004 episcoporum
543 960 608 1003 officia,
615 960 716 995 ministeria
722 961 834 1004 elericorum,

134 1013 238 1058 principum
247 1014 378 1056 altercationes,
386 1013 423 1047 vita
431 1013 512 1047 omnium
521 1019 539 1047 et
548 1025 609 1048 mores
620 1014 746 1048 discutiuntur.
770 1015 834 1048 Preter

135 1067 196 1110 ipsum
203 1066 289 1099 iudicium
298 1070 386 1106 nostrum,
395 1065 456 1099 omnia
466 1065 573 1107 iudicamus,
581 1071 604 1107 et,
613 1067 661 1109 quod
669 1066 728 1110 magis
736 1065 835 1101 dolendum

134 1124 167 1160 est,
181 1117 259 1151 inuicem
275 1119 381 1151 mordemus
392 1122 410 1150 et
421 1117 539 1152 comedimus.
563 1118 604 1151 Non
616 1118 642 1151 sic
653 1120 702 1152 beati
713 1120 835 1162 consessores,

136 1183 172 1206 non
181 1171 216 1206 sic:
227 1182 305 1215 quorum
313 1170 368 1215 quieti
377 1172 430 1205 turba
437 1182 474 1205 non
483 1170 543 1211 obfuit,
553 1182 587 1205 nec
595 1172 732 1206 meditationem
740 1171 835 1216 impediuit

108 1232 127 1253 20
135 1225 174 1265 iter,
182 1236 217 1257 nec
226 1223 333 1258 lassitudine
344 1223 403 1268 tepuit
414 1223 476 1258 oratio.
498 1223 607 1267 Vbicunque
618 1225 667 1258 enim
679 1225 794 1267 incedebant,
805 1231 836 1259 aut

135 1277 217 1312 oratione
227 1282 258 1311 aut
268 1275 421 1321 contemplatione
429 1287 462 1310 seu
470 1277 556 1320 operibus
566 1277 630 1312 bonis⁹
639 1278 662 1312 ad
671 1277 746 1312 celestia
754 1278 835 1312 animum

136 1331 235 1373 erigebant.
258 1331 348 1363 Ninianus
356 1330 411 1370 enim,
420 1330 504 1372 quotiens
512 1330 534 1362 ab
543 1330 609 1363 itinere
617 1330 711 1364 diuertens
719 1331 789 1374 requiei
797 1341 835 1364 cor-

136 1382 186 1427 poris
201 1382 310 1426 indulgebat,
323 1383 411 1426 producto
427 1380 488 1414 libello
504 1382 571 1424 legere,
583 1386 613 1415 aut
625 1381 739 1416 meditationi
751 1382 835 1417 insistere

135 1442 207 1481 gratum
215 1436 297 1470 habebat.
320 1435 398 1470 Tantam
409 1433 433 1469 illi
445 1434 522 1479 gratiam
529 1435 587 1469 virtus
598 1435 660 1470 diuina
670 1436 745 1470 contulit
752 1442 771 1470 vt
781 1437 835 1471 etiam

109 1501 127 1530 ²5
136 1492 170 1525 sub
189 1489 231 1524 diuo
247 1491 363 1532 recumbens,
380 1494 398 1523 et
417 1490 480 1532 legens
499 1489 547 1523 inter
563 1489 684 1524 densissimas
699 1491 776 1534 pluuias,
792 1491 836 1525 nihil

136 1553 216 1586 vnquam
231 1542 312 1576 humoris
328 1542 357 1576 cui
372 1542 479 1575 intendebat
496 1542 596 1574 codicem¹⁰
613 1542 709 1585 attigisset,
724 1545 757 1576 sed
771 1543 836 1577 vicinis

136 1597 181 1630 loeis
189 1606 236 1638 aqua
246 1595 387 1638 circumquaque
397 1594 478 1628 irruente
488 1594 610 1637 madentibus,
618 1596 668 1629 solus
678 1607 719 1629 eum
731 1596 792 1630 libello
803 1607 836 1630 suo

137 1649 161 1682 ita
176 1649 210 1681 sub
224 1648 282 1690 vndis,
299 1648 351 1691 quasi
366 1648 400 1680 sub
415 1647 458 1680 tecti
474 1647 553 1680 cuimine
568 1648 661 1683 resideret.
707 1642 790 1692 Contigit
805 1649 837 1682 ali-

137 1701 210 1745 quando
219 1700 318 1733 Ninianum
327 1710 368 1734 cum
376 1699 432 1734 fratre
440 1710 474 1733 suo
482 1704 550 1742 sancto,
559 1699 633 1734 Plebeia
642 1701 722 1742 nomine,
730 1701 765 1737 iter
772 1713 836 1746 agere3

109 1763 128 1791 30
137 1753 199 1797 (qui)¹1
214 1764 225 1786 a
237 1753 266 1787 via
280 1753 386 1797 quiescendi
399 1753 457 1796 gratia
470 1753 587 1795 diuertentes,
600 1754 668 1797 apertis
681 1755 773 1798 psalteriis
786 1766 837 1789 sacra

137 1806 213 1841 lectione
232 1805 303 1840 animos
318 1806 430 1840 recreabant.
458 1805 502 1839 Mox
520 1805 568 1840 aeris
588 1808 678 1841 serenitas
696 1807 741 1842 atris
760 1808 837 1842 obducta

137 1859 220 1902 nubibus,
236 1869 293 1903 aquas
308 1869 353 1903 quas
369 1859 434 1892 haustu
452 1858 529 1892 naturali
545 1864 659 1903 conceperat,
674 1860 696 1894 de
712 1860 837 1905 superioribus

136 1914 159 1947 ad
170 1912 256 1947 inferiora
266 1912 371 1946 transmisit.
395 1912 469 1946 Teter¹²
478 1923 521 1945 vero
530 1923 561 1945 aer
569 1912 626 1946 instar
636 1923 708 1946 camere
718 1914 766 1948 circa
776 1914 820 1957 [dei]
825 1913 837 1933 ¹³

136 1966 213 2000 famulos
228 1970 318 2005 arcuatus,
332 1964 384 2008 quasi
397 1963 458 2009 paries
473 1964 540 2008 aliquis
553 1965 607 2000 vndis
622 1966 745 2000 defluentibus
760 1966 838 2010 impeniw

109 2018 206 2055 astrabiiis
225 2018 339 2061 persistebat.
369 2017 439 2052 Verum
459 2017 506 2052 inter
527 2018 643 2061 psallendum
665 2019 728 2053 beatus
749 2019 838 2053 Ninianus

137 2071 199 2105 oculos
212 2081 223 2103 a
235 2070 296 2103 libello
308 2070 389 2110 detorsit,
400 2075 459 2104 tactus
474 2071 566 2104 modicum
582 2070 690 2114 cogitatione
705 2072 771 2112 illicita,
783 2072 837 2106 etiam

138 2122 229 2157 desiderio
240 2124 319 2166 quodam
331 2124 415 2157 demonis
425 2123 543 2168 suggestione
553 2124 662 2158 titillabatur.
686 2124 766 2169 Moxque
777 2125 837 2170 ipsum

139 2176 272 2220 codieem[que]
285 2176 325 2210 eius
338 2178 404 2220 ymber
416 2177 511 2218 inuadens,
523 2176 603 2220 prodidit
608 2176 621 2196 ¹⁴
633 2178 681 2221 quod
693 2178 764 2213 latebat.
787 2179 838 2212 Tune

138 2231 194 2265 frater
200 2228 244 2270 eius,
250 2229 292 2271 quid
298 2230 385 2271 agebatur
390 2229 499 2272 intelligens,
506 2240 547 2263 cum
552 2230 613 2273 ipsum
619 2230 684 2264 leniter
690 2231 703 2250 ¹⁶
709 2232 827 2274 corripuisset
833 2242 837 2271 ς

110 2295 130 2323 4⁰
139 2283 157 2317 in
169 2293 190 2316 se
205 2292 292 2315 reuersus
309 2281 407 2325 episcopus
424 2281 496 2315 erubuit
507 2293 528 2316 se
539 2282 597 2316 inutili
609 2282 717 2326 cogitatione
728 2283 785 2317 fuisse
797 2293 838 2328 pre-

158 2383 163 2400 ¹
173 2382 204 2411 Vit.
214 2381 269 2410 Farres
277 2381 311 2410 last.
363 2381 369 2398 ²
379 2381 410 2411 Vit.
418 2382 517 2418 Cogitantem
527 2392 553 2411 mc
563 2383 656 2412 sanctissimi
667 2383 695 2412 uiri
706 2392 766 2412 morern
775 2382 839 2412 sanctis·

138 2424 198 2459 simum,
210 2422 258 2460 pudet
269 2420 340 2451 socordie
350 2431 366 2451 n.
417 2422 465 2452 ³orn.
476 2422 492 2451 in
503 2422 521 2452 T.
571 2422 650 2454 *al.om.
699 2423 837 2461 ⁵E.proiecerat.

138 2464 185 2493 ⁰Vit.
196 2463 246 2492 adds:
261 2462 302 2498 Quid
313 2462 328 2490 in
339 2461 395 2491 itinere
405 2462 462 2499 positit
509 2461 515 2480 ⁷
526 2462 543 2492 E.
551 2463 650 2493 versantium.
703 2463 708 2481 ⁸
719 2463 737 2493 E.
745 2463 800 2500 fabilis,
808 2462 838 2491 Vit.

138 2503 205 2539 ¹famulis.
252 2501 296 2530 ⁹seu
304 2510 318 2531 o.
326 2501 341 2530 b.
349 2510 379 2531 om.
387 2501 440 2534 in.Vit.
487 2501 499 2519 ¹⁰
509 2502 527 2531 E.
535 2503 589 2533 codici.
637 2502 739 2533 nomint.
787 2501 839 2530 ¹²Vit.

138 2542 202 2573 Tenuis.
243 2540 256 2559 ¹³
266 2541 284 2571 T.
292 2541 317 2570 dei
321 2550 325 2578 ς
337 2540 355 2570 E.
362 2540 426 2572 Christi.
466 2540 478 2559 ¹⁴
489 2541 506 2573 E.
514 2542 577 2580 prodiit.
617 2540 629 2559 ¹⁵
640 2542 658 2573 E.
665 2542 726 2574 leuiter.
