<?xml version="1.0" encoding="UTF-8"?>
<!DOCTYPE html PUBLIC "-//W3C//DTD XHTML 1.0 Transitional//EN"
    "http://www.w3.org/TR/xhtml1/DTD/xhtml1-transitional.dtd">
<html xmlns="http://www.w3.org/1999/xhtml" xml:lang="en" lang="en">
 <head>
  <title>
</title>
<meta http-equiv="Content-Type" content="text/html;charset=utf-8" />
  <meta name='ocr-system' content='tesseract 3.04.00' />
  <meta name='ocr-capabilities' content='ocr_page ocr_carea ocr_par ocr_line ocrx_word'/>
</head>
<body>
  <div class='ocr_page' id='page_1' title='image "./MN5111ucmf_0/MN5111ucmf_0_0392.png"; bbox 0 0 1762 2803; ppageno 0'>
   <div class='ocr_carea' id='block_1_1' title="bbox 117 125 625 189">
    <p class='ocr_par' dir='ltr' id='par_1_1' title="bbox 117 125 625 189">
     <span class='ocr_line' id='line_1_1' title="bbox 117 125 625 189; baseline -0.01 -7"><span class='ocrx_word' id='word_1_1' title='bbox 117 140 159 182; x_wconf 72' lang='lat'>302</span> <span class='ocrx_word' id='word_1_2' title='bbox 307 128 386 180; x_wconf 69' lang='lat' dir='ltr'>moun</span> <span class='ocrx_word' id='word_1_3' title='bbox 402 125 625 189; x_wconf 63' lang='lat' dir='ltr'>intentationis.</span> 
     </span>
    </p>
   </div>
   <div class='ocr_carea' id='block_1_2' title="bbox 92 247 826 2512">
    <p class='ocr_par' dir='ltr' id='par_1_2' title="bbox 92 247 826 2512">
     <span class='ocr_line' id='line_1_2' title="bbox 116 247 817 293; baseline 0.001 -11"><span class='ocrx_word' id='word_1_4' title='bbox 116 248 278 284; x_wconf 83' lang='lat' dir='ltr'>lindisfarnensem</span> <span class='ocrx_word' id='word_1_5' title='bbox 290 259 345 293; x_wconf 86' lang='lat' dir='ltr'>quam</span> <span class='ocrx_word' id='word_1_6' title='bbox 359 249 532 293; x_wconf 81' lang='lat' dir='ltr'>haugustaldensem</span> <span class='ocrx_word' id='word_1_7' title='bbox 545 247 609 283; x_wconf 82' lang='lat' dir='ltr'>dilexit</span> <span class='ocrx_word' id='word_1_8' title='bbox 622 248 724 291; x_wconf 88' lang='lat' dir='ltr'>ecclesiam,</span> <span class='ocrx_word' id='word_1_9' title='bbox 736 249 781 283; x_wconf 87' lang='lat' dir='ltr'>Eata</span> <span class='ocrx_word' id='word_1_10' title='bbox 794 248 817 283; x_wconf 87' lang='lat' dir='ltr'>ad</span> 
     </span>
     <span class='ocr_line' id='line_1_3' title="bbox 118 301 817 346; baseline 0 -11"><span class='ocrx_word' id='word_1_11' title='bbox 118 302 285 346; x_wconf 80' lang='lat' dir='ltr'>hagustaldensem,</span> <span class='ocrx_word' id='word_1_12' title='bbox 293 302 312 335; x_wconf 93' lang='lat' dir='ltr'>in</span> <span class='ocrx_word' id='word_1_13' title='bbox 320 313 356 344; x_wconf 88' lang='lat' dir='ltr'>qua</span> <span class='ocrx_word' id='word_1_14' title='bbox 364 302 424 345; x_wconf 90' lang='lat' dir='ltr'>primo</span> <span class='ocrx_word' id='word_1_15' title='bbox 432 302 526 336; x_wconf 86' lang='lat' dir='ltr'>ordinatus</span> <span class='ocrx_word' id='word_1_16' title='bbox 534 301 598 343; x_wconf 86' lang='lat' dir='ltr'>fuerat,</span> <span class='ocrx_word' id='word_1_17' title='bbox 607 311 697 346; x_wconf 83' lang='lat' dir='ltr'>regresso,</span> <span class='ocrx_word' id='word_1_18' title='bbox 706 302 817 335; x_wconf 85' lang='lat' dir='ltr'>Cuthbertus</span> 
     </span>
     <span class='ocr_line' id='line_1_4' title="bbox 117 353 817 399; baseline -0.001 -10"><span class='ocrx_word' id='word_1_19' title='bbox 117 354 254 389; x_wconf 85' lang='lat' dir='ltr'>lindisfarnensi</span> <span class='ocrx_word' id='word_1_20' title='bbox 262 353 340 388; x_wconf 79' lang='lat' dir='ltr'>ecclesie</span> <span class='ocrx_word' id='word_1_21' title='bbox 347 354 441 398; x_wconf 90' lang='lat' dir='ltr'>preficitur</span> <span class='ocrx_word' id='word_1_22' title='bbox 449 359 467 389; x_wconf 93' lang='lat' dir='ltr'>et</span> <span class='ocrx_word' id='word_1_23' title='bbox 476 354 573 399; x_wconf 90' lang='lat' dir='ltr'>episcopus</span> <span class='ocrx_word' id='word_1_24' title='bbox 581 359 703 389; x_wconf 88' lang='lat' dir='ltr'>consecratur.</span> <span class='ocrx_word' id='word_1_25' title='bbox 723 354 768 388; x_wconf 90' lang='lat' dir='ltr'>Eata</span> <span class='ocrx_word' id='word_1_26' title='bbox 775 364 817 388; x_wconf 89' lang='lat' dir='ltr'>cum</span> 
     </span>
     <span class='ocr_line' id='line_1_5' title="bbox 117 406 818 452; baseline -0.001 -11"><span class='ocrx_word' id='word_1_27' title='bbox 117 417 184 452; x_wconf 82' lang='lat' dir='ltr'>magno</span> <span class='ocrx_word' id='word_1_28' title='bbox 193 406 321 441; x_wconf 73' lang='lat' dir='ltr'>uniuersorum</span> <span class='ocrx_word' id='word_1_29' title='bbox 333 407 400 451; x_wconf 88' lang='lat' dir='ltr'>gaudio</span> <span class='ocrx_word' id='word_1_30' title='bbox 411 407 515 451; x_wconf 86' lang='lat' dir='ltr'>suscipitur,</span> <span class='ocrx_word' id='word_1_31' title='bbox 522 407 646 442; x_wconf 82' lang='lat' dir='ltr'>exultantibus</span> <span class='ocrx_word' id='word_1_32' title='bbox 657 407 742 442; x_wconf 90' lang='lat' dir='ltr'>omnibus</span> <span class='ocrx_word' id='word_1_33' title='bbox 754 412 771 441; x_wconf 89' lang='lat' dir='ltr'>et</span> <span class='ocrx_word' id='word_1_34' title='bbox 783 407 818 441; x_wconf 87' lang='lat' dir='ltr'>deo</span> 
     </span>
     <span class='ocr_line' id='line_1_6' title="bbox 101 459 818 505; baseline -0.001 -11"><span class='ocrx_word' id='word_1_35' title='bbox 101 460 185 504; x_wconf 82' lang='lat' dir='ltr'>5gratias</span> <span class='ocrx_word' id='word_1_36' title='bbox 197 459 297 503; x_wconf 84' lang='lat' dir='ltr'>agentibus,</span> <span class='ocrx_word' id='word_1_37' title='bbox 307 461 357 504; x_wconf 90' lang='lat' dir='ltr'>quod</span> <span class='ocrx_word' id='word_1_38' title='bbox 368 465 461 504; x_wconf 87' lang='lat' dir='ltr'>pastorem</span> <span class='ocrx_word' id='word_1_39' title='bbox 473 471 527 494; x_wconf 92' lang='lat' dir='ltr'>suum</span> <span class='ocrx_word' id='word_1_40' title='bbox 538 459 682 503; x_wconf 89' lang='lat' dir='ltr'>dilectissimum,</span> <span class='ocrx_word' id='word_1_41' title='bbox 690 471 745 505; x_wconf 89' lang='lat' dir='ltr'>quem</span> <span class='ocrx_word' id='word_1_42' title='bbox 757 460 818 494; x_wconf 85' lang='lat' dir='ltr'>tristes</span> 
     </span>
     <span class='ocr_line' id='line_1_7' title="bbox 117 512 819 557; baseline -0.001 -10"><span class='ocrx_word' id='word_1_43' title='bbox 117 512 240 557; x_wconf 88' lang='lat' dir='ltr'>perdiderant,</span> <span class='ocrx_word' id='word_1_44' title='bbox 245 512 275 546; x_wconf 90' lang='lat' dir='ltr'>dei</span> <span class='ocrx_word' id='word_1_45' title='bbox 280 512 389 556; x_wconf 88' lang='lat' dir='ltr'>prouidente</span> <span class='ocrx_word' id='word_1_46' title='bbox 393 513 452 557; x_wconf 85' lang='lat' dir='ltr'>gratia</span> <span class='ocrx_word' id='word_1_47' title='bbox 457 512 523 548; x_wconf 91' lang='lat' dir='ltr'>iterum</span> <span class='ocrx_word' id='word_1_48' title='bbox 530 512 734 557; x_wconf 87' lang='lat' dir='ltr'>reciperemeruissent.</span> <span class='ocrx_word' id='word_1_49' title='bbox 749 513 819 547; x_wconf 88' lang='lat' dir='ltr'>Creber</span> 
     </span>
     <span class='ocr_line' id='line_1_8' title="bbox 118 565 819 609; baseline 0 -9"><span class='ocrx_word' id='word_1_50' title='bbox 118 572 157 600; x_wconf 89' lang='lat' dir='ltr'>erat</span> <span class='ocrx_word' id='word_1_51' title='bbox 164 565 183 600; x_wconf 84' lang='lat' dir='ltr'>in</span> <span class='ocrx_word' id='word_1_52' title='bbox 192 565 310 608; x_wconf 91' lang='lat' dir='ltr'>orationibus,</span> <span class='ocrx_word' id='word_1_53' title='bbox 318 571 420 609; x_wconf 86' lang='lat' dir='ltr'>oportunus</span> <span class='ocrx_word' id='word_1_54' title='bbox 429 571 447 600; x_wconf 93' lang='lat' dir='ltr'>et</span> <span class='ocrx_word' id='word_1_55' title='bbox 457 565 573 609; x_wconf 89' lang='lat' dir='ltr'>importunus</span> <span class='ocrx_word' id='word_1_56' title='bbox 584 566 603 600; x_wconf 93' lang='lat' dir='ltr'>in</span> <span class='ocrx_word' id='word_1_57' title='bbox 611 567 773 608; x_wconf 83' lang='lat' dir='ltr'>exhortationibus,</span> <span class='ocrx_word' id='word_1_58' title='bbox 781 566 819 600; x_wconf 90' lang='lat' dir='ltr'>ele-</span> 
     </span>
     <span class='ocr_line' id='line_1_9' title="bbox 118 618 819 661; baseline -0.001 -9"><span class='ocrx_word' id='word_1_59' title='bbox 118 619 231 652; x_wconf 89' lang='lat' dir='ltr'>mosinarum</span> <span class='ocrx_word' id='word_1_60' title='bbox 246 618 333 660; x_wconf 91' lang='lat' dir='ltr'>operibus</span> <span class='ocrx_word' id='word_1_61' title='bbox 348 618 434 660; x_wconf 89' lang='lat' dir='ltr'>intentus,</span> <span class='ocrx_word' id='word_1_62' title='bbox 448 618 550 661; x_wconf 90' lang='lat' dir='ltr'>disciplinis</span> <span class='ocrx_word' id='word_1_63' title='bbox 566 618 694 653; x_wconf 89' lang='lat' dir='ltr'>ecclesiasticis</span> <span class='ocrx_word' id='word_1_64' title='bbox 709 619 787 661; x_wconf 90' lang='lat' dir='ltr'>deditus,</span> <span class='ocrx_word' id='word_1_65' title='bbox 801 623 819 651; x_wconf 91' lang='lat' dir='ltr'>et</span> 
     </span>
     <span class='ocr_line' id='line_1_10' title="bbox 118 670 819 715; baseline 0.001 -12"><span class='ocrx_word' id='word_1_66' title='bbox 118 681 227 713; x_wconf 87' lang='lat' dir='ltr'>quecunque</span> <span class='ocrx_word' id='word_1_67' title='bbox 239 681 273 714; x_wconf 87' lang='lat' dir='ltr'>per</span> <span class='ocrx_word' id='word_1_68' title='bbox 285 670 369 714; x_wconf 90' lang='lat' dir='ltr'>spiritum</span> <span class='ocrx_word' id='word_1_69' title='bbox 382 675 465 704; x_wconf 87' lang='lat' dir='ltr'>sanctum</span> <span class='ocrx_word' id='word_1_70' title='bbox 478 671 549 715; x_wconf 86' lang='lat' dir='ltr'>agenda</span> <span class='ocrx_word' id='word_1_71' title='bbox 562 671 653 715; x_wconf 87' lang='lat' dir='ltr'>cognouit,</span> <span class='ocrx_word' id='word_1_72' title='bbox 665 672 741 704; x_wconf 87' lang='lat' dir='ltr'>sedulus</span> <span class='ocrx_word' id='word_1_73' title='bbox 754 682 775 704; x_wconf 87' lang='lat' dir='ltr'>ac</span> <span class='ocrx_word' id='word_1_74' title='bbox 787 672 819 704; x_wconf 88' lang='lat' dir='ltr'>de-</span> 
     </span>
     <span class='ocr_line' id='line_1_11' title="bbox 92 723 819 767; baseline 0.004 -12"><span class='ocrx_word' id='word_1_75' title='bbox 92 734 111 755; x_wconf 88' lang='lat'>10</span> <span class='ocrx_word' id='word_1_76' title='bbox 119 729 172 756; x_wconf 87' lang='lat' dir='ltr'>uotus</span> <span class='ocrx_word' id='word_1_77' title='bbox 179 723 308 756; x_wconf 87' lang='lat' dir='ltr'>administrare</span> <span class='ocrx_word' id='word_1_78' title='bbox 314 724 389 757; x_wconf 90' lang='lat' dir='ltr'>curauit.</span> <span class='ocrx_word' id='word_1_79' title='bbox 402 723 485 766; x_wconf 89' lang='lat' dir='ltr'>Cumque</span> <span class='ocrx_word' id='word_1_80' title='bbox 491 724 533 766; x_wconf 92' lang='lat' dir='ltr'>pius</span> <span class='ocrx_word' id='word_1_81' title='bbox 539 723 625 757; x_wconf 88' lang='lat' dir='ltr'>dominus</span> <span class='ocrx_word' id='word_1_82' title='bbox 632 723 696 767; x_wconf 87' lang='lat' dir='ltr'>[pios]¹</span> <span class='ocrx_word' id='word_1_83' title='bbox 701 724 774 758; x_wconf 85' lang='lat' dir='ltr'>labores</span> <span class='ocrx_word' id='word_1_84' title='bbox 779 724 819 758; x_wconf 84' lang='lat' dir='ltr'>eius</span> 
     </span>
     <span class='ocr_line' id='line_1_12' title="bbox 119 775 819 816; baseline 0 -6"><span class='ocrx_word' id='word_1_85' title='bbox 119 781 182 811; x_wconf 87' lang='lat' dir='ltr'>eterna</span> <span class='ocrx_word' id='word_1_86' title='bbox 194 776 280 809; x_wconf 90' lang='lat' dir='ltr'>mercede</span> <span class='ocrx_word' id='word_1_87' title='bbox 291 786 410 810; x_wconf 90' lang='lat' dir='ltr'>remunerare</span> <span class='ocrx_word' id='word_1_88' title='bbox 418 775 536 816; x_wconf 84' lang='lat' dir='ltr'>decreuisset,</span> <span class='ocrx_word' id='word_1_89' title='bbox 545 780 603 810; x_wconf 89' lang='lat' dir='ltr'>tactus</span> <span class='ocrx_word' id='word_1_90' title='bbox 613 781 642 810; x_wconf 88' lang='lat' dir='ltr'>est</span> <span class='ocrx_word' id='word_1_91' title='bbox 652 776 716 810; x_wconf 90' lang='lat' dir='ltr'>morbo</span> <span class='ocrx_word' id='word_1_92' title='bbox 727 776 819 810; x_wconf 90' lang='lat' dir='ltr'>interane-</span> 
     </span>
     <span class='ocr_line' id='line_1_13' title="bbox 119 827 819 873; baseline 0.001 -11"><span class='ocrx_word' id='word_1_93' title='bbox 119 838 172 862; x_wconf 88' lang='lat' dir='ltr'>orum</span> <span class='ocrx_word' id='word_1_94' title='bbox 187 829 282 869; x_wconf 85' lang='lat' dir='ltr'>acerrimo,</span> <span class='ocrx_word' id='word_1_95' title='bbox 296 839 351 872; x_wconf 90' lang='lat' dir='ltr'>quem</span> <span class='ocrx_word' id='word_1_96' title='bbox 364 828 431 862; x_wconf 89' lang='lat' dir='ltr'>medici</span> <span class='ocrx_word' id='word_1_97' title='bbox 444 827 568 863; x_wconf 87' lang='lat' dir='ltr'>dissinteriam</span> <span class='ocrx_word' id='word_1_98' title='bbox 581 834 651 863; x_wconf 89' lang='lat' dir='ltr'>vocant.</span> <span class='ocrx_word' id='word_1_99' title='bbox 675 828 715 871; x_wconf 79' lang='lat' dir='ltr'>Quo</span> <span class='ocrx_word' id='word_1_100' title='bbox 730 840 765 873; x_wconf 87' lang='lat' dir='ltr'>per</span> <span class='ocrx_word' id='word_1_101' title='bbox 779 829 819 864; x_wconf 89' lang='lat' dir='ltr'>dies</span> 
     </span>
     <span class='ocr_line' id='line_1_14' title="bbox 119 880 820 926; baseline 0 -11"><span class='ocrx_word' id='word_1_102' title='bbox 119 882 264 926; x_wconf 88' lang='lat' dir='ltr'>ingrauescente,</span> <span class='ocrx_word' id='word_1_103' title='bbox 276 882 326 916; x_wconf 92' lang='lat' dir='ltr'>velut</span> <span class='ocrx_word' id='word_1_104' title='bbox 342 892 406 915; x_wconf 85' lang='lat' dir='ltr'>aurum</span> <span class='ocrx_word' id='word_1_105' title='bbox 421 892 455 925; x_wconf 88' lang='lat' dir='ltr'>per</span> <span class='ocrx_word' id='word_1_106' title='bbox 470 880 532 925; x_wconf 84' lang='lat' dir='ltr'>ignem</span> <span class='ocrx_word' id='word_1_107' title='bbox 547 882 668 923; x_wconf 86' lang='lat' dir='ltr'>examinatus,</span> <span class='ocrx_word' id='word_1_108' title='bbox 682 883 757 916; x_wconf 88' lang='lat' dir='ltr'>decocta</span> <span class='ocrx_word' id='word_1_109' title='bbox 770 881 820 915; x_wconf 90' lang='lat' dir='ltr'>omni</span> 
     </span>
     <span class='ocr_line' id='line_1_15' title="bbox 119 933 819 979; baseline 0 -10"><span class='ocrx_word' id='word_1_110' title='bbox 119 938 237 978; x_wconf 84' lang='lat' dir='ltr'>peccatorum</span> <span class='ocrx_word' id='word_1_111' title='bbox 255 934 344 978; x_wconf 84' lang='lat' dir='ltr'>rubigine,</span> <span class='ocrx_word' id='word_1_112' title='bbox 362 934 411 968; x_wconf 88' lang='lat' dir='ltr'>diem</span> <span class='ocrx_word' id='word_1_113' title='bbox 430 934 494 969; x_wconf 90' lang='lat' dir='ltr'>clausit</span> <span class='ocrx_word' id='word_1_114' title='bbox 513 939 622 977; x_wconf 82' lang='lat' dir='ltr'>extremum,</span> <span class='ocrx_word' id='word_1_115' title='bbox 638 940 656 969; x_wconf 96' lang='lat' dir='ltr'>et</span> <span class='ocrx_word' id='word_1_116' title='bbox 675 934 727 979; x_wconf 88' lang='lat' dir='ltr'>regni</span> <span class='ocrx_word' id='word_1_117' title='bbox 746 933 819 969; x_wconf 89' lang='lat' dir='ltr'>celestis</span> 
     </span>
     <span class='ocr_line' id='line_1_16' title="bbox 94 987 820 1031; baseline -0.001 -9"><span class='ocrx_word' id='word_1_118' title='bbox 94 1001 111 1030; x_wconf 80' lang='lat'>¹5</span> <span class='ocrx_word' id='word_1_119' title='bbox 120 988 193 1022; x_wconf 87' lang='lat' dir='ltr'>ianuam</span> <span class='ocrx_word' id='word_1_120' title='bbox 201 992 290 1031; x_wconf 90' lang='lat' dir='ltr'>perpetuo</span> <span class='ocrx_word' id='word_1_121' title='bbox 298 988 379 1022; x_wconf 89' lang='lat' dir='ltr'>victurus</span> <span class='ocrx_word' id='word_1_122' title='bbox 389 987 469 1021; x_wconf 88' lang='lat' dir='ltr'>intrauit.</span> <span class='ocrx_word' id='word_1_123' title='bbox 492 988 579 1031; x_wconf 89' lang='lat' dir='ltr'>Sepultus</span> <span class='ocrx_word' id='word_1_124' title='bbox 590 992 618 1021; x_wconf 90' lang='lat' dir='ltr'>est</span> <span class='ocrx_word' id='word_1_125' title='bbox 629 992 690 1021; x_wconf 88' lang='lat' dir='ltr'>autem</span> <span class='ocrx_word' id='word_1_126' title='bbox 701 988 751 1021; x_wconf 85' lang='lat' dir='ltr'>iuxta</span> <span class='ocrx_word' id='word_1_127' title='bbox 761 998 820 1022; x_wconf 87' lang='lat' dir='ltr'>sacra-</span> 
     </span>
     <span class='ocr_line' id='line_1_17' title="bbox 120 1039 820 1084; baseline 0.001 -11"><span class='ocrx_word' id='word_1_128' title='bbox 120 1040 168 1074; x_wconf 91' lang='lat' dir='ltr'>rium</span> <span class='ocrx_word' id='word_1_129' title='bbox 177 1040 254 1073; x_wconf 88' lang='lat' dir='ltr'>ecclesie</span> <span class='ocrx_word' id='word_1_130' title='bbox 261 1040 331 1083; x_wconf 88' lang='lat' dir='ltr'>prefate</span> <span class='ocrx_word' id='word_1_131' title='bbox 339 1039 487 1084; x_wconf 81' lang='lat' dir='ltr'>hagustaldensis</span> <span class='ocrx_word' id='word_1_132' title='bbox 495 1041 518 1074; x_wconf 88' lang='lat' dir='ltr'>ad</span> <span class='ocrx_word' id='word_1_133' title='bbox 526 1039 599 1083; x_wconf 87' lang='lat' dir='ltr'>plagam</span> <span class='ocrx_word' id='word_1_134' title='bbox 608 1039 733 1082; x_wconf 89' lang='lat' dir='ltr'>meridianam,</span> <span class='ocrx_word' id='word_1_135' title='bbox 738 1046 756 1074; x_wconf 88' lang='lat' dir='ltr'>et</span> <span class='ocrx_word' id='word_1_136' title='bbox 763 1050 820 1084; x_wconf 89' lang='lat' dir='ltr'>parua</span> 
     </span>
     <span class='ocr_line' id='line_1_18' title="bbox 120 1092 821 1137; baseline 0 -10"><span class='ocrx_word' id='word_1_137' title='bbox 120 1092 190 1137; x_wconf 86' lang='lat' dir='ltr'>capella</span> <span class='ocrx_word' id='word_1_138' title='bbox 203 1092 275 1136; x_wconf 85' lang='lat' dir='ltr'>lapidea</span> <span class='ocrx_word' id='word_1_139' title='bbox 288 1104 344 1137; x_wconf 88' lang='lat' dir='ltr'>supra</span> <span class='ocrx_word' id='word_1_140' title='bbox 358 1093 449 1126; x_wconf 84' lang='lat' dir='ltr'>tumulum</span> <span class='ocrx_word' id='word_1_141' title='bbox 462 1093 501 1126; x_wconf 90' lang='lat' dir='ltr'>eius</span> <span class='ocrx_word' id='word_1_142' title='bbox 515 1098 619 1127; x_wconf 85' lang='lat' dir='ltr'>constructa</span> <span class='ocrx_word' id='word_1_143' title='bbox 632 1099 665 1127; x_wconf 88' lang='lat' dir='ltr'>est.</span> <span class='ocrx_word' id='word_1_144' title='bbox 693 1093 769 1137; x_wconf 83' lang='lat' dir='ltr'>Deque</span> <span class='ocrx_word' id='word_1_145' title='bbox 781 1094 821 1127; x_wconf 91' lang='lat' dir='ltr'>loco</span> 
     </span>
     <span class='ocr_line' id='line_1_19' title="bbox 120 1145 820 1189; baseline 0.001 -10"><span class='ocrx_word' id='word_1_146' title='bbox 120 1145 210 1180; x_wconf 88' lang='lat' dir='ltr'>incertum</span> <span class='ocrx_word' id='word_1_147' title='bbox 222 1146 299 1179; x_wconf 91' lang='lat' dir='ltr'>habetur</span> <span class='ocrx_word' id='word_1_148' title='bbox 310 1156 321 1179; x_wconf 90' lang='lat' dir='ltr'>a</span> <span class='ocrx_word' id='word_1_149' title='bbox 332 1156 368 1189; x_wconf 91' lang='lat' dir='ltr'>quo</span> <span class='ocrx_word' id='word_1_150' title='bbox 381 1146 480 1179; x_wconf 85' lang='lat' dir='ltr'>translatus</span> <span class='ocrx_word' id='word_1_151' title='bbox 492 1145 516 1179; x_wconf 92' lang='lat' dir='ltr'>sit</span> <span class='ocrx_word' id='word_1_152' title='bbox 526 1156 547 1178; x_wconf 89' lang='lat' dir='ltr'>ac</span> <span class='ocrx_word' id='word_1_153' title='bbox 556 1145 605 1179; x_wconf 89' lang='lat' dir='ltr'>intra</span> <span class='ocrx_word' id='word_1_154' title='bbox 615 1145 710 1180; x_wconf 89' lang='lat' dir='ltr'>ecclesiam</span> <span class='ocrx_word' id='word_1_155' title='bbox 722 1146 741 1180; x_wconf 92' lang='lat' dir='ltr'>in</span> <span class='ocrx_word' id='word_1_156' title='bbox 753 1146 820 1180; x_wconf 90' lang='lat' dir='ltr'>scrinio</span> 
     </span>
     <span class='ocr_line' id='line_1_20' title="bbox 120 1198 820 1240; baseline 0.001 -8"><span class='ocrx_word' id='word_1_157' title='bbox 120 1198 211 1240; x_wconf 86' lang='lat' dir='ltr'>condigno</span> <span class='ocrx_word' id='word_1_158' title='bbox 231 1199 300 1232; x_wconf 89' lang='lat' dir='ltr'>honore</span> <span class='ocrx_word' id='word_1_159' title='bbox 320 1199 423 1232; x_wconf 89' lang='lat' dir='ltr'>collocatus.</span> <span class='ocrx_word' id='word_1_160' title='bbox 449 1198 554 1233; x_wconf 87' lang='lat' dir='ltr'>Verisimile</span> <span class='ocrx_word' id='word_1_161' title='bbox 574 1203 655 1234; x_wconf 79' lang='lat' dir='ltr'>attamen</span> <span class='ocrx_word' id='word_1_162' title='bbox 673 1198 750 1240; x_wconf 84' lang='lat' dir='ltr'>videtur,</span> <span class='ocrx_word' id='word_1_163' title='bbox 769 1199 820 1233; x_wconf 86' lang='lat' dir='ltr'>illurn</span> 
     </span>
     <span class='ocr_line' id='line_1_21' title="bbox 94 1250 821 1296; baseline 0 -11"><span class='ocrx_word' id='word_1_164' title='bbox 94 1264 113 1286; x_wconf 62' lang='grc' dir='ltr'>κο</span> <span class='ocrx_word' id='word_1_165' title='bbox 120 1251 228 1286; x_wconf 88' lang='lat' dir='ltr'>translatum</span> <span class='ocrx_word' id='word_1_166' title='bbox 243 1250 301 1285; x_wconf 88' lang='lat' dir='ltr'>fuisse</span> <span class='ocrx_word' id='word_1_167' title='bbox 316 1251 339 1284; x_wconf 89' lang='lat' dir='ltr'>ab</span> <span class='ocrx_word' id='word_1_168' title='bbox 351 1251 428 1285; x_wconf 87' lang='lat' dir='ltr'>Alsredo</span> <span class='ocrx_word' id='word_1_169' title='bbox 440 1251 543 1295; x_wconf 87' lang='lat' dir='ltr'>presbitero</span> <span class='ocrx_word' id='word_1_170' title='bbox 556 1251 682 1286; x_wconf 86' lang='lat' dir='ltr'>dunelmensis</span> <span class='ocrx_word' id='word_1_171' title='bbox 696 1252 777 1294; x_wconf 86' lang='lat' dir='ltr'>ecclesie,</span> <span class='ocrx_word' id='word_1_172' title='bbox 790 1252 821 1296; x_wconf 90' lang='lat' dir='ltr'>qui</span> 
     </span>
     <span class='ocr_line' id='line_1_22' title="bbox 120 1303 821 1338; baseline 0 0"><span class='ocrx_word' id='word_1_173' title='bbox 120 1304 235 1338; x_wconf 87' lang='lat' dir='ltr'>venerabiles</span> <span class='ocrx_word' id='word_1_174' title='bbox 245 1303 285 1337; x_wconf 86' lang='lat' dir='ltr'>eius</span> <span class='ocrx_word' id='word_1_175' title='bbox 295 1314 412 1338; x_wconf 85' lang='lat' dir='ltr'>successores</span> <span class='ocrx_word' id='word_1_176' title='bbox 420 1304 489 1337; x_wconf 88' lang='lat' dir='ltr'>Accam</span> <span class='ocrx_word' id='word_1_177' title='bbox 500 1310 518 1337; x_wconf 86' lang='lat' dir='ltr'>et</span> <span class='ocrx_word' id='word_1_178' title='bbox 525 1304 653 1337; x_wconf 89' lang='lat' dir='ltr'>Alkmundum</span> <span class='ocrx_word' id='word_1_179' title='bbox 661 1304 684 1338; x_wconf 92' lang='lat' dir='ltr'>de</span> <span class='ocrx_word' id='word_1_180' title='bbox 694 1310 743 1338; x_wconf 87' lang='lat' dir='ltr'>terra</span> <span class='ocrx_word' id='word_1_181' title='bbox 754 1304 821 1338; x_wconf 88' lang='lat' dir='ltr'>leuauit</span> 
     </span>
     <span class='ocr_line' id='line_1_23' title="bbox 120 1350 822 1391; baseline 0 -1"><span class='ocrx_word' id='word_1_182' title='bbox 120 1368 141 1391; x_wconf 89' lang='lat' dir='ltr'>ac</span> <span class='ocrx_word' id='word_1_183' title='bbox 153 1357 201 1391; x_wconf 89' lang='lat' dir='ltr'>intra</span> <span class='ocrx_word' id='word_1_184' title='bbox 212 1356 307 1390; x_wconf 88' lang='lat' dir='ltr'>ecclesiam</span> <span class='ocrx_word' id='word_1_185' title='bbox 318 1355 337 1390; x_wconf 92' lang='lat' dir='ltr'>in</span> <span class='ocrx_word' id='word_1_186' title='bbox 349 1356 421 1390; x_wconf 84' lang='lat' dir='ltr'>feretris</span> <span class='ocrx_word' id='word_1_187' title='bbox 431 1356 531 1391; x_wconf 81' lang='lat' dir='ltr'>honorifice</span> <span class='ocrx_word' id='word_1_188' title='bbox 541 1356 640 1391; x_wconf 90' lang='lat' dir='ltr'>collocauit.</span> <span class='ocrx_word' id='word_1_189' title='bbox 684 1350 743 1391; x_wconf 86' lang='lat' dir='ltr'>Anno</span> <span class='ocrx_word' id='word_1_190' title='bbox 753 1357 822 1391; x_wconf 91' lang='lat' dir='ltr'>domini</span> 
     </span>
     <span class='ocr_line' id='line_1_24' title="bbox 121 1407 822 1450; baseline 0 -8"><span class='ocrx_word' id='word_1_191' title='bbox 121 1407 219 1443; x_wconf 91' lang='lat' dir='ltr'>millesimo</span> <span class='ocrx_word' id='word_1_192' title='bbox 230 1407 331 1442; x_wconf 91' lang='lat' dir='ltr'>centesimo</span> <span class='ocrx_word' id='word_1_193' title='bbox 344 1408 474 1450; x_wconf 87' lang='lat' dir='ltr'>tertiodecimo,</span> <span class='ocrx_word' id='word_1_194' title='bbox 488 1418 530 1442; x_wconf 93' lang='lat' dir='ltr'>cum</span> <span class='ocrx_word' id='word_1_195' title='bbox 542 1407 623 1443; x_wconf 86' lang='lat' dir='ltr'>Thomas</span> <span class='ocrx_word' id='word_1_196' title='bbox 635 1408 752 1444; x_wconf 90' lang='lat' dir='ltr'>eboracensis</span> <span class='ocrx_word' id='word_1_197' title='bbox 764 1408 822 1444; x_wconf 87' lang='lat' dir='ltr'>archi-</span> 
     </span>
     <span class='ocr_line' id='line_1_25' title="bbox 121 1461 822 1505; baseline 0.001 -10"><span class='ocrx_word' id='word_1_198' title='bbox 121 1462 218 1505; x_wconf 89' lang='lat' dir='ltr'>episcopus</span> <span class='ocrx_word' id='word_1_199' title='bbox 230 1462 253 1494; x_wconf 91' lang='lat' dir='ltr'>ad</span> <span class='ocrx_word' id='word_1_200' title='bbox 265 1461 426 1505; x_wconf 87' lang='lat' dir='ltr'>hagustaldensem</span> <span class='ocrx_word' id='word_1_201' title='bbox 437 1461 533 1495; x_wconf 89' lang='lat' dir='ltr'>ecclesiam</span> <span class='ocrx_word' id='word_1_202' title='bbox 542 1461 625 1495; x_wconf 88' lang='lat' dir='ltr'>venisset</span> <span class='ocrx_word' id='word_1_203' title='bbox 636 1466 654 1495; x_wconf 90' lang='lat' dir='ltr'>et</span> <span class='ocrx_word' id='word_1_204' title='bbox 665 1461 752 1505; x_wconf 92' lang='lat' dir='ltr'>reliquias</span> <span class='ocrx_word' id='word_1_205' title='bbox 763 1461 822 1496; x_wconf 88' lang='lat' dir='ltr'>sancti</span> 
     </span>
     <span class='ocr_line' id='line_1_26' title="bbox 95 1513 822 1557; baseline 0.001 -9"><span class='ocrx_word' id='word_1_206' title='bbox 95 1527 113 1557; x_wconf 83' lang='lat'>25</span> <span class='ocrx_word' id='word_1_207' title='bbox 123 1514 168 1548; x_wconf 85' lang='lat' dir='ltr'>Eate</span> <span class='ocrx_word' id='word_1_208' title='bbox 183 1514 206 1546; x_wconf 91' lang='lat' dir='ltr'>ad</span> <span class='ocrx_word' id='word_1_209' title='bbox 220 1514 283 1548; x_wconf 88' lang='lat' dir='ltr'>sedem</span> <span class='ocrx_word' id='word_1_210' title='bbox 299 1523 352 1547; x_wconf 88' lang='lat' dir='ltr'>suam</span> <span class='ocrx_word' id='word_1_211' title='bbox 366 1524 430 1547; x_wconf 92' lang='lat' dir='ltr'>secum</span> <span class='ocrx_word' id='word_1_212' title='bbox 444 1513 550 1557; x_wconf 86' lang='lat' dir='ltr'>transferre,</span> <span class='ocrx_word' id='word_1_213' title='bbox 562 1513 692 1548; x_wconf 87' lang='lat' dir='ltr'>canonicorum</span> <span class='ocrx_word' id='word_1_214' title='bbox 705 1513 822 1549; x_wconf 85' lang='lat' dir='ltr'>eboracensis</span> 
     </span>
     <span class='ocr_line' id='line_1_27' title="bbox 122 1567 823 1610; baseline -0.001 -8"><span class='ocrx_word' id='word_1_215' title='bbox 122 1567 199 1602; x_wconf 81' lang='lat' dir='ltr'>ecclesie</span> <span class='ocrx_word' id='word_1_216' title='bbox 207 1569 272 1601; x_wconf 86' lang='lat' dir='ltr'>ductus</span> <span class='ocrx_word' id='word_1_217' title='bbox 280 1567 362 1608; x_wconf 89' lang='lat' dir='ltr'>consilio,</span> <span class='ocrx_word' id='word_1_218' title='bbox 369 1567 499 1610; x_wconf 88' lang='lat' dir='ltr'>meditaretur;</span> <span class='ocrx_word' id='word_1_219' title='bbox 511 1567 594 1601; x_wconf 88' lang='lat' dir='ltr'>eiusdem</span> <span class='ocrx_word' id='word_1_220' title='bbox 603 1568 679 1602; x_wconf 84' lang='lat' dir='ltr'>ecclesie</span> <span class='ocrx_word' id='word_1_221' title='bbox 687 1568 753 1601; x_wconf 87' lang='lat' dir='ltr'>fratres</span> <span class='ocrx_word' id='word_1_222' title='bbox 761 1570 823 1602; x_wconf 86' lang='lat' dir='ltr'>tristes</span> 
     </span>
     <span class='ocr_line' id='line_1_28' title="bbox 122 1619 822 1663; baseline 0 -9"><span class='ocrx_word' id='word_1_223' title='bbox 122 1619 188 1661; x_wconf 86' lang='lat' dir='ltr'>effecti,</span> <span class='ocrx_word' id='word_1_224' title='bbox 196 1626 280 1654; x_wconf 87' lang='lat' dir='ltr'>sanctum</span> <span class='ocrx_word' id='word_1_225' title='bbox 288 1620 353 1653; x_wconf 86' lang='lat' dir='ltr'>Eatam</span> <span class='ocrx_word' id='word_1_226' title='bbox 364 1620 440 1653; x_wconf 91' lang='lat' dir='ltr'>intentis</span> <span class='ocrx_word' id='word_1_227' title='bbox 451 1619 537 1663; x_wconf 89' lang='lat' dir='ltr'>precibus</span> <span class='ocrx_word' id='word_1_228' title='bbox 548 1620 648 1653; x_wconf 83' lang='lat' dir='ltr'>exorabant</span> <span class='ocrx_word' id='word_1_229' title='bbox 660 1631 683 1653; x_wconf 90' lang='lat' dir='ltr'>ne</span> <span class='ocrx_word' id='word_1_230' title='bbox 695 1621 755 1654; x_wconf 91' lang='lat' dir='ltr'>locum</span> <span class='ocrx_word' id='word_1_231' title='bbox 767 1631 822 1663; x_wconf 90' lang='lat' dir='ltr'>quern</span> 
     </span>
     <span class='ocr_line' id='line_1_29' title="bbox 122 1671 823 1717; baseline 0 -10"><span class='ocrx_word' id='word_1_232' title='bbox 122 1672 188 1707; x_wconf 89' lang='lat' dir='ltr'>viueus</span> <span class='ocrx_word' id='word_1_233' title='bbox 199 1672 277 1706; x_wconf 85' lang='lat' dir='ltr'>excoluit</span> <span class='ocrx_word' id='word_1_234' title='bbox 288 1677 306 1706; x_wconf 90' lang='lat' dir='ltr'>et</span> <span class='ocrx_word' id='word_1_235' title='bbox 317 1671 380 1706; x_wconf 81' lang='lat' dir='ltr'>dilexit</span> <span class='ocrx_word' id='word_1_236' title='bbox 391 1682 461 1716; x_wconf 87' lang='lat' dir='ltr'>suaque</span> <span class='ocrx_word' id='word_1_237' title='bbox 473 1672 567 1716; x_wconf 87' lang='lat' dir='ltr'>sepultura</span> <span class='ocrx_word' id='word_1_238' title='bbox 577 1672 678 1713; x_wconf 89' lang='lat' dir='ltr'>honorauit,</span> <span class='ocrx_word' id='word_1_239' title='bbox 687 1683 720 1706; x_wconf 88' lang='lat' dir='ltr'>sua</span> <span class='ocrx_word' id='word_1_240' title='bbox 730 1673 823 1717; x_wconf 85' lang='lat' dir='ltr'>presentia</span> 
     </span>
     <span class='ocr_line' id='line_1_30' title="bbox 122 1724 824 1768; baseline 0.001 -11"><span class='ocrx_word' id='word_1_241' title='bbox 122 1725 206 1758; x_wconf 87' lang='lat' dir='ltr'>viduaret</span> <span class='ocrx_word' id='word_1_242' title='bbox 216 1735 237 1757; x_wconf 88' lang='lat' dir='ltr'>ac</span> <span class='ocrx_word' id='word_1_243' title='bbox 248 1725 346 1758; x_wconf 87' lang='lat' dir='ltr'>desereret.</span> <span class='ocrx_word' id='word_1_244' title='bbox 369 1725 439 1758; x_wconf 87' lang='lat' dir='ltr'>Eadem</span> <span class='ocrx_word' id='word_1_245' title='bbox 452 1729 510 1767; x_wconf 83' lang='lat' dir='ltr'>nocte,</span> <span class='ocrx_word' id='word_1_246' title='bbox 522 1735 558 1768; x_wconf 92' lang='lat' dir='ltr'>qua</span> <span class='ocrx_word' id='word_1_247' title='bbox 569 1724 587 1758; x_wconf 94' lang='lat' dir='ltr'>in</span> <span class='ocrx_word' id='word_1_248' title='bbox 599 1725 690 1758; x_wconf 75' lang='lat' dir='ltr'>crastino²</span> <span class='ocrx_word' id='word_1_249' title='bbox 700 1730 773 1759; x_wconf 84' lang='lat' dir='ltr'>sanctas</span> <span class='ocrx_word' id='word_1_250' title='bbox 783 1725 824 1760; x_wconf 91' lang='lat' dir='ltr'>reli-</span> 
     </span>
     <span class='ocr_line' id='line_1_31' title="bbox 95 1776 823 1822; baseline -0.001 -9"><span class='ocrx_word' id='word_1_251' title='bbox 95 1792 115 1821; x_wconf 76' lang='lat'>30</span> <span class='ocrx_word' id='word_1_252' title='bbox 122 1778 174 1822; x_wconf 85' lang='lat' dir='ltr'>quias</span> <span class='ocrx_word' id='word_1_253' title='bbox 182 1782 277 1821; x_wconf 86' lang='lat' dir='ltr'>asportare</span> <span class='ocrx_word' id='word_1_254' title='bbox 283 1777 396 1812; x_wconf 86' lang='lat' dir='ltr'>decreuisset</span> <span class='ocrx_word' id='word_1_255' title='bbox 402 1777 412 1819; x_wconf 79' lang='lat'>³,</span> <span class='ocrx_word' id='word_1_256' title='bbox 418 1776 529 1821; x_wconf 89' lang='lat' dir='ltr'>intempeste</span> <span class='ocrx_word' id='word_1_257' title='bbox 535 1777 593 1812; x_wconf 91' lang='lat' dir='ltr'>noctis</span> <span class='ocrx_word' id='word_1_258' title='bbox 601 1776 680 1820; x_wconf 88' lang='lat' dir='ltr'>silentio,</span> <span class='ocrx_word' id='word_1_259' title='bbox 685 1778 823 1822; x_wconf 88' lang='lat' dir='ltr'>archiepiscopo</span> 
     </span>
     <span class='ocr_line' id='line_1_32' title="bbox 123 1830 824 1876; baseline 0 -10"><span class='ocrx_word' id='word_1_260' title='bbox 123 1841 201 1876; x_wconf 89' lang='lat' dir='ltr'>sompno</span> <span class='ocrx_word' id='word_1_261' title='bbox 208 1831 296 1875; x_wconf 92' lang='lat' dir='ltr'>depresso</span> <span class='ocrx_word' id='word_1_262' title='bbox 304 1830 388 1875; x_wconf 86' lang='lat' dir='ltr'>apparuit</span> <span class='ocrx_word' id='word_1_263' title='bbox 396 1830 470 1875; x_wconf 89' lang='lat' dir='ltr'>quidam</span> <span class='ocrx_word' id='word_1_264' title='bbox 475 1831 581 1865; x_wconf 88' lang='lat' dir='ltr'>veneranda</span> <span class='ocrx_word' id='word_1_265' title='bbox 589 1831 651 1875; x_wconf 85' lang='lat' dir='ltr'>specie</span> <span class='ocrx_word' id='word_1_266' title='bbox 658 1831 758 1876; x_wconf 91' lang='lat' dir='ltr'>habituque</span> <span class='ocrx_word' id='word_1_267' title='bbox 764 1831 824 1875; x_wconf 90' lang='lat' dir='ltr'>ponti-</span> 
     </span>
     <span class='ocr_line' id='line_1_33' title="bbox 122 1883 825 1928; baseline 0.001 -10"><span class='ocrx_word' id='word_1_268' title='bbox 122 1885 174 1928; x_wconf 84' lang='lat' dir='ltr'>ficali,</span> <span class='ocrx_word' id='word_1_269' title='bbox 187 1884 257 1928; x_wconf 86' lang='lat' dir='ltr'>virgam</span> <span class='ocrx_word' id='word_1_270' title='bbox 272 1884 383 1928; x_wconf 88' lang='lat' dir='ltr'>pastoralem</span> <span class='ocrx_word' id='word_1_271' title='bbox 398 1883 417 1917; x_wconf 92' lang='lat' dir='ltr'>in</span> <span class='ocrx_word' id='word_1_272' title='bbox 431 1894 487 1918; x_wconf 88' lang='lat' dir='ltr'>manu</span> <span class='ocrx_word' id='word_1_273' title='bbox 502 1894 574 1928; x_wconf 89' lang='lat' dir='ltr'>gerens,</span> <span class='ocrx_word' id='word_1_274' title='bbox 590 1889 609 1918; x_wconf 87' lang='lat' dir='ltr'>et</span> <span class='ocrx_word' id='word_1_275' title='bbox 623 1884 643 1918; x_wconf 93' lang='lat' dir='ltr'>in</span> <span class='ocrx_word' id='word_1_276' title='bbox 659 1895 701 1918; x_wconf 91' lang='lat' dir='ltr'>eum</span> <span class='ocrx_word' id='word_1_277' title='bbox 718 1884 825 1919; x_wconf 87' lang='lat' dir='ltr'>terribiliter</span> 
     </span>
     <span class='ocr_line' id='line_1_34' title="bbox 122 1936 824 1983; baseline -0.001 -10"><span class='ocrx_word' id='word_1_278' title='bbox 122 1936 214 1983; x_wconf 86' lang='lat' dir='ltr'>aspiciens</span> <span class='ocrx_word' id='word_1_279' title='bbox 225 1937 252 1973; x_wconf 91' lang='lat' dir='ltr'>sic</span> <span class='ocrx_word' id='word_1_280' title='bbox 263 1937 298 1973; x_wconf 87' lang='lat' dir='ltr'>ait:</span> <span class='ocrx_word' id='word_1_281' title='bbox 315 1937 373 1980; x_wconf 80' lang='lat' dir='ltr'>‘Quid</span> <span class='ocrx_word' id='word_1_282' title='bbox 385 1938 474 1982; x_wconf 89' lang='lat' dir='ltr'>estquod</span> <span class='ocrx_word' id='word_1_283' title='bbox 487 1937 547 1973; x_wconf 86' lang='lat' dir='ltr'>iacere</span> <span class='ocrx_word' id='word_1_284' title='bbox 559 1937 654 1982; x_wconf 83' lang='lat' dir='ltr'>disponis?</span> <span class='ocrx_word' id='word_1_285' title='bbox 675 1938 747 1973; x_wconf 88' lang='lat' dir='ltr'>Venisti</span> <span class='ocrx_word' id='word_1_286' title='bbox 759 1950 789 1973; x_wconf 88' lang='lat' dir='ltr'>me</span> <span class='ocrx_word' id='word_1_287' title='bbox 801 1939 824 1973; x_wconf 88' lang='lat' dir='ltr'>de</span> 
     </span>
     <span class='ocr_line' id='line_1_35' title="bbox 122 1990 824 2035; baseline 0 -10"><span class='ocrx_word' id='word_1_288' title='bbox 122 1991 162 2025; x_wconf 92' lang='lat' dir='ltr'>loco</span> <span class='ocrx_word' id='word_1_289' title='bbox 170 1990 236 2033; x_wconf 89' lang='lat' dir='ltr'>quietis</span> <span class='ocrx_word' id='word_1_290' title='bbox 244 2001 285 2024; x_wconf 91' lang='lat' dir='ltr'>mee</span> <span class='ocrx_word' id='word_1_291' title='bbox 293 1992 316 2024; x_wconf 88' lang='lat' dir='ltr'>ad</span> <span class='ocrx_word' id='word_1_292' title='bbox 324 1990 402 2024; x_wconf 90' lang='lat' dir='ltr'>alienam</span> <span class='ocrx_word' id='word_1_293' title='bbox 410 1990 507 2025; x_wconf 88' lang='lat' dir='ltr'>ecclesiam</span> <span class='ocrx_word' id='word_1_294' title='bbox 514 1991 625 2025; x_wconf 84' lang='lat' dir='ltr'>transferre:</span> <span class='ocrx_word' id='word_1_295' title='bbox 637 1992 686 2035; x_wconf 90' lang='lat' dir='ltr'>quod</span> <span class='ocrx_word' id='word_1_296' title='bbox 692 1991 725 2024; x_wconf 93' lang='lat' dir='ltr'>tibi</span> <span class='ocrx_word' id='word_1_297' title='bbox 733 1991 824 2025; x_wconf 85' lang='lat' dir='ltr'>adomino</span> 
     </span>
     <span class='ocr_line' id='line_1_36' title="bbox 95 2043 824 2088; baseline 0.001 -11"><span class='ocrx_word' id='word_1_298' title='bbox 95 2058 114 2088; x_wconf 82' lang='lat'>35</span> <span class='ocrx_word' id='word_1_299' title='bbox 122 2044 193 2078; x_wconf 90' lang='lat' dir='ltr'>iussum</span> <span class='ocrx_word' id='word_1_300' title='bbox 205 2054 242 2077; x_wconf 92' lang='lat' dir='ltr'>non</span> <span class='ocrx_word' id='word_1_301' title='bbox 254 2048 288 2077; x_wconf 90' lang='lat' dir='ltr'>est.</span> <span class='ocrx_word' id='word_1_302' title='bbox 311 2043 356 2077; x_wconf 87' lang='lat' dir='ltr'>Dico</span> <span class='ocrx_word' id='word_1_303' title='bbox 366 2043 399 2077; x_wconf 92' lang='lat' dir='ltr'>tibi</span> <span class='ocrx_word' id='word_1_304' title='bbox 409 2043 451 2087; x_wconf 87' lang='lat' dir='ltr'>quia</span> <span class='ocrx_word' id='word_1_305' title='bbox 462 2054 520 2086; x_wconf 89' lang='lat' dir='ltr'>penas</span> <span class='ocrx_word' id='word_1_306' title='bbox 530 2043 675 2087; x_wconf 90' lang='lat' dir='ltr'>presumptionis</span> <span class='ocrx_word' id='word_1_307' title='bbox 685 2048 716 2078; x_wconf 90' lang='lat' dir='ltr'>tue</span> <span class='ocrx_word' id='word_1_308' title='bbox 726 2044 777 2078; x_wconf 87' lang='lat' dir='ltr'>lues’</span> <span class='ocrx_word' id='word_1_309' title='bbox 801 2043 824 2078; x_wconf 89' lang='lat' dir='ltr'>Et</span> 
     </span>
     <span class='ocr_line' id='line_1_37' title="bbox 123 2096 824 2141; baseline -0.001 -10"><span class='ocrx_word' id='word_1_310' title='bbox 123 2098 199 2131; x_wconf 86' lang='lat' dir='ltr'>eleuans</span> <span class='ocrx_word' id='word_1_311' title='bbox 209 2097 294 2130; x_wconf 89' lang='lat' dir='ltr'>baculum</span> <span class='ocrx_word' id='word_1_312' title='bbox 302 2107 357 2140; x_wconf 89' lang='lat' dir='ltr'>quem</span> <span class='ocrx_word' id='word_1_313' title='bbox 368 2107 423 2130; x_wconf 90' lang='lat' dir='ltr'>manu</span> <span class='ocrx_word' id='word_1_314' title='bbox 431 2097 512 2141; x_wconf 85' lang='lat' dir='ltr'>gerebat,</span> <span class='ocrx_word' id='word_1_315' title='bbox 520 2096 611 2141; x_wconf 85' lang='lat' dir='ltr'>percussit</span> <span class='ocrx_word' id='word_1_316' title='bbox 621 2108 663 2130; x_wconf 91' lang='lat' dir='ltr'>eum</span> <span class='ocrx_word' id='word_1_317' title='bbox 671 2096 699 2131; x_wconf 90' lang='lat' dir='ltr'>bis</span> <span class='ocrx_word' id='word_1_318' title='bbox 709 2097 728 2130; x_wconf 89' lang='lat' dir='ltr'>in</span> <span class='ocrx_word' id='word_1_319' title='bbox 737 2097 824 2140; x_wconf 70' lang='lat' dir='ltr'>humero,</span> 
     </span>
     <span class='ocr_line' id='line_1_38' title="bbox 123 2148 825 2194; baseline 0 -10"><span class='ocrx_word' id='word_1_320' title='bbox 123 2149 486 2193; x_wconf 88' lang='lat' dir='ltr'>etvehementercomminansdisparuit.</span> <span class='ocrx_word' id='word_1_321' title='bbox 506 2148 825 2194; x_wconf 73' lang='lat' dir='ltr'>Expergesactus⁴archiepiscopus,</span> 
     </span>
     <span class='ocr_line' id='line_1_39' title="bbox 123 2201 824 2248; baseline -0.001 -10"><span class='ocrx_word' id='word_1_322' title='bbox 123 2209 141 2238; x_wconf 94' lang='lat' dir='ltr'>et</span> <span class='ocrx_word' id='word_1_323' title='bbox 156 2213 189 2248; x_wconf 89' lang='lat' dir='ltr'>pre</span> <span class='ocrx_word' id='word_1_324' title='bbox 205 2201 261 2237; x_wconf 89' lang='lat' dir='ltr'>nimio</span> <span class='ocrx_word' id='word_1_325' title='bbox 276 2202 342 2237; x_wconf 89' lang='lat' dir='ltr'>timore</span> <span class='ocrx_word' id='word_1_326' title='bbox 357 2203 468 2245; x_wconf 85' lang='lat' dir='ltr'>exclamans,</span> <span class='ocrx_word' id='word_1_327' title='bbox 484 2214 549 2237; x_wconf 87' lang='lat' dir='ltr'>omnes</span> <span class='ocrx_word' id='word_1_328' title='bbox 564 2202 646 2244; x_wconf 91' lang='lat' dir='ltr'>clericos,</span> <span class='ocrx_word' id='word_1_329' title='bbox 662 2202 700 2237; x_wconf 89' lang='lat' dir='ltr'>suis</span> <span class='ocrx_word' id='word_1_330' title='bbox 715 2202 824 2238; x_wconf 86' lang='lat' dir='ltr'>clamoribus</span> 
     </span>
     <span class='ocr_line' id='line_1_40' title="bbox 123 2255 825 2298; baseline -0.003 -8"><span class='ocrx_word' id='word_1_331' title='bbox 123 2258 206 2290; x_wconf 88' lang='lat' dir='ltr'>turbatos</span> <span class='ocrx_word' id='word_1_332' title='bbox 211 2255 223 2297; x_wconf 79' lang='lat'>⁶,</span> <span class='ocrx_word' id='word_1_333' title='bbox 233 2256 324 2297; x_wconf 83' lang='lat' dir='ltr'>excitauit,</span> <span class='ocrx_word' id='word_1_334' title='bbox 334 2267 374 2289; x_wconf 90' lang='lat' dir='ltr'>rem</span> <span class='ocrx_word' id='word_1_335' title='bbox 384 2261 456 2298; x_wconf 85' lang='lat' dir='ltr'>gestam</span> <span class='ocrx_word' id='word_1_336' title='bbox 467 2257 534 2296; x_wconf 86' lang='lat' dir='ltr'>retulit,</span> <span class='ocrx_word' id='word_1_337' title='bbox 544 2261 561 2289; x_wconf 93' lang='lat' dir='ltr'>et</span> <span class='ocrx_word' id='word_1_338' title='bbox 571 2256 637 2289; x_wconf 83' lang='lat' dir='ltr'>fratres</span> <span class='ocrx_word' id='word_1_339' title='bbox 646 2256 694 2289; x_wconf 92' lang='lat' dir='ltr'>illius</span> <span class='ocrx_word' id='word_1_340' title='bbox 704 2256 781 2289; x_wconf 91' lang='lat' dir='ltr'>ecclesie</span> <span class='ocrx_word' id='word_1_341' title='bbox 791 2266 825 2298; x_wconf 92' lang='lat' dir='ltr'>pro</span> 
     </span>
     <span class='ocr_line' id='line_1_41' title="bbox 95 2306 825 2354; baseline -0.001 -11"><span class='ocrx_word' id='word_1_342' title='bbox 95 2323 115 2354; x_wconf 88' lang='lat'>40</span> <span class='ocrx_word' id='word_1_343' title='bbox 124 2319 157 2343; x_wconf 91' lang='lat' dir='ltr'>sua</span> <span class='ocrx_word' id='word_1_344' title='bbox 172 2307 311 2354; x_wconf 88' lang='lat' dir='ltr'>presumptione</span> <span class='ocrx_word' id='word_1_345' title='bbox 326 2308 381 2341; x_wconf 88' lang='lat' dir='ltr'>deum</span> <span class='ocrx_word' id='word_1_346' title='bbox 394 2318 471 2341; x_wconf 83' lang='lat' dir='ltr'>exorare</span> <span class='ocrx_word' id='word_1_347' title='bbox 487 2307 595 2353; x_wconf 87' lang='lat' dir='ltr'>suppliciter</span> <span class='ocrx_word' id='word_1_348' title='bbox 607 2307 717 2352; x_wconf 86' lang='lat' dir='ltr'>implorauit.</span> <span class='ocrx_word' id='word_1_349' title='bbox 739 2306 825 2342; x_wconf 88' lang='lat' dir='ltr'>Asseruit</span> 
     </span>
     <span class='ocr_line' id='line_1_42' title="bbox 124 2360 825 2406; baseline -0.003 -9"><span class='ocrx_word' id='word_1_350' title='bbox 124 2362 173 2397; x_wconf 86' lang='lat' dir='ltr'>enim</span> <span class='ocrx_word' id='word_1_351' title='bbox 179 2366 221 2395; x_wconf 90' lang='lat' dir='ltr'>voto</span> <span class='ocrx_word' id='word_1_352' title='bbox 229 2372 250 2396; x_wconf 88' lang='lat' dir='ltr'>se</span> <span class='ocrx_word' id='word_1_353' title='bbox 258 2361 346 2406; x_wconf 87' lang='lat' dir='ltr'>obligans,</span> <span class='ocrx_word' id='word_1_354' title='bbox 352 2362 400 2406; x_wconf 89' lang='lat' dir='ltr'>quod</span> <span class='ocrx_word' id='word_1_355' title='bbox 408 2361 457 2395; x_wconf 90' lang='lat' dir='ltr'>illam</span> <span class='ocrx_word' id='word_1_356' title='bbox 466 2360 561 2395; x_wconf 87' lang='lat' dir='ltr'>ecclesiam</span> <span class='ocrx_word' id='word_1_357' title='bbox 567 2361 619 2395; x_wconf 90' lang='lat' dir='ltr'>nullo</span> <span class='ocrx_word' id='word_1_358' title='bbox 625 2371 700 2395; x_wconf 86' lang='lat' dir='ltr'>suorum</span> <span class='ocrx_word' id='word_1_359' title='bbox 706 2365 825 2405; x_wconf 88' lang='lat' dir='ltr'>patronorum</span> 
     </span>
     <span class='ocr_line' id='line_1_43' title="bbox 123 2412 826 2459; baseline 0 -12"><span class='ocrx_word' id='word_1_360' title='bbox 123 2414 202 2458; x_wconf 89' lang='lat' dir='ltr'>amplius</span> <span class='ocrx_word' id='word_1_361' title='bbox 216 2414 295 2458; x_wconf 87' lang='lat' dir='ltr'>spoliare</span> <span class='ocrx_word' id='word_1_362' title='bbox 306 2420 428 2459; x_wconf 85' lang='lat' dir='ltr'>presumeret.</span> <span class='ocrx_word' id='word_1_363' title='bbox 451 2414 518 2458; x_wconf 89' lang='lat' dir='ltr'>Sicque</span> <span class='ocrx_word' id='word_1_364' title='bbox 530 2425 564 2457; x_wconf 90' lang='lat' dir='ltr'>per</span> <span class='ocrx_word' id='word_1_365' title='bbox 575 2420 614 2448; x_wconf 91' lang='lat' dir='ltr'>tres</span> <span class='ocrx_word' id='word_1_366' title='bbox 626 2414 665 2448; x_wconf 89' lang='lat' dir='ltr'>dies</span> <span class='ocrx_word' id='word_1_367' title='bbox 677 2412 781 2447; x_wconf 89' lang='lat' dir='ltr'>infirmitate</span> <span class='ocrx_word' id='word_1_368' title='bbox 793 2415 826 2447; x_wconf 93' lang='lat' dir='ltr'>de-</span> 
     </span>
     <span class='ocr_line' id='line_1_44' title="bbox 123 2466 825 2512; baseline 0 -11"><span class='ocrx_word' id='word_1_369' title='bbox 123 2478 205 2512; x_wconf 84' lang='lat' dir='ltr'>pressus,</span> <span class='ocrx_word' id='word_1_370' title='bbox 211 2468 285 2502; x_wconf 91' lang='lat' dir='ltr'>demum</span> <span class='ocrx_word' id='word_1_371' title='bbox 294 2467 391 2511; x_wconf 86' lang='lat' dir='ltr'>conualuit,</span> <span class='ocrx_word' id='word_1_372' title='bbox 397 2473 416 2502; x_wconf 89' lang='lat' dir='ltr'>et</span> <span class='ocrx_word' id='word_1_373' title='bbox 423 2467 490 2502; x_wconf 85' lang='lat' dir='ltr'>infecto</span> <span class='ocrx_word' id='word_1_374' title='bbox 496 2467 570 2512; x_wconf 86' lang='lat' dir='ltr'>negotio</span> <span class='ocrx_word' id='word_1_375' title='bbox 576 2467 598 2502; x_wconf 90' lang='lat' dir='ltr'>ad</span> <span class='ocrx_word' id='word_1_376' title='bbox 605 2478 658 2501; x_wconf 85' lang='lat' dir='ltr'>suain</span> <span class='ocrx_word' id='word_1_377' title='bbox 665 2466 761 2502; x_wconf 83' lang='lat' dir='ltr'>ecclesiam</span> <span class='ocrx_word' id='word_1_378' title='bbox 766 2466 825 2502; x_wconf 87' lang='lat' dir='ltr'>rediit.</span> 
     </span>
    </p>
   </div>
   <div class='ocr_carea' id='block_1_3' title="bbox 125 2540 826 2611">
    <p class='ocr_par' dir='ltr' id='par_1_3' title="bbox 125 2540 826 2611">
     <span class='ocr_line' id='line_1_45' title="bbox 144 2540 826 2579; baseline 0 -8"><span class='ocrx_word' id='word_1_379' title='bbox 144 2541 215 2572; x_wconf 85' lang='lat' dir='ltr'>¹soVit.</span> <span class='ocrx_word' id='word_1_380' title='bbox 264 2541 438 2578; x_wconf 76' lang='lat' dir='ltr'>²Vit.quatransacta</span> <span class='ocrx_word' id='word_1_381' title='bbox 491 2541 652 2571; x_wconf 59' lang='lat' dir='ltr'>³Boll.decreuerat,</span> <span class='ocrx_word' id='word_1_382' title='bbox 702 2540 826 2579; x_wconf 62' lang='lat' dir='ltr'>‘EExparge-</span> 
     </span>
     <span class='ocr_line' id='line_1_46' title="bbox 125 2581 385 2611; baseline 0.004 -2"><span class='ocrx_word' id='word_1_383' title='bbox 125 2581 179 2611; x_wconf 87' lang='lat' dir='ltr'>iaetus.</span> <span class='ocrx_word' id='word_1_384' title='bbox 259 2581 265 2599; x_wconf 75' lang='lat'><em>⁶</em></span> <span class='ocrx_word' id='word_1_385' title='bbox 275 2581 306 2611; x_wconf 90' lang='lat' dir='ltr'>Vit.</span> <span class='ocrx_word' id='word_1_386' title='bbox 315 2581 385 2611; x_wconf 85' lang='lat' dir='ltr'>turbatis.</span> 
     </span>
    </p>
   </div>
   <div class='ocr_carea' id='block_1_4' title="bbox 0 0 896 2803">
    <p class='ocr_par' dir='ltr' id='par_1_4' title="bbox 0 0 896 2803">
     <span class='ocr_line' id='line_1_47' title="bbox 0 0 896 2803; baseline 0 0"><span class='ocrx_word' id='word_1_387' title='bbox 0 0 896 2803; x_wconf 95' lang='lat' dir='ltr'> </span> 
     </span>
    </p>
   </div>
  </div>
 </body>
</html>
