1762 2803
118 126 158 179 138
307 123 386 176 uacua
402 120 517 182 tracuus
533 119 624 182 unalia.

115 256 193 289 scopum
206 244 273 279 refecit.
319 238 373 279 Dixit
386 250 447 278 autem
459 245 568 279 Brendanus
581 244 604 277 ad
618 243 725 287 episcopum
737 243 815 277 Etcum:

116 298 147 332 ‘Si
158 298 190 332 tibi
202 298 266 342 placet,
278 303 334 341 pater,
347 298 389 331 volo
402 296 428 331 ire
439 303 457 331 et
470 298 541 331 discere
555 296 628 341 regulas
642 301 747 330 sanctorum
762 294 816 329 huius

116 351 185 386 insule.¹
209 350 242 384 Cui
255 351 297 385 ille:
310 350 337 384 ‘A
349 351 384 385 deo
396 355 425 384 est
437 350 486 384 istud
500 351 607 385 eonsilium:
619 349 666 383 vade
678 354 696 383 et
709 348 737 382 fac
748 353 768 382 vt
777 343 836 404 viss

117 397 204 446 Cumque
211 402 292 435 venisset
299 403 322 435 ad
329 402 420 445 quendam
429 408 512 436 sanctum
520 401 641 446 episcopum¹‚
647 401 692 434 dixit
700 412 704 435 τ
718 401 771 433 ‘Non
779 399 817 434 est²

100 456 146 498 5hic
161 455 270 490 resurrectio
283 456 323 488 tua.¹
347 454 450 499 Episcopus
466 455 521 490 dixit:
540 456 566 489 ‘O
580 460 642 489 sancte
656 464 707 498 puer,
721 464 778 497 quare
792 457 817 486 tot

117 510 196 542 archana
207 512 225 541 et
236 508 284 540 dona
296 507 325 540 dei
336 507 355 540 in
367 513 385 540 te
396 508 505 541 abscondis?
528 508 570 541 Scio
578 508 627 549 quod
639 507 723 549 spiritum
734 511 817 539 sanctum

117 560 178 601 habes,
187 564 205 593 et
216 557 297 601 potentia
306 558 363 592 multa
374 557 418 592 latet
429 557 448 591 in
460 563 483 592 te.
506 558 534 592 Tu
545 560 568 593 ad
577 569 607 593 me
617 557 684 593 venisti
694 562 713 592 vt
725 557 816 591 disceres:

116 614 149 647 sed
161 618 180 646 tu
195 611 256 656 potius
268 612 356 655 magister
369 616 432 645 noster
447 611 493 654 eris;
508 612 537 645 dic
552 623 596 656 ergo
611 611 666 645 michi
680 611 740 645 locum
756 621 817 645 resur-

116 664 201 700 rectionis
213 665 265 699 mee.’
289 664 322 698 Cui
333 674 390 708 puer:
406 663 485 708 ‘Accipe
499 664 601 708 plaustrum
613 663 697 705 nouum³,
706 664 748 708 quia
759 674 818 698 senex

89 730 147 754 roes:
167 723 185 752 et
199 718 302 761 vbicunque
318 723 357 752 rote
374 717 451 761 plaustri
466 717 558 752 confracte
574 716 645 759 suerint,
659 716 683 750 ibi
699 728 759 758 mane,
776 716 818 760 quia

116 773 164 805 illic*
179 776 240 805 tecum
255 771 290 804 erit
303 771 412 804 resurrectio
428 771 537 804 multorum)
561 771 601 812 Quo
617 770 669 810 facto,
685 781 722 803 non
738 770 791 812 longe
807 780 818 802 a

116 823 181 870 viculo,
189 821 285 857 confractis
297 822 341 856 rotis
351 822 376 856 ibi
386 832 461 856 manere
469 822 523 866 cepit.
535 810 561 871 s
576 815 681 865 Redeunte*
690 827 751 856 autem
761 821 818 855 Bren-

117 876 164 909 dano
180 875 202 908 ab
218 874 304 918 episcopo
317 874 354 916 illo,
369 874 445 917 angelus
458 874 527 907 domini
542 873 561 908 in
574 873 604 908 via
617 873 701 917 apparuit
713 874 730 907 ei
743 874 818 907 dicens:

117 928 197 969 ‘Scribe,
211 939 247 970 que
262 927 321 960 dicam
337 927 373 969 tibi,
389 927 445 960 verba
462 926 555 970 religionis
572 925 612 960 dei.¹
641 927 693 959 Tunc
709 926 818 960 Brendanus

91 996 109 1026 15
118 981 191 1025 scripsit
206 990 230 1015 ex
245 990 276 1014 ore
292 980 352 1023 angeli
367 984 449 1014 sanctam
464 980 552 1023 regulam,
563 990 598 1023 que
610 990 668 1022 vsque
682 979 736 1012 hodie
751 983 819 1013 manet.

119 1027 142 1067 ln
158 1034 198 1067 loco
212 1032 243 1066 illo
258 1033 330 1066 obuiam
346 1031 407 1066 habuit
423 1031 532 1066 Brendanus
549 1037 640 1066 mortuum
655 1031 747 1074 iuuenem,
763 1030 794 1076 qui
808 1042 819 1064 a

117 1087 224 1130 parentibus
236 1086 366 1129 plangentibus
376 1086 399 1118 ad
411 1085 529 1129 sepulchrum
540 1086 651 1129 portabatur.
674 1085 744 1126 Quibus
752 1086 780 1119 vir
789 1084 819 1118 dei

117 1139 152 1174 ait:
170 1138 241 1172 ‘Nolite
257 1138 307 1180 llere,
320 1139 353 1172 sed
369 1137 388 1171 in
401 1137 494 1171 Christum
507 1139 603 1179 confidite;
623 1138 653 1181 qui
668 1137 718 1172 dedit
734 1137 819 1177 animam,

117 1192 166 1226 dabit
181 1196 200 1225 et
217 1191 305 1225 salutem!
330 1191 353 1224 Et
371 1195 435 1224 orante
454 1190 558 1232 Brendano,
573 1190 646 1224 iuuenis
664 1190 695 1224 ille
713 1189 819 1224 resurrexit.

91 1260 109 1280 20
118 1245 214 1279 Reuersus
226 1248 288 1277 autem
301 1243 411 1285 Brendanus
424 1243 447 1276 ad
460 1243 567 1286 episcopum
583 1242 656 1285 Ercum‚
669 1243 746 1285 gradum
759 1253 820 1277 sacer-

118 1297 161 1331 dotii
169 1297 192 1331 ab
202 1307 224 1331 eo
232 1296 322 1340 suscepit;
335 1301 353 1330 et
364 1296 443 1340 populus
451 1296 519 1335 multus
527 1296 550 1330 ad
558 1306 600 1330 eum
608 1295 687 1367 inPreui
693 1299 819 1340 congregatus,

118 1356 136 1384 et
144 1350 226 1383 doctrine
234 1348 273 1382 eius
281 1349 327 1382 colla
335 1347 439 1389 subiiciens,
447 1349 536 1381 mundum
545 1348 629 1391 reliquie
638 1348 751 1382 Subintrauit
759 1354 819 1382 autem

117 1403 136 1436 in
146 1400 282 1436 mentem⁵vin
293 1400 322 1434 dei
328 1400 462 1444 'peregrinandi
473 1401 570 1435 voluntas:
583 1405 601 1434 et
613 1400 712 1443 postulauit
724 1411 734 1434 a
746 1399 820 1434 domino

117 1461 137 1488 vt
144 1454 179 1489 sibi
187 1456 238 1488 daret
246 1459 314 1487 terram
322 1459 412 1488 secretam
419 1453 439 1486 in
448 1453 499 1495 mari,
507 1455 530 1487 ab
538 1452 642 1487 hominibus
650 1459 668 1487 et
676 1464 740 1487 eorum
748 1453 820 1487 cohabi-

91 1521 110 1553 ²5
119 1509 186 1541 tatione
201 1512 296 1541 remotam.
327 1507 350 1539 Et
365 1507 412 1539 facta
427 1511 456 1540 est
469 1506 494 1539 illi
509 1505 607 1540 dormienti
620 1516 657 1539 vox
672 1506 735 1540 celitus
750 1506 820 1550 illapsa,

119 1561 193 1595 dicens:
214 1559 322 1593 ‘Brendane
337 1570 390 1593 serue
406 1559 441 1601 dei,
457 1559 542 1593 exaudita
557 1564 585 1593 est
600 1558 657 1592 oratio
669 1564 699 1592 tua
712 1569 723 1592 a
735 1559 820 1592 domino!

119 1607 178 1648 Venit
189 1617 250 1646 autem
262 1613 285 1646 ad
298 1623 340 1646 eum
351 1612 379 1646 vir
391 1611 464 1655 quidam
476 1617 550 1646 sanctus
562 1612 636 1646 nomine
649 1611 751 1653 Barintus⁸,
762 1623 820 1655 nepos

120 1666 178 1707 illius3
191 1665 219 1698 cui
229 1670 247 1698 et
257 1665 291 1698 ait:
306 1665 380 1698 ‘Indica
390 1665 443 1698 nobis
450 1666 527 1698 verbum
535 1665 565 1698 dei
576 1669 594 1699 et
604 1665 659 1698 refice
670 1665 740 1698 animas
749 1669 821 1699 nostras

120 1720 143 1752 de
158 1718 236 1751 diuersis
252 1717 343 1750 miraculis
359 1727 394 1759 que
410 1716 428 1748 in
444 1727 522 1750 occeano
534 1718 597 1750 v1dere
611 1717 703 1750 meruisti.¹
726 1717 778 1750 Tunc
790 1717 821 1750 ille

93 1784 112 1812 30
120 1772 168 1813 cepit
179 1780 253 1803 narrare
261 1770 284 1802 de
293 1769 371 1811 quadam
379 1768 443 1810 insula,
451 1769 514 1802 dicens
522 1780 526 1802 :
538 1771 543 1787 ‘
550 1768 624 1802 Filiolus
633 1779 686 1802 meus
698 1768 821 1811 Mernocatus,

120 1828 226 1867 procurator
240 1831 342 1865 pauperum
358 1821 430 1863 Christi,
446 1822 526 1864 confugit
541 1831 552 1855 a
567 1821 612 1855 facie
629 1831 670 1856 mea
688 1826 706 1855 et
721 1821 821 1855 solitariam

119 1876 174 1911 vitam
188 1874 263 1919 eligens,
272 1874 342 1909 inuenit
355 1873 435 1909 insulam
447 1873 466 1908 in
478 1874 529 1916 mari,
540 1878 558 1909 et
571 1874 595 1909 ibi
608 1874 689 1909 habitare
702 1874 754 1919 cepit.
777 1874 821 1909 Post

119 1930 196 1963 multum
206 1939 250 1963 vero
259 1928 348 1971 temporis
358 1928 464 1961 nunciatum
477 1933 505 1962 est
518 1928 573 1962 michi
585 1929 634 1971 quod
646 1928 709 1971 plures
721 1928 821 1963 monachos

119 1984 254 2026 congregasset,
264 1985 282 2014 et
294 1981 340 2014 deus
354 1979 411 2013 multa
422 1980 508 2014 miracula
517 1991 551 2024 per
561 1990 603 2014 eum
614 1980 736 2016 ostendisset:
751 1986 769 2016 et
780 1991 821 2025 per-

91 2045 109 2076 35
120 2035 158 2069 rexi
170 2033 244 2068 visitare
260 2032 317 2066 filium
332 2043 400 2068 meum.
423 2032 506 2077 Cumque
522 2033 547 2067 illi
562 2033 745 2077 appropinquassem,
758 2034 777 2068 in
791 2045 821 2067 oc-

120 2097 193 2122 cursum
210 2085 266 2120 michi
282 2085 375 2120 festinauit
388 2096 430 2119 curn
447 2085 533 2120 fratribus
549 2086 600 2120 suis:
616 2086 704 2120 reuelauit
720 2087 770 2120 enim
787 2087 821 2120 sibi

119 2141 205 2173 dominus
223 2140 323 2171 aduentum
341 2148 413 2180 meum;
433 2144 451 2171 et
470 2143 587 2172 occurrerunt
606 2138 659 2172 nobis
678 2138 757 2181 obuiam,
776 2138 822 2173 sicut

120 2202 198 2226 examen
212 2201 273 2234 apum,
286 2191 309 2224 de
323 2189 401 2224 diuersis
413 2190 483 2224 cellulis
495 2191 566 2224 fratres.
589 2190 649 2223 Nichil
662 2190 710 2224 aliud
723 2190 757 2224 cibi
770 2201 822 2224 mon-

119 2243 221 2279 strabatur⁷
229 2242 264 2277 nisi
272 2254 327 2287 poma
335 2248 353 2276 et
361 2253 423 2285 nuces,
431 2248 485 2286 atque
493 2243 564 2277 radices
574 2247 592 2277 et
600 2243 663 2276 herbe.
686 2243 730 2276 Post
741 2243 822 2287 comple-

92 2308 112 2338 40
120 2297 186 2332 torium
194 2295 260 2340 singuli
268 2296 287 2329 in
295 2295 334 2330 suis
343 2295 393 2330 cellis
401 2306 459 2340 usque
467 2296 490 2330 ad
497 2296 586 2341 gallorum
594 2301 667 2330 cantum
676 2301 822 2339 permanserunt.

121 2350 151 2384 Me
164 2354 224 2384 autem
238 2353 358 2393 pernoctante
371 2353 390 2383 et
405 2349 483 2383 insulam
498 2354 554 2383 totam
569 2348 713 2394 perambulante,
728 2349 779 2383 duxit
792 2360 822 2384 me

120 2403 186 2437 filiolus
200 2413 252 2437 meus
265 2403 288 2436 ad
302 2402 352 2437 littus
365 2401 421 2436 maris
434 2407 498 2436 contra
509 2402 629 2444 occidentem,
640 2401 671 2435 vbi
683 2407 722 2436 erat
733 2402 822 2444 nauicula,

121 2461 140 2490 et
154 2456 200 2490 dixit
214 2455 281 2491 michi:
301 2457 311 2476 ‘¹
317 2456 377 2499 Pater,
392 2457 471 2490 ascende
486 2456 505 2490 in
520 2456 587 2497 nauim,
602 2460 621 2488 et
636 2454 745 2499 nauigemus
759 2461 823 2491 contra

141 2534 288 2570 ¹se.S.Jarlathe.
335 2534 414 2564 'aierit
462 2535 498 2565 ³al.
508 2544 538 2565 om.
586 2533 619 2565 ⁴13.
628 2534 669 2565 illue.
718 2536 823 2572 ⁵E.mente;

121 2574 139 2605 T.
147 2577 221 2604 mentem.
261 2572 267 2590 ⁰
278 2574 295 2603 E.
303 2573 378 2605 bamitus.
418 2573 424 2591 ⁷
434 2575 453 2604 al.
462 2575 581 2605 ministrabatur.
