1762 2803
264 113 310 167 Bc
325 110 424 164 &onoc
441 113 571 165 dutmala
725 126 769 172 503

69 234 149 268 eundem
159 233 250 278 effigiabat
260 233 352 268 simillima
360 234 484 268 membrorum
492 239 510 269 et
518 234 573 268 totius
580 233 634 267 molis
642 233 739 275 habitudo;
751 240 770 269 et

68 296 110 320 cum
120 296 164 321 vere
175 286 221 321 alius
231 292 281 321 esset
289 286 376 329 essentia,
383 287 433 321 idem
442 287 483 331 ipse
494 293 556 322 tamen
565 286 663 321 videbatur
672 287 691 320 in
701 288 769 332 specie.

69 339 129 382 Quem
144 340 205 375 statim
220 340 336 383 accipientes,
350 340 402 383 operi
416 340 518 385 imponunt.
566 333 661 385 Apparuit
676 344 737 374 autem
752 340 769 375 ei

68 392 145 436 angelus
156 393 225 426 domini
238 392 316 427 iocundo
327 397 402 437 aspectu
414 393 437 427 de
448 393 493 427 celis
505 394 585 437 elapsus,
595 393 671 429 dicens:
683 394 769 428 ‘Athleta

69 444 99 479 dei
106 444 173 487 inclite,
180 445 267 490 gaudium
275 444 344 479 domini
351 445 384 479 tibi
396 455 471 489 semper
479 452 577 489 accrescat,
584 452 602 480 et
613 457 650 491 pax
660 446 701 481 eius
708 452 768 482 tecum
778 461 787 493 5

69 504 181 542 permaneat.
203 498 248 533 Esto
256 503 341 542 paratus:
353 497 395 542 quia
403 502 445 542 post
452 498 543 535 modicum
554 499 616 534 diuina
623 500 718 535 vocatione
726 500 768 535 hinc

68 550 182 592 transiturus,
194 551 234 595 regi
245 556 277 585 tuo
288 561 330 585 cum
341 550 402 595 palma
412 551 487 586 victorie
499 552 536 586 eris
548 553 667 587 occursurus.²
696 553 769 598 Diuque

68 613 110 637 cum
125 613 147 637 eo
160 608 242 638 moratus
254 603 285 637 ille
297 604 373 648 superni
387 603 436 647 regis
450 604 534 646 nuncius,
545 605 579 638 soli
590 605 625 639 deo
636 610 697 640 notam
709 606 769 640 suaui-

68 660 123 689 tatem
130 656 228 690 eructauit¹
236 656 345 690 mellificam.
388 648 434 691 Alia
440 655 480 691 vice
490 656 574 701 apparuit
581 658 598 692 ei
609 658 686 702 angelus
693 657 769 700 domini,

68 709 142 744 dicens:
161 709 210 753 ‘Ego
221 708 280 752 suml,
291 707 355 754 inquit,
367 708 446 744 Michael
456 708 587 754 archangelus;
599 709 689 755 legatione
700 710 769 746 domini
779 716 797 740 ¹0

68 762 105 795 mei
117 762 195 804 iunctus,
208 762 301 806 exipsius
313 761 397 806 imperio,
409 772 446 806 que
457 761 489 796 tibi
501 762 521 796 in
534 761 619 805 proximo
631 769 674 797 sunt
686 769 769 806 ventura,

68 812 169 849 innotesco.
192 814 239 849 Ecce
251 815 316 848 horam
328 813 416 848 transitus
426 814 452 848 tui
463 814 571 858 prenuncio,
583 814 625 858 quia
636 815 702 850 abhinc
714 816 769 850 solari

68 865 127 900 orbita
142 866 203 901 decies
218 866 237 901 in
253 876 274 900 se
289 866 377 909 reuoluta,
392 867 416 899 de
431 866 491 900 carnis
506 867 597 909 ergastulo
612 867 660 900 letus
672 867 737 902 exiiies
751 875 770 902 et

69 919 133 953 mundi
145 919 199 953 huius
213 929 306 953 carcerem
319 918 366 953 liber
380 919 454 954 euodes.
480 918 595 953 Occursurus
606 918 672 964 igitur³
684 921 724 965 regi
738 926 770 955 tuo

68 971 185 1005 inestimabili
196 971 255 1006 leticia
266 972 362 1016 procedes,
372 970 403 1014 qui
414 975 439 1013 te,
450 975 514 1005 nostro
524 971 632 1006 subuectum
643 971 716 1014 auxilio,
728 978 797 1011 cum15

68 1023 126 1068 gloria
141 1024 234 1070 suscipiet,
249 1029 267 1059 et
282 1023 341 1058 ciuem
356 1023 435 1058 aulicum
450 1023 486 1058 sibi
501 1023 520 1058 in
535 1034 593 1067 regno
608 1034 642 1058 suo
657 1025 769 1060 conscribet.¹

69 1077 135 1112 Adhuc
143 1089 165 1112 eo
173 1078 265 1122 loquente,
274 1078 339 1113 Petrus
347 1077 427 1122 clauiger
436 1076 488 1121 regni
499 1077 534 1119 dei,
542 1076 610 1112 Paulus
617 1088 690 1123 quoque
697 1084 770 1122 aposto-

69 1130 104 1173 lus,
115 1131 175 1166 eidem
185 1131 225 1166 viro
235 1136 298 1166 sancto
310 1130 389 1175 gloriose
400 1134 516 1174 apparentes,
527 1129 667 1165 immortalitatis
678 1131 770 1166 desiderio

69 1183 163 1227 fatigatum
170 1184 237 1219 blande
245 1184 356 1219 demulcent.
384 1182 435 1217 Obiit
442 1188 503 1218 autem
512 1188 587 1218 sanctus
598 1183 697 1219 Gudwalus
705 1190 769 1219 octauo

68 1236 111 1271 idus
118 1236 168 1279 iunii,
177 1241 195 1271 et
203 1248 244 1271 cum
252 1248 319 1281 corpus
327 1236 367 1271 eius
378 1236 397 1270 in
405 1237 486 1280 plaustro
495 1236 518 1271 ad
528 1236 655 1280 sepeliendum
665 1243 769 1281 poneretur,
778 1254 798 1277 20

69 1290 127 1325 boues
134 1289 238 1325 immobiles
245 1290 340 1335 irriguere,
348 1300 382 1324 uec
390 1290 458 1335 pedem
465 1299 541 1323 mouere
548 1294 632 1334 poterant
639 1288 676 1324 vllo
683 1289 769 1335 impulsu.

70 1342 117 1377 Inito
129 1343 184 1387 igitur
195 1343 277 1386 consilio,
289 1343 388 1377 diffinitum
400 1348 429 1377 est
440 1347 460 1377 vt
471 1343 507 1377 duc
520 1341 608 1377 indomite
619 1353 675 1378 vacce
686 1343 769 1388 plaustro

69 1394 193 1439 iungerentur,
201 1401 219 1429 et
229 1396 333 1439 vbicunque
345 1406 377 1430 eas
390 1394 420 1429 dei
430 1395 489 1438 gratia
499 1395 608 1438 impelleret,
615 1405 691 1439 gressus
701 1396 769 1432 liberos

70 1448 163 1482 haberent.
186 1449 226 1492 Quo
241 1449 293 1490 tacto,
307 1459 318 1481 a
333 1447 389 1492 priori
403 1446 469 1481 itinere
484 1447 619 1491 suspendentes
633 1457 710 1492 gressus
725 1459 769 1485 suos

69 1513 114 1547 erga
121 1504 181 1537 locum
188 1503 248 1537 insule
256 1503 331 1537 nomine
339 1502 396 1537 Plecit
404 1506 454 1537 recto
462 1499 534 1535 tramite
540 1500 606 1535 faciem
615 1500 727 1546 dirigebant3
737 1502 769 1538 vbi
778 1515 798 1547 ²5

70 1555 170 1591 honorifice
178 1556 261 1600 sepultus
268 1560 301 1590 est
334 1547 418 1590 Peractis
425 1555 500 1590 demum
508 1565 598 1589 annorum
606 1555 704 1590 multorum
713 1556 770 1591 curri·

70 1610 120 1651 culis,
133 1610 156 1643 ob
169 1609 304 1643 infestationem
317 1608 436 1643 barbarorum
451 1613 470 1644 ct
483 1618 596 1652 paganorum
611 1619 658 1652 gens
670 1609 770 1645 britannica

70 1670 136 1703 magna
149 1671 173 1693 ex
186 1667 238 1702 parte
250 1660 292 1693 hinc
305 1664 323 1693 et
335 1659 379 1693 inde
392 1658 481 1702 dispersa,
493 1658 561 1692 relictis
572 1658 647 1693 sedibus
660 1669 695 1703 per
706 1661 770 1696 orbem

70 1712 135 1746 diffusa
143 1717 176 1746 est.
192 1711 240 1746 Hinc
248 1712 320 1753 fratres
325 1716 421 1755 assumpto
429 1721 506 1754 corpore
513 1716 583 1752 sancto,
588 1721 639 1745 mare
646 1717 770 1755 transeuntes,

71 1765 167 1800 Franciarn
175 1765 248 1807 adeunt,
257 1770 276 1799 et
284 1765 333 1809 apud
343 1764 412 1799 clarum
422 1769 503 1798 montem
512 1762 531 1798 in
540 1763 651 1798 monasterio
660 1763 770 1800 Blandinio⁴
779 1777 799 1809 30

69 1820 129 1853 locum
144 1824 233 1862 perpetue
248 1817 366 1861 reliquiarum
378 1823 483 1852 sanctarum
499 1817 565 1860 quietis
580 1812 770 1861 eligunt.-—-⁶Anno

69 1876 130 1906 autem
139 1871 207 1906 domini
215 1870 313 1906 millesimo
323 1870 517 1915 quadragesimotertio
528 1869 547 1904 in
557 1869 603 1905 sesto
613 1870 671 1905 sancti
680 1870 770 1916 Gudwali,

70 1935 112 1960 cum
123 1935 190 1968 corpus
202 1924 241 1959 eius
252 1924 272 1958 in
283 1923 402 1968 processione
413 1923 521 1965 deterretur,
533 1923 593 1967 imago
604 1923 692 1966 crucifixi,
703 1935 739 1969 que
750 1926 769 1961 in

35 1994 37 2000 ·
69 1978 131 2012 medio
145 1977 221 2012 ecclesie
237 1978 314 2011 exaltata
327 1982 371 2017 erat,
383 1987 424 2009 curn
436 1975 505 2018 ingenti
518 1975 590 2019 fragore
602 1976 663 2009 fixura
676 1977 769 2013 clauorum

69 2031 151 2073 cedente,
167 2030 289 2073 manibusque
304 2028 380 2064 sublatis
394 2040 406 2063 a
420 2039 479 2070 cruce,
491 2033 529 2062 toto
541 2029 564 2062 ad
577 2029 666 2063 orientem
679 2041 770 2065 conuerso
778 2039 798 2071 ³5

69 2093 152 2127 corpore,
158 2083 210 2127 quasi
216 2082 235 2116 in
244 2081 352 2126 obsequium
359 2080 417 2116 sancti
423 2080 506 2115 Gudwali
512 2080 551 2115 visa
558 2085 586 2115 est
592 2081 645 2115 tertio
650 2081 770 2119 humiliterse

69 2136 161 2171 inclinare.
191 2128 238 2170 Post
245 2146 305 2170 annos
312 2145 356 2169 vcro
363 2133 407 2170 inde
415 2132 534 2179 quadraginta
540 2144 598 2168 uuum
606 2132 679 2169 infesto
687 2134 769 2171 eiusdem

70 2188 465 2233 sancti,hocidemetordineeodemaccidit
504 2179 770 2235 Cumautemsiccitasmagna

70 2248 119 2278 esset
135 2242 153 2277 in
169 2242 243 2287 regione
257 2242 293 2284 illa,
306 2247 325 2276 et
338 2242 397 2286 plebis
410 2240 503 2285 processio
515 2251 556 2275 cum
570 2246 633 2275 sancto
646 2252 723 2285 corpore
735 2254 770 2287 per

70 2307 145 2341 campos
153 2296 218 2330 diffusa
226 2295 295 2330 domini
303 2295 418 2331 clementiam
428 2299 518 2336 exoraret,
530 2294 590 2329 subito
599 2294 624 2338 [in
633 2294 686 2338 celo],
694 2298 770 2332 contra⁶
778 2308 800 2338 4⁰

70 2360 143 2383 sacrum
153 2349 237 2390 loculum,
245 2349 325 2383 tricolori
336 2348 472 2392 pulchritudine
483 2359 549 2381 corona
561 2347 679 2391 resplenduit,
687 2349 706 2383 in
718 2351 771 2386 cuius

70 2400 131 2436 medio
143 2400 216 2444 signum
225 2401 285 2435 crucis
294 2401 412 2435 intermicans
422 2401 517 2444 apparuit:
529 2400 577 2443 quod
589 2400 651 2434 oculos
660 2400 770 2438 intuentium

89 2480 224 2511 ¹T.eructuauit,
268 2479 386 2510 ²0m.inBoll.
427 2479 738 2516 ³Vit.occursuroquetibi...obuiam
746 2492 770 2519 pr.

68 2519 74 2537 ⁴
85 2521 111 2550 ie.
119 2520 226 2557 Elandinbcrg
233 2529 272 2549 near
278 2520 337 2551 Ghent.
377 2519 383 2537 ⁵
393 2518 440 2549 From
447 2518 475 2549 the
482 2518 539 2549 Sermo
546 2519 563 2548 in
570 2519 654 2557 Translat,
662 2519 703 2551 Boii.
711 2530 727 2560 p.
735 2531 769 2561 732.

69 2559 299 2598 ⁸T.E.quasi;ince100m.
