1762 2803
84 101 86 103 -
121 159 150 210 34
312 147 391 198 muna
407 143 522 205 tarmus
538 141 631 204 antlia.

120 266 199 301 diuersis
208 265 313 311 suppliciis¹
321 266 447 308 discerpentes
455 264 515 307 gladio
522 263 578 298 vitam
586 267 708 307 amputarunt.
748 255 774 297 Et
782 273 825 296 ecce

121 325 173 354 nocte
188 320 272 363 sequenti
287 319 384 362 columpna
398 317 444 351 lucis
459 328 470 350 e
484 316 554 350 tumulo
569 316 617 350 beati
634 316 719 360 martyris
734 315 753 350 in
766 315 825 349 celum

121 373 195 408 extendi
203 373 242 408 visa
250 378 283 415 est,
292 381 388 416 perquam
396 370 530 404 descendentes
535 370 595 413 angeli
600 375 619 404 et
624 370 746 404 ascendentes
753 374 825 403 noctem

121 432 177 460 totam
185 426 204 459 in
213 425 288 469 hymnis
297 430 315 458 et
325 424 409 458 laudibus
419 424 539 465 deducebant,
549 423 619 466 hecque
630 422 743 467 frequentius
754 426 826 466 repete-

105 487 113 516 5
122 481 177 513 bant:
190 479 283 512 ‘Albanus
292 478 321 511 vir
329 477 419 521 egregius,
429 481 498 519 martyr
508 481 557 510 extat
565 476 665 519 gloriosus.¹
710 467 827 519 Compilator

122 531 171 566 enim
181 531 217 565 vite
227 530 284 564 sancti
292 530 360 564 Albani
367 530 416 563 inter
423 534 484 563 cetera
491 530 518 563 sic
526 529 571 562 dixit
579 542 583 563 ι
595 529 634 562 ‘Ne
641 540 686 563 vero
694 528 763 572 posteri
771 538 827 572 super

80 601 82 605 >
122 594 163 618 meo
171 583 245 617 nomine
253 583 353 617 reddantur
361 582 435 616 omnino
443 581 520 623 solliciti,
528 581 586 615 sciant
594 581 636 626 quia
643 582 659 615 si
666 580 756 616 voluerint
762 590 827 615 verum

123 636 178 671 michi
186 647 255 680 ponere
263 646 336 679 nomen,
345 646 375 669 me
383 636 476 681 miserum,
485 646 514 669 me
525 640 640 679 peccatorem
650 635 733 670 ultimum
745 634 827 668 nomina-

123 691 172 723 bunt.
196 689 275 722 Romam
283 693 344 723 autern
355 688 473 732 proficiscor²
480 694 499 722 vt
508 688 544 721 iilic
554 687 660 731 gentilitatis
668 698 731 722 errore
739 686 828 731 deposito,

97 752 115 773 ro
123 748 141 776 et
149 742 221 775 lauacro
229 741 373 786 regenerationis
381 742 452 785 adepto,
460 741 533 775 veniam
546 751 618 775 merear
629 740 702 785 assequi
714 741 828 774 delictorum.

124 795 215 829 Libellum
223 806 296 838 quoque
303 794 358 828 istum
366 794 442 828 offeram
450 794 530 828 examini
540 794 672 836 Romanorum,
676 799 695 829 vt
704 794 719 828 si
727 794 769 837 quid
778 793 797 828 in
806 804 828 828 eo

124 859 177 883 secus
193 859 247 891 quarn
263 847 325 882 debuit
340 848 386 882 forte
401 847 492 891 prolatum
504 846 563 888 suerit,
575 848 609 882 hoc
621 858 655 891 per
667 858 699 882 eos
712 846 797 891 dignetur
809 846 828 880 in

124 901 190 935 melius
201 906 314 935 commutare
323 900 408 935 dominus
420 900 486 934 Ihesus
495 900 584 942 Christus,
594 899 625 945 qui
632 899 677 935 uiuit
685 905 703 934 et
711 905 775 944 regnat
783 900 829 934 deus

124 965 159 998 per
167 954 228 987 omnia
236 955 297 988 secula
308 955 421 988 seculorum)
464 947 548 987 ”Passus
557 960 585 987 est
593 959 654 987 autem
662 954 752 997 gloriosus
759 958 830 996 martyr

98 1016 117 1044 15
126 1006 209 1039 Albanus
217 1007 288 1039 decimo
296 1006 384 1039 kalendas
393 1004 435 1044 iulii,
443 1011 492 1037 anno
502 1005 571 1038 domini
582 1006 707 1039 ducentesimo
719 1005 830 1048 octogesimo

126 1063 183 1092 sexto.
207 1058 259 1092 Passi
267 1063 310 1092 sunt
318 1059 382 1092 eadem
390 1062 499 1101 tempestate
505 1058 567 1091 Aaron
576 1063 593 1092 et
602 1057 662 1100 lulius,
669 1057 770 1101 Legionum
775 1055 830 1104 Vrbis

127 1111 182 1152 ciues,
190 1110 256 1153 aliique
263 1110 358 1154 vtriusque
366 1121 422 1144 sexus
433 1109 511 1144 diuersis
521 1110 540 1143 in
551 1110 595 1144 locis
603 1110 705 1154 perplures,
713 1110 744 1153 qui
752 1109 830 1144 diuersis

127 1163 235 1197 cruciatibus
243 1163 290 1204 torti,
298 1168 316 1196 et
324 1162 403 1196 inaudita
412 1163 536 1196 membrorum
545 1162 667 1206 discerptione
674 1163 752 1205 lacerati,
760 1161 831 1195 animas

126 1216 149 1250 ad
157 1226 238 1260 superne
246 1215 323 1250 ciuitatis
332 1215 402 1260 gaudia,
410 1215 491 1260 perfecto
499 1227 563 1259 agone,
571 1216 661 1250 miserunt
668 1217 702 1250 sub
709 1215 831 1259 Dyoclesiano

100 1282 118 1303 ao
127 1270 242 1313 imperatore.
286 1261 314 1303 At
325 1269 356 1304 vbi
366 1269 419 1303 turbo
430 1269 563 1312 persecutionis
573 1269 647 1313 quieuit,
655 1269 748 1314 progressi
759 1269 778 1302 in
786 1268 831 1313 pub·

127 1323 182 1356 licum
193 1322 263 1364 fideles,
274 1321 361 1356 ecclesias
374 1322 476 1356 destructas
487 1328 581 1366 renouant,
594 1333 652 1357 nouas
665 1327 778 1367 construunt,
792 1321 832 1356 dies

127 1376 184 1409 festos
199 1375 295 1416 celebrant,
309 1376 378 1409 mundo
394 1376 449 1408 corde
462 1380 480 1408 et
493 1387 524 1409 ore
539 1386 592 1409 saera
604 1376 707 1409 conficiunt.
731 1375 799 1409 Mansit
812 1374 831 1408 in

127 1427 209 1462 ecclesiis
221 1427 336 1470 Christique
348 1432 400 1461 erant
413 1428 432 1461 in
445 1427 539 1461 Britannia
552 1438 593 1471 pax,
606 1429 664 1462 donec
677 1427 749 1462 arriane
761 1426 832 1461 heresis

78 1472 86 1485 ⁴
127 1480 202 1516 vesania
211 1480 253 1514 huic
262 1480 328 1523 insule,
337 1485 388 1514 extra
398 1481 462 1514 orbem
473 1480 537 1524 posite,
549 1480 592 1515 noui
604 1491 679 1524 semper
690 1480 757 1524 aliquid
770 1479 832 1515 audire

101 1547 119 1575 ²5
128 1533 214 1576 gaudenti
226 1538 244 1566 et
253 1532 308 1566 nichil
318 1532 363 1566 certi
373 1533 451 1566 firmiter
460 1533 553 1571 obtinenti,
565 1545 636 1567 venena
644 1534 672 1567 sui
684 1533 751 1567 erroris
762 1533 833 1567 inludit.

129 1578 186 1621 Circa
204 1595 273 1619 annum
295 1585 364 1619 domini
379 1585 664 1630 quadringentesimumquartum
683 1586 767 1629 Pelagius
786 1585 833 1619 brito

128 1637 185 1672 abbas
204 1636 251 1671 illius
270 1636 334 1671 famosi
354 1637 459 1671 monasterii
475 1638 499 1672 de
515 1638 589 1681 Bangor
604 1638 668 1680 extitit,
683 1638 713 1673 vbi
731 1639 767 1672 duo
784 1637 834 1672 milia

129 1690 261 1724 monachorum
273 1694 291 1723 et
302 1694 380 1731 centurn,
389 1689 481 1724 laboribus
493 1701 581 1725 manuum
592 1690 648 1726 vitam
660 1701 712 1725 suam
723 1690 834 1732 ducentium,

129 1746 163 1779 sub
174 1754 211 1778 vno
223 1745 288 1778 abbate
301 1744 406 1778 militarunt.
430 1744 465 1778 Hic
480 1744 570 1789 Pelagius,
579 1745 646 1780 auxilio
658 1751 711 1781 vtens
724 1744 794 1788 Iuliani,
810 1745 834 1781 de

101 1811 122 1841 5⁰
130 1797 231 1841 Campania
241 1807 301 1841 nuper
312 1798 334 1831 ab
346 1797 452 1842 episcopatu
464 1798 541 1842 expulsi,
553 1799 634 1833 heresim
646 1799 674 1833 sui
685 1798 766 1833 nominis
777 1798 834 1833 susci·

129 1850 179 1884 tauit.
201 1849 300 1884 Asseruit⁴
309 1850 359 1883 enirn
368 1850 461 1883 hominem
471 1850 511 1884 sine
520 1850 577 1894 gratia
585 1851 615 1884 dei
622 1862 678 1895 posse
686 1851 758 1892 saluari,
769 1861 834 1885 vnum·

129 1914 221 1948 quemque
234 1903 273 1937 suis
286 1903 356 1937 meritis
367 1903 443 1948 propria
453 1903 546 1938 voluntate
559 1905 582 1938 ad
594 1903 684 1938 iusticiam
693 1903 742 1947 regi;
755 1903 834 1939 infantes

130 1956 170 1991 sine
181 1961 256 2000 peccato
267 1955 409 1999 originali'nasci
419 1962 437 1991 et
446 1962 483 1990 tarn
492 1957 575 1991 insontes
587 1968 641 2001 quarn
651 1956 716 1991 insons
728 1956 761 1991 fuit
774 1957 835 1992 Adam

130 2014 172 2043 ante
190 2008 364 2052 preuaricatlonem3
384 2019 418 2043 nec
435 2008 489 2043 etiam
504 2009 623 2053 baptisandos
640 2020 682 2044 esse
696 2014 716 2043 vt
732 2019 743 2043 a
761 2014 835 2053 peccato

103 2075 122 2106 55
130 2062 229 2103 soluantur,
240 2061 274 2095 sed
284 2066 304 2094 vt
317 2073 351 2105 per
362 2061 479 2105 adoptionem
492 2062 511 2095 in
523 2075 601 2106 regnum
614 2061 644 2095 dei
658 2061 788 2097 admittantur:
804 2063 835 2106 qui

130 2116 165 2149 etsi
178 2125 215 2148 non
227 2115 380 2158 baptisarentur⁶‚
391 2126 433 2149 esse
443 2122 505 2150 tamen
516 2116 543 2149 eis
557 2122 608 2150 extra
621 2127 699 2159 regnum
711 2116 741 2150 dei
754 2122 835 2150 eternam

130 2169 203 2203 beatam
210 2167 276 2211 vitam3
290 2167 350 2202 Adam
358 2167 417 2202 solum
422 2179 455 2203 suo
460 2174 534 2213 peccato
542 2168 601 2204 lesum
606 2179 654 2211 esse,
660 2179 739 2213 eumque
744 2174 836 2204 mortuum

131 2232 173 2256 esse
184 2232 221 2255 non
231 2233 255 2255 ex
268 2221 322 2265 culpe
332 2221 402 2264 merito,
413 2223 446 2256 sed
458 2233 482 2256 ex
493 2223 596 2257 conditione
608 2227 683 2257 nature:
697 2222 727 2265 qui
737 2223 836 2258 moriturus

131 2275 201 2316 fuisset,
209 2274 264 2308 etiam
275 2274 291 2307 si
300 2285 338 2307 non
347 2281 447 2317 peccasset.
471 2275 531 2309 Mutas
542 2275 597 2309 etiam
609 2274 680 2308 dicebat
692 2285 734 2308 esse
745 2275 836 2310 orationes

102 2344 123 2373 40
131 2338 167 2372 que
175 2328 220 2361 fiunt
228 2329 251 2361 ab
259 2327 336 2361 ecclesia
343 2327 383 2361 siue
390 2338 423 2370 pro
431 2327 535 2361 infidelibus
543 2327 583 2362 siue
591 2327 681 2361 fidelibus.
704 2328 768 2361 Arrius
776 2333 837 2362 autem
848 2358 849 2361 ,

131 2381 228 2423 presbyter
239 2379 317 2413 asseruit
327 2380 384 2413 filium
396 2380 425 2414 dei
437 2385 538 2414 creaturam
549 2391 596 2420 esse,
605 2385 623 2414 et
630 2379 715 2422 spiritum
723 2386 806 2415 sanetum
814 2382 837 2416 ab

131 2443 153 2465 eo
158 2436 244 2466 creatum.
261 2431 301 2465 Has
309 2437 370 2465 autem
375 2432 451 2466 hereses
458 2432 561 2466 Germanus
566 2431 733 2466 Autisiodorensis⁰
739 2433 837 2476 episcopus

131 2485 373 2530 predicationeetmiraculis
379 2486 461 2527 extinxit,
467 2497 515 2519 anno
521 2484 589 2519 domini
595 2484 775 2530 quadringentesimo
781 2487 837 2531 quad-

152 2558 158 2576 ²
167 2559 185 2587 T.
192 2559 272 2599 suppliciis
281 2560 352 2589 diuersis.
434 2559 482 2588 ²Vin
493 2558 589 2597 proficiscar.
669 2558 675 2576 ³
686 2559 733 2589 From
744 2561 788 2590 Beda
799 2560 812 2590 I.
824 2570 837 2598 7.

131 2607 137 2626 i
148 2597 166 2628 E.
173 2598 245 2629 asserint.
305 2598 311 2616 ⁶
321 2599 339 2630 T.
346 2599 451 2637 baptizentur.
516 2598 522 2615 ὓ
533 2598 551 2630 Ε,
559 2598 700 2631 Antisiodorensis.
