1762 2803
140 113 185 168 wa
198 108 310 176 *boucha
325 107 456 166 abactae
472 112 496 161 rt
512 106 667 166 athathtirto.
708 123 753 166 429

53 235 152 270 dimittam!
181 233 219 265 Nec
235 241 291 272 mora,
307 242 318 265 a
333 231 382 264 nullo
397 240 474 274 prorsus
489 230 569 271 homine,
581 240 617 273 quo
631 230 711 272 deuenit,
723 229 754 264 vel

53 286 129 332 qualiter
136 284 230 326 interierit,
239 282 281 319 sciri
289 283 347 327 potuit
354 282 364 317 ¹.

95 391 110 427 ll
123 383 156 424 Dr
168 399 244 423 SANCTIS
256 380 374 422 Ernrcxsuo
386 398 409 421 rr
421 381 556 423 Eruarerrcro
568 387 707 422 rraxrrxruusl.

95 462 177 497 Dbaldus
189 472 223 495 rex
234 460 306 503 Caucie,
317 462 366 496 filius
377 461 478 497 Ethelberti
489 473 524 507 per
534 468 618 497 sanctum
629 462 753 506 Augustinum

115 516 138 549 ad
146 515 202 549 fidem
210 514 300 556 conuersi,
308 526 332 549 ex
339 525 397 549 vxore
405 526 438 549 sua
448 514 485 548 filia
496 515 545 560 regis
556 515 668 550 Francorum
679 515 754 548 nomine

54 570 119 604 Emma
129 567 191 612 genuit
201 568 248 602 duos
255 567 309 610 filios,
318 567 453 602 Ermenredum
465 573 483 602 et
493 568 638 610 Ercombertum,
648 579 669 602 ac
679 567 753 602 unicam
762 579 771 610 5

53 623 109 657 filiam
117 621 192 655 nomine
200 620 315 655 Enswitham
321 622 374 664 ³,que
382 621 401 654 in
409 622 522 655 monasterio
528 623 552 656 de
558 622 650 662 Folkstan,
656 622 705 664 quod
713 621 754 664 ipsa

54 678 187 713 construxerat,
201 674 272 716 sepulta
286 678 319 707 est.
342 672 415 707 Mortuo
430 678 491 707 autem
504 674 588 707 Edbaldo
601 673 690 708 successit
705 673 754 707 filius

54 728 92 762 eius
112 726 247 766 Ercombertus,
267 726 298 770 qui
317 737 400 760 sororem
419 733 482 760 sancte
501 727 619 768 Etheldrede,
638 727 753 770 Sexburgam

54 779 133 821 nomine,
146 778 197 813 duxit
208 778 227 813 in
239 789 322 821 vxmem,
334 789 357 814 ex
369 789 405 823 qua
416 779 479 823 genuit
491 779 548 814 filium
560 779 635 814 nomine
649 778 754 823 Egbertum,

53 835 134 876 duasque
148 831 231 875 virgines
246 838 320 866 sanctas
336 832 465 875 Erkengodam
481 838 500 866 et
516 832 647 866 Ermenildam.
676 832 754 866 Ermen-
764 845 782 866 ro

54 886 109 920 redus
118 896 162 919 vero
173 884 229 919 frater
240 884 354 920 Ercomberti
364 896 388 919 ex
399 884 467 920 Oslaua
478 896 536 920 vxore
547 895 581 919 sua
589 891 662 920 sanctos
670 884 755 920 Ethelre·

54 940 97 972 dum
113 943 131 971 et
147 938 285 978 Ethelbrictum,
304 944 418 982 quatuorque
436 937 495 972 filias:
515 938 651 981 Dompneuam,
669 937 755 981 [Ermen-

54 990 131 1033 birgam]
138 991 150 1031 ⁴,
162 990 315 1033 Ermenburgam,
327 996 381 1033 atque
397 990 534 1033 Ermengitham
550 989 659 1033 procreauit.
680 989 756 1024 Tradita

54 1048 82 1077 est
95 1048 156 1076 autem
170 1042 281 1086 Dompneua
296 1043 398 1077 Merwaldo
413 1043 450 1077 filio
466 1043 530 1077 Pende
545 1042 594 1086 regis
610 1042 721 1077 Merciorum
736 1042 755 1076 in

54 1106 135 1138 vxorem,
144 1095 175 1140 qui
187 1096 249 1139 genuit
261 1107 285 1130 ex
297 1107 318 1131 ca
330 1101 403 1131 sanctas
415 1096 530 1139 Milburgam,
542 1095 657 1137 Mildredam,
665 1100 683 1130 et
695 1095 783 1139 tangi-15

54 1149 110 1190 tham,
124 1153 245 1193 sanctumque
263 1160 341 1193 puerum
358 1148 475 1190 Merelinum‚
490 1149 521 1193 qui
538 1148 582 1183 dum
600 1149 660 1183 adhuc
674 1148 755 1192 pueriles

54 1207 126 1246 gereret
137 1213 201 1243 annos,
209 1214 233 1236 ex
244 1202 278 1236 hac
289 1202 329 1236 luce
340 1202 363 1236 ad
375 1202 430 1236 deum
442 1201 531 1245 migrauit.
577 1194 690 1236 Ethelredus
700 1201 755 1245 siqui-

54 1255 126 1287 demet
139 1254 268 1295 Ethelbrictus,
277 1260 318 1297 post
330 1260 408 1289 mortem
420 1259 518 1298 parentum
530 1264 606 1288 suorum
617 1254 677 1288 adhuc
689 1253 755 1297 puerili

55 1311 102 1340 etate
113 1306 211 1348 constituti,
222 1306 262 1350 regi
274 1307 354 1350 Egberto
366 1307 404 1340 filio
418 1306 531 1340 Ercomberti
543 1307 567 1339 ad
578 1307 693 1340 educandum
704 1316 754 1340 com·

55 1359 135 1393 mendati
150 1364 198 1394 sunt.
221 1359 260 1395 Sed
275 1359 391 1394 execrandus
406 1357 465 1394 hostis
484 1358 544 1393 omnis
563 1358 648 1402 equitatis
663 1358 784 1400 inimicus,ro

55 1409 137 1454 iniquum
146 1411 239 1455 quendam
251 1411 326 1445 nomine
337 1410 422 1445 Thunnir
433 1415 497 1445 contra
507 1410 607 1445 infantulos
618 1410 677 1445 liuore
687 1410 756 1445 inuidie

55 1462 159 1508 stimulauit,
174 1464 203 1498 eui
218 1464 365 1510 procurationem
379 1464 432 1510 regni
446 1464 538 1509 Egbertus
551 1463 655 1510 impartiuit.
678 1464 756 1511 Cunque

55 1517 126 1551 isdem⁵
135 1518 244 1552 seuissimus
253 1519 327 1552 satelles
336 1520 401 1552 beatos
412 1528 510 1562 germanos
521 1518 622 1561 sanctitate,
633 1519 724 1553 industria
734 1528 756 1553 ae

55 1569 121 1605 virtute
131 1572 150 1605 in
160 1571 200 1605 dies
210 1573 301 1615 prolicere
313 1571 434 1614 conspiceret,
444 1581 512 1604 verens
523 1572 572 1615 quod
582 1571 598 1604 si
608 1571 646 1605 vita
654 1571 758 1615 potirentur

55 1622 138 1666 longiori,
156 1625 270 1667 acceptiores
286 1624 317 1658 illo
334 1624 373 1667 regi
392 1625 508 1664 haberentur,
524 1624 586 1658 surore
603 1624 675 1658 insanie
690 1625 785 1664 acriter25

56 1680 118 1708 contra
128 1686 160 1709 eos
170 1676 238 1709 exarsit
248 1681 303 1719 atque
313 1676 378 1710 sedulo
388 1676 438 1719 apud
446 1685 509 1718 regem
520 1675 561 1709 illos
572 1675 654 1709 clanculo
664 1675 757 1710 criminari

56 1737 179 1772 accusareque
190 1728 260 1762 solebat
265 1728 277 1769 ⁶,
285 1728 377 1773 simulque
386 1740 481 1761 venenoso
492 1728 587 1761 affirmans
598 1740 630 1762 ore
642 1728 729 1772 quoniam
741 1728 758 1762 si

56 1780 101 1815 sorte
109 1781 143 1816 hac
151 1782 233 1826 presenti
241 1782 281 1816 luce
289 1782 320 1816 diu
331 1782 440 1823 fruerentur,
449 1781 531 1825 protecto
541 1781 602 1824 ipsum
613 1786 703 1825 natosque
713 1793 757 1817 suos

56 1838 129 1868 terreno
141 1845 175 1869 suo
186 1834 280 1878 priuarent
291 1846 354 1878 regno,
365 1834 520 1879 interpellareque
534 1845 597 1878 regem
610 1834 658 1879 cepit
672 1835 758 1878 precibus

56 1886 180 1929 fraudulentis,
192 1894 211 1922 vt
222 1888 273 1932 ipsos
285 1888 391 1922 interimere
403 1899 445 1922 eum
457 1888 526 1922 sineret
538 1888 612 1921 occulte.
635 1887 677 1921 Rex
689 1894 756 1929 autern,
766 1902 785 1931 30

56 1949 78 1971 eo
89 1941 138 1981 quod
147 1940 241 1973 affinitatis
251 1951 272 1973 ac
284 1940 379 1982 sanguinis
388 1940 531 1982 propinquitatis
543 1949 598 1972 causa
608 1950 640 1973 eos
653 1950 689 1972 non
700 1941 758 1973 modi-

56 1999 98 2023 cum
109 1991 198 2035 diligeret,
209 2003 243 2025 nec
254 1990 336 2037 petitioni
346 2002 380 2025 sue
389 2003 423 2025 nee
432 1990 520 2025 voluntati
532 1991 566 2024 deo
579 1990 682 2025 detestabili
696 1991 758 2026 uullo⁷

56 2044 116 2084 modo,
127 2044 238 2078 conscientia
246 2046 306 2078 scelus
314 2045 430 2085 abhorrente,
440 2044 509 2079 volunt
516 2044 626 2078 consentire.
648 2044 686 2078 Sed
698 2045 758 2087 pessi·

76 2099 81 2116 ¹
91 2098 152 2132 Colleet
159 2103 176 2132 in
183 2102 201 2132 T.
207 2112 211 2132 z

76 2138 130 2185 Virgo
141 2149 179 2178 felix
190 2149 292 2185 Etheldreda,
299 2149 355 2186 celum,
363 2153 425 2187 terram,
433 2158 476 2178 mare
483 2149 528 2185 seda,
535 2157 590 2178 serues
600 2152 616 2178 et
625 2158 634 2178 a
643 2147 678 2177 labe
685 2148 721 2179 seda
728 2158 758 2179 nos

56 2196 85 2224 per
94 2192 120 2217 tua
130 2189 190 2218 merita.
212 2189 262 2219 Mater
269 2194 313 2218 sorte
324 2189 412 2225 singularis,
423 2198 459 2219 arce
468 2198 528 2218 summa
538 2198 569 2226 qua
578 2188 637 2224 letaris,
646 2192 663 2217 tu
673 2198 703 2218 nos
713 2189 758 2219 saluo

57 2228 119 2265 tuearis,
127 2228 180 2258 bacin
187 2229 228 2258 ualle
235 2229 297 2259 misera.
319 2229 338 2259 V.
346 2229 379 2258 Ora
386 2238 415 2266 pro
423 2229 474 2258 nobis.

78 2266 125 2305 Deus
135 2276 210 2306 eastitatis
220 2280 280 2306 amator
289 2281 305 2306 et
316 2277 366 2306 tocius
377 2276 457 2314 religionis
467 2280 526 2312 auctor¹
535 2275 591 2305 adesto
603 2275 649 2305 beate
661 2275 758 2306 Etheldrede

57 2312 122 2350 uirginis
134 2320 161 2345 tue
173 2316 264 2346 memoriam
276 2316 394 2351 celebrantibus,
407 2321 424 2346 nt
433 2316 481 2354 ipsius
491 2314 594 2345 sacratissima
605 2315 719 2346 intercessione
731 2321 759 2347 tua

57 2361 120 2390 semper
126 2360 227 2392 protegamur
233 2356 331 2394 defensione,
340 2365 373 2394 per.

76 2392 82 2408 ³
93 2394 167 2424 Portions
174 2395 192 2424 ot'
197 2395 228 2424 this
235 2396 262 2425 lise
269 2405 296 2424 are
303 2396 327 2426 ed.
337 2396 352 2425 iu
359 2395 395 2425 Act.
404 2395 433 2425 SS.
441 2394 482 2424 Boll.
491 2404 508 2431 η
517 2394 551 2424 Oct.
560 2393 604 2423 VllI.
612 2403 627 2432 p.
635 2395 661 2432 96,
668 2394 723 2425 where
730 2395 758 2426 the

57 2430 102 2461 fuller
108 2434 147 2464 Acts
154 2445 181 2464 are
189 2436 236 2472 given
243 2436 283 2465 trom
291 2436 355 2465 Simeon
363 2435 435 2465 Dunelm.
445 2435 493 2464 Gesta
501 2435 541 2472 Reg.
549 2434 596 2471 Angl.
605 2435 630 2464 ed.
636 2434 722 2472 Twysden.
743 2436 759 2467 A

57 2470 83 2499 lise
90 2475 136 2503 made
144 2476 184 2503 from
192 2475 280 2504 Goseeliu’s
286 2475 324 2504 Vita
332 2476 349 2505 S.
358 2475 443 2504 lllildrethe
453 2475 467 2503 is
477 2478 532 2503 extant
541 2473 557 2501 in
568 2474 602 2503 MS.
612 2474 658 2503 Bodl.
668 2476 698 2511 285
705 2476 716 2505 l.
725 2477 759 2504 116.

57 2509 91 2539 ὓΕ.
98 2511 115 2541 T.
124 2513 223 2543 enscritham.
273 2512 308 2542 ‘so
315 2514 384 2549 T.;0m.
391 2513 407 2542 in
415 2513 433 2542 E.
483 2512 518 2542 ὗΕ.
525 2512 590 2542 eisdem.
644 2511 691 2551 ‘que
698 2514 759 2544 solebat

59 2557 88 2578 0111.
96 2550 111 2580 in
119 2551 136 2582 T.
177 2551 183 2568 ¹
194 2561 206 2582 r.
214 2553 250 2583 vllo.
291 2552 296 2568 '¹
307 2553 324 2582 E.
332 2552 387 2582 noluit.
