1762 2803
248 81 293 136 Bt
309 79 408 133 &aucto
423 81 574 139 tractuum.
715 94 759 138 451

60 202 160 238 sanctitatis
178 203 251 236 laudem
267 202 408 246 circumquaque
425 202 544 236 diffundebat.
567 202 613 236 Cum
631 201 680 235 enim
695 202 718 235 ad
733 202 762 235 in·

60 256 163 299 telligibiles
183 256 236 290 etatis
251 266 310 290 annos
325 255 446 299 peruenisset,
462 266 503 290 cum
519 255 602 300 pluribus
617 255 658 290 aliis
674 254 762 299 predictis

60 309 117 353 signis
128 309 243 353 prouocatis¹
255 309 278 342 ab
294 309 380 352 episcopo
393 308 470 342 Heswiss
480 308 567 353 baptismi
584 308 662 353 gratiam
676 308 762 352 suscepit.

61 363 89 397 De
101 362 168 396 virtute
183 362 201 396 in
214 362 300 397 virtutem
313 361 393 406 quotidie
408 372 524 403 excrescens,
536 362 620 407 leprosos
632 361 733 404 mundauit‚
744 368 762 396 et

60 416 109 450 varie
122 415 232 450 infirmitatis
247 415 379 458 incomlmlodo
392 416 496 459 depressos,
508 417 591 450 inuocato
604 415 671 450 Christi
687 415 779 457 nomines,

60 469 140 510 eurauit;
156 474 243 513 parentes
262 480 311 510 suos,
329 468 436 512 gentilitatis
454 479 517 503 errore
536 479 594 512 usque
613 474 656 503 tunc
671 469 762 509 detentos,

61 526 152 556 tantorum
164 521 289 565 prodigiorum
301 520 427 565 magnitudine
441 521 521 563 allectos,
532 521 555 555 ad
568 521 635 556 Christi
647 522 708 564 fidem,
720 532 762 556 cum

61 575 131 608 infinita
150 576 237 609 nobilium
253 581 271 608 et
286 575 345 618 plebis
361 574 482 614 multitudine,
497 575 591 608 conuertit.
615 575 703 609 Parentes
717 586 762 609 vero

61 627 100 660 eius
113 629 166 661 etatis
179 627 268 671 grauitate
281 627 342 671 pressi
357 632 375 661 et
390 637 488 670 corporum
505 627 609 661 infirmitate
625 627 705 668 inualidi,
720 633 762 671 post

61 685 154 722 acceptam
163 680 230 713 Christi
242 680 318 723 gratiam
329 679 368 723 regi
381 679 444 712 celesti
454 679 532 712 militare
543 680 632 721 volentes,
640 680 697 713 filium
708 691 762 713 suum
772 691 791 711 ro

62 732 192 773 Fremundum,
205 733 276 767 iusticie
289 733 383 773 cultorem,
398 732 449 775 pacis
462 737 480 766 et
494 732 590 766 concordie
603 737 709 773 amatorem,
720 733 763 767 licet

61 783 160 828 plurimum
170 784 281 819 renitentem
293 785 315 819 ad
329 784 381 828 regni
393 784 476 829 regimen
487 789 625 828 promouerunt.
648 783 763 819 Necessitate

61 837 116 881 igitur
123 839 234 883 compulsus,
242 850 279 873 non
290 850 329 880 sue,
338 839 371 872 sed
382 844 478 883 parentum
486 838 573 872 voluntati
584 838 703 879 satisfaciens,
711 838 763 882 regni

61 892 216 934 gubernaculum³
234 903 282 926 anno
297 892 369 936 integro
382 898 400 926 et
413 892 489 925 dimidio
504 891 589 935 suscepit,
606 902 698 936 pauperes
713 892 763 934 t'ouit,

61 943 112 987 pacis
129 944 205 988 gratiam
224 945 280 986 auxit,
296 950 314 979 et
329 944 424 979 rebellium
440 944 551 989 proteruiam
566 949 652 989 potenter
667 944 764 989 depressit.
773 958 790 988 1⁵

62 997 140 1031 Deitatis
156 999 231 1031 tandem
247 1009 309 1032 amore
328 1003 434 1041 preuentus,
453 998 508 1031 huius
527 997 602 1031 honoris
621 998 695 1031 culmen
710 998 763 1042 quasi

62 1048 138 1082 nihilum
152 1055 170 1082 et
182 1049 237 1083 inane
252 1050 334 1091 ducens;
346 1060 370 1082 ne
382 1049 431 1083 curis
443 1049 522 1082 terrenis
535 1049 608 1082 deditus
623 1049 687 1082 salutis
699 1055 763 1083 eterne

62 1101 192 1135 detrimentum
210 1102 317 1145 incurreret,
336 1102 444 1146 parentibus
459 1102 497 1135 suis
513 1108 531 1135 et
546 1101 599 1146 regni
615 1102 680 1135 incolis
694 1102 763 1144 insciis,

62 1165 103 1188 cum
122 1156 193 1189 duobus
209 1156 284 1197 clericis,
300 1156 338 1189 scil.
354 1156 468 1199 Burghardo,
484 1155 514 1199 qui
530 1155 570 1189 eius
584 1155 640 1189 vitam
656 1156 763 1200 conscripsit

62 1213 80 1241 et
87 1219 146 1252 usque
157 1210 179 1242 ad
187 1209 224 1242 vite
236 1209 292 1243 linem
304 1220 345 1243 cum
358 1220 380 1243 eo
392 1209 464 1250 mansit,
475 1214 493 1242 et
505 1209 614 1250 Edebrido‘,
628 1209 674 1243 clam
686 1209 763 1253 fugiens,
773 1219 792 1241 ao

62 1260 133 1295 heremi
143 1262 183 1295 loca
194 1261 277 1306 quesiuit.
301 1262 376 1296 Etcum
390 1261 409 1296 in
422 1261 482 1296 littore
496 1261 552 1296 maris
564 1272 631 1296 nauem
644 1261 734 1296 modicam
745 1268 763 1297 et

62 1315 164 1357 neglectam
173 1315 213 1348 sine
221 1316 270 1349 omni
279 1316 338 1349 nauali
346 1316 469 1349 instrumento
477 1315 595 1359 repperisset,
603 1315 621 1349 in
629 1316 659 1349 dei
667 1316 764 1349 clementia

63 1368 144 1401 confisus
160 1368 209 1401 illam
224 1369 295 1401 intrans
310 1369 418 1411 intrepidus,
433 1379 470 1401 non
485 1368 552 1409 ventis,
567 1369 601 1401 sed
616 1368 646 1401 dei
661 1368 728 1401 auxilio
743 1379 764 1402 se

63 1420 159 1461 commisit,
167 1426 185 1454 et
194 1432 230 1465 quo
244 1432 285 1455 eam
297 1432 363 1455 manus
377 1420 407 1454 dei
418 1420 526 1465 impelleret,
534 1420 561 1454 ire
573 1420 662 1466 precepit.
683 1420 764 1464 ⁵Quint0

63 1472 124 1516 itaque
137 1473 258 1516 nauigationis
271 1473 306 1514 die,
320 1474 361 1507 sine
373 1473 423 1507 omni
438 1473 515 1517 remigio
528 1484 569 1506 cum
585 1474 656 1507 duobus
672 1474 726 1507 sociis
741 1475 764 1507 ad
774 1484 792 1514 ²⁵

63 1525 103 1559 loca
113 1525 132 1560 in
144 1526 209 1570 quibus
222 1531 264 1561 ante
276 1538 319 1561 eum
332 1538 386 1561 nemo
398 1531 475 1571 propter
489 1527 588 1560 demonum
601 1526 669 1561 ibidem
682 1527 765 1561 habitan·
837 1518 840 1524 ⁵

63 1579 108 1613 tium
123 1579 257 1614 infestationem
270 1580 333 1614 viuere
346 1582 410 1624 potuit,
423 1580 520 1614 incolumis
536 1580 626 1624 peruenit.
649 1580 690 1614 Hec
706 1581 766 1615 insula

63 1634 108 1665 mari
129 1633 208 1676 vndique
228 1633 342 1674 circumfusa,
358 1638 434 1677 propter
453 1633 567 1666 altitudinem
583 1632 623 1667 eius
639 1633 714 1668 nimiam
729 1644 766 1668 vno

63 1690 133 1719 tantum
147 1686 165 1719 in
178 1686 218 1720 loco
233 1686 302 1720 aditum
316 1688 385 1730 prebet.
409 1687 450 1720 Hec
463 1697 474 1720 a
487 1687 541 1730 longe
553 1697 594 1720 eam
607 1687 725 1721 cernentibus
738 1688 766 1721 in-

64 1738 133 1772 stabilis
148 1744 166 1772 et
180 1750 227 1783 vaga
246 1739 330 1781 creditur,
346 1740 389 1773 dum
408 1750 456 1773 nunc
475 1739 515 1780 hac,
534 1750 582 1772 nunc
598 1739 650 1783 quasi
665 1740 699 1773 alia
713 1746 766 1784 parte
774 1754 794 1784 30

64 1792 192 1835 nauigantibus
200 1803 242 1826 esse
253 1792 368 1836 conspicitur,
378 1798 396 1827 et
407 1792 449 1826 ideo
457 1792 532 1835 Ylesage
539 1792 545 1811 ⁰
552 1792 658 1836 appellatur.
682 1793 722 1826 Hec
730 1793 765 1827 situ

64 1846 146 1888 paruula,
152 1846 232 1879 nemoris
240 1846 334 1879 altitudine
343 1846 484 1888 circumquaque
491 1846 577 1879 decorata
582 1845 594 1885 ⁷,
602 1851 696 1888 pratorum
704 1846 766 1880 viridi-

64 1902 100 1931 tate
107 1898 201 1938 venustat,
213 1897 268 1931 sontis
278 1898 301 1931 ad
312 1897 409 1931 haustum⁹
417 1897 482 1931 habilis
489 1897 588 1931 amenitate
597 1897 687 1941 irrigatur.
711 1897 766 1931 Hunc

64 1951 130 1992 locum,
141 1962 151 1984 a
164 1952 198 1985 deo
210 1951 245 1984 sibi
258 1952 350 1993 donatum,
364 1951 420 1985 rebus
436 1951 520 1985 omnibus
533 1951 596 1984 mundi
608 1962 629 1985 ac
643 1951 712 1985 deliciis
724 1962 766 1996 pre-

65 2004 131 2047 posuit,
149 2005 277 2038 thezaurorum
294 2005 351 2048 copiis
368 2005 410 2048 plus
428 2003 496 2038 dilexit.
519 2004 596 2048 Septem
613 2015 657 2038 vero
673 2004 727 2038 annis
743 2005 794 2048 ab35

65 2057 159 2091 hominum
173 2064 298 2102 sequestratus
314 2058 405 2092 consortio
417 2057 441 2092 ibi
454 2057 525 2099 vinens,
538 2057 655 2101 syluestrium
669 2068 765 2101 pomomm

65 2110 124 2144 fructu
132 2111 260 2155 radicibusque
268 2111 383 2155 quibusdam,
391 2122 463 2146 necnon
473 2111 534 2145 auium
544 2111 589 2152 ouis,
598 2122 633 2155 que
641 2111 665 2144 ibi
674 2111 765 2145 habunda·

65 2164 115 2205 bant,
126 2165 149 2198 ad
160 2164 229 2198 vietum
240 2165 365 2208 quotidianum
376 2175 421 2199 vsus
433 2165 470 2198 suit.
493 2164 608 2198 Vestimenta
617 2170 677 2198 autern
689 2174 722 2198 sua
733 2175 767 2208 per

65 2222 137 2261 septem
161 2228 251 2251 annorum
270 2217 359 2252 curricula
377 2217 402 2252 ita
420 2218 467 2252 deus
486 2216 590 2262 incorrupta
609 2216 729 2259 conseruauit,
747 2223 767 2251 vt

65 2270 148 2313 ipsorum
163 2272 249 2305 decorem
260 2282 294 2306 vsu
306 2272 381 2306 assiduo
393 2272 469 2306 diminui
481 2283 517 2305 non
529 2271 618 2315 permisit,
630 2282 664 2305 nec
675 2276 767 2305 vetustate
775 2288 796 2317 40

65 2324 84 2356 in
97 2325 157 2366 aliquo
169 2325 249 2358 lacerari.
272 2325 373 2368 Tugurium
386 2326 483 2367 paruulum
492 2325 527 2358 sibi
539 2324 645 2363 construxit,
653 2330 671 2357 et
683 2324 767 2358 cellulam

65 2376 84 2409 in
93 2377 162 2410 honore
170 2381 232 2411 sancte
242 2377 305 2419 llarie,
313 2377 331 2411 in
340 2388 376 2421 qua
383 2377 448 2413 diebus
454 2383 472 2411 et
478 2377 561 2411 noctibus
567 2376 644 2410 orationi
653 2377 767 2418 incumbens,

85 2466 90 2482 ¹
101 2466 119 2494 E.
128 2471 227 2502 prouocatus.
273 2466 280 2482 ²
291 2467 340 2503 Lydg.
348 2467 398 2496 Oswi.
445 2467 451 2484 ³
462 2468 480 2496 Ε.
488 2467 599 2504 gubernaculo.
646 2468 651 2485 ¹
663 2468 679 2496 l..
688 2468 768 2497 Edebrito.

65 2501 72 2521 ⁸
83 2505 100 2534 L.
107 2505 177 2534 Tandem
184 2514 194 2534 a
201 2505 265 2535 ciuitate
272 2505 335 2535 Carliun
344 2506 385 2543 (tls.
393 2505 472 2543 Carliuri),
480 2512 519 2539 etc.;
529 2506 547 2536 ct
556 2506 605 2543 tydg.
658 2505 664 2523 ⁰
674 2507 695 2538 al,
704 2507 768 2544 llcsaye.

65 2542 71 2562 ⁷
82 2544 100 2575 L.
108 2545 196 2581 decoratur,
237 2544 243 2562 ⁸
253 2549 350 2576 venustatur.
391 2546 397 2564 ⁹
407 2546 425 2575 L.
433 2546 540 2576 hauriendum.

393 2596 442 2629 aga
