1762 2803
120 126 164 169 280
310 124 391 176 muta
406 122 522 185 tircanus
537 121 630 185 anuto.

119 245 201 290 ingentis
212 246 293 290 grauiter
300 245 393 290 oppressit
403 256 451 288 eum,
458 246 483 279 ita
490 249 510 280 vt
520 256 541 280 se
552 255 627 279 mouere
635 255 671 279 non
680 250 747 289 posset.
770 245 822 280 Tunc

121 299 211 333 Patricius
218 298 289 333 vocauit
298 298 372 332 Heliam
380 297 422 332 bina
429 309 475 332 voce
482 297 501 331 in
509 297 628 332 adiutorium:
639 297 726 341 venitque
732 298 796 331 Helias
804 303 823 331 et

120 352 204 386 liberauit
218 362 266 385 eum.
290 351 312 384 Et
328 350 352 384 ait
368 351 391 384 ad
406 362 449 384 eum
461 350 554 384 diabolus:
571 350 610 383 ‘Ab
624 350 658 383 hac
671 350 700 383 die
713 360 750 383 non
764 350 823 383 habeo

120 410 230 448 potestatem
241 404 259 437 in
270 409 288 437 te
295 414 354 446 vsque
364 404 387 435 ad
395 402 444 436 diem
454 403 518 435 mortis
529 404 569 435 tue?
594 403 617 435 Et
628 403 689 436 statim
702 402 755 435 eiecit
766 403 789 435 ab
801 412 823 435 eo

104 457 179 497 5deus¹
192 465 266 490 omnem
279 461 372 499 torporem
387 460 405 487 et
418 454 531 498 grauitatem,
546 459 565 487 et
580 454 629 487 vires
645 454 661 488 ei
677 453 759 488 restitute
775 460 824 488 sunt.

123 503 211 556 Quadam
220 509 281 542 autem
288 507 329 542 die²
336 507 381 542 vidit
385 507 404 541 in
412 508 495 551 sompnis
501 507 561 542 virum
569 508 592 541 ad
600 519 622 541 se
629 507 734 543 venientem
740 508 792 553 quasi
800 509 824 542 de

123 562 213 597 Hibernia
224 561 284 595 insula
295 572 336 594 cum
348 560 431 604 epistolis
440 560 513 601 multis;
525 566 543 595 et
555 561 605 595 dedit
617 561 634 595 ei
645 572 700 596 unam
712 572 735 596 ex
746 562 793 596 illis:
806 568 824 596 et

122 615 170 657 legit.
194 613 237 646 Erat
244 619 306 645 autem
313 612 424 656 principium
432 613 510 656 epistole
518 614 564 646 tale:
577 613 628 645 ‘Hec
636 619 664 646 est
670 625 706 646 vox
713 613 825 646 Hibernien-

123 666 181 701 sium?
205 665 228 700 Et
240 675 281 699 cum
289 665 324 700 hoc
332 664 442 709 principium
453 665 528 709 legeret,
536 665 605 700 audiuit
616 665 670 701 simul
681 666 699 700 in
710 667 776 701 eodem
786 676 825 700 mo·

96 736 114 757 10
123 723 186 753 mento
190 728 255 753 vocem
263 717 359 752 infantium
367 729 391 752 ex
396 717 452 752 vteris
460 722 540 752 matrum
548 718 662 753 diuersarum
668 718 758 753 Hibernie
766 718 826 762 regio-

124 783 174 813 num,
182 777 201 806 et
212 772 337 805 clamauerunt
349 770 401 815 quasi
412 781 449 805 vno
461 782 504 805 orez
517 772 621 816 ‘Rogamus
633 777 656 814 te,
667 776 729 806 sancte
741 777 799 816 pater,
807 777 826 805 vt

123 825 187 860 venias
195 830 214 859 et
221 825 304 859 ambules
314 825 362 859 inter
369 825 414 858 nos!
438 824 540 868 Statimque
548 824 637 860 Patricius
645 824 721 859 audiens
729 825 769 868 hoc,
778 835 825 858 com-

124 884 203 921 punctus
214 884 242 911 est
252 879 312 919 corde,
320 883 339 911 et
350 888 387 910 non
398 877 456 919 potuit
463 878 510 911 vltra
518 879 614 920 epistolam
622 878 696 920 legere3
709 883 727 911 et
736 889 827 921 experge-

126 930 189 972 factus,
198 929 265 973 gratias
273 929 309 972 egit
317 931 357 970 deo,
366 928 469 962 certissime
476 928 537 963 sciens
545 929 593 973 quod
602 929 687 963 dominus
692 934 776 963 vocasset
785 939 826 963 eum

99 998 117 1029 15
126 984 149 1017 ad
157 984 256 1017 saluandos
266 982 306 1015 illos
315 983 345 1026 qui
356 983 416 1026 ipsum
426 983 540 1017 inuocabant.
563 983 587 1015 Et
597 983 682 1026 cogitauit
692 988 760 1016 terram
770 982 827 1023 exire,

125 1041 145 1070 vt
156 1035 256 1079 scripturas
268 1035 347 1069 disceret
360 1039 443 1070 sanctas:
459 1040 477 1069 et
488 1035 573 1079 peruenit
584 1036 607 1069 ad
619 1041 702 1070 sanctum
715 1035 827 1071 Germanum

126 1089 290 1123 autisiodorensem
299 1089 411 1133 episcopum,
418 1094 436 1122 et
442 1088 509 1122 mansit
515 1090 564 1133 apud
572 1089 623 1122 illum
631 1088 762 1133 quadraginta³
769 1089 828 1129 annis,

126 1143 195 1185 legens,
204 1147 222 1175 et
232 1141 317 1185 implens,
325 1142 425 1185 scripturas
436 1141 513 1183 diuinas,
522 1147 540 1176 et
549 1142 600 1185 virgo
611 1152 688 1186 corpore
698 1142 799 1185 permansit
810 1147 829 1175 et

126 1194 202 1237 spiritu:
215 1199 233 1226 et
241 1199 304 1236 postea
312 1194 335 1226 ad
343 1194 417 1226 beatum
426 1193 526 1226 Martinum
533 1193 614 1232 veniens,
623 1193 743 1236 quadraginta
750 1193 829 1226 diebus³

100 1261 119 1282 κο
127 1249 169 1280 cum
180 1245 210 1279 illo
222 1245 293 1279 mansit.
317 1245 362 1278 lnde
373 1255 418 1279 vero
428 1244 516 1278 Patricius
526 1245 605 1279 Romam
616 1245 741 1289 proficiscens,
748 1245 798 1280 venit
809 1244 829 1278 in

128 1298 193 1332 itinere
206 1299 229 1331 ad
241 1298 333 1342 quendam
345 1297 454 1331 heremitam
466 1299 485 1331 in
496 1298 536 1332 loco
548 1299 621 1331 deserto
637 1299 754 1341 habitantem,
766 1309 777 1332 a
792 1308 828 1342 quo

128 1352 211 1386 baculum
223 1351 293 1394 accepit
305 1351 336 1395 qui
348 1351 367 1384 in
379 1360 435 1385 manu
447 1351 502 1384 lhesu
518 1351 585 1385 Christi
597 1352 665 1385 domini
678 1353 737 1385 nostri
750 1356 795 1393 erat,
810 1356 830 1385 vt

129 1404 168 1438 eius
176 1403 243 1438 auxilio
250 1403 334 1437 suffultus
340 1403 375 1437 iter
380 1414 491 1447 prosperum
497 1403 577 1437 haberet.
592 1403 672 1438 Vocatur
677 1409 738 1438 autem
744 1405 748 1422 ‘
754 1404 830 1438 baculus

132 1456 198 1497 lhesu,¹
205 1461 223 1489 et
231 1455 250 1488 in
258 1455 330 1489 ciuitate
338 1455 396 1489 sancti
404 1455 476 1488 Patricii
483 1466 542 1497 vsque
550 1456 604 1489 hodie
611 1462 678 1490 manet.
701 1457 724 1489 Et
732 1457 831 1490 declinauit

102 1519 121 1551 25
130 1510 153 1543 ad
159 1509 252 1553 quendam
259 1513 342 1541 sanctum
349 1508 456 1552 episcopum
462 1508 536 1542 nomine
541 1509 646 1543 Amotum¹2
655 1514 672 1543 ct
678 1510 755 1553 gradum
761 1509 831 1554 episco-

130 1563 192 1606 palem
203 1562 226 1595 ab
237 1562 267 1594 illo
278 1561 363 1605 suscepit.
387 1561 433 1595 Cum
445 1572 489 1605 ergo
500 1561 578 1595 Romam
590 1562 685 1605 ingressus
697 1569 751 1606 esset,
760 1562 831 1596 inuenit

130 1615 207 1659 gloriam
226 1619 244 1647 et
263 1615 352 1648 honorem
369 1614 418 1657 apud
436 1613 554 1656 Celestinum,
571 1615 621 1648 vrbis
640 1615 700 1649 Rome
718 1616 831 1660 episcopum.

131 1668 167 1711 Qui
175 1667 224 1701 misit
232 1679 274 1701 eum
282 1668 305 1700 ad
313 1662 455 1701 conuertendam
464 1667 553 1702 Hibernie
559 1667 704 1702 insulam—nam
712 1674 766 1703 antea
772 1669 832 1703 Palla-

131 1721 182 1755 dium
190 1720 269 1761 miserat,
276 1720 310 1753 sed
318 1720 430 1754 habitatores
437 1731 474 1753 non
483 1725 603 1764 susceperunt
611 1731 654 1755 eum
662 1732 722 1765 neque
730 1721 832 1755 doctrinam

103 1790 123 1818 50
131 1773 176 1813 eius,
184 1773 218 1805 sed
227 1782 314 1805 reuersus
324 1772 343 1805 in
353 1776 421 1805 terram
429 1772 524 1805 Britonum
532 1777 615 1806 mortuus
625 1778 658 1807 est.
709 1766 760 1808 Cum
771 1778 832 1807 autem

131 1825 221 1860 Patricius
226 1824 307 1859 venisset
315 1825 338 1858 ad
344 1835 400 1865 mare,
406 1825 476 1858 inuenit
483 1824 576 1868 leprosum
584 1837 641 1869 super
649 1826 713 1870 ripam,
719 1826 750 1870 qui
757 1827 833 1871 rogabat

131 1890 163 1913 eos
175 1883 194 1912 vt
208 1889 270 1912 secum
284 1882 400 1912 assumerent
414 1889 457 1911 eum
471 1878 490 1910 in
505 1878 558 1921 naui;
575 1879 608 1912 sed
621 1879 689 1913 familia
703 1879 780 1921 Patrich,
794 1880 833 1913 scil.

131 1932 206 1976 triginta
214 1937 292 1975 quatuor
298 1931 333 1965 viri
342 1932 366 1965 de
377 1930 485 1975 peregrinis
493 1932 607 1966 recusabant.
629 1933 681 1966 Tunc
692 1938 766 1968 sanctus
774 1933 833 1967 Patri-

132 1986 171 2019 cius
178 1986 235 2018 altare
242 1995 297 2017 suum
304 1984 397 2027 lapideum
405 1984 481 2026 proiecit
490 1984 509 2017 in
516 1995 578 2019 mare:
590 1985 609 2018 in
618 1996 654 2028 quo
662 1986 710 2020 sedit
716 1986 807 2030 leprosus,
816 1991 834 2020 et

105 2047 124 2077 35
132 2047 227 2081 quousque
235 2037 258 2069 ad
266 2041 340 2079 portum
348 2036 367 2069 in
375 2036 443 2070 finibus
450 2036 577 2079 Lagenorum⁶
585 2038 709 2081 peruenirent,
717 2038 764 2083 lapis
772 2050 782 2072 a
790 2038 833 2072 naui

133 2102 170 2125 non
185 2090 267 2124 recessit.
295 2089 318 2123 Et
333 2088 448 2123 inuenientes
463 2089 562 2133 piscatores
579 2101 621 2124 cum
636 2092 711 2134 retibus,
726 2093 795 2125 donum
811 2092 834 2126 de

133 2144 215 2188 piscibus
230 2143 355 2187 postularunt:
373 2148 391 2176 et
406 2143 431 2176 illi
447 2144 491 2177 dare
506 2149 618 2178 recusarunt.
645 2145 699 2187 Quod
714 2156 756 2179 cum
771 2151 834 2179 sancto

134 2196 244 2239 displiceret,
252 2194 319 2229 ssuuius
326 2194 358 2228 ille
366 2194 426 2238 pisces
433 2195 452 2229 in
461 2196 559 2231 vindictam
567 2196 621 2230 huius
632 2197 707 2232 sceleris
715 2208 752 2232 non
761 2198 835 2232 habebit

133 2250 152 2282 in
160 2254 250 2281 eternum.
286 2240 343 2280 Tunc
349 2248 436 2282 Patricius
442 2250 544 2285 ascendens
549 2250 568 2282 in
574 2255 642 2283 terram
649 2261 685 2293 que
691 2250 697 2268 ⁸
704 2250 835 2284 Anathailtan⁷

106 2312 126 2339 40
134 2305 198 2335 vocata
211 2300 254 2333 fuit:
271 2300 304 2332 sed
316 2300 368 2343 plebs
381 2301 462 2343 regionis
476 2301 524 2335 illius
540 2307 649 2344 congregata
664 2302 771 2345 repulerunt
786 2313 835 2336 eum.

135 2354 164 2387 Ob
172 2354 206 2386 hoc
212 2363 264 2386 mare
270 2352 348 2395 repleuit
355 2357 411 2386 totam
417 2359 484 2387 terram
490 2353 544 2395 illam,
550 2359 568 2388 et
576 2354 595 2388 in
602 2359 686 2389 eternum
693 2365 730 2388 non
737 2355 833 2390 habitatur.

134 2406 208 2441 Exinde
221 2405 314 2448 nauigauit
325 2406 347 2439 ad
359 2405 484 2448 aquilonarem
498 2412 576 2450 partem,
589 2407 612 2441 ad
625 2407 696 2442 virum⁸
712 2418 753 2442 cum
766 2420 802 2453 quo
816 2409 836 2443 in

155 2491 160 2509 ¹
170 2492 190 2521 al.
199 2490 223 2520 sol
231 2490 289 2519 oriens.
368 2488 375 2507 ²
384 2489 415 2519 Vit.
422 2491 471 2521 adds:
482 2501 516 2520 cum
524 2496 568 2522 esset
575 2491 592 2521 Ρ.
600 2492 616 2521 in
624 2493 671 2522 domo
678 2496 760 2530 parentum
767 2504 835 2524 suorum.

134 2531 140 2548 ³
150 2541 169 2561 so
177 2531 212 2562 MS.
220 2531 249 2566 Fr,
256 2531 276 2560 al.
285 2530 329 2567 Colg.
376 2528 382 2547 ⁴
393 2530 441 2567 Colg:
452 2531 548 2562 Amatorem.
594 2531 600 2550 θ
611 2532 629 2563 E.
637 2533 737 2570 Laginorum.
788 2534 794 2553 ⁸
804 2534 835 2564 Vit.

135 2581 167 2601 asc.
175 2572 209 2601 int.
217 2571 267 2600 tenuit
274 2571 325 2599 locum
333 2570 363 2606 qui.
413 2569 419 2588 ἵ
430 2571 447 2600 T.
457 2571 474 2600 E.
482 2570 577 2601 Anathaitta.
629 2573 635 2590 ⁵
644 2582 666 2602 sc.
674 2572 738 2603 Miluch.
