1762 2803
113 121 155 165 282
303 121 384 175 mota
398 119 515 183 11111111
530 120 622 184 tinette.

113 241 209 277 confestim
225 242 330 277 abscessit1.
354 243 460 277 Dunstanus
475 255 519 279 vero
534 244 553 277 in
569 243 674 277 Flandriam
687 242 781 286 nauigans,
795 240 814 275 in

113 296 225 329 monasterio
235 296 348 338 gandauonsi
357 296 478 330 arctissimam
488 296 543 330 vitam
551 296 607 330 duxit.
631 296 670 330 Nec
681 300 743 329 tamen
755 299 815 329 cessat

113 347 195 382 mulieris
207 347 286 389 vesania,
300 347 344 391 quin
359 348 445 382 omnibus
460 347 491 392 qui
505 348 621 382 Dunstanum
635 347 718 392 hospicio
731 346 815 381 fenerant

114 399 236 444 perscrutatis,
250 400 363 444 proscriptis,
379 401 476 443 damnatis,
490 400 549 444 ipsius
562 402 646 446 quoque²
658 401 716 435 oculis
728 398 815 435 eruendis

97 449 213 496 5iniquitatis
227 453 321 488 ministros
336 453 382 488 rex³
396 455 533 489 transmitteret.
555 454 624 489 Verum
642 453 703 489 diuina
719 451 816 500 clementia

114 505 218 546 miserante,
230 506 281 540 illum
293 512 335 540 ante
349 507 408 541 Gallia
419 507 501 551 suscepit
513 518 568 551 quarn
584 508 633 542 serui
647 507 735 542 Iezabelis
748 506 815 540 fluctus

114 557 170 591 maris
182 558 289 602 attigissent.
313 559 379 593 Exulat
389 559 451 604 itaque
462 561 575 603 Dunstanus,
586 561 636 594 nulla
647 560 696 595 exilii
708 561 775 594 damna
785 559 816 592 de-

114 610 194 653 plorans,
203 613 246 645 dum
257 612 295 646 suis
303 612 373 647 meritis
384 612 409 646 ita
419 612 454 647 sibi
462 623 527 646 omnes
535 612 652 655 deuinciret1,
660 618 680 647 vt
688 612 766 656 patriam
774 620 816 644 esse

116 662 191 698 exilium
206 669 283 708 putaret.
312 663 366 699 Illum
379 676 452 710 quoque
468 667 545 710 apostoli
561 666 636 700 Andree
652 664 752 700 consolatio
767 662 817 704 fouit,

89 716 147 760 loqui
157 717 225 751 nullius
235 717 262 750 rei
271 728 326 761 quam
336 718 376 762 ipse
388 724 489 762 expeteret,
503 731 545 753 eum
556 719 640 763 indigere
650 718 739 762 permisit
785 710 817 750 ln·

116 768 204 811 5111111111ὖ
212 769 286 803 interim
293 775 357 804 contra
367 780 431 814 regern
440 781 505 805 omnes
513 772 535 804 ab
545 771 629 805 Humbre
636 770 692 804 lluuio
700 780 758 814 usque
768 769 818 802 Tha-

116 820 183 864 misim,
191 827 209 856 et
221 821 282 867 ipsum
293 834 334 857 cum
345 825 427 858 adultera
436 824 536 869 fugientem
544 830 685 869 persequuntur,
694 829 711 857 et
719 833 755 867 qua
763 822 818 866 digna

116 875 174 909 fuerat
185 881 244 910 morte
258 877 411 920 comprehensam
422 878 523 912 adulteram
536 878 618 918 multant,
630 883 647 911 et
660 888 723 920 regern
738 876 817 909 latebras

118 934 226 971 querentem
236 939 294 972 usque
305 929 390 976 Canciam
398 930 462 975 fugere
470 931 586 974 compellunt.
610 930 682 964 Deinde
692 929 749 963 accito
762 928 818 962 fratre

91 992 109 1023 15
118 980 157 1015 eius
169 982 247 1026 Edgaro,
256 992 312 1026 super
321 982 425 1026 prouincias
435 983 483 1018 inter
491 994 547 1027 aquas
556 984 648 1027 predictas
657 993 720 1026 regem
731 985 818 1016 statuunt.

119 1034 207 1068 Edwius⁰
219 1045 268 1077 vero,
281 1035 348 1079 flagitia
363 1047 400 1070 non
415 1038 509 1078 deserens,
521 1036 540 1070 in
555 1037 622 1070 Cancie
637 1047 694 1079 regno
708 1034 819 1078 aliquamdiu

118 1085 219 1121 tirannizat.
265 1081 351 1132 Edgarus
363 1089 386 1122 ad
396 1088 479 1133 regimen
490 1088 541 1132 regni
553 1093 659 1132 assumptus
670 1088 766 1121 concilium
776 1097 819 1121 con-

118 1146 177 1183 uocat,
186 1141 249 1183 iniqua
258 1140 319 1175 fratris
330 1142 404 1175 decreta
414 1141 507 1183 annihilat,
516 1152 527 1175 a
538 1142 593 1175 fratre
606 1141 665 1175 ablata
676 1139 760 1181 restituit,
768 1140 820 1173 Dun-

119 1197 192 1227 stanum
200 1194 222 1227 ab
231 1193 285 1227 exilio
293 1193 312 1227 in
320 1204 387 1238 magna
395 1193 452 1238 gloria
459 1200 543 1229 reuocat:
556 1205 591 1228 nec
599 1199 641 1228 ante
649 1205 660 1228 a
667 1193 753 1238 precibus
761 1192 820 1237 quies-

91 1254 111 1276 20
119 1258 161 1282 cere
169 1247 224 1282 voluit
232 1258 287 1291 quam
296 1247 406 1292 pastoralem
417 1258 479 1282 curam
487 1247 616 1291 wigorniensis
626 1247 703 1282 ecclesie
712 1247 819 1281 Dunstanus

119 1300 226 1344 susciperet.
249 1300 285 1341 Qui
295 1300 411 1335 Cantuariam
422 1301 522 1335 sacrandus
532 1301 639 1342 adueniens,
651 1301 673 1334 ab
685 1300 750 1333 Odone
762 1298 821 1333 archi-

119 1352 206 1397 episcopo
225 1363 267 1387 cum
286 1352 355 1387 honore
371 1353 450 1387 maximo
466 1358 563 1397 susceptus
578 1359 618 1388 est:
634 1353 664 1387 et⁷
678 1351 820 1387 consecrationis

119 1406 241 1441 ministerium
256 1416 294 1440 non
307 1406 358 1450 quasi
370 1417 427 1450 super
438 1406 543 1448 antistitem,
557 1407 590 1441 sed
603 1405 676 1451 [sicut]⁸
690 1416 748 1450 super
762 1405 821 1440 archi-

119 1460 228 1503 episcopum
246 1459 393 1493 cantuariensem
410 1459 491 1492 hilariter
508 1459 612 1502 compleuit.
644 1459 673 1492 Ob
688 1459 722 1491 hoc
741 1469 752 1490 a
770 1459 820 1492 clero

93 1519 112 1550 25
120 1512 251 1555 reprehensus,
263 1511 289 1545 511
300 1511 406 1555 respondit:
419 1511 451 1545 ‘Si
465 1511 532 1546 diuinis
542 1513 622 1555 humana
633 1522 670 1545 non
680 1512 771 1553 cederent,
782 1511 821 1545 iure

121 1564 165 1598 mihi
173 1564 268 1599 hominum
280 1564 377 1598 auctoritas
388 1564 473 1608 pretendi
485 1570 559 1609 posset:
572 1575 620 1598 nunc
628 1564 770 1608 veruquoniam
782 1575 821 1598 auc·

121 1618 161 1651 1ο1Β
169 1618 250 1651 omnium
258 1618 344 1659 deusest,
352 1628 389 1651 non
397 1628 474 1661 possum
485 1618 530 1651 illud
540 1628 577 1651 non
589 1618 649 1651 facere
660 1618 709 1661 quod
718 1617 821 1651 faciendum

122 1670 197 1714 spiritus
209 1670 239 1704 dei
250 1670 333 1713 dignatus
344 1675 372 1705 est
382 1670 483 1714 precipere.
506 1670 545 1704 Erit
556 1680 635 1714 namque
644 1671 708 1704 beatus
716 1669 751 1704 iste
762 1669 823 1714 proxi-

122 1734 163 1757 mus
169 1729 211 1767 post
217 1728 295 1757 mortem
301 1734 361 1757 meam
368 1723 421 1757 huius
427 1723 476 1757 sedis
482 1723 636 1767 archiepiscopus,
640 1728 658 1756 et
664 1723 753 1757 aduersus
759 1722 822 1756 mundi

95 1784 114 1812 30
123 1776 225 1820 principem
234 1776 344 1810 fortissimus
352 1776 448 1819 preliator)
467 1819 469 1824 .
494 1768 569 1809 lnterea
579 1780 650 1809 mortuo
661 1775 771 1818 impiissimo
779 1786 823 1818 rege

123 1828 186 1863 Edwio
192 1828 204 1847 ¹⁰
212 1833 266 1872 atque
273 1827 292 1862 in
298 1834 367 1863 sortem
373 1827 494 1873 malignorum
503 1828 600 1872 spirituum
606 1828 704 1870 translato;
716 1828 823 1863 Dunstanus

121 1882 141 1915 in
149 1882 230 1923 ecclesia,
239 1881 267 1915 oui
274 1887 353 1925 preerat,
360 1892 401 1916 curn
409 1881 521 1916 orationibus
529 1887 606 1924 vacaret,
615 1892 657 1915 ecce
665 1885 744 1915 tartarea
752 1881 824 1924 cohors,

122 1936 156 1969 sub
166 1935 205 1969 eius
215 1941 290 1979 aspectu
301 1935 404 1978 exultando,
413 1935 465 1979 quasi
476 1935 553 1970 chorum
565 1936 632 1969 ducere
643 1941 661 1969 et
670 1934 725 1969 veluti
737 1935 760 1969 de
771 1940 824 1978 capta

122 1989 180 2032 preda
187 1988 233 2022 letas
240 1987 325 2022 victorias
333 1999 388 2033 agere
396 1988 450 2033 cepit.
469 1988 546 2032 Inquirit
555 1988 662 2022 Dunstanus
670 1998 744 2021 causam
752 1987 823 2023 leticie:

96 2049 114 2079 55
123 2041 173 2075 audit
188 2052 250 2085 regem
266 2041 339 2082 obiisse,
354 2041 434 2075 animam
450 2041 499 2075 illius
514 2041 642 2075 iehennalibus
658 2039 719 2074 statim
734 2039 824 2074 incendiis

123 2095 236 2135 tradendam,
246 2094 279 2126 sed
291 2093 342 2137 prius
354 2094 388 2126 hoc
402 2093 437 2126 sibi
449 2104 473 2128 ex
485 2092 547 2126 diuino
559 2092 636 2136 imperio
646 2092 770 2127 nunciandum
780 2093 825 2127 fore.

124 2146 186 2181 Motus
197 2146 262 2180 iccirco
271 2146 339 2190 pietate
348 2146 460 2188 Dunstanus,
468 2146 487 2180 in
495 2150 563 2180 terram
571 2145 698 2188 prosternitur,
707 2144 792 2189 copiosus
802 2155 825 2180 ex

124 2199 181 2233 oculis
187 2198 316 2232 lachrimarum
322 2197 381 2233 imber
387 2198 498 2243 producitur,
503 2198 564 2242 pulsat
572 2195 627 2233 deum
633 2197 724 2242 precibus,
730 2209 764 2232 nec
771 2198 808 2242 [ab]
813 2198 825 2218 ¹¹

124 2253 193 2287 orando
202 2251 283 2296 quiescit,
289 2263 383 2297 quousque
390 2251 474 2296 spiritum
481 2251 530 2296 regis
538 2252 635 2286 liberatum
643 2251 730 2296 agnoscit.
750 2251 826 2287 Peracta

96 2306 430 2349 40111111111)1’1111111011,11(1111115115
439 2306 487 2349 legio
497 2305 597 2351 infernalis,
606 2317 709 2349 magnoque
719 2306 798 2340 clamore
807 2306 826 2340 in

125 2359 159 2393 has
168 2370 223 2394 voces
235 2359 325 2404 erumpit:
338 2359 364 2394 ‘0
373 2364 392 2394 te
403 2359 506 2404 pessimum
517 2358 624 2395 hominumt
636 2370 647 2393 o
657 2357 701 2393 fidei
712 2358 803 2394 alienum!
816 2370 827 2394 o

125 2413 193 2447 nostris
205 2412 299 2447 beneficiis
311 2423 385 2457 semper
396 2412 496 2457 ingratum!
520 2412 558 2446 Nos
569 2412 667 2447 detulimus
681 2411 796 2455 obsequium,
807 2418 826 2447 tu

126 2466 179 2498 nobis
191 2465 269 2498 retulisti
282 2465 402 2508 supplicium
415 2466 439 2498 ad
451 2466 565 2498 ulciscendas
576 2464 652 2497 iniurias
664 2470 705 2497 tuas
718 2465 741 2496 de
752 2464 827 2508 regione

146 2532 259 2563 1Ε,1111115111.
290 2532 390 2570 ²T.E.que.
419 2532 525 2563 Β0111111111.
553 2531 688 2562 4Ε.11111111111ε1.
716 2531 746 2561 lT.
754 2532 827 2569 Insurgit.

126 2570 242 2605 *stitwinus
262 2570 287 2604 ⁷r.
294 2572 324 2610 qui.
346 2572 490 2610 8Τ.511111;ο111.111
497 2572 515 2604 E.
535 2572 622 2603 thautor.
643 2570 759 2603 ¹⁰E-Edwino.
779 2571 790 2591 ¹¹
797 2582 827 2602 om.
