1762 2803
235 121 281 177 bt
296 118 395 173 &aaut
411 118 555 180 uuuuttino.
716 136 743 176 91

44 241 138 285 poralibus
151 252 223 287 quoque
237 241 337 280 honoribus
353 251 416 285 regem
429 240 531 285 glorificare
544 245 636 286 satagens,
648 240 677 275 cui
689 240 746 286 glorie

45 294 118 329 celestis
130 306 163 329 suo
174 295 236 330 labore
247 301 265 331 et
277 295 366 329 industria
377 294 462 330 noticiam
472 295 581 339 prouenisse
591 294 686 339 gaudebat.
710 294 747 329 Ex-

45 348 116 392 emplar
131 354 192 384 autem
207 349 285 393 epistole
300 349 334 382 hoe
349 353 389 382 est:
434 341 529 383 ‘Domino
545 348 676 392 gloriosissimo
693 353 747 392 atque

44 401 209 445 precellentissimo
217 402 254 436 filio
261 401 369 436 Ethelberto
377 401 416 445 regi
421 400 531 445 Anglornm,
536 400 636 446 Gregorius
644 401 747 446 episcopus.

46 454 123 498 Propter
131 456 166 489 hoc
173 456 291 499 omnipotens
299 456 345 488 deus
352 456 412 488 bonos
420 465 502 499 quosque
510 456 532 489 ad
541 454 650 498 populorum
658 454 747 498 regimina
756 462 764 493 5

45 508 134 551 perducit,
141 513 161 542 vt
168 519 202 552 per
209 519 242 543 eos
252 508 337 542 omnibus
345 507 411 552 quibus
419 507 483 552 prelati
492 507 565 550 suerint,
573 508 621 542 dona
631 518 664 542 sue
675 507 748 551 pietatis

46 561 151 605 impendat;
163 562 212 606 quod
222 561 242 597 in
251 561 355 606 Anglorum
365 566 421 605 gente
429 560 497 596 sactum
505 561 635 606 cognouimus:
649 560 678 596 cui
686 567 747 596 vestra

46 614 104 658 gloria
116 614 183 649 idcirco
195 621 224 648 est
237 616 336 660 preposita,
348 621 367 649 vt
378 626 412 659 per
424 615 472 649 bona
484 625 520 659 que
532 614 585 649 vobis
597 625 685 649 concessa
698 620 748 656 sunt,

46 667 101 701 etiam
109 668 191 704 subiecte
198 668 251 703 vobis
262 668 312 712 genti
322 679 403 712 superna
411 667 501 702 beneficia
510 674 643 712 prestarentur.
666 668 689 702 Et
700 668 747 708 ideo,

45 720 125 764 gloriose
139 721 170 764 fili,
183 732 224 756 eam
236 732 291 766 quam
303 721 390 765 accepisti
401 721 489 755 diuinitus
502 721 583 764 gratiam,
595 721 672 755 sollicita
684 727 747 756 mente
756 732 776 754 to

47 773 123 816 custodi,
132 774 254 808 Christianam
262 775 318 809 fidem
326 774 344 808 in
353 774 425 818 populis
436 773 468 807 tibi
478 773 557 807 subditis
565 774 667 808 extendere
676 774 747 816 festina,

46 826 106 860 zelum
120 826 234 861 rectitudinis
247 832 278 861 tue
293 826 312 860 in
326 837 390 861 eorum
405 826 527 860 conuersione
540 826 645 869 multiplica,
657 826 747 861 idolorum

47 879 106 913 cultus
121 879 225 923 insequere,
237 879 340 923 pharorum
355 878 426 914 edificia
441 882 514 919 euerte,
523 877 638 913 subditorum
653 889 715 913 mores
729 884 748 913 et

47 941 114 976 magna
124 932 161 966 vite
173 932 270 973 mundicia,
282 931 401 972 exhortando,
410 931 502 973 terrendo,
510 930 627 972 blandiendo,
634 931 749 976 corrigendo,

47 989 65 1019 et
77 984 120 1018 boni
132 984 194 1029 operis
205 985 291 1029 exempla
303 985 423 1019 monstrando
434 984 509 1027 edifica;
524 990 543 1020 vt
555 984 607 1020 illum
619 986 748 1020 retributorem
759 996 776 1026 ¹5

47 1039 131 1072 inuenias
139 1038 158 1072 in
166 1039 211 1080 celo,
219 1039 270 1073 cuius
279 1048 347 1072 nomen
355 1043 410 1081 atque
417 1037 540 1081 cognitionem
546 1037 661 1072 dilataueris¹
668 1039 686 1071 in
695 1044 749 1072 terra.

48 1091 91 1133 Ipse
103 1090 153 1126 enim
167 1101 240 1135 quoque
252 1091 324 1125 vestre²
335 1090 393 1134 glorie
408 1102 475 1124 nomen
489 1089 544 1124 etiam
558 1090 637 1135 posteris
652 1091 749 1135 gloriosius

47 1144 117 1186 reddet,
133 1144 185 1178 cuius
199 1155 233 1178 vos
248 1145 337 1178 honorem
352 1143 429 1188 queritis
444 1149 462 1178 et
477 1144 556 1178 seruatis
570 1144 590 1178 in
604 1144 695 1188 gentibus.
718 1144 749 1178 Sic

47 1197 116 1231 etenim
127 1197 259 1231 Constantinus
271 1198 363 1242 quondam
374 1196 468 1240 piissimus
479 1196 584 1241 imperator,
593 1207 688 1231 romanam
700 1207 749 1231 rem·

47 1250 139 1294 publicam
151 1261 162 1283 a
173 1249 267 1294 peruersis
279 1250 369 1283 idolorum
383 1249 461 1283 cultibus
474 1260 569 1290 reuocans,
581 1249 701 1294 omnipotenti
713 1251 749 1284 deo
758 1262 777 1283 ao

47 1302 122 1336 domino
135 1307 199 1337 nostro
211 1303 266 1336 lhesu
278 1302 352 1336 Christo
364 1313 426 1337 securn
438 1302 523 1344 subdidit,
535 1313 593 1345 seque
606 1313 647 1337 cum
661 1303 748 1337 subiectis

47 1355 120 1399 populis
128 1360 165 1389 tota
173 1356 244 1389 adeum
253 1360 315 1389 mente
324 1354 419 1389 conuertit.
433 1354 488 1389 Vnde
496 1354 563 1389 iactum
571 1359 599 1389 est
605 1360 624 1389 vt
632 1355 748 1399 antiquorum

48 1408 152 1452 principum
162 1418 231 1442 nomen
239 1407 277 1442 suis
284 1407 313 1441 uir
320 1407 351 1442 ille
359 1407 443 1442 laudibus
450 1408 539 1447 vinceret,
546 1415 565 1443 et
575 1415 626 1442 tanto
636 1409 654 1442 in
663 1409 750 1453 opinione

48 1472 166 1506 precessores
178 1472 227 1505 snos,
235 1466 303 1506 quanto
314 1460 332 1495 in
343 1461 392 1496 bono
403 1473 464 1506 opere,
474 1467 575 1506 superaret.
598 1461 621 1496 Et
629 1473 678 1497 nunc
689 1462 750 1506 itaque

48 1521 110 1548 vestra
121 1515 178 1559 gloria
188 1514 311 1559 cognitionem
318 1514 373 1549 unius
384 1514 419 1556 dei,
426 1514 484 1558 patris
496 1519 514 1549 et
525 1514 558 1549 filii
569 1521 587 1549 et
599 1514 674 1559 spiritus
686 1515 750 1558 sancti,
760 1528 777 1558 ²5

48 1568 122 1611 regibus
130 1579 151 1602 ac
159 1568 232 1612 populis
240 1568 314 1602 sibimet
322 1567 409 1601 subiectis
417 1567 491 1602 festinet
501 1569 604 1610 infundere,
611 1574 631 1603 vt
639 1574 657 1604 et
666 1569 751 1612 antiquos

48 1620 108 1664 gentis
119 1631 152 1654 sue
162 1631 216 1665 reges
226 1620 311 1654 laudibus
321 1631 342 1654 ac
352 1620 424 1655 meritis
433 1626 520 1663 transeat,
529 1626 547 1656 et
557 1627 625 1665 quanto
634 1621 653 1656 in
664 1621 751 1656 subiectis

48 1673 87 1709 suis
97 1673 157 1708 aliena
168 1678 242 1718 peccata
253 1672 413 1716 deterserit-tanto
425 1674 480 1708 etiam
492 1675 515 1709 de
526 1674 606 1719 peccatis
617 1675 697 1719 propriis
709 1680 751 1710 ante

49 1727 180 1772 omnipotentis
192 1727 222 1761 dei
235 1727 316 1761 terribile
330 1738 409 1762 examen
421 1727 503 1762 securior
515 1729 552 1762 fiat.
576 1728 752 1763 Reuerendissimus

48 1781 105 1813 frater
118 1785 182 1814 noster
195 1780 311 1823 Augustinus
324 1780 428 1824 episcopus,
439 1780 458 1814 in
473 1780 580 1815 monasterii
594 1781 657 1824 regula
669 1782 751 1822 edoctus,
760 1792 780 1822 30

49 1843 101 1867 sacre
109 1832 199 1877 scripture
206 1831 283 1867 scientia
291 1833 377 1877 repletus,
384 1832 437 1868 bonis
445 1839 519 1868 auctore
526 1834 561 1868 deo
569 1835 656 1879 operibus
663 1835 752 1879 preditus,

49 1898 122 1930 queque
133 1898 168 1920 vos
180 1892 274 1920 ammonet
289 1887 367 1921 libenter
379 1887 445 1929 audite,
458 1888 524 1921 deuote
537 1887 625 1931 peragite,
636 1887 718 1922 studiose
732 1887 751 1921 in

49 1939 138 1974 memoria
146 1943 251 1975 reseruate:
263 1939 306 1983 quia
313 1939 329 1973 si
337 1950 370 1974 vos
378 1950 420 1974 eum
428 1939 447 1973 in
455 1950 477 1973 eo
485 1940 533 1983 quod
541 1949 576 1983 pro
583 1939 709 1984 omnipotente
716 1940 752 1973 deo

50 1991 134 2036 loquitur,
144 1991 215 2034 auditis
227 1991 276 2026 idem
288 1992 406 2036 omnipotens
418 1992 464 2027 deus
475 1992 524 2027 hunc
535 2003 569 2036 pro
580 1992 633 2028 vobis
644 1999 752 2027 exorantem

50 2045 127 2080 celerius
139 2043 246 2087 exaudi[e]t.
269 2044 353 2078 sienim
369 2045 425 2089 (quod
441 2045 495 2088 absit)
510 2046 566 2080 verba
581 2045 621 2081 eius
636 2046 752 2091 postponitis,
761 2057 779 2088 35

50 2099 123 2143 quando
136 2108 178 2132 eum
191 2096 308 2141 omnipotens
321 2099 368 2132 deus
381 2099 448 2142 poterit
460 2099 524 2134 audire
536 2110 570 2143 pro
582 2099 639 2141 vobis,
652 2110 706 2143 quem
718 2110 752 2134 vos

50 2151 142 2196 negligitis
150 2151 212 2185 audire
220 2151 309 2194 prodeo?
331 2151 378 2184 Tota
387 2151 443 2194 igitur
453 2157 516 2186 mente
526 2163 568 2186 cum
577 2163 598 2186 eo
605 2163 639 2186 vos
649 2151 668 2185 in
679 2152 752 2186 feruore

49 2205 93 2240 fidei
109 2204 199 2249 stringite,
212 2208 267 2247 atque
282 2203 367 2238 annisum
383 2204 431 2238 illius
446 2204 513 2239 virtute
528 2215 583 2248 quam
598 2205 651 2238 vobis
666 2203 752 2238 diuinitas

50 2258 118 2299 tribuit,
126 2258 215 2300 adiuuate,
223 2262 242 2291 vt
251 2256 302 2301 regni
310 2256 338 2291 sui
346 2268 380 2291 vos
387 2257 428 2301 ipse
435 2257 489 2292 iaciat
497 2268 539 2292 esse
547 2257 650 2302 participes,
659 2257 711 2292 cuius
718 2268 752 2292 vos

50 2313 106 2347 tidem
121 2312 141 2346 in
156 2322 214 2355 regno
228 2315 290 2345 vestro
305 2309 362 2353 recipi
377 2310 436 2344 tacitis
451 2316 469 2344 et
486 2310 579 2344 custodiri.
602 2310 689 2344 Preterea
704 2311 781 2352 scireqo

51 2364 127 2409 gloriam
140 2370 221 2399 vestram
232 2364 317 2398 volumus
329 2363 376 2408 quia,
390 2363 436 2397 sieut
450 2363 469 2397 in
482 2363 574 2408 scriptura
588 2373 640 2398 sacra
653 2374 677 2398 ex
690 2364 753 2399 verbis

50 2418 120 2453 domini
125 2417 257 2462 omnipotentis
264 2417 386 2462 agnoscimus,
391 2416 483 2461 presentis
491 2417 554 2450 mundi
562 2416 598 2450 iam
604 2416 694 2451 terminus
702 2416 753 2452 iuxta

51 2477 85 2508 est,
94 2477 112 2505 et
123 2476 228 2505 sanctorum
238 2481 316 2515 regnum
325 2475 423 2503 venturum
433 2474 467 2510 est,
477 2469 526 2513 quod
536 2468 587 2503 nullo
595 2480 676 2513 vnquam
686 2470 753 2514 poterit

51 2524 88 2558 fine
96 2523 196 2558 terminari.
216 2524 382 2568 Appropinquante
390 2528 452 2556 autem
459 2522 525 2556 eodem
533 2522 598 2556 mundi
605 2522 690 2565 termino,
697 2523 754 2557 multa

150 2586 155 2604 ¹
166 2587 184 2617 E.
191 2587 289 2617 delataueris.
490 2585 497 2603 ²
507 2594 519 2616 r.
526 2590 579 2616 vestre
586 2594 653 2624 quoque,
