1762 2803
73 163 240 205 osonum-a]
259 154 380 215 inomao
396 153 587 217 alternati.
731 166 775 211 727

72 277 182 320 promittebat
188 288 206 312 se
211 278 311 322 opemillius
317 279 374 312 uxori:
382 278 413 312 sed
418 278 513 321 uirmagne
518 277 557 311 fidei
562 275 677 320 respondebat
682 274 776 309 absurdum

73 337 111 360 esse
119 328 136 360 in
144 329 220 371 quolibet
229 329 331 368 Christiano,
339 330 364 363 sui
373 340 431 363 curam
439 329 515 372 corporis
523 328 587 362 infideli
595 326 707 361 committere.
729 327 776 359 Sane

73 376 118 409 beati
128 379 207 410 Guthlaci
215 379 285 421 experiri
294 379 397 421 disponebat
403 379 489 419 auxilium,
497 378 543 420 apud
551 389 603 421 quem
610 377 686 410 fidelium
694 374 776 410 deuotio¹

72 427 142 467 plenum
155 434 172 460 et
186 428 315 462 indubitabilem
327 429 430 462 sortiebatur
441 429 526 461 effectum.
550 430 603 462 Suam
614 427 672 469 itaque
684 426 775 467 coniugem

73 475 113 509 illue
121 477 179 511 duxit:
191 478 250 520 quein
260 478 319 520 primis
329 478 447 512 uehementius
459 479 509 512 solito
519 484 581 512 uexata
592 484 623 518 est,
631 478 656 511 ita
666 482 684 510 ut
694 476 723 520 qui
735 486 774 524 cum
783 485 792 516 5

73 536 94 559 ea
105 534 188 561 uenerant
195 538 264 571 prorsus
274 528 296 562 de
307 528 343 562 eius
354 528 494 563 conualescencia
503 528 618 571 desperarent.
640 528 775 570 Verumptameu

73 578 164 611 ‘dominus
175 584 254 611 sanctum
262 589 311 612 suum
319 578 435 613 mirificauit':
447 586 464 612 et
472 590 494 612 ne
502 579 557 613 fidelis
564 579 592 612 ille
600 589 631 612 suo
638 577 723 613 desiderio
730 577 774 610 frau-

73 627 148 669 daretur,
160 638 203 660 uxor
217 629 263 661 illius
276 639 347 671 compos
361 639 391 661 sue
403 628 466 661 mentis
479 630 545 669 effecta,
556 630 590 662 deo
602 629 669 671 gracias
682 628 745 667 retulit,
757 633 774 660 et

72 675 91 709 in
104 677 155 710 beato
168 677 255 711 Guthlaco
269 677 382 719 magnificans
395 678 452 717 deum,
463 687 506 711 sana
522 683 539 712 et
554 679 645 712 incolumis
657 678 739 711 remeauit
751 677 774 711 acl

71 737 145 770 propna.
205 762 207 768 ,
783 739 802 761 ro

76 806 113 882 IN
122 807 163 841 villa
170 808 192 841 de
199 809 268 849 stoebe,
275 808 345 851 quidam
352 807 409 842 medie
417 819 478 842 manus
486 808 530 842 inter
537 807 650 842 conuicaneos
656 817 696 842 suos
703 807 775 841 honeste

119 858 253 891 conuersationis
264 870 295 901 pro
307 870 338 892 suo
350 859 421 892 modulo
433 858 525 901 precipuus
538 859 638 892 habebatur.
653 857 718 891 ‘Huius
731 851 774 891 oculi

73 914 154 949 ceperant
165 907 249 950 caligare3
267 909 295 950 qui
307 909 378 942 tandem
391 910 471 942 tenebras
484 908 616 951 profundissime
630 907 706 941 cecitatis
719 907 776 940 incur·

61 958 118 1000 'rens,
133 963 151 991 et
166 958 224 992 dolore
240 956 294 993 nimio
312 957 426 1000 intabescens,
441 969 452 991 a
468 963 526 992 mente
543 958 627 992 alienatus
644 964 674 991 est
697 958 775 1001 Cumque

73 1019 142 1041 virorem
156 1014 174 1041 et
187 1008 230 1041 filios
243 1019 264 1042 ac
275 1009 386 1054 semetipsum
398 1010 467 1043 efferate
479 1008 542 1043 seuicie
552 1019 610 1043 morsu
622 1014 715 1052 appeteret,
727 1007 775 1042 Croi-
784 1013 801 1044 ¹5

72 1059 148 1092 landiam
161 1060 228 1092 vinctus
239 1060 333 1101 aduehitur,
345 1071 366 1093 ac
378 1061 430 1092 beato
443 1059 528 1093 Guthlaco
541 1059 564 1093 ab
574 1058 635 1093 amicis
646 1066 663 1094 et
675 1058 774 1101 parentibus

71 1115 184 1151 presentatur.
208 1110 326 1143 inclamabant
337 1116 354 1143 et
363 1109 473 1143 inclamando
481 1110 575 1143 monebant
585 1115 603 1142 ut
612 1109 700 1143 inuocaret
710 1119 774 1143 uonren

73 1158 137 1192 domini
151 1160 190 1192 lesu
204 1160 274 1201 Christi,
287 1166 304 1193 et
317 1159 363 1193 beati
377 1159 457 1193 Guthlaci
470 1159 550 1201 suffragia
562 1159 666 1202 imploraret.
689 1159 720 1193 llle
733 1169 774 1193 uero

73 1219 108 1243 non
127 1209 182 1243 solum
201 1209 323 1254 corporalibus,
340 1209 371 1244 sed
388 1208 500 1253 periculosius
516 1209 590 1242 meionis
608 1209 661 1243 ocrdis
677 1208 775 1250 destitutus,

71 1260 188 1302 respondebat
203 1271 221 1294 se
236 1261 307 1295 omnino
319 1261 384 1295 nescire
398 1261 495 1303 Christum3
512 1271 531 1295 se
543 1261 611 1304 penitus
626 1260 704 1304 ignorare
719 1260 774 1294 Guth-
783 1269 802 1290 πο

72 1311 134 1342 lacurn.
157 1311 172 1343 O
188 1321 240 1352 quam
255 1322 319 1353 magna
331 1311 422 1344 multitudo
434 1311 530 1344 dulcedinis
544 1318 577 1350 tue,
590 1312 643 1344 deus:
660 1321 701 1343 nam
714 1311 736 1344 ad
749 1310 774 1344 tui

71 1359 132 1392 merita
140 1360 247 1400 confessoris,
256 1367 273 1393 et
280 1361 303 1393 ad
310 1371 370 1393 eorum
378 1360 480 1393 instanciam
489 1360 517 1402 qui
526 1361 587 1393 deuote
597 1371 628 1403 pro
639 1360 702 1393 misero
711 1359 775 1403 suppli-

72 1410 141 1451 cabant,
149 1410 165 1443 ei
173 1410 249 1453 corporis
259 1417 276 1444 et
286 1411 343 1444 cordis
353 1411 411 1444 oculos
423 1409 505 1452 restituis,
513 1409 603 1454 ipsumque
612 1410 635 1443 ad
644 1410 715 1444 domum
725 1420 775 1443 suam

72 1458 91 1492 in‘
99 1460 150 1501 plena
161 1461 237 1502 corporis
248 1461 327 1502 sanitate,
338 1467 355 1494 et
366 1472 407 1494 uere
418 1460 458 1494 fidei
468 1461 576 1494 consessione
587 1461 660 1495 reducis.
683 1460 701 1495 si
712 1460 775 1502 linguis

72 1509 151 1552 loquerer
165 1511 270 1552 angelorum,
284 1520 319 1543 non
333 1511 429 1544 sufficerem
444 1510 534 1553 explanare
549 1509 636 1552 magnalia
650 1510 683 1551 dei,
696 1520 730 1553 que
744 1520 776 1553 per
784 1515 802 1545 ²5

71 1560 154 1593 famulum
164 1571 213 1593 suum
224 1560 285 1603 iugiter
296 1567 386 1603 operatur;
400 1571 432 1594 nec
443 1561 501 1594 omnia
512 1567 582 1603 possunt
594 1560 644 1594 scribi
655 1560 672 1594 in
683 1560 726 1594 libro
736 1560 775 1594 hoc.

73 1611 109 1645 Sed
116 1611 182 1652 legatur
189 1611 246 1653 potius
254 1610 341 1645 cotidiene
348 1610 454 1655 experiencie
464 1611 511 1652 liber,
519 1616 537 1644 et
547 1612 615 1644 oculata
623 1611 666 1644 fides
676 1610 744 1645 docebit
752 1610 776 1645 ad

72 1661 147 1703 plenum,
158 1667 241 1703 quantum
251 1662 387 1704 magnificauerit
396 1662 476 1696 dominus
488 1667 567 1695 sanctum
576 1671 636 1703 suum3
650 1668 715 1706 quanta
725 1662 776 1695 suerit

73 1711 91 1743 in
104 1721 125 1744 eo
135 1711 253 1752 preminentia
264 1712 361 1745 sanctitatis
370 1718 387 1745 et
397 1712 474 1746 efficacia
485 1712 589 1752 meritorum,
597 1712 620 1745 ad
631 1713 700 1744 laudern
711 1711 775 1745 domini

72 1766 88 1793 et
101 1761 191 1793 saluatoris
202 1760 256 1793 nostri
268 1762 308 1794 lesu
319 1760 389 1800 Christi,
400 1760 427 1793 cui
438 1760 460 1794 sit
471 1761 553 1793 honoret
564 1761 618 1802 gloria
629 1761 647 1793 in
657 1762 715 1794 secula
725 1771 774 1794 secu·
782 1772 803 1802 30

71 1810 131 1843 lorum.
154 1810 232 1846 AMEN.
284 1821 287 1826 ·

113 1919 129 1953 3.
141 1910 216 1943 lucrata
227 1917 322 1943 rnommro
334 1917 375 1943 cnut
386 1916 534 1943 transumens
545 1916 613 1942 sunem
624 1910 735 1942 Riemann

75 2007 77 2009 v
134 1968 207 1994 nrrurars
219 1968 244 1993 or
254 1967 354 2001 ttARTutlS,
365 1967 509 1994 consensurum
521 1967 589 1993 sanem
600 1960 710 1993 annturrnr

295 2020 351 2046 racis
362 2020 387 2046 aa
398 2012 507 2047 maranus&

72 2072 215 2149 TEmporibus
231 2074 264 2107 deo
282 2073 339 2107 dilecti
356 2073 410 2115 Regis
428 2073 522 2116 Anglorum
542 2071 624 2106 Edwardi
641 2072 671 2105 filii
686 2072 774 2106 Ethelredi

127 2123 172 2166 regis
180 2130 215 2158 erat
223 2123 293 2167 quidam
301 2124 403 2157 uenerabilis
410 2123 445 2158 uite
452 2124 533 2158 sacerdos
541 2122 638 2166 Bruningus
648 2123 718 2157 nomine
729 2123 775 2167 apud

72 2176 223 2209 Northamtonam.
243 2175 276 2215 Qui
284 2175 328 2208 inter
335 2174 398 2208 multas
406 2185 448 2217 quas
454 2173 499 2207 intra
503 2174 609 2217 prouinciam
614 2174 683 2216 regebat
688 2173 776 2215 ecclesias,

71 2226 123 2259 etiarn
131 2224 203 2257 ecclesie
208 2224 254 2257 beati
261 2225 306 2256 Petri
312 2224 385 2266 apostoli
390 2234 423 2266 que
429 2224 447 2256 in
453 2224 514 2256 eadem
520 2224 562 2257 urhe
569 2224 603 2257 sita
611 2231 637 2257 est
643 2224 711 2265 prefuit.
732 2225 775 2256 Erat
783 2235 803 2264 ³5

71 2285 146 2319 namque
152 2274 237 2317 presbiter
242 2274 274 2307 iste
281 2274 329 2307 diues
337 2273 388 2307 ualde
393 2273 485 2317 multisque
492 2273 629 2317 possessionibus
637 2273 698 2313 clarus,
704 2272 775 2315 dapsilis

71 2336 138 2368 quoque
146 2325 239 2358 liberaliter
247 2330 263 2358 et
271 2324 349 2366 largitate
357 2331 393 2358 tam
398 2323 469 2358 celebris
477 2330 496 2358 ut
503 2335 563 2359 omnes
569 2325 660 2358 facultates
667 2323 703 2357 eius
710 2323 728 2356 in
734 2333 776 2359 usus

71 2386 166 2420 pauperum
174 2382 191 2408 et
201 2386 300 2418 egenorum,
307 2374 434 2409 transeuncium
444 2378 513 2418 quoque
520 2374 607 2418 hospitum
618 2381 635 2408 et
644 2373 717 2408 maxime
727 2383 775 2415 pere·

70 2427 165 2468 gomorum,
173 2426 234 2467 iugiter
241 2432 258 2458 et
267 2425 343 2459 hilariter
350 2426 445 2468 expendere
453 2426 571 2466 delectaretur,
579 2426 624 2458 iuxta
632 2424 672 2458 illud
679 2423 774 2466 sapientis:

71 2476 162 2509 ‘Hilarem
177 2475 224 2508 enim
238 2476 316 2509 datorem
331 2474 386 2516 diligit
401 2475 453 2509 deus'
476 2475 520 2508 Cum
534 2474 585 2517 igitur
597 2474 614 2506 in
626 2479 692 2507 tantum
705 2473 803 2515 pietatis4o

71 2527 152 2572 operibus
163 2525 249 2560 insisteret
256 2533 275 2561 ut
286 2533 303 2560 et
314 2526 361 2568 apud
368 2526 420 2560 deum
427 2530 508 2569 acceptus
518 2531 534 2558 et
546 2524 592 2568 apud
600 2522 679 2556 homines
690 2522 746 2556 clarus
757 2528 775 2557 et

121 2591 127 2608 ¹
137 2591 170 2623 MS.
178 2592 238 2624 deuota.
303 2591 309 2609 ¹
319 2591 390 2631 Nothing
396 2591 409 2622 is
415 2591 471 2621 known
478 2589 558 2620 elsewhere
565 2589 583 2619 ol
587 2588 618 2620 this
623 2587 646 2620 St.
651 2588 724 2627 Ragoner.
