1762 2803
65 145 77 165 1.
88 129 152 161 Textin
160 119 187 163 a]
265 116 311 170 we
327 113 428 166 &ancta
445 114 550 168 titania.
721 129 764 172 503

308 230 321 264 ll
332 232 358 261 De
368 232 443 267 legenda
453 229 520 262 ourea¹.

86 289 145 331 Passe
154 297 196 326 sunt
207 301 256 325 anno
264 289 333 324 domini
341 289 472 334 C[C]xxxviii⁰.
488 290 562 324 ²Abbas
569 289 644 334 quidam
652 289 675 323 ab
683 289 765 323 abbatia³

64 347 139 386 Colonie
150 355 217 389 corpus
225 344 279 377 vnius
286 344 377 387 virginum
386 343 495 387 impetrauit,
503 344 613 387 promittens
621 343 669 386 quod
677 342 736 386 ipsam
745 343 762 376 in

64 411 117 445 capsa
129 402 216 440 argentea
224 396 242 429 in
253 406 286 429 sua
294 396 371 429 ecclesia
378 396 490 429 collocaret⁴.
512 396 551 429 Sed
563 406 604 430 cum
616 405 726 439 perannum
736 397 764 429 in·

63 461 133 498 tegrum
145 460 202 494 super
213 449 269 482 altare
281 449 299 481 in
312 458 367 492 capsa
379 448 440 493 lignea
451 448 545 490 tenuisset,
557 448 635 493 quadam
648 452 707 488 nocte,
718 447 762 481 dum

63 508 118 543 abbas
130 502 188 548 ipsius
200 500 306 536 monasterii
315 511 357 536 cum
365 512 399 536 suo
409 507 501 537 conuentu
512 502 610 537 matutinas
618 505 704 543 cantaret,
711 500 764 545 virgo
774 516 781 545 5

64 561 94 594 illa
107 556 225 600 corporaliter
237 555 318 598 desuper
329 555 381 589 altari
393 555 488 589 descendit
501 560 519 589 et
532 561 574 589 ante
588 555 644 589 altare
657 560 765 589 reuerenter

63 612 151 647 inclinans
164 619 199 653 per
210 607 290 641 medium
302 607 378 642 chorum
391 608 496 642 videntibus
511 608 605 642 monachis
617 612 635 641 et
648 606 764 651 stupentibus

63 666 106 699 inde
118 662 200 696 recessit.
222 660 287 693 Abbas
299 660 353 703 igitur
366 662 389 694 ad
403 671 477 703 capsam
493 671 570 694 currens
585 666 603 694 et
614 671 691 694 vacuam
704 660 764 703 ipsam

63 714 165 755 inueniens,
173 712 269 747 Coloniam
280 713 385 756 properauit
398 718 416 747 et
428 712 520 747 abbatisse
533 713 560 748 rei
571 712 655 746 ordinem
669 711 765 754 intimauit,

64 772 199 814 pergentesque
209 765 232 798 ad
243 764 302 799 locum
313 765 363 800 vnde
374 765 419 799 illud
430 776 497 809 corpus
508 769 631 810 sumpserant,
640 764 684 798 illud
697 763 765 799 ibidem
775 775 793 797 ιο

63 823 177 856 inuenerunt.
192 819 238 853 Cum
244 824 304 853 autem
311 819 367 853 abbas
372 819 445 853 veniam
450 825 517 863 petens
522 818 549 852 etl
556 819 600 852 illud
606 818 636 852 vel
642 818 691 852 aliud
697 828 765 861 corpus

63 878 133 918 peteret
145 871 247 904 certissime
257 871 365 914 promittens
373 881 448 915 capsam
459 871 561 914 preciosam
573 882 593 905 se
605 870 659 904 citius
670 871 764 910 facturum,

64 927 166 960 nullatenus
181 923 291 967 impetrauit.
366 917 474 967 Religiosus
487 923 566 968 quidam,
578 933 620 957 cum
635 923 669 957 has
683 922 765 966 virgines

63 980 81 1013 in
93 978 189 1013 deuotione
201 976 258 1010 multa
270 977 351 1018 haberet,
363 977 441 1021 quadam
452 977 482 1011 die
494 977 537 1010 dum
549 976 630 1022 grauiter
641 977 765 1010 infirmaretur

63 1033 106 1068 vidit
122 1031 213 1075 quandam
228 1030 319 1075 virginem
335 1030 478 1074 pulcherrimam
493 1030 528 1064 sibi
543 1035 663 1075 apparentem
679 1035 697 1064 et
712 1029 728 1064 si
744 1040 791 1071 se15

64 1090 181 1129 cognosceret
194 1083 323 1127 inquirentem.
345 1084 381 1126 Qui
394 1094 436 1118 cum
448 1085 471 1118 ad
484 1084 524 1118 eius
537 1084 627 1118 visionem
639 1084 736 1118 miraretur
746 1089 764 1118 et

64 1147 84 1171 se
95 1146 210 1179 nequaquam
222 1135 281 1179 ipsam
294 1146 404 1179 cognoscere
415 1136 507 1177 fateretur,
518 1136 548 1170 illa
561 1137 596 1170 ait:
612 1136 662 1180 ‘Ego
674 1146 716 1169 sum
728 1146 764 1169 vna

63 1188 152 1233 virginum
164 1198 208 1232 erga
219 1197 265 1232 quas
277 1194 347 1223 tantum
360 1189 417 1223 habes
429 1188 530 1223 dilectionis
541 1189 632 1223 allectum.
656 1188 678 1222 Et
689 1193 708 1222 vt
720 1187 763 1223 inde

64 1242 167 1276 mercedem
182 1240 272 1285 accipias:
293 1241 308 1276 si
323 1252 385 1276 amore
401 1247 419 1276 et
434 1241 504 1276 honore
519 1243 577 1277 nostri
593 1241 680 1276 vndecies
695 1241 763 1276 millies

64 1295 172 1328 dominicam
180 1296 281 1328 orationem
291 1294 365 1337 dixeris,
374 1295 392 1328 in
405 1295 450 1328 hora
460 1295 524 1328 mortis
533 1294 551 1328 in
562 1294 709 1339 protectione[m]
718 1296 763 1328 etin
773 1306 793 1327 zo

63 1348 147 1382 solatium
159 1358 194 1382 nos
207 1347 294 1382 habebis)
318 1347 358 1389 Qua
371 1348 482 1392 disparente,
495 1347 526 1382 ille
539 1347 647 1392 quamcitius
660 1347 718 1392 potuit
729 1347 764 1382 hec

63 1400 173 1443 adimpleuit,
185 1400 283 1443 statimque
293 1406 357 1434 vocato
372 1401 438 1435 abbate
453 1401 517 1444 inungi
528 1411 549 1435 se
560 1401 607 1435 iecit.
630 1400 719 1442 Quicum
730 1411 764 1435 vn-

63 1458 140 1496 geretur‚
146 1452 206 1486 subito
214 1452 323 1486 exclamauit
330 1457 349 1485 vt
357 1453 440 1496 sugerent
449 1458 467 1487 ct
475 1452 591 1487 venientibus
598 1453 656 1487 sacris
663 1452 764 1495 virginibus

64 1504 122 1539 locum
134 1506 204 1540 darent.
227 1505 286 1548 Quem
297 1516 339 1539 cum
350 1507 406 1539 abbas
415 1505 458 1550 quid
471 1505 504 1539 hoc
516 1511 566 1540 esset
573 1506 699 1550 interrogaret,
707 1511 725 1539 et
733 1505 764 1539 ille

63 1558 202 1599 promissionem
217 1558 293 1602 virginis
308 1558 342 1592 sibi
359 1569 393 1602 per
411 1558 494 1592 ordinem
509 1564 619 1600 enarrasset,
635 1558 763 1592 recedentibus
774 1568 791 1598 25

64 1611 131 1645 cunctis
142 1617 160 1644 et
170 1611 224 1655 paulo
234 1617 276 1655 post
288 1612 407 1646 redeuntibus
417 1611 478 1655 ipsum
491 1611 580 1656 migrasse
592 1613 615 1646 ad
627 1612 723 1646 dominum
735 1612 763 1646 in-

63 1669 157 1696 uenerunt.

84 1824 98 1848 2.
110 1814 158 1849 Text
166 1815 185 1850 in
194 1816 234 1850 MS.
241 1816 304 1851 Tib.⁶:

194 1882 227 1924 DE
239 1900 322 1925 UNDECIM
334 1901 409 1926 numus
420 1901 513 1926 UlRGlNUlll
525 1901 631 1926 uminum.

66 1960 133 2037 REx
144 1963 218 2005 quidam
228 1963 248 1997 in
259 1963 353 1997 Britannia
363 1964 473 1998 christianus
480 1965 554 1999 nomine
563 1964 642 1998 Dinotus
650 1964 679 1998 uel
688 1963 764 1999 Maurus

131 2016 222 2058 quandam
242 2015 298 2050 filiam
316 2016 391 2051 nomine
409 2015 495 2050 Vrsulam
516 2015 616 2060 generauit,
635 2026 672 2061 que
692 2026 764 2051 morum

63 2063 162 2108 honestate,
177 2069 269 2114 sapiencia
283 2075 301 2104 et
313 2070 433 2115 pulcritudine
448 2071 533 2115 pollebat.
559 2071 602 2104 Rex
617 2076 677 2105 autem
692 2071 765 2115 Anglie,
774 2083 794 2113 30

63 2127 104 2153 cum
117 2121 172 2156 nimis
184 2128 284 2166 prepotens
296 2128 346 2157 esset
358 2129 376 2158 et
388 2123 454 2157 multas
468 2124 554 2158 naciones
567 2134 601 2158 suo
614 2123 691 2168 impen'o
703 2124 765 2158 subiu-

63 2178 128 2214 gasset,
141 2175 202 2209 audita
215 2175 269 2211 huius
281 2176 358 2219 uirginis
373 2176 421 2210 lama
436 2177 510 2211 beatum
523 2187 544 2211 se
555 2188 590 2220 per
602 2177 663 2211 omnia
676 2176 766 2211 fatebatur

64 2222 79 2255 si
86 2226 167 2266 predicta
174 2227 226 2271 uirgo
236 2239 270 2262 suo
281 2228 375 2272 unigenito
385 2229 506 2272 copularetur.
529 2228 584 2263 Mittit
595 2228 650 2272 igitur
660 2229 765 2272 solempnes

64 2278 139 2312 nuncios
146 2280 169 2313 ad
177 2286 249 2325 patrem
257 2281 334 2326 uirginis
342 2282 392 2316 cum*
398 2282 470 2326 magnis
478 2281 631 2327 promissionibus
639 2287 657 2317 et
664 2281 766 2322 blandiciis,

63 2337 139 2374 magnas
147 2333 240 2369 adhiciens
248 2335 307 2369 minas
318 2334 334 2370 si
344 2337 367 2370 ad
374 2336 449 2370 domum
457 2347 510 2370 suam
518 2336 571 2371 uacui
579 2340 700 2370 reuertentur.
723 2335 765 2370 Rex
775 2345 794 2376 35

63 2388 124 2417 autem
131 2387 179 2429 cepit
189 2388 289 2432 plurimum
300 2388 376 2431 anxiari,
384 2395 422 2423 tum
432 2390 475 2433 quia
485 2389 553 2423 Christi
565 2390 601 2423 fide
612 2388 717 2433 insignitam
729 2389 765 2423 uir-

82 2458 119 2489 ¹Cs.
128 2461 166 2497 Leg.
173 2462 211 2493 Aur.
220 2473 235 2500 p.
243 2473 273 2500 704
281 2464 332 2502 (Vinc.
340 2464 380 2494 Bell.
388 2465 425 2499 XX,
433 2466 465 2501 44).
522 2464 650 2494 ²§aracillum
657 2465 676 2495 T.
732 2465 766 2495 ³a1.

63 2496 146 2528 abbatissa.
194 2502 318 2533 ⁵E.colocaret.
369 2504 445 2533 ⁵al.om.
495 2503 545 2533 οΑῑιτ.
553 2503 591 2533 from
600 2504 698 2539 LegtAurea
706 2503 765 2542 (which

63 2541 133 2607 {eglgoiq
139 2539 183 2610 ἷιὲε
192 2541 232 2572 Bell.
239 2542 276 2573 XX.
284 2543 320 2581 40);
331 2543 371 2573 with
382 2553 402 2574 an
412 2543 482 2574 addition
493 2543 533 2573 from
544 2543 608 2581 lligden
617 2543 682 2582 tGeoilr.
694 2543 766 2582 Meum.)¹
