1762 2803
232 97 278 152 ibt
292 95 392 149 sonno
409 96 550 150 unmunoo.
698 112 739 154 241

103 227 244 267 tlSsouunrun
255 237 297 261 nus
309 237 408 261 rectiones
419 237 444 261 ur
455 226 560 262 srusosn¹2
577 226 647 262 Luerro
658 227 673 263 1.

83 290 113 334 [In
122 291 177 325 Festo
186 291 328 336 (Translatione)
337 291 357 325 S.
365 291 468 327 Osmundi:
481 291 502 326 In
510 291 571 336 primo
580 291 698 336 Nocturno².]

79 354 193 388 Reuenimus
204 356 273 388 dudum
284 366 333 388 noua
343 355 459 388 solemnitate
471 355 511 388 dies
522 354 613 388 natalitios
624 355 743 389 saluationrs³

100 406 200 441 beatissimi
217 407 298 452 presulis
314 407 405 442 Osmundi
420 408 506 443 festiuum
525 407 635 443 celebrando
650 407 741 444 natalem:

39 460 113 505 iamque
128 460 246 496 illucescente
258 461 311 496 nobis
326 460 450 496 translationis
462 472 495 496 sue
510 462 617 496 veneranda
632 461 743 503 celebritate,

40 516 93 557 quasi
103 525 170 548 nouam
182 515 222 548 eius
232 514 251 548 in
262 515 351 548 mundum
363 513 476 548 natiuitatem
486 525 527 548 cum
539 515 594 558 pleno
602 514 646 549 cleri
654 526 675 550 ac
683 516 743 559 plebis

39 566 95 600 iubilo
107 566 214 601 solemniter
226 577 343 602 renouamus.
366 567 427 601 Hodie
441 578 521 611 namque
533 568 601 602 deuota
612 573 672 602 mater
687 568 761 611 saris-5

40 619 223 653 buriensis-ecclesia
237 619 364 653 dulcissimum
378 619 478 659 alumnum,
491 629 546 663 quem
561 619 609 653 intra
624 630 657 653 sua
672 620 744 654 viscera

40 671 119 715 plurimo
138 683 228 706 annorum
245 671 320 706 defluxu
337 672 359 705 ab
374 671 455 705 humano
473 679 548 716 aspectu
567 673 673 715 recondidit,
688 674 743 708 hodie

40 724 120 769 glorioso
128 724 168 759 eius
176 736 253 770 corpore
261 725 280 759 in
288 725 366 760 sublime
374 725 462 759 translato
473 725 595 760 desideratam
602 725 609 744 ⁴
619 726 650 760 diu
658 726 744 771 gentibus

40 778 101 822 palam
109 779 188 822 profudit
195 779 215 813 in
223 780 296 814 lucem:
306 779 329 813 Et
337 789 392 822 quem
400 779 494 822 quondam
500 783 520 812 vt
527 789 605 823 granum
613 779 743 814 mortificatum

61 852 66 870 ¹
78 852 101 883 Ci.
114 853 148 883 Sar.
161 853 207 883 Brev.
220 863 236 891 p.
249 862 284 890 472,
298 854 318 881 15
328 852 372 890 July,
397 852 439 889 (The
452 852 552 882 Translation
567 853 581 882 is
595 862 616 883 on
631 854 650 883 16
661 853 704 893 July‚
718 855 745 885 the

41 893 136 930 Deposition
143 902 153 932 4
160 893 206 931 Dec.)
285 892 291 910 ²
302 892 321 922 In
328 892 356 922 the
364 892 420 921 Sarum
427 892 509 931 Breviary,
517 893 544 922 the
552 893 602 922 Offlce
609 893 675 931 begins:

298 962 326 992 Ad
331 963 393 1001 primas
404 962 486 1001 Vesperas:

41 1013 80 1040 Ant.
92 1012 158 1048 Suscipe
169 1021 203 1040 curn
214 1012 272 1049 gaudio
282 1016 333 1040 mater
343 1011 409 1039 tiliorum

92 1052 108 1080 in
120 1051 197 1080 Osmundi
208 1051 255 1079 iubilo
266 1060 322 1087 preces
332 1050 429 1078 famulorum.
450 1051 477 1080 Ps.
488 1051 558 1080 Laudate
568 1051 619 1089 pueri.

41 1089 80 1120 Ant.
93 1089 193 1119 Confessoris
203 1089 283 1119 dominum
294 1100 333 1128 gens
344 1089 423 1119 collaudet
433 1094 471 1128 tota,

92 1130 134 1159 etin
145 1130 195 1160 sancti
206 1130 271 1167 gloriam
282 1130 337 1160 reddat
347 1130 373 1167 pia
382 1134 424 1159 vota.
444 1130 471 1160 Ps.
482 1130 552 1159 Laudate
563 1130 649 1161 dominum.

42 1170 80 1200 Ant.
93 1170 130 1200 Exit
141 1170 175 1199 eius
185 1170 250 1208 spiritus
260 1175 318 1199 terram
329 1170 426 1207 miserorum,

93 1214 109 1240 et
120 1211 168 1240 intrat
177 1220 207 1247 pro
217 1209 277 1239 meritis
287 1219 353 1246 regnum
364 1211 448 1239 beatonrm.
468 1209 495 1239 Ps.
507 1209 561 1239 Lauda
571 1210 629 1240 anima.

42 1250 81 1278 An.
93 1249 125 1278 Istc
136 1250 198 1278 domum
209 1249 268 1277 domini
279 1254 349 1278 sacratus
359 1249 444 1283 fabricauit,

94 1292 110 1318 et
117 1287 199 1325 dispersos
206 1288 272 1318 clericos
282 1288 327 1317 simul
336 1288 441 1325 congregauit.
463 1286 491 1319 Ps.
502 1287 571 1318 Laudato
579 1288 658 1318 dominum
666 1286 744 1327 quoniam.

42 1329 81 1359 Ant.
92 1328 147 1358 Lauda
157 1328 202 1365 Syon
212 1328 293 1358 dominum
303 1328 356 1365 magni
366 1327 467 1364 confessoris,

93 1367 140 1397 lauda
150 1367 192 1405 pium
203 1367 282 1404 presulem
293 1367 337 1397 cuius
348 1371 372 1397 est
382 1367 440 1396 laboris

94 1407 166 1444 quicquid
177 1411 211 1437 tuas
221 1407 277 1437 ianuas
286 1407 328 1436 bene
338 1406 442 1437 consortauit:

94 1448 167 1484 quicquid
177 1452 213 1477 tuos
224 1447 266 1477 filios
276 1447 306 1476 iam
317 1447 402 1477 letificauit.
422 1447 448 1476 Ps.
460 1447 515 1476 Lauda
525 1446 631 1478 Hierusalem.

45 1488 82 1526 Cap.
93 1487 134 1516 Eece
144 1487 219 1516 sacerdos
230 1486 278 1524 (Eccl.
286 1487 295 1516 1.
305 1489 325 1522 1).

43 1528 64 1557 R.
95 1527 141 1556 Miles
151 1530 168 1556 et
177 1527 218 1555 alme
228 1531 274 1565 pater
284 1526 371 1564 Osmunde,
382 1525 408 1555 dei
419 1526 472 1563 gregis
482 1529 541 1565 auctor,

95 1566 158 1595 Christo
168 1566 216 1595 funde
226 1575 283 1604 preces
293 1571 356 1595 nostras
366 1570 382 1594 et
392 1566 438 1595 ablue
449 1565 507 1602 cuipas.

46 1606 63 1635 V.
93 1605 115 1634 Vt
125 1615 155 1634 nos
165 1606 197 1634 vite
207 1606 262 1634 sedem
272 1605 352 1634 valeamus
362 1605 439 1634 scandere
449 1604 511 1642 celsam¹

95 1645 164 1674 Christo.

44 1685 120 1723 Hymnus
130 1684 163 1714 Iste
173 1685 259 1715 consessor.
283 1684 300 1714 V.
310 1684 377 1714 Amauit.

44 1726 82 1756 An.
96 1724 182 1754 Confessor
192 1724 256 1761 domini,
267 1723 340 1761 precibus
350 1723 436 1754 succurrel
445 1723 491 1763 plebi,

94 1769 111 1794 vt
121 1764 166 1794 viciis
176 1764 220 1793 vacui
231 1765 293 1793 valeant
303 1764 330 1792 tibi
341 1763 437 1794 consociari:

95 1808 112 1834 et
123 1808 149 1834 tua
159 1813 199 1840 quos
211 1804 272 1841 reperis
282 1803 355 1833 solennia
365 1803 482 1841 preuenientcs,

96 1847 112 1872 tu
123 1844 177 1879 populi
188 1844 243 1872 doctor
253 1843 277 1871 iae
287 1846 303 1871 vt
314 1846 365 1871 tecum
376 1842 475 1871 comitentur.
497 1841 524 1871 Ps.
535 1842 630 1880 Magnifieat

47 1882 104 1912 Οναίίο.
116 1883 160 1912 Deus
170 1882 213 1911 cuius
223 1882 288 1919 antiqua
298 1881 372 1911 miracula
382 1881 429 1910 etiam
440 1881 499 1911 nostris
509 1882 605 1918 temporibus
616 1883 636 1911 ad
647 1882 669 1911 tui
680 1882 749 1912 nominis

125 1921 258 1958 magnificentiam
265 1931 283 1950 ae
292 1921 354 1949 laudem
363 1925 379 1950 et
389 1921 466 1949 honorem
475 1921 525 1949 sancti
534 1921 630 1950 contessoris
640 1921 662 1949 tui
670 1920 748 1950 Osmundi

127 1961 222 1990 choruscare
233 1959 318 1990 sentimus:
330 1959 401 1989 concede
411 1959 491 1997 propicius
499 1963 515 1988 vt
526 1960 571 1989 euius
582 1959 700 1990 translationem
711 1960 748 1990 coli·

126 2010 165 2038 mus,
173 2001 207 2029 eius
217 2000 357 2030 intercessionibus
368 2003 384 2028 et
394 1999 411 2028 in
421 1999 492 2037 presenti
499 1998 553 2029 seculo
563 2005 580 2029 te
590 2001 701 2038 glorificemus,
709 2004 725 2031 et
731 2002 749 2031 in

127 2040 179 2070 futuro
187 2045 203 2070 te
210 2039 269 2078 perimi
276 2049 367 2076 mereamur,
375 2048 408 2076 per.

47 2079 160 2110 invitatoriam.
172 2080 278 2118 Omnipotens
288 2080 360 2108 dominus
370 2078 443 2108 laudetur
452 2077 498 2108 trinis
509 2083 525 2109 et
535 2088 582 2117 unus,

97 2120 128 2156 Qui
138 2119 181 2150 dedit
192 2119 275 2149 Osmundo
285 2118 349 2149 celestia
359 2127 409 2156 regna
419 2119 470 2148 beato.

47 2159 75 2190 Ps.
94 2159 157 2190 Venite.
179 2160 255 2197 Hymnus
265 2159 298 2189 Iste
308 2159 390 2188 consessor
400 2159 465 2188 domini.

311 2218 331 2247 In
339 2218 391 2256 primo
400 2217 489 2249 Nocrumo:

47 2268 86 2299 Ant.
97 2269 147 2299 Natus
158 2278 195 2298 mox
206 2268 294 2298 renascitur
304 2268 396 2298 Osmundus
406 2267 449 2297 fonte
460 2267 507 2305 lotus,

97 2320 107 2338 a
118 2310 178 2339 cunctis
189 2309 255 2347 piaculis
265 2310 331 2338 effectus
341 2309 409 2337 mundus
420 2312 467 2339 totus.
488 2309 517 2339 Ps.
528 2308 587 2339 Beatus
597 2309 626 2340 vir.

47 2348 87 2379 Aen.
98 2349 198 2378 Adolescens
207 2348 266 2386 profuit
276 2348 319 2378 scola
329 2348 398 2385 litterali,

98 2393 114 2417 et
125 2394 191 2425 tyrones
201 2393 266 2426 superat
275 2393 309 2417 arte
320 2387 387 2416 militari.
408 2387 435 2417 Ps.
448 2387 501 2424 Quare
511 2388 613 2418 fremuerunt.

48 2426 87 2457 Ant.
99 2427 188 2457 iuuentutis
199 2427 276 2456 terminos
286 2428 357 2464 prudens
367 2427 471 2464 transigebat,

99 2476 151 2503 neque
161 2470 216 2495 contra
226 2467 298 2503 spiritum
308 2475 345 2495 caro
355 2466 451 2504 preualebet.
472 2465 499 2495 Ps.
510 2465 578 2495 Domine
588 2465 631 2504 quid.
654 2464 672 2496 V.
681 2465 751 2496 Amanit.

50 2505 103 2544 (Then
111 2506 174 2536 follows
181 2506 235 2535 Lectio
243 2505 264 2545 1.)

95 2556 102 2574 ³
111 2557 132 2587 ol.
140 2556 228 2588 saluatoris.
288 2554 294 2573 ¹
305 2555 326 2586 al.
333 2555 444 2586 desideratum.
504 2556 511 2575 ⁸
521 2565 533 2589 r.
541 2564 616 2588 succurre
622 2555 704 2595 precibusi

70 2623 111 2649 vor„
119 2624 138 2648 11.
393 2624 407 2647 n
