1762 2803
81 116 127 194 342¹
225 198 227 203 ,
270 135 350 190 moto
365 134 483 197 lencona
497 130 592 198 unalia

80 264 194 303 presentem,
206 258 235 293 et¹
246 258 338 302 quomodo
350 258 428 293 latenter
439 263 503 303 posset
517 258 573 301 exire,
584 257 621 291 iarn
633 257 694 300 sugam
708 254 784 291 medita·

81 312 140 346 batur.
163 313 218 346 Hunc
231 310 314 344 inimicus
330 321 384 344 suum
396 322 438 345 esse
450 313 554 352 aduertens,
565 310 655 343 fuscinula
666 309 741 343 tridenti
755 319 784 342 ar-

82 370 155 409 reptum
170 365 189 399 in
204 364 294 398 fiscellam
309 374 361 398 suam
379 363 461 407 proiecit,
476 370 494 399 et
508 363 566 399 veloci
581 373 636 397 cursu
651 361 700 396 foras
716 360 784 396 extulit.

82 417 134 452 Tunc
141 417 170 452 vir
181 421 260 458 sanctus,
267 426 301 460 pro
313 416 369 451 fratre
380 416 412 450 illo
423 416 509 459 solicitus,
517 426 560 450 eum
571 425 625 449 mane
635 414 733 459 diligenter
743 423 785 458 per-

65 481 73 512 5
83 471 130 515 quiri
140 470 198 506 iussit.
220 470 258 504 Sed
268 476 310 505 ante
318 480 404 504 auroram
411 481 469 515 vagus
479 476 497 505 et
507 470 600 515 profugus,
608 468 670 503 relicto
680 467 732 502 suaui
742 467 785 511 iugo

83 524 155 564 Christi,
169 528 258 566 sequutus
273 523 332 557 fuerat
344 523 450 567 inimicum3
470 529 488 558 et
500 522 617 557 coadunatis²
628 521 727 565 iniquitatis
742 521 785 555 filiis

82 575 182 610 latrociniis
193 575 271 619 deditus,
279 575 344 621 capitis
356 576 458 610 abscisione
467 576 523 610 vitam
533 574 552 609 in
563 575 615 609 breui
625 574 690 609 finiuit.
734 567 785 610 Cum

83 629 123 663 vice
130 630 210 673 quadam
222 628 298 662 missam
306 629 412 670 celebraret,
420 629 465 663 vidit
473 638 523 663 mare
531 627 655 671 multiplicatis
662 626 786 661 voluminibus

83 681 170 716 ssuctuum
185 680 204 714 in
218 681 296 716 sublime
312 688 398 725 erectum,
414 687 432 717 et
446 681 502 716 fracto
517 681 570 715 nauis
584 691 617 715 sue
631 680 755 725 gubernaculo
767 684 786 714 et

57 745 75 768 10
84 735 143 781 ruptis
151 735 227 770 rudibus
233 736 259 780 (l),
267 736 337 770 incerta
344 735 439 780 vagatione
447 735 543 776 ferebatur,
552 735 610 768 donec
621 733 701 777 seopulis
712 732 764 775 illisa,
776 743 787 766 a

84 800 173 833 compage
181 799 215 822 sua
222 789 295 833 penitus
307 788 448 830 dissolueretur;
460 793 478 822 et
486 787 577 822 hiantibus
584 787 638 821 vndis
645 787 679 821 viri
687 787 769 830 absorpti
774 785 786 827 ³,

84 852 119 883 pro
132 840 203 875 meritis
215 841 286 883 premia
300 841 397 884 recepturi,
410 842 481 876 animas
494 840 628 875 reddiderunt
651 840 695 874 Post
710 839 787 874 missam

84 905 129 929 vero
145 893 195 928 misit
210 892 286 936 sratres;
306 893 337 937 qui
352 898 416 938 quarto
434 893 463 928 die
477 893 496 927 in
511 892 570 927 littore
585 896 604 926 et
621 891 660 926 loco
677 902 688 926 a
702 891 742 926 viro
757 890 786 925 dei

85 947 180 991 designato
192 947 330 981 submersorum
339 958 417 991 corpora
427 947 547 989 inuenientes,
559 944 682 980 ecclesiastice
692 945 787 989 sepulture

58 1011 64 1033 ι
67 1011 76 1043 5
85 1001 204 1035 tradiderunt,
250 992 339 1034 Matrona
349 1001 433 1045 quedam,
441 999 564 1034 admonitione
574 999 624 1033 serui
632 1000 661 1033 dei
668 998 723 1034 vitam
735 1008 787 1033 suam

85 1055 192 1094 emendans,
204 1053 261 1088 seculi
273 1064 361 1098 pompam
373 1059 391 1087 et
402 1060 551 1088 ornamentorum
561 1052 660 1087 vanitatem
672 1051 787 1097 contempsit,

84 1113 104 1140 vt
112 1107 160 1140 inter
169 1106 243 1140 delicias
254 1107 320 1140 domus
329 1117 362 1140 sue
374 1106 473 1140 solitariam
481 1107 536 1141 vitam
546 1116 601 1149 agere
608 1106 711 1148 videretur3
723 1105 788 1149 sepius

85 1159 140 1203 ergol
152 1158 245 1194 dominam
260 1158 310 1192 illam
322 1159 402 1200 visitare,
415 1164 433 1193 et
448 1159 471 1192 ad
485 1158 561 1192 meliora
574 1168 675 1201 prouocare
687 1158 788 1191 consueuit.

86 1211 135 1246 Hine
154 1211 220 1246 iratres
235 1210 309 1254 quidam
326 1212 389 1254 prauis
407 1211 541 1254 suspicionibus
558 1210 632 1254 fatigati,
647 1209 787 1245 familiaritatem

58 1278 77 1298 zo
85 1264 135 1297 illam
148 1264 226 1298 carnalis
240 1264 342 1297 affectionis
356 1263 417 1297 illicite
429 1275 484 1297 eausa
495 1263 534 1297 sore
546 1262 641 1297 incusant:
658 1270 676 1298 et
690 1262 788 1297 multorum

85 1318 160 1351 auribus
170 1317 248 1359 insectis,
256 1318 332 1350 demum
342 1318 365 1350 ad
375 1318 448 1350 beatum
457 1317 570 1351 Bernardum
578 1315 695 1360 conquestiol
703 1316 788 1351 deuenit:

86 1371 109 1404 ad
115 1381 171 1414 quem
179 1380 245 1404 seruus
251 1370 280 1404 dei
286 1370 369 1412 veniens,
375 1370 403 1405 cui
408 1370 427 1404 in
434 1368 508 1413 spiritu⁷
514 1380 582 1404 nomen
588 1374 606 1404 et
611 1369 696 1404 meritum
702 1369 789 1404 diuinitus

85 1422 169 1465 innotuit,
182 1427 200 1456 et
212 1433 281 1456 vocans
296 1432 338 1456 eum
354 1422 448 1464 secretius,
461 1421 516 1456 dixit:
534 1422 613 1465 ‘Frater‚
626 1421 689 1465 inquit,
703 1422 789 1461 Roberte,

86 1475 132 1510 falsa
142 1480 184 1510 sunt
193 1475 254 1509 omnIa
262 1485 298 1518 que
306 1479 370 1509 contra
377 1480 395 1509 te
404 1475 477 1509 sinistra
485 1474 564 1518 suspicio
572 1474 672 1509 machinari
680 1480 743 1508 conata
751 1475 790 1508 est!

59 1542 77 1573 25
88 1527 110 1564 Et
121 1528 139 1563 in
150 1529 224 1573 signum
234 1528 303 1563 amoris
314 1539 380 1563 zonam
392 1539 444 1563 suam
454 1528 514 1564 eidem
526 1527 612 1563 contulit:
624 1538 660 1573 que
669 1526 739 1563 meritis
747 1527 789 1563 vtri-

87 1580 694 1626 usquemultisinfirmispostmodumsanitatisbeneficiarestituit.
728 1575 790 1618 Sanc·

87 1640 127 1669 tum
135 1635 184 1669 enim
193 1633 297 1676 Godricum,
302 1639 364 1679 utpote
372 1634 493 1669 confessionis
500 1639 519 1669 et
527 1634 637 1669 conscientie
646 1634 693 1669 illius
701 1635 790 1677 medicus,

88 1688 151 1731 sepius
159 1686 239 1720 inuisere
247 1692 265 1720 et
275 1687 341 1730 alloqui
349 1688 448 1721 consueuit.
472 1687 500 1721 De
508 1688 577 1721 morbis
584 1686 669 1720 vitiorum
677 1693 695 1721 et
702 1688 790 1721 virtutum

88 1739 180 1782 remediis,
193 1739 216 1774 de
227 1740 304 1775 secretis
316 1739 413 1775 celestibus
424 1744 442 1775 et
454 1739 541 1785 angellus
552 1739 690 1783 visitationibus,
703 1740 726 1775 de
737 1751 790 1775 sanc·

59 1812 80 1841 30
88 1798 148 1828 torum
163 1792 268 1838 patrociniis
283 1792 416 1828 interserentes
421 1794 432 1835 ⁶,
443 1793 492 1828 diem
508 1803 549 1828 cum
561 1794 644 1828 noctibus
656 1794 790 1829 continuabant.

88 1846 171 1890 Cumque
182 1845 271 1880 Godricus
282 1847 356 1880 tandem
367 1846 386 1879 in
396 1847 442 1880 cella
452 1857 485 1880 sua
496 1847 609 1889 consisteret,
617 1846 662 1881 vidit
671 1848 718 1880 duos
728 1857 791 1881 muros

88 1900 175 1935 candidos
194 1900 217 1934 ad
238 1899 297 1935 celum
316 1910 374 1945 vsque
393 1904 493 1945 porrectos,
512 1899 561 1935 inter
580 1900 639 1945 quos⁹
658 1905 696 1935 tres
715 1900 791 1945 spiritus

88 1954 164 1996 angelici
176 1954 294 1996 apparebant,
306 1953 336 1997 qui
348 1953 433 1997 spiritum
445 1953 511 1996 prefati
522 1954 593 1988 abbatis
605 1956 624 1988 in
636 1954 690 1997 globo
701 1954 756 1997 igneo
768 1956 791 1988 ad

88 2016 169 2049 superna
177 2005 284 2040 deserebant
291 2006 308 2040 ¹⁰.
331 2005 383 2040 Vnus
391 2016 402 2040 a
410 2005 485 2048 dextris
493 2006 539 2040 alter
549 2017 560 2040 a
568 2005 647 2041 sinistris
655 2007 791 2050 procedebant3

61 2075 79 2104 35
88 2058 152 2093 tertius
160 2069 216 2102 supra
223 2058 305 2093 omnium
313 2059 400 2094 verticem
408 2060 464 2093 nimia
471 2070 513 2094 curn
521 2059 632 2094 exultatione
640 2059 716 2103 preibat.
739 2060 791 2094 ‘Non

89 2113 144 2154 enim,
156 2111 214 2155 inquit
226 2112 321 2155 Godricus,
333 2112 443 2157 disponente
454 2113 528 2147 domino
540 2113 590 2147 solus
601 2123 612 2146 a
624 2122 701 2156 corpore
713 2113 792 2157 migrare

89 2165 152 2209 potuit,
161 2164 202 2210 quia
210 2176 252 2199 cum
260 2176 282 2199 eo
290 2166 368 2210 quedam
378 2167 426 2201 bone
433 2166 470 2201 vite
480 2166 549 2201 femina
558 2166 581 2199 de
590 2164 691 2209 Hastinges
701 2166 791 2208 discessit,

90 2218 164 2252 nomine
180 2219 251 2252 Editha.
274 2219 297 2252 Et
314 2220 355 2252 licet
370 2219 437 2253 suerint
452 2220 507 2262 longo
522 2225 613 2252 terrarum
628 2219 691 2262 spacio
706 2221 792 2263 separati,

90 2271 156 2304 eadem
163 2275 225 2304 tamen
234 2270 279 2303 hora
286 2271 304 2304 in
312 2271 377 2305 eadem
385 2271 501 2305 beatitudinis
512 2276 562 2305 sorte
572 2276 615 2304 sunt
625 2270 721 2305 coniuncti.
744 2272 792 2306 Irru-

62 2339 82 2370 40
90 2328 144 2359 erunt
159 2324 178 2358 in
192 2334 288 2358 occursum
302 2325 384 2359 eiusdem
398 2325 469 2359 abbatis
484 2324 559 2368 spiritus
574 2335 664 2369 nequam;
682 2325 715 2360 sed
729 2326 793 2360 decer·

90 2378 171 2411 cantibus
182 2388 216 2421 pro
227 2389 249 2410 eo
261 2377 336 2421 angelis,
348 2377 431 2411 diabolus
445 2377 464 2411 in
476 2389 510 2412 sua
520 2379 659 2421 presumptione
671 2378 793 2420 confunditur,

90 2438 107 2466 et
117 2431 136 2465 in
144 2430 205 2465 sinum
216 2430 290 2464 Abrahe
299 2430 392 2465 Rohertus
400 2441 466 2465 seruus
474 2429 542 2466 Christi
549 2430 651 2475 excipitur!
674 2431 724 2466 Obiit
731 2438 793 2467 autem

110 2522 167 2551 1ΒοΙΙ.
175 2522 206 2558 qui.
244 2521 279 2550 2Ε.
287 2522 388 2551 coadunatus.
424 2521 526 2552 ’T.absorti.
559 2522 738 2557 ¹T.reddiderunt;E.
746 2523 799 2552 dede-1

91 2566 132 2591 runt.
184 2560 254 2591 ⁵om.in
262 2559 281 2590 T.
331 2560 444 2598 'Bolletqu
492 2559 527 2590 lE.
535 2560 612 2598 spiritum.
662 2559 793 2591 'Bellinterse

91 2602 192 2632 disserentes.
233 2600 239 2620 ⁹
249 2609 268 2631 so
276 2600 298 2637 L..
305 2600 323 2632 T.
332 2600 350 2631 E.
357 2601 374 2632 in
381 2610 417 2639 quo.
459 2599 470 2619 ¹⁰
480 2600 498 2633 T.
507 2600 612 2633 deferrebant.
