1762 2803
242 143 289 199 De
304 140 404 196 &uncto
421 139 566 198 duthbtttt.
711 156 754 198 ²19

51 263 73 297 Et
83 262 150 306 gratias
159 264 194 298 deo
203 275 260 309 agens
270 263 330 298 socios
341 265 364 297 ad
375 264 486 298 laudandum
496 264 551 298 deum
560 262 672 307 prouocauit,
681 261 755 297 dicens:

50 317 110 357 ‘Heu,
122 317 185 361 inquit,
198 317 265 358 miseri,
279 317 310 362 qni
325 327 403 361 sompno
421 322 439 351 et
454 317 519 351 inertie
535 316 597 358 dediti,
608 326 645 350 non
662 325 756 350 meremur

50 377 124 413 semper
134 370 247 415 vigilantium
259 369 384 405 ministrorum
398 368 465 404 Christi
480 379 556 405 cernere
571 367 637 403 lucem.
665 367 693 402 En
709 367 755 413 ipsc,

50 433 91 457 cum
107 424 178 458 modico
194 425 252 459 noctis
268 430 351 468 tempore
367 423 444 468 peruigil
461 434 539 465 orarem,
551 429 602 457 tanta
618 422 648 456 dei
664 421 755 465 magnalia

50 476 151 518 conspexi:
170 476 241 520 Aperta
252 482 280 510 est
291 477 346 510 ianua
357 475 396 517 celi,
409 482 427 509 et
441 475 526 510 inductus
542 476 584 510 illuc
601 474 684 519 angelico
699 474 772 515 comi-5

49 533 87 562 tatu
103 528 177 573 spiritus
193 529 287 565 cuiusdam
303 529 372 565 sancti:
389 529 419 574 qui
434 539 487 570 nunc,
501 529 554 564 nobis
567 529 586 564 in
600 529 663 564 infima
678 528 755 572 ealigine

49 582 171 624 versantibus,
183 593 263 626 superne
275 582 375 617 mansionis
386 581 462 625 gloriam
474 592 495 616 ae
507 593 569 626 regem
582 582 675 616 Christum
687 592 754 625 perpe-

50 638 81 666 tuo
96 634 161 667 beatus
176 635 260 668 intuetur.
291 634 314 668 Et
329 634 403 679 quidem
418 634 466 668 hunc
481 635 511 668 vel
530 635 637 678 episcopum
654 634 755 678 quemlibet

50 691 139 729 sanctum,
150 687 179 721 vel
191 687 278 723 eximium
290 688 313 723 de
325 688 405 722 fidelium
423 697 499 722 numero
514 686 574 721 virum
591 686 648 721 fuisse
664 686 755 727 existimo,

51 749 105 782 quem
117 745 166 773 tante
178 741 276 783 splendore
288 740 338 782 lucis,
350 744 376 774 tot
386 739 491 774 ducentium
505 738 582 773 chor0s¹
595 738 702 782 angelorum
716 738 753 782 [ad]
764 751 783 772 ro

50 792 100 825 celos
117 791 190 827 allatum
205 792 252 828 vidi.¹
283 792 406 838 Agnouitque,
418 803 473 827 mane
483 792 536 835 sacto,
548 791 647 827 antistitem
663 791 755 827 lindisfar-

50 856 128 880 nensem
141 847 239 888 Aidanum,
250 857 316 890 magne
328 846 399 881 virtutis
414 846 480 887 virum,
496 846 562 880 eodem
577 851 660 888 tempore
675 845 755 885 celestia,

51 899 74 931 de
89 910 166 943 corpore
179 905 258 943 raptum,
269 910 326 943 regna
341 899 415 942 petisse⁴
444 899 467 932 Et
482 898 543 932 statim
558 908 626 941 pecora
641 908 676 941 que
691 908 755 941 pasce·

51 951 80 985 bat
92 951 130 985 suis
141 952 221 986 dominis
231 952 369 993 commendans,
378 951 509 986 monasterium
519 957 583 995 petere
594 951 681 985 decreuit.
726 943 756 984 Ea

50 1008 164 1047 tempestate,
176 1004 256 1038 instante
267 1004 304 1036 iam
315 1014 394 1047 vespera
406 1015 447 1036 cum
459 1009 544 1037 cerneret
555 1014 576 1037 se
592 1004 627 1037 iter
642 1003 756 1048 propositum
766 1017 783 1046 ¹5

51 1056 104 1089 finire
112 1066 148 1089 non
159 1066 220 1100 posse,
229 1057 321 1100 quoddam
331 1060 425 1099 pastorum
436 1055 632 1099 desertumtugurium
644 1055 756 1099 ingrediens,

51 1113 68 1142 et
81 1108 158 1143 orationi
168 1119 242 1151 vacans,
252 1108 296 1142 vidit
306 1119 373 1153 equum
385 1108 433 1142 elato
444 1119 518 1143 sursum
530 1108 589 1153 capite
600 1114 647 1142 tecta
660 1119 703 1142 case
717 1119 757 1142 car-

51 1167 126 1205 pentem
143 1173 175 1196 ore
192 1162 269 1207 nisuque
286 1162 395 1202 trahentem,
410 1167 464 1205 atque
483 1161 531 1196 inter
549 1161 633 1197 cadentia
651 1161 692 1196 lena
708 1161 756 1203 tecti,

50 1214 152 1249 inuolutum
168 1216 236 1259 pariter
251 1215 336 1249 decidere
350 1214 451 1248 lintheum:
468 1219 486 1248 et
499 1214 595 1249 dimidium
607 1214 660 1259 panis
672 1214 725 1249 calidi
738 1220 756 1249 et

51 1278 125 1302 carnem
137 1280 171 1312 pro
184 1280 220 1302 vna
234 1268 332 1302 refectione
345 1267 472 1309 sufficientem,
483 1268 585 1302 inuolutum
601 1268 670 1303 lintheo
681 1267 755 1302 inuenit.
765 1283 784 1304 ro

52 1320 75 1355 Et
90 1321 157 1364 gratias
172 1332 229 1364 agens
243 1323 284 1362 deo,
299 1321 352 1364 panis
372 1320 467 1355 dimidium
488 1331 535 1365 equo
556 1321 611 1362 dedit,
627 1326 645 1355 et
665 1320 756 1364 reliquum

51 1383 85 1406 suo
96 1374 148 1407 vsui²
158 1374 262 1407 rescruauit,
308 1367 358 1408 Cum
370 1373 420 1407 enim
431 1374 455 1406 ad
470 1373 544 1406 Mailros
556 1373 687 1407 monasterium
700 1374 756 1407 deue-

51 1425 115 1468 nisset,
128 1426 207 1461 Boisilus
218 1426 246 1461 vir
257 1431 336 1468 sanctus,
349 1425 431 1460 eiusdem
447 1426 553 1460 monasterii
569 1426 680 1470 prepositus,
695 1425 766 1470 ipsum·

51 1478 122 1521 videns,
138 1478 202 1522 spiritu
218 1483 281 1513 sancto
296 1479 372 1513 edoctus
387 1478 422 1513 hoe
436 1489 494 1513 vnum
509 1477 557 1523 dixit
567 1478 679 1513 astantibus:
698 1478 757 1513 ‘Eece

52 1541 118 1565 seruus
133 1531 172 1565 dei!
209 1531 232 1565 Et
248 1542 322 1566 causam
341 1530 369 1565 sui
388 1530 459 1566 itineris
477 1531 559 1574 audiens,
578 1532 653 1566 adduxit
672 1542 715 1566 eum
733 1532 756 1565 ad
766 1547 784 1577 ²5

51 1585 135 1619 abbatem
151 1585 246 1627 Eatanum,
261 1590 325 1629 postea
340 1584 501 1620 lindisfernensem
519 1585 631 1630 episcopum,
647 1590 665 1619 ct
683 1590 758 1630 accepta

51 1642 127 1672 tonsura
138 1638 214 1672 fratrum
228 1638 314 1682 iungebat
330 1638 426 1673 consortio.
456 1638 492 1681 Qui
507 1638 603 1683 ingressus
620 1638 757 1682 monasterium,

52 1691 148 1726 confestim
165 1692 250 1735 equalem
269 1691 335 1726 ceteris
354 1691 440 1726 iratribus
458 1691 495 1726 vite
514 1692 604 1736 regularis
622 1693 757 1727 obseruantiam

51 1749 115 1778 tenere
128 1745 206 1786 curabat,
218 1745 291 1789 legendi
301 1744 386 1779 videlicet
395 1750 413 1778 et
424 1745 519 1788 operandi,
528 1744 615 1789 vigilandi
627 1751 681 1789 atque
693 1746 757 1779 orandi

52 1796 146 1831 solerterl.
203 1790 275 1832 Placuit
292 1803 333 1842 post
350 1797 385 1832 hee
402 1797 441 1842 regi
457 1797 533 1840 Alfrido,
552 1799 618 1841 locum,
636 1799 666 1843 qui
682 1804 785 1841 vocatur3o

53 1850 121 1893 Ripun,
133 1852 156 1884 ad
170 1852 313 1884 construendum
325 1851 457 1884 monasterium
470 1851 540 1885 Eatano
553 1850 613 1885 abbati
625 1852 699 1885 donare.
722 1852 757 1894 Qui

52 1903 183 1936 monasterium
196 1902 221 1936 ibi
232 1908 346 1944 construens,
360 1903 481 1935 Cuthbertum
493 1903 652 1947 suscipiendorum
665 1903 757 1946 hospitum

52 1954 113 1987 officio
128 1955 227 2000 deputauit.
257 1954 293 2000 Qui
308 1954 338 1989 die
353 1955 431 1998 quadam
445 1954 531 1990 iuuenem
545 1955 636 2000 quendam
650 1956 673 1990 ad
685 1961 756 2000 portam

52 2007 148 2042 sedentem
167 2007 269 2050 inueniens,
292 2007 345 2042 solito
368 2007 485 2042 humanitatis
507 2018 560 2043 more
582 2007 668 2053 suscepit,
690 2018 756 2052 aquam

53 2060 139 2095 manibus
154 2061 209 2104 dedit,
224 2061 283 2106 pedes
300 2060 361 2103 abluit,
381 2060 451 2096 lintheo
472 2061 554 2104 extersit,
574 2062 664 2096 souendos
682 2066 757 2105 propter
765 2075 783 2105 35

53 2114 110 2158 frigus
126 2114 218 2149 humiliter
233 2114 317 2149 manibus
329 2125 363 2148 suo
376 2114 395 2148 in
408 2114 449 2148 sinu
463 2115 570 2160 composuit.
600 2114 691 2158 Apposuit
704 2125 756 2149 men-

52 2177 98 2208 sam,
112 2168 212 2201 sumendas
227 2167 291 2201 obtulit
308 2178 366 2209 escaS,
381 2173 399 2202 et
416 2167 450 2202 ait:
470 2169 556 2203 ‘obsecro
572 2173 595 2210 te,
617 2166 680 2211 inquit,
695 2166 756 2209 irater,

52 2219 129 2262 reficias,
141 2220 185 2254 dum
197 2220 270 2254 rediens
282 2231 349 2264 panem
361 2220 439 2255 calidum
451 2220 518 2257 affero:
536 2232 590 2266 spero
602 2220 650 2254 enim
662 2219 704 2264 quia
719 2220 755 2254 iam

53 2273 98 2307 cocti
111 2275 163 2307 sunt?
185 2273 211 2306 At
219 2274 250 2306 vbi
261 2273 319 2315 rediit,
330 2274 421 2318 hospitem
435 2285 472 2308 non
485 2274 559 2308 inuenit.
582 2273 670 2316 Explorat
680 2273 756 2317 vestigia

53 2326 101 2369 qua⁴
117 2328 158 2368 iret,
173 2327 207 2359 sed
224 2325 272 2359 nulla
283 2325 355 2368 vspiam
372 2326 447 2360 inuenit.
475 2327 548 2360 Recens
563 2331 623 2359 autem
639 2325 671 2358 nix
687 2330 756 2359 terram
764 2336 785 2365 40

53 2383 156 2422 operuerat,
170 2389 206 2422 que
218 2377 269 2412 lacile
281 2377 347 2412 viantis
362 2377 396 2412 iter
408 2379 500 2422 proderet,
513 2383 530 2412 et
542 2388 578 2421 quo
592 2377 690 2412 declinaret
704 2388 757 2412 mon-

53 2437 124 2465 straret.
155 2431 271 2475 Stupeiactus
288 2430 317 2465 vir
334 2431 409 2472 domini,
427 2441 511 2465 mensam
531 2431 613 2474 reposuit
631 2430 650 2464 in
669 2432 758 2467 conclaui.

54 2483 92 2518 Sed
109 2483 218 2527 regressus⁶
230 2483 321 2526 continuo,
335 2483 408 2518 obuiam
422 2483 485 2518 habuit
500 2482 542 2517 miri
558 2482 619 2518 odoris
633 2484 757 2529 fragrantiam.

74 2548 195 2578 ¹Bed.ehon's.
266 2547 369 2578 ²Bed.esui,
438 2547 587 2578 ³Bed.s0hero·or.
656 2548 756 2588 ‘Bedquo

52 2588 59 2606 ⁵
69 2588 107 2618 Bed.
117 2588 163 2625 Quod
170 2589 255 2627 ingressus.
