1762 2803
243 98 291 154 Bc
305 96 411 151 nancto
425 96 583 151 namucno.
724 111 768 157 349

64 219 97 253 sed
105 223 124 254 vt
132 225 248 255 conuertatur
256 226 274 255 et
281 219 336 255 viuat.
358 219 404 255 Ideo
411 229 491 264 namque
499 219 596 264 vnicuique
604 219 696 265 peccatori
703 219 770 255 dicitur

67 284 102 317 per
109 275 218 319 prophetam
226 287 230 309 ι
242 275 252 293 “
258 274 334 309 Declina
342 284 353 308 a
360 273 409 309 malo
417 279 435 308 et
442 272 470 308 sac
478 273 557 309 bonum:
569 272 642 320 inquire
650 285 715 319 pacem
725 273 769 319 [et]¹

67 338 146 372 sequere
153 330 211 363 eam.”
230 328 254 362 Et
261 328 336 363 iterum:
348 328 451 369 “Peccasfi,
459 328 550 372 quiesce.¹’
570 327 693 363 Penitentiam
700 327 770 373 quippe

64 391 120 425 agere
131 387 164 424 est,
176 387 271 426 peccatum
285 386 411 427 perpetratum
422 381 514 417 dimittere
531 381 621 427 bonisque
636 392 711 426 semper
725 392 770 426 ope·

64 434 115 469 ribus
134 435 219 470 inherere
239 441 256 469 et
275 447 338 469 veram
356 446 421 478 pacem
438 434 539 469 dilectionis
558 435 589 469 dei
608 440 626 470 et
645 435 725 478 proximi
743 435 787 471 in-5

64 488 137 530 quirere
149 496 227 531 eamque
237 488 332 531 sequendo
344 487 386 521 totis
398 486 469 521 nisibus
481 497 574 521 exercere.
596 486 664 521 Parum
676 485 771 531 [et]enim²

64 539 146 584 proderit
159 541 250 585 peccatori
262 551 273 575 a
284 545 360 584 peccato
370 550 450 583 cessare,
462 539 498 574 nisi
507 540 579 574 studeat
591 539 664 575 ieiuniis
675 545 693 574 et
704 540 770 575 oratio·

65 593 119 628 nibus
130 593 272 638 elemosinisque
282 593 402 629 commissum
412 593 488 636 deflere,
495 597 520 634 vt,
528 593 574 628 sicut
586 593 672 628 extiterat
683 598 770 638 operator

64 647 141 689 malicie,
149 648 174 682 ita
182 658 254 692 quoque
265 647 354 682 efficiatur
360 652 403 692 post
410 651 506 691 peccatum
517 646 575 680 cultor
582 645 659 681 iusticie.
681 646 768 692 Alioquin

67 701 133 743 quodsi
146 700 212 744 aliquis
225 711 263 734 non
276 699 358 744 deliquit,
371 706 432 735 tamen
445 699 500 734 debet
513 700 602 734 exhibere
614 700 701 734 mandata
715 705 770 743 atque
780 705 798 726 ¹0

64 752 202 786 iustificationes
210 753 277 787 Christi
289 757 365 797 propter
372 756 507 787 sacramentum
519 751 562 787 fidei
570 752 619 796 quod
630 751 649 786 in
660 751 769 797 baptismate

65 805 154 848 promisit,
167 805 209 849 quia
222 805 274 841 diues
288 807 319 850 qui
331 805 425 851 purpura⁸
440 809 458 840 et
472 804 524 839 bisso
537 805 647 839 induebatur
657 811 676 840 et
689 804 770 850 quotidie

65 859 161 903 splendide
174 860 285 904 epulabatur,
299 871 336 894 non
347 858 434 905 proprio⁴
445 863 496 894 reatu
509 859 621 905 dampnatur
636 858 723 902 criminis,
735 860 769 893 sed

64 918 164 957 propterea
171 914 220 957 quod
227 912 246 946 in
254 924 337 957 paupere
349 923 386 946 non
394 912 477 947 exhibuit
488 912 570 947 officium
578 911 677 947 eharitatis.
696 912 770 954 iccirco,

63 965 135 1008 iratres,
149 967 225 1010 satagite
237 972 335 1010 vtrumque
347 976 409 1010 agere,
421 966 456 1000 hoc
469 970 497 1000 est
512 965 535 999 ad
551 965 621 1000 iontem
636 965 727 1009 sapientie
739 976 769 1000 ac·
779 973 796 1003 ¹⁵

64 1019 136 1059 cedere,
143 1024 162 1053 et
168 1029 191 1053 ex
197 1030 220 1053 eo
228 1018 314 1062 potando,
321 1016 456 1053 immunditiam
464 1016 587 1052 cordisvestri
593 1017 769 1061 abluere,Christum

65 1072 120 1105 deum
126 1077 144 1106 et
149 1072 243 1106 dominum
249 1071 387 1106 misericordem
393 1071 495 1105 animarum
502 1081 637 1116 corporumque
645 1071 736 1105 medicum
743 1072 769 1104 in-

64 1125 172 1160 desinenter
179 1130 273 1170 expetere,
280 1124 342 1170 illique
348 1131 410 1161 vestra
418 1124 463 1160 colla
468 1123 532 1159 humili
542 1135 563 1160 ac
569 1123 627 1159 nitida
633 1124 770 1170 [con]scientia⁸

64 1179 104 1213 eius
117 1184 204 1222 precepta
217 1180 308 1213 seruando
320 1178 417 1220 subiicere,
428 1178 527 1222 ipsumque
539 1189 563 1212 ex
575 1183 613 1212 toto
629 1179 685 1212 corde
700 1184 719 1211 et
732 1183 769 1212 tota

63 1231 130 1266 virtute
143 1231 224 1276 diligere,
237 1237 255 1266 et
270 1232 293 1267 ad
307 1231 365 1276 ipsius
379 1230 476 1266 ecclesiam
491 1230 541 1266 omni
557 1236 641 1276 tempore
653 1240 768 1274 concurrere,
777 1240 797 1263 πο

64 1296 130 1328 preces
141 1287 164 1320 ad
176 1285 226 1320 illum
239 1296 273 1329 pro
280 1285 347 1320 vestris
359 1285 468 1319 excessibus
479 1285 580 1325 effundere,
588 1285 690 1319 oblationes
697 1291 769 1320 vestras

64 1337 104 1372 sine
113 1337 154 1372 dolo
160 1337 185 1372 illi
193 1338 265 1379 offerre,
273 1338 378 1372 sacerdotes
386 1338 483 1378 honorare,
491 1343 509 1372 et
515 1337 617 1371 doctrinam
625 1337 769 1381 euangeliorum,

65 1403 101 1436 que
112 1402 147 1436 per
159 1402 190 1427 eos
202 1391 343 1427 manifestantur
349 1390 360 1431 ⁸,
372 1391 450 1436 gratuita
463 1401 484 1425 ac
496 1391 551 1426 etiam
562 1390 616 1425 hilari
628 1390 726 1426 deuotione
737 1401 769 1425 ex-

64 1445 138 1489 cipere;
150 1455 215 1480 omnes
227 1444 336 1479 christianos
348 1444 503 1488 quemadmodum
514 1443 598 1479 uosmet⁷
608 1444 660 1489 ipsos
671 1454 738 1486 amare,
750 1451 769 1479 et

63 1498 190 1542 unusquisque
212 1497 307 1532 uestrum⁸
326 1498 399 1532 studeat
422 1497 500 1531 alterum
519 1496 590 1532 honore
611 1497 716 1541 preuenire‚
731 1507 768 1531 non
778 1508 796 1538 ²5

65 1551 180 1593 maledicere,
192 1560 229 1585 non
240 1551 329 1593 occidere,
341 1560 378 1584 non
389 1550 469 1594 aliquem
481 1560 574 1591 accusare,
586 1560 623 1585 non
634 1549 695 1585 vicino
708 1550 769 1585 detra-

64 1603 115 1645 here,
123 1614 160 1638 non
167 1602 253 1638 insidias⁹
260 1603 290 1638 vel
298 1603 374 1647 laqueos
385 1603 409 1637 ad
417 1602 546 1647 decipiendum
558 1602 611 1638 alicui
621 1614 723 1647 opponere,
730 1614 768 1638 non

64 1655 121 1692 furari
132 1667 193 1701 neque
203 1656 282 1702 periuria
289 1656 302 1676 ¹⁰
313 1656 380 1700 tacere,
388 1666 425 1692 non
436 1655 566 1701 blasphemare
573 1656 603 1692 vel
615 1656 709 1701 simplices
720 1657 769 1692 deri·

64 1710 114 1752 dere,
126 1711 159 1745 sed
172 1710 191 1745 in
202 1710 288 1746 omnibus
297 1709 351 1745 bonis
363 1710 450 1755 operibus
461 1721 589 1755 perseuerare,
603 1711 695 1755 deumque
710 1711 769 1745 omni-

64 1768 160 1806 potentem
166 1763 205 1798 siue
211 1764 230 1797 in
238 1763 359 1808 prosperitate
365 1763 395 1798 vel
400 1763 525 1799 aduersitate¹¹
533 1763 583 1798 omni
591 1769 675 1808 tempore
683 1764 768 1799 laudare?
777 1776 797 1805 ³⁰

66 1809 111 1860 Hec
126 1816 187 1860 itaque
203 1818 264 1850 omnia
279 1826 320 1850 cum
334 1816 412 1851 dixisset
427 1821 502 1850 sanctus
518 1816 646 1858 Rumwoldus‚
660 1816 721 1851 cuncti
737 1816 769 1861 qui

64 1869 140 1903 aderant
148 1869 215 1913 gratias
223 1870 258 1903 deo
266 1869 374 1911 referebant,
382 1879 404 1903 eo
412 1868 461 1912 quod
470 1868 489 1903 in
497 1874 534 1903 tam
546 1869 623 1913 paruulo
633 1868 703 1903 infante
710 1870 769 1912 gratia

64 1920 127 1956 diuina
139 1920 241 1966 inspirante
253 1927 303 1956 tanta
317 1922 376 1957 virtus
392 1926 442 1956 esset
457 1920 567 1966 eloquentie.
593 1921 646 1956 Tunc
662 1923 729 1958 iterum
743 1923 768 1957 ait

64 1974 129 2010 beatus
148 1975 280 2010 Rumwoldus:
299 1975 358 2010 ‘Ecce
373 1986 408 2021 ego
422 1974 515 2020 ingredior
529 1975 578 2009 viam
592 1974 679 2011 vniuerse
696 1976 768 2012 carnis:

64 2029 150 2071 quoniam
163 2029 208 2064 mihi
220 2029 248 2063 ias
261 2040 297 2063 non
310 2035 338 2064 est
349 2028 424 2063 viuendi
437 2029 456 2062 in
468 2028 502 2062 hoc
514 2028 586 2063 mortali
597 2039 675 2072 corpore
687 2030 710 2063 ab
723 2030 768 2064 hora
777 2042 795 2071 35

64 2090 101 2124 qua
111 2086 165 2115 natus
176 2092 222 2115 sum.
246 2081 289 2116 Post
301 2081 397 2116 transitum
409 2086 470 2116 autem
482 2091 544 2116 meum
551 2081 593 2116 volo
604 2092 647 2116 esse
656 2081 675 2116 in
683 2081 724 2117 loco
732 2092 768 2127 quo

65 2139 116 2167 ortus
124 2145 165 2168 surn
173 2145 207 2178 per
214 2135 268 2168 vnius
279 2135 323 2168 anni
333 2136 426 2178 spacium3
442 2134 560 2179 postmodum
571 2145 615 2169 vero
626 2134 644 2169 in
653 2134 751 2171 Braccalea
756 2135 769 2155 ¹²

65 2186 151 2221 constitui
162 2197 204 2222 esse
216 2198 250 2233 per
261 2187 361 2222 biennium.
384 2186 449 2222 Finitis
460 2192 521 2223 autern
534 2187 570 2222 hiis
582 2187 641 2223 tribus
654 2187 713 2231 annis,
725 2199 769 2233 pro·

64 2239 118 2283 posui
132 2245 152 2275 vt
166 2250 207 2275 mea
223 2252 265 2275 ossa
280 2241 396 2285 requiescant
410 2241 430 2275 in
448 2239 488 2275 loco
503 2240 535 2285 qui
549 2241 644 2276 vocabitur
658 2242 768 2286 quandoque

65 2291 200 2335 Bukingham¹³
208 2293 258 2326 omni
266 2295 361 2337 tempore!
385 2294 465 2327 Istorum
475 2300 537 2327 autern
549 2294 625 2328 nomina
637 2305 675 2328 non
686 2301 739 2328 erant
746 2306 768 2329 eo
777 2306 797 2335 40

64 2348 148 2389 tempore
155 2344 240 2387 vocata¹⁴,
248 2346 281 2380 sed
289 2352 331 2389 post
339 2346 438 2380 multorum
446 2351 550 2391 temporum
558 2346 647 2381 curricula
655 2346 730 2382 inuenta
737 2348 767 2383 vel

64 2397 137 2442 cognita
144 2402 193 2433 sunt.
216 2397 263 2433 Sunt
271 2409 344 2444 quoque
355 2409 404 2434 nunc
411 2399 454 2435 ville
464 2399 500 2435 illis
508 2399 527 2434 in
535 2399 581 2434 locis
588 2399 628 2442 site,
636 2399 707 2436 seniles
714 2411 768 2446 sege-

84 2482 128 2513 ¹om.
155 2482 186 2513 ²13.
194 2484 241 2514 enirn.
269 2484 345 2522 ³E.inp.
377 2484 422 2515 ⁴vit.
430 2494 465 2524 pro.
494 2484 629 2515 *nascentia
658 2484 768 2523 'Regnum-

64 2522 135 2554 iestatur.
168 2521 274 2556 ⁷E.nosmet.
308 2524 340 2555 ³E.
348 2529 424 2556 nostrum.
457 2524 572 2556 'E.iusideas.
609 2525 768 2563 ¹⁰ch.periurium.

65 2562 197 2595 ¹¹E.auersitate,
219 2563 495 2603 l¹E.bractalea;uorrliracheley.
517 2564 648 2603 ”Rbukingam
669 2565 767 2597 “vinnom
