1762 2803
251 77 297 133 Ut
311 76 411 130 &anun
427 77 533 143 apaten
701 79 743 132 187

44 206 62 235 et
69 198 212 234 ssammiuomam
221 205 303 244 partem:
315 205 334 234 et
341 199 379 234 vidi
389 199 414 234 ibi
424 199 495 244 aliquos
506 208 560 244 reges
567 198 591 233 de
599 207 641 232 meo
648 207 717 243 genere
725 196 744 230 in

43 253 114 298 magnis
126 252 243 297 suppliciis¹:
260 259 278 288 et
289 259 332 288 tunc
345 253 401 288 nimis
412 253 526 297 angustiatus
538 252 599 297 putaui
611 261 641 286 me
652 250 714 286 statim
725 249 744 284 in

42 307 78 342 illis
93 306 188 351 suppliciis
204 307 349 351 demergendum
365 317 375 342 a
390 306 494 352 gigantibus
513 305 623 351 nigerrimis,
638 304 669 350 qui
684 304 745 349 ipsam

42 360 120 395 vattem¹
135 360 289 394 conflammabant
302 361 401 403 generibus
415 360 484 404 ignium
498 360 582 393 diuersis.
605 358 628 392 Et
641 358 694 391 valde
709 363 745 390 tre·

43 422 101 453 mens,
114 411 157 445 filo³
170 412 283 446 illuminante
299 413 361 446 oculos
376 422 428 446 meos
441 411 478 446 vidi
494 423 504 446 e
518 412 575 446 latere
586 410 639 445 vallis
651 409 762 455 paulisper5

42 466 135 500 albescere
142 464 218 506 sumum,
223 464 285 509 ibique
291 466 338 498 duos
344 465 404 498 sontes
409 465 478 499 tluere:
489 476 538 500 unus
544 471 582 499 erat
588 464 665 498 nimium
671 463 746 503 calidus,

43 519 88 552 alter
98 528 142 551 vero
155 519 214 552 clarus
226 524 243 552 et
255 518 338 562 tepidus3
354 524 372 553 et
384 523 436 553 erant
448 518 473 553 ibi
484 518 532 553 dolia
544 519 585 552 duo.
608 518 691 560 Cumque
703 516 746 549 illuc

42 571 88 605 irem
101 570 131 605 filo
143 577 219 615 regente
230 582 306 616 gressus
318 582 376 613 meos,
387 570 425 605 vidi
437 570 456 605 in
468 571 525 606 altero
538 571 587 605 dolio
600 575 672 614 patrem
684 579 746 603 meum

44 623 157 659 Ludouicum
170 635 229 669 usque
244 625 267 659 ad
282 624 352 660 femora
367 629 421 660 stare.
445 624 468 659 Et
481 625 525 659 dum
538 636 599 659 essem
613 623 668 658 nimis
684 622 746 657 dolore

43 676 156 721 angustiatus
161 678 173 721 ⁴,
181 678 237 713 dixit:
250 678 344 712 “Domine
355 678 392 712 tili¹
401 678 426 712 mi
437 678 507 718 Carole,
518 678 555 712 noli
565 678 642 712 timeret
654 675 692 711 scio
704 674 746 720 quia
755 688 773 710 ιο

44 735 145 762 reuertetur
156 741 220 763 rursus
231 731 307 774 spiritus
318 736 361 763 tuus
372 731 395 763 ad
406 740 473 773 corpus
482 735 539 770 tuum,
547 735 565 764 et
576 728 661 774 permisit
671 733 690 762 te
700 728 746 762 deus

43 782 78 816 huc
86 782 155 824 venire,
163 787 182 817 vt
190 783 263 817 videres
273 788 392 827 propterque
402 788 476 826 peccata
485 793 519 826 ego
530 787 548 816 et
558 792 624 817 omnes
632 791 679 825 quos
685 779 747 815 vidisti

43 835 85 869 talia
94 834 193 870 toleramus
205 835 299 880 supplicia.
321 835 363 869 Vno
374 836 424 870 enim
436 834 466 870 die
477 846 518 870 sum
530 834 549 869 in
559 835 595 870 isto
606 834 693 869 sementis
703 832 746 868 dolii

44 888 114 930 balneo,
122 894 140 923 et
152 889 188 923 alto
199 889 228 924 die
235 889 358 924 transmutor¹
366 889 385 924 in
393 889 429 924 isto
438 889 474 924 alio
485 888 596 925 suauissimo
607 898 655 934 aque
667 887 720 929 dolio,
728 892 746 922 et

44 943 78 976 hoc
90 943 110 976 tit
121 944 207 987 precibus
218 943 276 977 sancti
288 944 337 978 Petri
349 950 367 978 et
379 943 437 978 sancti
450 943 536 987 Remigii,
544 942 633 987 quorum¹
640 941 746 986 patrociniis
756 952 773 982 ¹5

44 996 133 1030 hactenus
144 1007 204 1040 genus
215 1001 298 1032 nostrum
310 997 372 1041 regale
383 997 472 1040 regnauit.
495 996 532 1031 Sed
542 996 558 1030 si
569 995 614 1031 mihi
626 994 746 1030 subueneris¹

44 1048 78 1081 cito
86 1049 141 1082 tu¹et
149 1050 186 1083 mei
194 1050 281 1093 episcopi,
286 1051 361 1084 abbates
369 1055 387 1083 et
395 1049 455 1083 omnis
463 1051 508 1083 ordo
516 1049 650 1084 ecclesiasticus
658 1048 720 1082 missis
728 1052 746 1081 et

44 1100 156 1135 orationibus
168 1106 186 1136 et
197 1102 279 1146 psalmis,
286 1102 352 1146 vigiliis
364 1107 382 1137 et
394 1102 505 1143 elemosinis,
513 1103 536 1136 de
548 1102 583 1136 isto
594 1110 641 1145 aque
653 1099 745 1135 bullientis

44 1153 92 1187 dolio
97 1153 111 1173 ¹⁰
116 1154 152 1189 cito
157 1154 252 1190 liberabor.
276 1154 323 1190 Nam
329 1155 385 1191 trater
392 1165 444 1190 meus
450 1154 548 1190 Lotharius
556 1159 574 1190 et
582 1154 621 1189 eius
629 1154 678 1189 lilius
685 1153 746 1188 Ludo·

44 1207 95 1242 uicus
110 1209 168 1242 sancti
182 1209 231 1243 Petri
244 1210 339 1253 sanctique
353 1209 433 1253 Remigii
447 1209 533 1253 precibus
548 1210 571 1243 de
585 1208 638 1253 penis
653 1207 694 1242 istis
708 1207 745 1242 iam
755 1221 774 1241 ιο

44 1261 125 1305 exempti
132 1261 151 1296 in
157 1262 238 1306 paradisi
246 1263 332 1307 gaudium
338 1262 420 1297 translati
428 1264 486 1298 sunt,'‘
509 1262 532 1298 Et
539 1262 584 1297 dixit
592 1261 647 1297 mihi:
660 1262 669 1280 ‘¹
675 1261 745 1302 Carote,

45 1314 116 1357 respice
128 1315 268 1349 sinistrorsum¹¹
291 1315 315 1349 Et
325 1316 406 1359 respexi,
415 1321 433 1348 et
443 1315 480 1349 vidi
491 1317 527 1349 duo
537 1315 584 1348 dolia
593 1314 688 1348 bullientia
697 1314 746 1347 altis-

45 1365 96 1399 sima.
119 1368 129 1384 ¹‘
136 1367 178 1410 Ista,
186 1368 249 1411 inquit,
257 1368 288 1401 tibi
297 1374 339 1402 sunt
347 1373 449 1411 preparata,
457 1367 492 1402 nisi
500 1374 518 1402 te
526 1366 655 1403 emendaueris
662 1366 746 1411 peniten-

44 1418 462 1465 tiamqueegerisdetuisnephandisdelictis.¹¹
478 1418 746 1465 Tunccepigrauiterhorrere.

46 1470 128 1507 Cernens
140 1478 201 1507 autem
212 1474 276 1508 ductor
286 1485 339 1508 meus
349 1485 380 1508 me
389 1473 408 1507 in
416 1479 466 1507 tanto
474 1484 548 1518 pauore,
556 1474 602 1507 dixit
611 1474 634 1507 ad
645 1484 686 1507 me:
698 1475 708 1491 ‘¹
713 1473 746 1507 Se·
755 1485 773 1515 ²5

46 1534 101 1567 quere
112 1527 157 1560 me.'¹
181 1526 205 1560 Et
216 1537 257 1561 cum
268 1527 388 1571 graderemur
398 1527 421 1560 ad
432 1527 527 1561 dexteram
537 1525 681 1561 luculentissime
688 1525 746 1568 vallis,

46 1579 180 1623 contemplatus
192 1591 233 1615 sum
245 1579 264 1615 in
275 1580 346 1624 ingenti
356 1581 437 1615 claritate
449 1581 514 1615 sedere
526 1591 567 1615 cum
577 1579 662 1624 gloriosis
673 1579 747 1623 regibus

46 1629 153 1664 Lotharium
161 1634 271 1666 auunculum
279 1644 341 1666 meum
351 1643 408 1676 super
415 1633 495 1676 lapidem
503 1633 594 1676 topazium
602 1632 649 1665 mire
657 1632 747 1675 magnitu-

46 1681 98 1725 dinis,
105 1691 210 1719 coronatum
217 1685 321 1720 diademate
328 1684 417 1730 precioso,
425 1690 444 1719 et
451 1684 501 1720 iuxta
510 1694 553 1720 eum
561 1684 681 1719 Ludowicum
688 1684 747 1719 tilium

46 1735 84 1770 eius
92 1737 175 1772 similiter
183 1742 293 1774 coronatum.
316 1737 423 1785 Vidensque
430 1749 466 1782 me,
473 1738 539 1774 blanda
545 1749 590 1775 voce
598 1737 654 1774 dixit:
666 1738 747 1774 “Carole
755 1750 775 1780 30

46 1799 141 1826 successor
148 1802 206 1834 meus,
214 1793 256 1827 veni
268 1793 291 1827 ad
302 1803 333 1827 me
340 1794 345 1826 t
367 1792 410 1827 Scio
417 1792 460 1837 quia
467 1803 502 1836 per
509 1792 594 1837 penalem
606 1791 665 1826 locum
674 1791 747 1834 venisti,

45 1842 75 1876 vbi
86 1850 115 1878 est
126 1850 178 1887 pater
189 1850 232 1879 tuus
243 1845 299 1879 frater
309 1845 475 1886 meusvterinus¹¹‚
482 1846 516 1879 sed
524 1856 559 1890 per
566 1844 709 1879 misericordiam
717 1843 747 1878 dei

46 1894 80 1929 cito
87 1897 110 1930 de
118 1897 172 1940 penis
180 1897 215 1931 illis
223 1898 333 1938 liberabitur,
340 1898 386 1931 sicut
392 1904 410 1932 et
416 1908 451 1932 nos
459 1898 529 1932 liberati
536 1908 606 1938 sumus,
612 1897 682 1931 meritis
689 1897 747 1931 sancti

46 1946 95 1981 Petri
103 1953 121 1982 et
129 1949 187 1983 sancti
196 1949 280 1993 Remigii,
289 1949 317 1983 cui
323 1950 335 1970 ¹¹
342 1950 388 1984 deus
400 1959 487 1993 magnum
496 1950 618 1997 apostolatum
629 1948 679 1982 dedit
690 1959 748 1993 super

47 2009 99 2044 reges
105 2006 123 2035 et
131 2008 195 2046 gentes
202 2002 314 2036 Francorum
322 2014 326 2036 :
338 2002 369 2045 qui
377 2002 412 2036 nisi
419 2001 520 2046 quisquiliis
527 2001 635 2047 propaginis
640 2006 703 2035 nostre
710 2001 748 2036 suf·
756 2012 775 2041 35

46 2051 126 2099 tragatus
138 2055 197 2099 fuerit,
206 2055 242 2092 iam
251 2055 322 2091 desinet
327 2055 340 2077 ¹³
348 2055 455 2101 genealogia
462 2063 525 2091 nostra
535 2055 626 2102 imperare
636 2062 654 2091 et
664 2067 747 2101 regnare.

46 2105 100 2143 Vnde
114 2109 151 2143 scio
162 2110 248 2154 quoniam
263 2110 337 2144 tolletur
351 2109 404 2144 citius
419 2115 501 2154 potestas
516 2109 588 2154 imperii
603 2110 627 2145 de
641 2120 697 2144 manu
712 2115 748 2151 tua,

47 2165 64 2192 et
78 2167 142 2203 postea
154 2163 265 2205 pamissimo
276 2163 329 2196 viues
341 2164 440 2205 tempore?
462 2163 514 2196 Tunc
528 2173 630 2196 conuersus
643 2168 705 2196 contra
718 2172 749 2196 me

47 2209 151 2269 ludouieus
163 2214 212 2249 filius
225 2215 265 2249 eius
277 2215 322 2250 dixit
336 2215 391 2250 mihi:
407 2216 417 2233 ¹¹
423 2215 524 2260 Imperium
536 2215 585 2259 quod
596 2214 686 2250 hactenus
696 2220 749 2250 tenu·

47 2265 81 2308 isti,
89 2266 129 2301 iure
140 2267 250 2301 hereditario
261 2268 315 2302 debet
326 2267 420 2313 suscipere
428 2267 533 2303 Ludouious
543 2267 592 2302 filius
601 2268 639 2302 filie
646 2269 703 2303 mee.'’
726 2267 749 2303 Et
757 2278 777 2308 40

47 2316 81 2353 hoc
88 2320 135 2354 dicto
141 2320 217 2365 visu[m]
222 2321 235 2342 ¹⁴
241 2327 269 2356 est
275 2321 320 2356 mihi
325 2321 382 2356 affore
386 2322 405 2356 in
410 2322 545 2366 presentiarum
550 2322 664 2356 Ludouicum
670 2321 749 2356 infantu-

57 2401 99 2436 ,¹E.
108 2405 183 2442 supliciis.
223 2404 257 2435 1Ε.
265 2405 320 2436 valem.
368 2405 439 2436 ⁸E.fiti.
483 2405 633 2443 ¹T.angnstianus.
678 2405 749 2436 ’omia

47 2439 106 2474 ΠΒ,
164 2444 200 2475 οιιΙ.
209 2446 309 2474 transmittor.
370 2444 477 2476 τἮλςυίιιε.
537 2445 749 2481 ⁵s0T.;E.subuenerint.

47 2478 52 2495 ⁰
62 2481 80 2512 T.
89 2484 107 2512 E.
115 2485 143 2516 tut.
184 2485 195 2502 ¹⁰
206 2485 224 2514 E.
232 2486 285 2514 doleo.
320 2484 331 2502 ¹¹
341 2485 377 2514 VB.
383 2485 400 2513 in
408 2485 463 2514 termis
469 2485 499 2514 sibi
506 2485 589 2515 destinatis
596 2485 663 2522 positus.
693 2484 705 2501 ¹¹
713 2484 749 2515 VB.

47 2521 106 2554 quibus.
157 2524 169 2542 ¹³
179 2523 213 2554 VB.
220 2524 306 2554 desineret.
345 2523 357 2540 ¹¹
366 2524 384 2553 T.
392 2524 410 2553 E.
416 2524 465 2555 visus.
