1762 2803
229 104 275 159 Bt
290 101 390 154 &aaut
406 103 527 156 brutino
543 113 608 165 tago.
723 109 767 161 263

66 223 149 259 faciebat.
171 222 205 259 Cui
217 234 251 259 rex
260 222 358 258 Oswaldus
369 223 420 258 dedit
431 223 491 258 locum
503 223 553 259 sedis
564 223 679 268 episcopalis,
686 223 717 258 vbi
728 223 768 269 ipse

66 279 145 322 petebat,
158 279 177 312 in
192 278 252 312 insula
267 276 413 312 lindisfarnensi:
431 276 461 321 qui
476 277 514 312 scil.
527 277 578 312 locus
593 277 691 312 accedente
706 288 769 311 acre·

66 331 145 366 cedente
153 335 235 366 reumate
243 330 272 365 bis
279 330 360 374 quotidie
369 330 428 365 instar
434 331 495 365 insule
502 330 559 365 maris
567 330 702 366 circumluitur¹
710 331 770 372 vnclis,

66 384 95 419 bis
109 386 198 419 renudato
211 384 271 418 littore
284 385 380 428 contiguus
392 389 442 418 terre
455 384 547 426 redditum
564 390 618 429 atque
633 384 673 418 eius
688 385 770 418 admoni-

66 437 146 471 tionibus
157 437 249 470 humiliter
260 447 281 469 ac
292 436 372 470 libenter
382 436 401 469 in
413 436 498 469 omnibus
511 438 616 470 auscultans
622 436 634 478 ²,
642 437 739 470 ecelesias³
750 437 787 479 in5

67 500 101 524 suo
111 501 169 534 regno
179 489 266 524 edificare
274 494 291 524 et
299 489 376 524 dilatare
384 489 481 533 diligenter
488 488 563 524 curauit.
586 489 634 526 Miro
645 495 706 524 autem
717 499 770 534 spec·

66 543 126 577 taculo
135 553 180 587 sepe
188 542 262 587 contigit
269 548 289 576 vt
300 542 438 586 euangelizante
448 542 530 577 antistite
538 542 568 586 qui
576 542 680 586 Anglorum
688 542 770 587 linguam

67 595 148 640 perfecte
162 606 200 630 non
215 600 296 637 nouerat,
310 595 351 640 ipse
365 606 399 630 rex
414 595 485 639 anglice
500 595 569 640 populo
583 595 735 640 interpretaretur
749 606 770 630 ac

67 648 144 683 ducibus
153 655 171 683 et
181 648 270 683 ministris
281 648 325 683 suis.
347 648 399 683 Tunc
411 648 528 683 confluebant
538 648 619 692 quotidie
629 648 653 683 de
662 654 717 694 gente
725 648 771 684 Sco-

66 707 127 736 torum
138 703 161 736 ad
173 701 306 746 predicandum
314 701 381 745 Anglis
392 700 478 735 monachi
489 703 512 735 de
524 701 635 735 monasterio
643 702 710 735 Aidani
721 702 770 746 quod
780 712 799 733 ιο

67 760 107 787 erat
119 754 138 786 in
151 754 211 787 insula
224 754 256 787 Hii
269 753 424 788 ramosissimum:
442 764 478 797 que
494 753 568 797 quidem
583 754 643 788 insula
656 754 688 790 Hii
703 755 726 788 ad
741 754 771 788 ius

67 807 171 851 pertinebat
179 805 297 850 Anglorum⁴,
305 817 342 840 non
351 816 418 850 magno
426 805 449 840 ab
456 816 478 840 ea
486 805 532 841 freto
540 806 624 848 discreta,
632 807 665 843 sed
673 806 771 842 donatione

67 860 160 894 Pictorum
168 859 204 893 iam
212 860 281 893 dudum
289 858 384 893 monachis
392 859 489 894 Scotorum
497 859 567 901 tradita,
575 871 597 894 eo
605 861 654 903 quod
664 859 700 895 illis
710 860 770 904 predi·

68 913 151 947 cantibus
164 913 220 947 fidem
234 912 302 946 Christi
316 917 446 957 perceperunt.
469 911 626 947 Construebantur
637 924 682 957 ergo
693 913 771 948 ecclesie

68 977 102 1010 per
112 966 156 1008 loca,
164 966 280 1000 confluebant
291 967 314 999 acl
324 965 436 999 audiendum
444 966 522 1000 verbum
529 966 592 1009 populi
600 967 707 1010 gaudentes,
715 967 771 1001 dona·
781 978 799 1009 ¹5

68 1019 134 1052 bantur
141 1028 218 1052 munere
226 1018 277 1061 regio
284 1018 414 1061 possessiones
422 1022 440 1051 et
448 1018 538 1052 territoria
546 1019 569 1052 ad
577 1019 700 1059 construenda
708 1028 771 1053 mona·

67 1070 127 1105 steria.
172 1063 273 1106 Oswaldus
284 1069 338 1113 igitur
349 1070 435 1113 exemplo
447 1074 465 1104 et
476 1070 533 1104 verbo
541 1070 609 1105 Aidani
619 1070 726 1113 instructus,
733 1083 770 1107 non

68 1123 128 1158 solum
136 1133 189 1169 spem
198 1122 271 1158 celestis
279 1124 336 1167 regni,
342 1122 376 1157 sed
384 1122 439 1156 etiam
446 1122 515 1157 terreni
523 1123 575 1167 regni
583 1123 722 1168 amplitudinem
728 1125 771 1169 plus

67 1188 123 1221 quam
130 1176 196 1222 aliquis
203 1177 355 1221 predecessorum
363 1186 439 1210 suorum
447 1181 571 1220 consequutus
580 1181 613 1211 est.
626 1176 700 1222 Quippe
708 1182 772 1221 preter

67 1230 111 1264 illud
124 1229 196 1275 [quod]⁶
208 1229 334 1264 Berniciorum
345 1234 400 1273 atque
413 1229 511 1263 Deirorum
523 1230 630 1273 prouinfias,
642 1242 678 1274 que
694 1235 770 1265 eatenus
779 1244 799 1265 ao

68 1283 187 1325 dissidebant,
195 1282 213 1317 in
221 1293 276 1318 vnam
284 1282 355 1327 redegit
363 1292 482 1326 compagem:
496 1282 567 1317 Omnes
578 1282 662 1317 nationes
671 1282 771 1326 Britannie,

67 1338 133 1381 quein
145 1342 222 1381 quatuor
232 1335 305 1380 linguis,
317 1336 356 1370 scil.
365 1335 467 1378 Britonum,
479 1335 578 1377 Pictorum,
589 1336 693 1377 Scotorum,
703 1341 721 1370 et
732 1337 772 1372 An-

67 1390 144 1434 glorum,
153 1395 196 1423 tunc
207 1388 340 1429 diuidebantur,
351 1388 369 1421 in
380 1388 464 1423 dicione⁸
472 1399 505 1422 sua
513 1388 588 1432 accepit.
611 1388 686 1423 Nullum
698 1389 772 1425 fidelem

67 1442 140 1486 publice
151 1452 253 1486 pauperem
265 1451 307 1475 esse
315 1440 405 1485 permisit,
413 1440 482 1485 qui[a]⁷
489 1451 592 1485 pauperum
600 1452 678 1485 quorum
686 1441 737 1476 nouit
744 1442 772 1476 in-

68 1494 129 1528 ediam
136 1495 166 1529 vel
174 1493 243 1538 prediis
251 1493 280 1528 vel
289 1493 341 1527 donis
350 1493 429 1537 copiosis
437 1498 541 1528 sustentare
549 1494 624 1528 curauit.
650 1495 657 1514 ⁸
664 1487 723 1538 Igitur
730 1506 771 1529 cum
782 1509 800 1540 ²5

67 1548 92 1582 ita
100 1547 130 1582 dei
138 1548 196 1593 gratia
203 1547 238 1581 sibi
247 1546 325 1581 subditis
333 1556 409 1590 operam
417 1546 521 1581 dilectionis
530 1547 651 1591 impenderet,
660 1546 689 1582 dei
697 1547 772 1592 dispen-

68 1601 140 1635 satione
150 1600 225 1645 contigit
232 1605 251 1634 vt
261 1599 339 1643 flagellis
349 1610 409 1643 nuper
416 1600 530 1633 credentium
537 1600 593 1636 iidem
602 1601 715 1644 experiendo
723 1611 773 1635 com-

67 1654 147 1697 probare
161 1653 222 1687 vellet.
244 1652 330 1686 immissa
345 1652 400 1696 igitur
414 1652 556 1697 circumquaque
571 1664 605 1697 per
619 1653 705 1697 Angliam
721 1654 772 1697 graui

67 1711 127 1750 peste,
134 1704 208 1749 plurimi
217 1710 279 1748 strage
286 1704 395 1738 senissima⁹
402 1709 502 1748 pereuntes
513 1715 571 1748 regna
578 1704 652 1740 celestia
660 1707 772 1740 conscende·

68 1758 132 1793 runt¹⁰.
156 1758 203 1793 Cum
213 1757 273 1802 itaque
283 1768 317 1792 rex
328 1763 402 1792 sanctus
412 1757 481 1801 populo
491 1757 526 1792 sibi
536 1757 609 1792 subdito
620 1757 681 1800 diuine
692 1757 772 1794 animad·
781 1768 801 1799 30

68 1812 158 1848 uersionis
170 1811 256 1846 iudicium
266 1811 363 1845 imminere
374 1811 495 1855 conspiceret,
503 1821 545 1847 cum
557 1810 650 1848 lachrimis
661 1817 679 1853 et
691 1812 773 1856 querulis

68 1866 143 1900 vocibus
151 1877 172 1899 ac
180 1865 278 1909 gemitibus
286 1864 320 1899 hoc
326 1863 356 1899 dei
363 1863 455 1908 flagellum
462 1864 500 1898 suis
506 1863 588 1899 maxime
593 1865 674 1908 peccatis
680 1864 772 1901 ascribere

68 1920 123 1961 cepit,
130 1919 204 1952 dicens:
217 1918 267 1960 ‘Ego
275 1927 322 1958 sum,
330 1916 395 1959 inquit,
403 1917 477 1949 domine
489 1916 520 1959 qui
531 1918 612 1959 peccaui,
619 1928 654 1960 ego
661 1917 724 1961 inique
731 1918 771 1962 egi:

68 1970 99 2005 isti
111 1969 142 2015 qui
154 1980 199 2004 oues
210 1974 258 2011 sunt,
266 1968 310 2012 quid
321 1968 416 2002 feceruut?
439 1968 460 2001 In
472 1978 508 2010 me,
517 1969 596 2010 domine,
605 1973 623 2002 et
633 1968 652 2003 in
664 1970 719 2003 domo
730 1981 773 2004 mea

68 2024 140 2069 gladius
155 2023 228 2058 ultionis
246 2027 277 2056 tue
293 2026 414 2063 conuertatur,
429 2021 445 2055 si
461 2026 522 2057 tamen
538 2031 579 2056 mea
594 2022 623 2056 vel
638 2032 721 2056 meorum
737 2024 800 2067 hocas

68 2077 155 2122 iniquitas
170 2076 303 2111 commeretur.¹
330 2075 377 2109 Cum
391 2075 447 2119 igitur
461 2075 548 2118 precibus
563 2080 582 2109 et
596 2074 690 2110 lachrimis
704 2076 772 2112 diutius

68 2131 168 2171 insisteret,
180 2129 240 2163 subito
254 2128 284 2163 dei
295 2129 387 2163 voluntate
399 2128 464 2161 eadem
475 2133 528 2172 peste
540 2134 636 2172 correptus
648 2134 686 2163 est:
703 2129 773 2164 Placuit

69 2185 118 2220 enim
127 2184 190 2228 pietati
201 2184 264 2219 diuine
271 2188 290 2219 vt
300 2194 332 2219 vas
344 2182 438 2218 electionis
450 2193 484 2218 sue
495 2184 518 2218 ab
530 2183 581 2219 omni
592 2184 634 2219 labe
644 2190 718 2220 terrene
729 2197 773 2221 con-

69 2238 179 2273 uersationis
190 2238 213 2270 ad
225 2248 292 2281 purum
303 2237 437 2277 emundaretur,
445 2247 470 2269 ne
480 2237 578 2281 quicquam
585 2238 671 2272 vanitatis
680 2241 773 2273 mundane

69 2291 88 2325 in
104 2301 181 2336 corpore
200 2300 234 2324 suo
248 2289 322 2334 penitus
339 2293 448 2323 remaneret.
475 2289 559 2334 Cumque
574 2290 597 2324 ad
612 2295 715 2325 extremum
730 2292 773 2333 vite,
780 2304 801 2336 40

69 2344 145 2388 spiritus
156 2344 220 2387 vigore
231 2343 305 2387 penitus
316 2342 417 2383 deficiente,
424 2341 512 2385 venisset,
521 2343 584 2378 oculos
594 2343 613 2377 in
626 2345 685 2378 celum
697 2344 773 2389 erigere,

69 2403 88 2431 et
99 2397 151 2441 quasi
162 2396 271 2440 quibusdam
282 2395 404 2439 colloquendo
415 2395 463 2428 labia
474 2405 550 2429 mouere
560 2396 614 2440 cepit.
637 2396 773 2432 Intellectuales

88 2475 120 2506 1Ε,
128 2474 260 2505 circumuoluitur.
301 2473 425 2505 ²T.ascultans.
467 2473 610 2505 ³Bed.eeelestam
618 2475 680 2506 Christi.
718 2475 771 2508 ⁴aed.

70 2516 163 2545 Brittannis⁴
194 2515 288 2546 θοηιίηΕ,
314 2514 428 2544 ⁶E.dictione.
456 2512 487 2545 1li.
496 2515 528 2553 qui.
555 2515 772 2554 ’FromReginaldcapro

69 2555 75 2572 ⁹
86 2555 104 2584 E.
111 2555 200 2585 seuissime.
241 2554 252 2571 ¹⁰
263 2554 281 2584 E.
288 2554 411 2583 contenderunt.
