1762 2803
86 111 128 153 262
276 107 356 161 rauna
371 104 488 169 legenda
503 104 595 168 finalia.

85 237 120 271 per
127 227 233 262 uniuersam
241 226 354 262 Britanniam
363 226 508 272 Hibemiamque
518 226 634 262 velocissime
645 226 664 261 iu
675 237 712 261 vna
724 226 753 261 die
765 225 787 261 ab

86 282 152 323 angelo
167 285 238 324 portata
252 285 286 320 est,
301 280 332 323 qui
351 280 387 313 ait:
404 280 469 313 ‘Scitis
486 280 528 323 quia
546 280 565 312 in
584 279 668 322 sequenti
687 280 789 312 ebdomada

86 333 171 366 dominus
184 337 246 365 vester
258 331 317 364 Dauid
332 332 402 365 dehac
417 332 457 366 luce
473 332 558 376 migrabit
573 333 596 366 ad
610 331 726 365 dominnmt’
749 331 788 365 Ad-

87 386 173 420 ueniente
182 385 227 418 hora
238 384 298 418 exitus
310 385 349 418 eius
357 395 368 418 a
376 396 458 430 corpore,
466 384 553 419 dominus
565 384 631 419 Ihesus
638 384 667 418 sui
674 383 788 429 presentiam

70 440 111 486 5ad
124 440 182 483 patris
196 439 253 473 sancti
267 438 410 472 consolationem
425 439 520 483 impartiri,
535 439 581 473 sicut
597 449 631 482 per
645 438 731 482 angelum
746 449 788 481 pro-

87 493 167 535 miserat,
176 491 260 535 dignatus
269 496 302 525 est.
325 491 365 533 Quo
373 491 418 533 viso,
426 497 474 526 totus
482 491 500 525 in
509 492 574 536 spiritu
583 492 668 525 exultans
678 491 714 525 ait:
727 491 788 525 ‘Tolle

87 555 122 587 me,
138 543 217 586 domine,
232 549 274 589 post
288 546 317 579 te!
342 545 388 579 Cum
403 544 433 578 his
447 544 514 586 verbis,
530 544 603 579 Christo
618 544 689 587 comite,
705 544 788 579 kalendis

87 599 146 631 martii
165 597 245 632 animam
264 599 299 632 deo
318 598 401 636 reddidit,
420 603 475 640 atque
494 598 576 640 angelica
594 598 691 630 comitatus
710 603 789 638 caterua,

87 649 161 683 celestia
175 659 233 693 regna
247 648 316 692 petiuit,
332 660 380 682 anno
398 649 450 683 etatis
469 660 503 684 sue
522 649 622 683 centesimo
641 648 790 694 quadragesimo·

61 716 78 735 ro
87 702 221 746 septimo—¹
228 694 302 746 Captus
313 706 374 736 autem
382 703 456 745 quidam
463 702 565 737 Wallensis
576 703 599 736 de
610 702 716 746 episcopatu
727 712 790 736 mene·

87 756 140 789 uensi
150 766 161 789 a
171 755 275 789 sarracenis
285 755 349 796 extitit,
357 761 376 788 et
383 755 460 788 cathena
471 754 531 788 ferrea
542 766 584 788 cum
595 756 675 799 quodam
685 754 790 789 Alamanno

87 807 158 852 ligatus.
180 806 281 842 Wallensis
293 808 342 841 enim
354 808 383 842 die
395 819 416 842 ac
428 814 481 842 nocte
492 808 558 852 iugiter
569 809 592 842 ad
604 813 687 842 sanctum
700 808 759 841 Dauid
771 807 790 841 in

88 872 121 895 sua
129 862 191 905 lingua
198 862 277 894 clamare
285 862 337 905 cepit,
345 861 370 895 sic
379 861 452 895 dicens:
465 860 528 895 ‘Dewi
536 861 616 903 wareth,’
626 861 660 895 hoc
667 865 706 895 est:
719 861 791 894 ‘Dauid

89 914 164 948 adiuua’
188 913 236 947 Mira
250 925 291 948 res:
304 914 325 947 Iu
341 914 393 948 breui
408 914 468 948 subito
483 915 505 948 ad
523 913 601 958 patriam
621 924 673 948 suam
689 913 790 955 restitutus,

63 975 80 1003 ¹5
90 967 190 1001 Gernasio²
201 971 245 1000 tunc
260 967 294 1000 loci
308 966 394 1012 episcopo
408 968 442 1002 hoc
456 966 547 1010 intimans,
561 968 584 1001 ob
599 967 671 1012 insigne
682 966 790 1001 miraculum

90 1031 153 1055 secum
165 1021 237 1055 mansit.
260 1020 375 1054 Alamannus
386 1027 447 1054 autem
459 1021 499 1055 eius
510 1021 576 1062 socius,
588 1028 675 1063 tanquam
690 1021 733 1054 facti
748 1031 791 1054 con-

89 1074 144 1115 scius,
155 1074 263 1108 verberibus
275 1073 378 1116 exponitur,
390 1079 408 1106 et
422 1073 456 1107 sub
468 1073 530 1107 artiori
544 1073 626 1107 custodia
639 1073 736 1106 detinetur.
759 1073 791 1106 Co-

89 1126 153 1169 gitauit
164 1135 209 1169 ergo
221 1126 312 1169 quomodo
326 1125 386 1159 socius
398 1136 442 1160 suus
454 1125 560 1169 frequenter
568 1126 572 1143 ‘
579 1125 631 1160 Dewi
641 1126 711 1160 wareth
718 1126 722 1141 ⁷
730 1125 792 1159 dicere

89 1179 195 1212 consueuit:
208 1183 226 1212 et
238 1178 323 1221 quamuis
334 1179 443 1212 vocabulum
454 1189 492 1212 non
502 1177 597 1220 intellexit,
609 1178 671 1212 statuit
683 1184 744 1212 tamen
757 1179 791 1212 hoc

62 1242 81 1262 zo
89 1231 138 1265 idem
150 1231 212 1265 dicere
222 1236 241 1264 et
253 1230 316 1264 ‘Dewi
324 1232 404 1264 wareth’
413 1230 476 1274 sepius
487 1231 596 1265 exclamare.
620 1230 658 1265 Nec
666 1242 723 1272 mora,
731 1232 792 1264 subito

89 1284 160 1328 rapitur
167 1288 185 1318 et
196 1283 219 1316 ad
230 1283 305 1316 domum
316 1292 374 1325 suam,
384 1283 461 1326 qualiter
470 1287 545 1317 euectus
555 1282 602 1317 scire
613 1294 651 1316 non
660 1283 723 1327 potuit,
732 1288 792 1317 trans-

90 1336 166 1370 ducitur.
186 1335 209 1369 Et
217 1346 258 1369 cum
266 1336 334 1380 vbique
341 1336 454 1370 intellectum
462 1341 546 1370 scrutans
551 1335 640 1377 vocabuli,
647 1336 695 1370 scire
703 1336 795 1381 nequiret,

91 1389 172 1424 Parisius
187 1389 297 1433 properauit,
314 1394 332 1424 et
346 1401 357 1423 a
372 1390 451 1433 quodam
470 1389 566 1424 Wallense
581 1390 650 1423 ibidem
666 1395 740 1433 reperto
755 1390 792 1424 vim

90 1444 142 1477 verbi
157 1454 264 1488 agnoscens,
278 1443 346 1487 gratias
363 1444 398 1477 deo
413 1443 455 1487 egit,
471 1448 489 1477 et
503 1454 537 1487 pro
552 1443 637 1487 impenso
653 1442 687 1477 sibi
703 1443 793 1478 beneficio

64 1508 82 1536 ²5
91 1497 159 1540 gratias
172 1501 250 1539 acturus,
263 1501 346 1529 sanctum
359 1496 419 1529 Dauid
432 1496 451 1529 in
464 1496 550 1530 Meneuia
560 1507 638 1540 peregre
649 1496 741 1539 profectus
750 1508 794 1539 que-

92 1549 139 1583 siuit.
162 1550 222 1592 Quem
232 1549 292 1582 socius
301 1558 346 1582 suus
357 1548 481 1589 considerans,
490 1554 507 1583 et
519 1548 616 1590 admirans,
624 1548 647 1581 ad
659 1559 701 1582 eum
711 1547 793 1590 accessit,

92 1606 111 1635 et
126 1612 168 1635 cum
183 1600 227 1634 fletu
240 1601 320 1634 maximo
332 1601 447 1640 deosculans,
460 1600 537 1644 qualiter
548 1612 559 1634 a
570 1601 658 1635 seruitute
669 1601 758 1635 libertati³
770 1602 793 1636 sit

92 1654 186 1687 restitutus
205 1653 285 1697 inquirit.
313 1654 349 1695 Qui
366 1653 447 1686 seriatim
466 1653 552 1697 quicquid
568 1654 585 1687 ei
600 1653 694 1694 acciderat,
709 1654 793 1688 omnibus

92 1706 177 1741 intimare
192 1705 266 1740 curauit.
311 1698 362 1742 Cum
376 1705 434 1750 pestis
447 1717 514 1749 magna
527 1706 547 1740 in
559 1705 626 1750 Anglia
637 1707 763 1750 inualesceret,
776 1713 794 1742 et

65 1772 84 1798 30
93 1765 163 1803 strages
178 1759 259 1793 maxima
276 1759 340 1803 populi
356 1769 390 1802 per
404 1760 444 1792 loca
461 1760 518 1801 fieret,
533 1759 595 1793 habito
610 1759 702 1793 communi
718 1760 793 1794 consilio

92 1813 186 1857 prouisum
200 1817 229 1845 est
241 1817 261 1845 vt
273 1811 348 1855 quilibet
361 1811 459 1856 episcopus
473 1810 559 1855 reliquias
575 1823 608 1846 suc
624 1812 703 1846 deferret
717 1812 794 1848 ecclesie

91 1867 110 1900 in
126 1877 173 1911 aqua
187 1865 283 1900 benedicta
298 1865 415 1906 balneandas,
429 1870 448 1900 vt
462 1865 569 1909 aspersione
584 1876 631 1909 aque
646 1865 686 1899 siue
701 1866 794 1910 potatione

92 1920 141 1962 plebi
156 1918 218 1951 diuina
232 1918 290 1960 gratia
305 1918 416 1951 subueniret.
440 1918 480 1959 Quo
495 1919 542 1951 facto
558 1917 658 1951 mortalitas
674 1918 705 1951 illa
720 1928 793 1953 cessare

92 1982 129 2006 non
140 1971 203 2016 potuit.
225 1970 305 2004 Vltimus
317 1970 391 2004 demum
403 1969 484 2004 omnium
496 1969 595 2014 episcopus
608 1970 658 2005 venit
670 1973 794 2012 meneuensis,

65 2035 83 2064 35
92 2034 155 2058 secum
165 2022 260 2058 brachium
270 2022 328 2057 sancti
340 2023 400 2056 Dauid
409 2022 477 2062 ferens.
501 2023 542 2064 Quo
550 2023 569 2056 in
578 2034 625 2066 aqua
636 2024 700 2065 lanato,
710 2025 795 2067 apparuit

92 2088 139 2121 aqua
150 2075 202 2120 quasi
216 2075 327 2119 pinguedine
340 2077 431 2117 deaurata,
444 2080 462 2109 et
474 2076 555 2119 desuper
568 2086 614 2109 crux
628 2086 688 2110 aurea
711 2076 794 2121 Cumque

92 2129 171 2173 populus
179 2128 262 2163 certatim
270 2128 301 2162 illa
308 2140 332 2162 ex
340 2139 387 2172 aqua
395 2133 491 2172 gustasset,
499 2128 609 2163 mortalitate
617 2128 712 2163 hominum
720 2130 795 2164 omnino

93 2184 160 2224 sedata,
168 2182 254 2227 gaudium
262 2186 280 2215 et
288 2181 345 2216 letitia
353 2182 439 2226 salusque
446 2181 465 2215 in
473 2192 530 2226 regno
538 2181 605 2216 diffusa
612 2188 659 2216 sunt.

115 2256 163 2300 [Ma
171 2256 210 2291 ij,
219 2256 276 2291 adds:
380 2247 395 2281 ‘li
405 2245 505 2281 Narratiot

115 2303 197 2346 Sanctus
209 2308 258 2344 enim
270 2308 374 2344 Macharius
387 2314 461 2354 reperto
475 2309 570 2344 cuiusdam
581 2308 663 2343 defuncti
675 2311 739 2353 capite,
751 2311 795 2344 dum

65 2374 85 2402 40
93 2369 169 2404 orasset,
177 2362 296 2405 interrogauit
303 2363 347 2395 illud
356 2361 414 2404 (cuius
422 2368 477 2405 caput
486 2363 545 2396 fuerit.
568 2362 592 2395 Et
602 2362 698 2405 respondit
708 2373 728 2396 se
738 2362 795 2397 fuisse

93 2415 198 2458 paganum.)
222 2414 245 2448 Et
257 2414 303 2448 dixit
314 2414 331 2448 ei
342 2414 458 2448 Macharius:
475 2414 520 2449 ‘Vbi
531 2420 559 2449 est
571 2414 632 2448 anima
642 2416 695 2448 tua?'
719 2415 742 2449 Et
753 2416 794 2451 ille:

95 2469 126 2501 ‘In
137 2469 219 2502 inferno)
242 2468 326 2511 Cumque
337 2467 439 2510 requireret
448 2468 464 2501 si
475 2468 552 2502 multum
564 2467 583 2500 in
594 2467 686 2510 profundo
699 2473 753 2508 esset,
766 2479 795 2502 re-

113 2529 119 2547 ¹
131 2530 203 2561 Miracles
210 2531 271 2569 added,
282 2532 307 2561 ed.
314 2532 331 2561 in
337 2531 357 2561 A.
365 2531 394 2562 SS.
403 2531 443 2562 Boll.
451 2541 466 2570 p,
473 2541 497 2570 47,
574 2530 580 2548 ²
590 2541 611 2561 sc.
620 2530 666 2561 Gerv.
674 2532 694 2561 de
701 2532 762 2571 Castro,
770 2543 795 2572 ep.

95 2571 249 2609 Bangor‚1366-7ot
309 2571 432 2603 ³E.libertatis.
492 2571 556 2602 4From
564 2571 601 2609 leg.
609 2571 669 2610 Aunp.
678 2581 710 2603 101.
