1762 2803
111 181 152 222 118
300 180 380 232 saona
396 176 512 238 tagora
527 174 619 237 anglic.

109 305 152 343 post
162 300 243 344 quinque
253 298 293 333 dies
304 310 400 343 regressus
412 305 430 333 et
443 299 545 343 lugentium
557 298 666 332 seminarum
679 298 811 332 monasterium

110 353 211 398 ingressus,
222 352 241 386 in
251 353 296 387 cella
305 354 384 397 quadam
394 352 430 386 illic
441 352 533 394 habitauit,
544 358 562 386 et
572 352 692 396 quadraginta
705 352 759 386 annis
769 356 811 395 post

110 408 144 440 hec
152 407 202 447 vixit,
211 406 278 439 sanctis
287 406 370 449 patribus
379 416 489 440 asseuerans
499 406 547 449 quod
558 415 652 448 nunquam
662 404 739 439 vlterius
751 404 770 437 in
781 415 812 437 cor

111 459 150 493 eius
158 458 241 503 cogitatio
249 458 290 492 talis
298 458 411 492 ascenderit..

209 655 225 693 il
237 648 271 691 Dr
282 664 353 690 snucro
365 647 437 690 Brnrno
449 665 536 690 arrscoro
548 666 570 689 ar
582 654 715 691 courmsonal

95 765 103 794 5
145 750 216 785 Anctus
229 748 277 782 enim
291 749 369 790 Birinus,
383 760 394 782 a
407 759 455 792 papa
470 748 554 783 Honorio
568 748 666 792 episcopus
679 749 778 791 ordinatus,
791 749 814 782 ad

167 802 299 848 predicandum
309 803 365 836 verba
376 802 439 836 salutis
450 801 500 845 genti
512 802 615 845 Anglorum
626 801 707 836 directus
721 808 754 836 est.
777 801 813 835 Hic

112 857 162 891 enim
175 866 223 899 pape
239 855 317 888 Honorii
332 854 431 897 presentia,
443 854 462 887 in
477 854 547 888 intimis
562 855 665 897 Anglorum
680 855 762 898 partibus
778 865 814 897 quo

112 910 173 945 nullus
187 909 250 943 doctor
262 907 388 951 processisset,
400 912 463 942 sancte
476 906 519 941 fidei
532 906 603 942 semina
618 918 639 941 se
651 918 760 951 sparsurum
772 918 814 951 pro-

114 963 167 998 misit.
189 962 243 996 Vnde
255 965 273 994 et
284 960 347 996 iussu‘l
357 960 439 995 eiusdem
455 960 546 1004 pontificis
561 961 584 994 ad
597 960 646 994 littus
661 959 758 994 britannici
774 959 814 994 freti

87 1031 105 1050 10
114 1022 187 1060 arrepto
198 1015 263 1049 itinere
273 1014 390 1057 perueniens,
403 1024 513 1047 ascensurus
525 1024 592 1047 nauem
605 1013 667 1047 diuina
679 1014 759 1047 celebrat
771 1013 814 1047 mis-

114 1070 170 1112 teria3
187 1067 221 1103 sibi
235 1067 309 1110 suisque
324 1066 409 1101 viaticum
424 1077 497 1110 parans,
511 1065 594 1101 salutaris
610 1066 669 1101 hostie
684 1065 714 1110 pia
729 1065 815 1100 libamina

114 1123 149 1156 deo
161 1119 229 1155 obtulit.
252 1119 334 1163 Vrgente
341 1130 385 1154 vero
394 1118 515 1163 nauigationis
523 1119 604 1162 articulo,
612 1119 635 1152 ad
647 1129 714 1153 nauem
725 1118 815 1153 festinans

114 1172 244 1208 introducitur:
261 1177 279 1206 et
294 1172 401 1215 insurgente
415 1176 475 1213 vento,
491 1172 535 1205 dum
550 1172 586 1205 alta
601 1171 693 1205 sulcarent
707 1171 773 1215 pelagi,
788 1181 815 1204 re·

114 1226 217 1259 miniscitur
230 1224 304 1256 Birinus
318 1234 339 1256 se
352 1224 401 1266 quod
414 1224 473 1255 carius
487 1223 522 1255 sibi
535 1228 574 1255 erat
586 1223 671 1256 amisisse
684 1228 702 1257 et
714 1223 774 1255 nautis
786 1233 814 1255 vr-

88 1277 199 1322 15gentibus
221 1286 241 1309 se
262 1275 379 1318 prepeditum
399 1275 418 1307 in
439 1275 500 1308 littore
518 1276 567 1308 vnde
586 1277 695 1308 ascenderat
713 1275 815 1318 reliquisse.

116 1329 196 1363 Dederat
211 1327 228 1361 ei
244 1326 335 1371 siquidem
351 1327 446 1361 Honorius
461 1338 509 1371 papa
524 1327 596 1371 pallam,
611 1338 734 1371 superquam
749 1338 816 1371 corpus

115 1382 183 1417 Christi
198 1380 326 1423 consecrabat3
342 1390 446 1425 corpusque
462 1380 574 1414 dominicum
592 1380 612 1414 in
631 1381 695 1427 eadem
714 1380 816 1414 inuolutum

115 1441 133 1469 et
146 1436 192 1469 collo
205 1445 239 1467 suo
252 1444 363 1476 suspensum
376 1444 450 1476 semper
459 1444 522 1467 secum
534 1434 623 1476 portabat,
637 1440 655 1467 et
667 1434 714 1467 inter
728 1434 817 1467 sacranda

115 1491 231 1522 sacrosancta
241 1486 323 1520 misteria
333 1496 390 1529 super
400 1491 484 1519 sanctum
498 1486 554 1519 altare
566 1496 636 1528 ponere
649 1486 748 1520 consueuit.
772 1485 817 1519 Fide

88 1557 108 1577 20
116 1541 170 1585 igitur
179 1544 260 1574 armatus
271 1538 290 1572 in
302 1550 353 1573 mare
365 1538 465 1581 descendit,
474 1539 529 1572 deum
540 1543 633 1572 auctorem
643 1537 713 1573 habens
724 1549 759 1582 per
766 1549 817 1572 mare

116 1604 191 1627 securus
204 1591 276 1633 incedit,
289 1598 307 1626 et
322 1597 396 1634 recepto
408 1592 457 1634 quod
473 1591 577 1634 reliquerat,
593 1591 616 1624 ad
629 1601 695 1625 nauem
709 1591 817 1634 regreditur.

118 1645 209 1690 Repperit
219 1649 280 1677 autern
291 1655 358 1677 nauem
367 1643 419 1687 quasi
431 1643 544 1677 immobilem
556 1648 641 1684 stantem,
653 1655 707 1688 quam
720 1644 817 1688 pauloante

117 1710 152 1743 per
160 1699 220 1732 vndas
229 1696 286 1730 maris
296 1696 383 1731 velociter
395 1702 499 1730 currentem
508 1696 580 1730 dimisit.
603 1697 643 1738 Quo
654 1708 721 1731 nauem
733 1697 818 1738 intrante,

118 1752 204 1784 inuentus
216 1754 244 1783 est
256 1748 275 1782 in
287 1749 396 1783 vestimento
410 1760 443 1782 suo
453 1760 487 1782 nec
497 1760 552 1799 vnam
566 1748 651 1782 stillicidii
663 1755 732 1793 guttam
745 1750 818 1783 habere.

92 1817 109 1845 ²5
119 1804 172 1845 Quod
182 1807 238 1837 naute
249 1801 339 1842 videntes,
351 1802 405 1835 ilexis
417 1801 495 1845 genibus
506 1802 558 1845 quasi
571 1803 626 1836 deum
637 1813 680 1836 eum
691 1803 818 1843 adorauerunt,

118 1862 136 1891 et
149 1856 211 1899 plures
221 1865 244 1888 ex
255 1853 282 1888 eis
293 1855 316 1888 ad
329 1854 385 1888 fidem
398 1853 470 1896 Christi,
481 1854 586 1897 predicante
599 1853 630 1887 illo
643 1855 719 1889 verbum
730 1854 765 1895 dei,
777 1865 818 1888 con·

118 1909 167 1942 uersi
181 1914 228 1943 sunt.
274 1899 358 1941 intrante
373 1913 434 1940 autem
446 1907 533 1951 episcopo
548 1907 567 1941 in
582 1913 655 1951 portum
668 1908 716 1951 apud
729 1907 818 1941 Occiden-

118 1962 180 1996 talium
196 1961 291 1996 Saxonum
303 1966 384 2003 gentem,
396 1961 427 2003 qui
439 1960 538 2003 antiquitus
551 1960 634 1995 Gewisse
647 1961 763 2002 vocabantur,
777 1971 819 1995 curn

118 2025 183 2048 omnes
191 2013 259 2047 ibidem
267 2013 401 2057 paganissimos
408 2013 506 2054 inueniret,
511 2013 573 2046 vtllius
581 2023 622 2046 esse
631 2018 681 2047 ratus
689 2018 717 2047 est
725 2012 749 2046 ibi
757 2012 819 2057 potius

91 2080 110 2109 30
118 2068 195 2102 verbum
206 2066 236 2100 dei
244 2066 344 2110 predicare,
353 2077 407 2110 quarn
418 2066 465 2100 vltra
475 2066 595 2110 progrediens
608 2076 640 2100 eos
650 2066 717 2111 quibus
725 2066 819 2110 predicare

119 2122 194 2154 deberet
204 2119 303 2162 inquirere.
326 2119 412 2152 Ruebant
423 2119 472 2153 enim
482 2119 545 2162 populi
554 2119 661 2152 cateruatim
672 2119 735 2152 audire
746 2120 820 2152 beatum

118 2172 223 2213 antistitem,
234 2182 271 2204 non
283 2176 321 2205 tam
334 2182 378 2205 aure
393 2172 474 2215 corporis
489 2182 544 2214 quam
559 2171 619 2204 cordis
634 2182 670 2214 que
682 2172 705 2205 ab
720 2172 760 2215 ipso
772 2172 820 2205 dice-

119 2226 185 2259 bantur
204 2224 296 2258 humiliter
314 2224 446 2267 amplexantes.
482 2217 528 2258 Erat
543 2224 562 2258 in
575 2224 640 2258 eadem
652 2223 746 2267 prouincia
755 2223 821 2257 mulier

119 2278 198 2321 quedam
213 2286 289 2318 annosa,
304 2287 340 2320 que
355 2277 480 2320 permultum
494 2282 568 2320 tempus
583 2287 617 2310 nec
632 2276 695 2310 videre
708 2286 742 2310 nec
758 2276 821 2310 audire

93 2342 111 2371 35
120 2336 190 2375 poterat
198 2343 202 2372 ς
215 2329 244 2363 cui
253 2339 287 2374 per
297 2331 386 2364 visionem
396 2330 497 2364 reuelatum
509 2335 537 2364 est
544 2335 564 2364 vt
572 2331 594 2363 ad
603 2330 676 2363 beatum
685 2328 784 2362 antistitem
792 2339 820 2363 re-

120 2389 195 2427 ceptura
211 2382 308 2417 sanitatem
324 2384 350 2417 ire
366 2383 466 2417 festinaret.
496 2383 579 2427 Surgens
598 2387 659 2416 autem
674 2382 740 2416 mulier
755 2383 820 2417 ducem

121 2442 172 2480 parat
188 2436 218 2480 qui
233 2447 308 2479 gressus
324 2437 363 2470 eius
378 2442 435 2479 regat.
459 2436 561 2479 Episcopus
576 2440 643 2475 autem,
657 2436 697 2469 visa
712 2435 747 2477 illa,
760 2441 821 2469 motus

121 2488 189 2532 pietate
207 2488 281 2522 auribus
300 2494 318 2523 et
334 2489 391 2523 oculis
407 2489 446 2523 eius
461 2489 534 2533 signum
554 2488 613 2522 crucis
628 2488 724 2532 apposuit:
744 2493 763 2523 et
777 2499 821 2522 mox

121 2541 210 2575 dissoluta
225 2541 300 2576 cecitate
314 2542 365 2576 visus
379 2543 462 2576 redditur
477 2547 501 2583 et,
515 2541 559 2575 vitio
575 2540 668 2575 surditatis
683 2541 733 2581 eliso,
749 2542 822 2575 auditus

180 2624 187 2643 ¹
196 2623 243 2654 Same
252 2628 285 2653 text
292 2625 308 2654 in
316 2625 376 2664 Surins,
385 2634 395 2662 3
403 2626 440 2654 Dec.
675 2624 681 2642 ²
692 2625 709 2655 E.
717 2625 760 2655 iussi.
