1762 2803
104 119 141 165 '32
304 112 384 163 moto
399 109 515 171 torento
531 108 624 172 tinctio.

113 230 221 277 imperantis
229 242 335 266 sermonem
343 230 383 277 agili
391 230 452 267 volatu
461 231 616 276 compleuit—¹
624 224 647 267 In
656 231 695 267 eius
704 235 815 266 monasterio

114 286 147 320 suit
159 286 215 320 frater
230 285 303 329 quidam
316 285 377 319 diuina
390 285 448 329 gratia
461 285 566 329 specialiter
577 285 660 329 insignis,
677 285 720 330 qui²
734 285 815 319 carmina

114 338 197 383 religioni
206 344 224 372 et
231 338 293 382 pietati
300 344 343 382 apta
350 339 410 373 facere
415 339 490 380 solebat,
495 338 520 373 ita
525 344 544 372 vt
552 338 637 383 quicquid
644 350 667 373 ex
675 339 742 373 diuinis
750 337 815 372 litteris

114 404 148 435 per
162 391 272 434 interpretes
287 392 370 434 disceret,
386 392 420 425 hoc
438 392 478 435 ipse
496 397 538 435 post
553 392 639 435 pusillum
654 392 716 426 verbis
733 391 815 435 poeticis,

97 443 195 485 5maxima
207 443 295 477 suauitate
307 449 325 477 et
336 444 477 487 compunctione
489 443 599 487 compositis,
611 444 630 478 in
641 444 744 489 Anglorum
755 444 817 488 lingua

114 497 214 541 proferret,
233 497 284 530 cuius
295 498 406 531 carminibus
420 498 518 532 multorum
530 508 575 542 sepe
586 497 642 531 animi
656 499 679 531 ad
691 503 816 541 contemptum

115 550 171 584 seculi
179 555 197 583 et
205 551 228 583 ad
236 550 337 594 appetitum
345 556 388 584 sunt
394 550 431 584 vite
439 550 511 584 celestis
519 550 597 584 accensi.
615 550 653 584 Alii
661 550 710 584 enim
716 556 758 595 post
765 551 816 585 illum

114 603 196 647 ingente
207 603 310 646 Anglorum
320 604 406 647 religiosa
416 609 502 647 poemata
513 604 573 637 facere
584 604 703 647 temptabant,
712 604 745 637 sed
755 605 816 637 nullus

115 656 132 690 ei
143 655 257 700 equiparari³
268 655 331 699 potuit.
353 655 395 691 Non
405 656 455 691 enim
463 657 485 691 ab
494 656 604 697 hominibus,
612 667 672 699 neque
681 667 715 700 per
723 656 817 691 hominem

88 725 107 745 ro
115 709 212 750 institutus,
221 709 298 743 canendi
306 715 365 744 artem
374 708 441 751 didicit,
449 709 483 743 sed
493 708 579 743 diuinitus
591 709 662 743 adiutus
673 709 729 753 gratis
739 709 818 743 canendi

116 764 184 797 donum
193 762 267 806 accepit.
289 762 344 797 Vnde
353 761 409 796 nichil
417 772 498 806 vnquam
509 761 568 796 friuoli
581 767 599 796 et
607 763 716 806 superuacui
727 761 817 806 poematis

116 816 176 849 facere
184 814 252 859 potuit3
265 816 298 848 sed
310 825 331 848 ea
343 816 469 849 tantummodo
480 825 515 859 que
525 815 547 849 ad
556 814 663 859 religionem
671 814 768 860 pertinent,
776 814 817 850 reli-

116 870 187 914 giosam
195 868 234 903 eius
242 869 323 912 linguam
331 869 425 903 decebant.
447 868 469 903 In
476 868 553 903 seculari
561 869 651 912 siquidem
659 868 720 904 habitu
729 870 817 913 usquead

116 928 200 966 tempora
213 921 332 965 prouectioris
346 921 399 956 etatis
412 922 525 965 constitutus,
539 921 594 956 nichil
608 922 709 956 carminum
720 922 817 965 aliquando

91 989 108 1019 15
117 975 210 1009 didicerat.
232 974 291 1016 Vnde,
307 985 348 1008 cum
363 974 382 1008 in
396 975 475 1018 quodam
488 974 571 1008 conuiuio
583 974 640 1009 letitie
654 985 708 1008 causa
723 976 818 1009 decretum

117 1033 167 1061 esset
178 1033 197 1060 vt
211 1038 275 1060 omnes
287 1038 320 1069 per
333 1027 416 1060 ordinem
429 1033 502 1061 cantare
514 1027 613 1069 deberent3
631 1038 673 1060 cum
685 1027 719 1060 sibi
730 1028 818 1061 citharam

117 1079 264 1124 appropinquare
272 1084 360 1122 cerneret,
369 1078 453 1121 surrexit,
462 1083 480 1113 et
488 1078 591 1123 egrediens,
599 1080 683 1114 membra
693 1079 755 1124 sopori
763 1079 817 1115 dedit.

118 1134 141 1167 Et
154 1143 202 1174 ecce,
214 1132 270 1166 astitit
282 1132 298 1166 ei
310 1132 383 1175 quidam
397 1142 431 1176 per
443 1142 543 1175 sompnum
548 1132 559 1174 ⁴,
572 1137 643 1166 etcum
656 1133 738 1167 salutans
751 1143 772 1166 ac
784 1143 818 1167 suo

117 1185 192 1219 nomine
205 1184 306 1228 appellans,
316 1184 416 1227 ‘Cedmom
427 1183 491 1228 inquit,
504 1190 556 1218 canta
565 1184 621 1218 michi
633 1185 712 1230 aliquid?
734 1185 818 1227 ‘Nesciq

90 1252 109 1274 ao
118 1237 181 1283 inquit,
191 1243 275 1280 cantare3
287 1243 305 1273 et
315 1236 357 1272 ideo
366 1238 390 1272 de
400 1237 484 1272 conuiuio
495 1237 574 1273 recessi.¹
598 1238 681 1273 Rursum
690 1238 721 1274 ille
732 1238 763 1284 qui
775 1250 817 1274 cum

117 1304 139 1326 eo
148 1292 260 1335 loquebatur,
268 1292 303 1326 ait:
315 1292 414 1326 ‘Attamen
424 1297 498 1325 cantare
507 1292 575 1326 habes!
598 1291 663 1334 ‘Quid
671 1292 734 1336 inquit,
746 1298 819 1326 cantare

117 1346 195 1379 debeoi’
224 1344 247 1378 Et
262 1343 303 1378 ille:
323 1344 396 1385 ‘Canta
410 1344 473 1387 inquit,
489 1343 599 1388 principium
614 1346 749 1379 creaturarum!
778 1346 819 1388 Quo

117 1403 192 1442 accepto
202 1408 297 1441 responso,
309 1397 370 1431 statim
381 1396 422 1441 ipse
432 1397 480 1441 cepit
490 1402 563 1432 cantare
573 1398 592 1431 in
601 1398 674 1432 laudem
682 1398 711 1433 dei
720 1398 819 1433 conditoris

117 1461 188 1492 versus,
202 1461 248 1493 quos
263 1460 357 1493 nunquam
373 1450 460 1491 audierat,
474 1460 551 1492 quorum
566 1451 601 1485 iste
616 1456 644 1485 est
659 1461 737 1486 sensus:
756 1452 819 1485 ‘Nunc

91 1517 110 1545 25
118 1504 192 1538 laudare
207 1504 297 1537 debemus
315 1508 408 1536 auctorem
423 1502 475 1546 regni
490 1503 568 1544 celestis,
583 1504 683 1547 potentiam
699 1505 786 1539 creatoris
802 1510 820 1538 et

118 1557 214 1591 consilium
226 1556 279 1597 illius,
292 1556 339 1589 facta
350 1556 408 1599 patris
419 1556 488 1599 glorie:
504 1558 596 1600 quomodo
607 1557 642 1598 ille,
654 1567 696 1591 cum
709 1558 733 1591 sit
744 1563 819 1592 eternus

118 1611 169 1651 deus,
180 1611 262 1643 omnium
273 1609 402 1642 miraculorum
414 1614 476 1642 auctor
486 1609 550 1650 extitit,
558 1609 589 1653 qui
600 1610 661 1653 primo
671 1609 714 1643 filiis
724 1610 819 1644 hominum

118 1664 178 1697 celum
186 1671 220 1705 pro
232 1662 311 1696 culmine
319 1661 367 1701 tecti,
376 1660 442 1695 debinc
451 1666 519 1695 terram
527 1667 589 1695 custos
596 1662 672 1696 humani
680 1663 753 1706 generis
761 1662 820 1697 omni-

118 1722 184 1760 potens
195 1714 272 1748 creauit?
296 1713 332 1747 Hic
343 1719 372 1747 est
383 1725 455 1756 sensus,
462 1725 500 1747 non
511 1719 572 1748 autem
583 1721 602 1749 et
613 1716 658 1749 ordo
668 1715 714 1760 ipse,
721 1716 820 1750 verborum

92 1786 111 1814 3⁰
119 1781 154 1814 que
166 1768 258 1802 dormiens
270 1767 300 1802 ille
312 1769 393 1801 canebat.
416 1768 481 1812 Neque
492 1769 541 1802 enim
553 1775 631 1812 possunt
641 1769 726 1813 carmina,
736 1770 820 1814 quamuis

119 1823 186 1868 optimc
194 1821 300 1866 composita,
306 1822 370 1856 exalia
375 1821 394 1855 in
400 1821 454 1856 aliam
462 1821 542 1865 linguam
549 1823 655 1858 adverbum
663 1823 703 1857 sine
711 1824 821 1859 detrimento

119 1877 147 1911 sui
162 1875 234 1911 decoris
249 1886 269 1909 ac
285 1874 376 1918 dignitatis
391 1874 491 1908 transferri.
522 1875 619 1918 Exurgens
634 1881 696 1909 autem
711 1887 721 1909 a
736 1888 820 1921 sompno,

119 1933 183 1963 cuncta
195 1938 231 1971 que
242 1927 336 1961 dormiens
348 1931 457 1969 mutauerat,
467 1927 573 1961 memoriter
584 1927 662 1969 retinuit,
673 1933 692 1962 et
702 1929 756 1972 plura
764 1930 821 1964 verba

119 1983 153 2016 deo
162 1981 211 2025 digni
220 1981 306 2015 carminis
316 1980 404 2014 adiunxit.
428 1980 528 2015 Perductus
539 1987 600 2015 autem
610 1983 633 2015 ad
644 1987 726 2015 sanctam
734 1983 820 2027 Hildam;

92 2050 110 2080 35
119 2046 161 2070 cum
169 2036 254 2068 doctores
262 2034 336 2078 quidam
345 2033 476 2077 exposuissent
486 2034 511 2067 illi
523 2035 616 2078 quendam
627 2046 678 2070 sacre
686 2035 775 2080 scripture
783 2047 821 2071 ser·

120 2099 200 2131 monem,
209 2088 277 2131 optimo
285 2088 366 2122 carmine
376 2088 424 2131 quod
433 2087 529 2122 iubebatur
538 2089 660 2132 compositum
670 2089 754 2124 reddidit.
777 2091 821 2125 Mox

120 2154 164 2186 ergo
172 2141 264 2175 abbatissa
271 2141 357 2184 amplexa
366 2142 443 2184 gratiam
453 2141 483 2174 dei
491 2140 510 2174 in
517 2141 562 2183 viro,
569 2143 671 2176 secularem
680 2143 731 2176 illum
740 2143 822 2178 habitum

120 2195 224 2238 relinquere
238 2199 256 2228 et
267 2193 387 2228 monasticum
400 2193 494 2237 suscipere
507 2194 622 2239 propositum
635 2195 700 2229 docuit.
727 2196 760 2230 Ille
771 2207 821 2238 vero,

120 2260 156 2292 que
172 2249 195 2281 de
210 2257 262 2281 sacra
277 2246 366 2289 scriptura
382 2247 473 2280 audiendo
488 2247 559 2281 discere
574 2253 651 2291 poterat,
666 2248 718 2291 quasi
733 2250 822 2282 mundum

93 2315 113 2343 40
120 2301 187 2334 animal
199 2310 262 2333 secum
274 2298 382 2332 ruminando
394 2299 413 2332 in
424 2310 499 2332 carmen
511 2300 637 2333 dulcissimum
649 2302 771 2344 conuertebat,
782 2312 822 2335 sua-

120 2355 198 2398 uiusque
213 2353 317 2386 resonando
334 2353 417 2386 doctores
433 2362 476 2385 suos
491 2352 572 2387 vicissim
590 2353 682 2387 auditores
697 2354 726 2388 sui
740 2353 822 2389 faciebat.

121 2406 203 2441 Canebat
210 2410 271 2439 autem
279 2406 302 2439 de
310 2404 401 2439 creatione
409 2404 473 2438 mundi
480 2409 498 2438 et
511 2405 582 2448 origine
593 2405 668 2439 humani
678 2406 752 2451 generis
760 2413 778 2441 et
785 2413 823 2441 tota

121 2460 199 2493 Genesis
209 2457 288 2498 historia,
297 2459 320 2491 de
332 2468 408 2501 egressu
421 2457 477 2492 lsrael
489 2459 513 2492 de
525 2458 597 2502 Egypto
607 2464 625 2492 et
634 2458 719 2502 ingressu
727 2459 746 2493 in
754 2464 822 2494 terram

121 2510 274 2560 repromissionis,
282 2512 305 2545 de
313 2511 353 2545 aliis
361 2510 445 2555 plurimis
454 2521 506 2545 sacre
516 2511 607 2557 scripture
615 2512 700 2557 historiis,
709 2514 732 2548 de
739 2512 822 2548 incarna-

148 2577 264 2613 ¹Bed.lV.24.
305 2575 340 2607 2Β.
348 2576 388 2614 quia.
429 2575 613 2615 ³B.eumequiparare
652 2576 690 2608 ⁴al.
698 2578 791 2616 sompnium.
