1762 2803
254 102 300 159 ma
314 100 417 155 &aaut
433 99 588 164 tutaturus.
729 117 771 162 245

71 233 127 265 mum,
137 223 193 259 talem
204 222 305 258 orationem
316 222 382 258 dicitur
391 222 461 258 fudisse
471 224 494 259 ad
505 223 611 259 dominum:
623 223 714 259 ‘Domine
726 223 773 263 Iesu,

70 277 157 311 vniuerse
165 282 247 311 creature
255 276 363 319 dominator,
371 276 439 311 inclina
447 277 487 321 pias
495 287 549 312 aures
557 284 598 313 tuas
603 278 625 312 ad
634 288 700 322 preces
708 277 773 312 ancille

71 335 112 372 tue;
124 330 204 371 intende,
220 341 282 373 queso,
296 330 373 363 orationi
389 340 436 370 mee,
450 336 467 364 et
480 332 568 365 ascendat
582 330 688 375 deprecatio
702 341 743 364 mea
754 330 773 364 in

72 388 171 426 conspectu
182 383 282 416 maiestatis
294 387 330 416 tue.
353 383 380 416 Te
391 382 451 416 solum
464 393 553 427 sponsum
566 383 621 418 michi
635 382 687 426 elegi,
699 382 731 416 tibi
743 392 774 416 ine

71 439 127 469 totam
139 447 149 469 a
160 435 254 469 iuuentute
267 446 308 470 mea
320 434 392 477 deuoui¹
404 439 423 469 tu
435 434 490 469 michi
502 447 558 480 super
569 435 631 470 omnia
642 433 791 480 complacuisti.5

72 487 147 522 Custodi
160 499 209 532 crgo,
223 488 302 530 domine,
314 489 362 532 quod
374 494 425 522 tuum
437 494 476 532 est5
489 500 578 524 conserua
590 489 622 525 tibi
634 495 705 533 partem
717 493 773 530 tuam,

72 546 91 576 et
105 540 181 584 dignare
196 552 226 576 me
241 541 301 577 vocari
317 552 405 585 sponsam
420 546 475 577 tuam.
500 542 541 577 Non
557 543 607 577 sinas
622 554 689 587 corpus
705 553 773 583 meum,

72 594 121 638 quod
132 599 183 628 tuum
194 599 222 628 est
232 595 326 639 templum,
336 594 396 639 aliqua
407 594 467 629 carnis
477 595 594 640 corruptione
604 594 729 637 contaminari,
738 605 773 630 nec

72 646 127 682 michi
139 648 269 682 detrimentum
279 647 347 682 inferri.
371 649 406 683 Fac
418 648 478 691 etiarn,
489 649 569 691 domine,
578 655 598 684 vt
608 649 627 683 in
640 650 695 683 corde
708 648 773 693 sponsi

72 700 109 734 mei
117 701 170 735 huius
182 701 231 745 regis
241 701 309 736 terreni
320 701 405 745 spiritum
415 701 502 736 infundas
514 702 572 745 gratie
583 702 673 743 salutaris,
681 702 772 746 quatinus,
782 715 801 737 ιο

72 753 165 797 despectis
174 753 230 788 seculi
240 754 294 789 huius
301 753 410 789 vanitatibus
422 759 440 789 et
450 754 510 789 carnis
520 754 617 796 illecebris,
625 755 680 789 michi
691 755 709 789 in
721 755 773 789 casti·

72 806 113 841 tatis
122 806 215 851 proposito
223 806 330 848 consentiat,
337 813 356 841 vt
364 808 387 841 ad
395 812 419 849 te,
427 807 458 851 qui
466 806 549 842 omnium
558 808 648 842 bonorum
656 807 774 852 dispensator

72 869 98 899 cs,
106 864 156 892 recto
166 859 231 892 itinere
240 858 347 902 perueniat?
371 860 394 892 Et
404 869 446 892 cum
456 860 495 892 sola
505 869 547 892 cum
556 870 600 902 rege
610 859 628 892 iu
639 859 721 893 cubiculo
731 870 774 892 con·

72 910 133 946 stituta
146 917 201 952 esset,
213 917 323 956 oportunum
335 910 370 946 sibi
383 910 503 946 considerans
515 911 602 955 loquendi
613 917 694 956 tempus,
707 911 775 947 talibus

72 975 135 1007 regem
150 964 211 998 verbis
226 964 278 998 affari
294 964 353 1007 cepit:
370 963 513 998 ‘Amantissime
532 964 611 1005 dominc,
627 975 651 998 ne
667 964 774 1008 indigneris,
784 976 802 1005 15

72 1027 135 1061 queso,
147 1017 163 1050 si
174 1017 239 1060 loquar
251 1016 284 1050 tibi
295 1026 364 1061 sponsa
374 1022 405 1051 tua
417 1021 435 1050 et
446 1016 515 1051 ancilla.
538 1016 559 1051 Si
570 1017 620 1051 enim
631 1016 698 1061 aliquid
711 1016 775 1051 dixero

73 1071 121 1114 quod
129 1070 182 1103 saluti
190 1075 220 1103 tue
228 1070 329 1104 maiestatis
338 1070 377 1104 fore
388 1071 496 1114 cognoueris
508 1071 638 1112 necessarium,
649 1081 673 1105 ne
682 1070 775 1105 cuncteris

72 1123 150 1156 libenter
161 1122 224 1156 verbis
235 1122 282 1156 meis
293 1123 372 1166 prebere
383 1133 486 1156 assensum.
509 1122 596 1156 Omnium
608 1128 733 1156 creaturarum
745 1122 775 1157 dci

73 1176 154 1210 naturale
166 1181 184 1210 et
197 1175 293 1220 proprium
305 1180 333 1210 est
345 1181 446 1210 creatorem
457 1186 511 1210 suum
523 1186 580 1220 super
591 1175 653 1210 omnia
663 1176 744 1220 diligere,
756 1182 775 1210 et

73 1227 176 1273 quicunque
190 1228 268 1263 voluerit
284 1228 353 1263 amicus
368 1240 410 1264 esse
428 1229 483 1263 huius
498 1229 567 1270 mundi,
581 1228 666 1263 inimicus
683 1229 713 1263 dei
730 1240 773 1263 con·
782 1239 802 1261 20

73 1281 161 1317 stituetur.
184 1282 299 1317 Studendum
315 1287 343 1316 est
358 1293 402 1326 ergo
418 1282 468 1316 omni
481 1282 556 1324 homini,
569 1282 646 1326 qualiter
659 1281 718 1326 possit
731 1292 774 1317 esse

73 1334 141 1369 amicus
150 1334 184 1369 dei.
207 1334 256 1368 Dicit
263 1335 313 1369 enim
321 1334 420 1370 Iacobus¹:
432 1335 509 1369 “Nolite
520 1335 596 1378 diligere
607 1335 701 1374 mundum,
713 1345 775 1379 neque

73 1399 95 1422 ea
108 1399 143 1431 que
155 1388 174 1422 in
185 1389 253 1422 mundo
266 1393 315 1422 sunt.
343 1388 423 1422 Mundus
436 1387 485 1421 enim
497 1387 581 1421 transibit
595 1394 613 1422 et
626 1387 775 1431 concupiscentia

73 1441 128 1475 eius.”
156 1441 193 1475 Cur
211 1451 254 1483 ergo
273 1440 357 1484 diligetur
371 1441 420 1485 quod
439 1440 491 1484 quasi
506 1439 525 1473 in
540 1445 634 1474 momento
649 1440 668 1474 in
687 1439 774 1474 nichilum

72 1493 176 1538 redigetur?
199 1493 305 1536 Considera,
317 1504 380 1537 queso,
391 1498 435 1537 quot
446 1503 501 1538 reges
512 1492 546 1527 hoc
557 1503 635 1538 regnum
647 1498 689 1528 ante
701 1498 775 1537 ternpus
784 1504 802 1534 ²5

73 1552 124 1581 tuum
138 1547 267 1590 optinuerunt:
279 1546 308 1580 dic
320 1556 363 1590 ergo
374 1545 405 1581 vbi
416 1551 464 1586 sunt,
476 1546 506 1581 vel
517 1556 553 1589 quo
565 1547 685 1581 deuenerunt.
708 1546 776 1580 Nonne

73 1611 138 1634 omnes
157 1599 203 1634 sicut
221 1599 282 1634 fumus
301 1603 426 1634 euanucrunt?
455 1599 484 1634 Tu
503 1610 581 1644 quoque,
596 1610 637 1634 cum
654 1599 684 1634 diu
700 1598 775 1634 forsitan

73 1654 185 1697 regnaueris,
198 1658 277 1687 mortem
291 1658 340 1687 certe
353 1663 469 1697 nequaquam
482 1652 563 1697 effugere
576 1652 650 1698 poteris,
665 1654 698 1688 sed
711 1652 775 1687 mortis

73 1706 154 1740 debitum
170 1706 236 1747 solues,
248 1706 295 1740 velis
308 1706 361 1740 nolis.
384 1706 407 1739 Et
421 1706 507 1750 quamuis
520 1712 595 1740 centum
609 1716 699 1740 annorum
713 1705 775 1749 spacio

73 1758 153 1795 vixeris:
169 1765 212 1794 tunc
230 1758 266 1794 eris
285 1765 372 1803 tanquam
389 1769 483 1803 nunquam
498 1757 560 1801 fueris,
575 1758 632 1793 immo
648 1758 703 1792 etiam
718 1758 775 1792 multo
783 1768 803 1799 30

73 1812 126 1857 peius
137 1824 192 1856 quam
200 1812 216 1845 si
224 1823 317 1856 nunquam
329 1817 383 1846 natus
393 1811 455 1855 fueris,
463 1812 479 1845 si
487 1812 535 1845 male
545 1812 626 1846 uiuendo
634 1811 683 1846 diem
691 1810 776 1846 Vltimum

73 1865 171 1899 clauseris:
186 1863 228 1907 quia
240 1870 303 1897 eterna
316 1869 454 1905 tormentorum,
467 1865 515 1907 quod
531 1864 583 1905 absit,
596 1874 644 1908 pena
659 1863 775 1897 cruciaberis.

74 1917 123 1952 Hinc
131 1928 174 1961 ergo
183 1916 252 1960 collige,
260 1926 314 1960 quam
323 1917 395 1957 caduca,
407 1927 461 1960 quam
472 1915 527 1951 fallax
536 1916 559 1951 sit
567 1915 620 1951 huius
630 1915 694 1950 mundi
705 1915 774 1959 gloria;

74 1980 129 2015 quam
141 1969 288 2012 contemptibilia,
301 1979 356 2012 quam
368 1979 415 2003 vana
430 1974 473 2002 sunt
488 1968 542 2002 huius
558 1968 618 2003 carnis
633 1968 704 2012 gaudia.
727 1968 776 2002 Con-

73 2024 134 2059 sidera
152 2023 233 2067 insuper,
252 2033 291 2063 rex,
309 2023 358 2067 quod
382 2021 456 2057 fallaces
476 2026 519 2057 sunt
540 2022 634 2057 seculares
651 2021 720 2064 diuitie,
739 2031 803 2066 queas

73 2077 176 2122 possessori
186 2087 219 2111 suo
228 2087 265 2110 non
276 2081 354 2120 possunt
364 2075 447 2110 conferre
458 2075 591 2118 sufficientiam,
602 2076 636 2109 sed
646 2075 705 2119 magis
716 2075 776 2109 solent

73 2140 141 2173 augere
160 2128 330 2172 concupiscentiam.
357 2128 510 2173 Concupiscentia
528 2135 589 2163 autem
608 2128 656 2173 parit
674 2132 776 2173 peccatum,

74 2188 169 2228 peccatum
184 2192 227 2217 vero
242 2186 318 2226 generat
333 2187 417 2216 mortem.
440 2182 584 2217 Perseueremus
600 2192 644 2225 ergo
660 2181 679 2215 in
693 2181 775 2224 corporis

74 2236 156 2271 castitate
164 2241 182 2270 et
190 2234 250 2269 cordis
257 2234 341 2279 puritate,
347 2235 397 2269 nulla
404 2235 465 2269 carnis
473 2235 589 2279 corruptione
597 2235 700 2278 polluamus
708 2244 775 2276 corpus

74 2295 162 2332 nostrum,
170 2294 189 2324 vt
197 2288 255 2322 sancti
263 2287 338 2332 spiritus
346 2298 450 2322 mereamur
457 2287 506 2322 effici
517 2288 627 2328 sacrarium
639 2292 658 2320 vt
667 2297 701 2330 pro
711 2285 775 2330 volup·
783 2297 803 2326 to

73 2348 110 2376 tate
125 2343 191 2384 carnis,
206 2352 242 2385 que
256 2340 308 2385 quasi
323 2340 342 2373 in
357 2346 450 2374 momento
469 2340 574 2385 pertransit,
588 2339 666 2373 mutuari
682 2338 776 2383 possimus

74 2395 161 2440 gaudIum
177 2395 221 2429 illud
240 2395 288 2438 quod
303 2393 353 2427 nullo
367 2394 405 2428 fine
420 2393 503 2427 concludi
518 2393 595 2437 poterit!
639 2384 727 2426 Audiens
742 2402 777 2426 rex

74 2453 144 2483 tantam
158 2447 257 2483 verborum
275 2446 294 2481 in
309 2446 362 2480 beata
376 2445 446 2489 virgine
461 2445 584 2490 prudentiam,
599 2450 617 2479 et
635 2444 735 2487 admirans,
750 2444 777 2480 sic

75 2502 170 2546 respondit
189 2501 263 2536 dicens:
281 2499 382 2534 ‘Vniuersa
401 2510 436 2543 que
455 2500 546 2543 loquendo
565 2499 689 2543 prosequeris,
708 2509 777 2543 sponsa

365 2564 370 2582 ¹
381 2563 431 2594 xlm.
439 2563 455 2594 a.
464 2572 488 2601 15.
