1762 2803
208 90 254 148 bt
269 87 370 143 &ancta
386 90 546 156 mutumne.
685 101 727 145 205

27 213 144 261 postulantes.
167 212 218 247 Tunc
226 212 257 247 illa
265 212 347 256 gaudens
356 216 374 246 et
382 211 449 256 gratias
460 221 517 255 agens
527 210 578 245 duxit
589 220 622 244 eos
632 209 656 244 ad
665 220 728 244 mona-

27 267 103 302 sterium
122 277 182 300 suum.
213 267 236 300 Et
253 266 318 300 volens
341 265 450 298 confirmare
474 265 587 307 episcopum,
607 273 631 296 ne
649 263 728 306 amplius

27 317 141 362 temptationi
149 318 217 352 inimici
225 319 299 352 cederet
309 318 342 351 sed
353 317 474 351 confidentior
484 320 624 360 perseueraret3
636 315 728 360 accipiens

27 372 111 408 baculum
125 382 179 406 suum
192 372 244 406 duxit
257 382 298 406 eum
311 372 334 405 ad
347 371 427 406 radicem
440 370 507 405 montis
520 380 578 414 prope
592 368 729 409 monasterium,

27 426 57 460 vbi
70 430 108 459 erat
119 426 160 459 fons
172 425 254 469 frigidus,
265 424 284 458 in
298 435 334 468 quo
346 424 387 468 ipsa
400 425 419 458 in
433 425 500 467 hyeme
510 422 563 457 solita
575 422 634 456 fuerat
645 421 746 459 noctibus5

28 488 86 522 nsque
94 478 116 511 ad
125 477 209 522 scapulas
217 478 297 511 dimersa
309 483 366 511 toturn
379 488 403 511 ex
415 477 486 520 integro
496 475 604 520 psalterium
614 475 729 519 frequentius

29 533 130 564 decantare.
154 531 213 572 Quem
224 530 293 570 baculo,
304 530 375 572 signum
387 529 446 563 crucis
456 528 563 571 imprimens
574 539 634 561 coram
643 529 730 571 episcopo

29 582 92 625 tetigit,
100 588 118 616 et
126 582 165 626 [ait]
173 583 178 601 ¹
186 594 190 616 :
202 582 234 615 ‘In
243 582 317 616 nomine
325 581 393 616 domini
402 581 459 615 nostri
468 580 524 614 lhesu
533 579 600 614 Christi
608 590 686 625 sequere
694 590 729 621 me,

29 642 47 670 vt
55 636 175 670 annuncietur
183 636 223 670 laus
231 635 260 669 dei
268 635 287 669 in
295 636 334 670 celo
342 635 387 669 etin
395 635 453 669 terra·
474 634 497 669 Et
505 634 559 668 traxit
567 639 609 678 post
617 643 638 668 se
645 633 730 668 baculum

29 700 88 732 suum,
102 688 136 724 iter
151 689 203 733 aquis
218 690 324 732 ostendens,
337 700 396 734 vsque
409 689 432 723 ad
446 687 564 733 supercilium
580 687 653 722 montis.
675 687 730 732 Aque
740 695 758 718 10

29 754 72 777 vero
88 749 151 777 contra
164 748 248 777 naturam
261 743 280 776 in
294 743 388 787 superiora
400 742 491 775 enitentes
503 741 587 775 baculum
601 741 730 785 sequebantur.

31 796 73 829 Erat
84 801 144 830 autern
156 796 175 829 in
187 796 238 830 collis
251 795 345 830 cacumine
358 795 409 839 rupis
422 801 490 835 cauata,
504 796 555 838 quasi
568 795 591 829 ab
605 794 675 838 angelis
688 805 730 838 pre·

30 853 102 891 parata:
115 848 133 881 in
141 859 196 890 quam
204 858 256 891 aque,
264 848 329 881 baculo
336 853 431 890 preeunte,
440 858 461 880 se
469 847 580 880 infuderunt.
596 847 637 888 Que
645 847 731 879 continuo

30 900 138 940 introducte,
147 900 240 933 moderate
248 899 352 933 efficiuntur
360 900 423 940 calide,
431 899 487 934 veluti
497 899 575 933 fuissent
582 899 663 933 humano
670 898 731 933 studio

30 954 52 986 ad
60 953 257 997 balneumpreparate.
281 953 302 986 ln
310 952 345 986 hoc
353 952 418 987 balneo
428 952 470 987 fecit
481 952 597 993 Modwenna
605 952 730 996 perspiritum
740 960 758 991 15

30 1006 98 1047 edocta,
113 1006 182 1039 intrare
198 1005 310 1050 episcopum,
323 1005 387 1040 dicens
402 1005 424 1039 ad
440 1016 492 1040 eurn:
506 1005 566 1040 ‘Sicut
581 1004 600 1039 in
615 1004 650 1039 hoc
665 1005 731 1039 balneo

30 1058 96 1092 lauaris
112 1058 227 1092 extrinsecus
242 1069 253 1092 a
269 1058 354 1092 sordibus
370 1057 458 1103 corporis,
474 1059 501 1093 sic
517 1064 535 1093 te
552 1059 598 1092 deus
614 1058 731 1102 omnipotens

30 1112 117 1145 emundet
125 1111 235 1146 intrinsecus
243 1122 254 1145 a
261 1111 338 1146 maculis
346 1113 418 1146 cordis?
441 1112 482 1154 Quo
491 1112 543 1153 facto,
552 1111 623 1145 Cheuin
633 1111 732 1155 episcopus

31 1174 71 1198 cum
83 1163 176 1198 sodalibus
184 1164 227 1207 suis,
235 1170 310 1208 accepta
318 1175 328 1198 a
336 1164 406 1208 virgine
416 1164 495 1206 licentia,
504 1164 574 1199 reuersi
585 1169 628 1198 sunt
638 1164 657 1198 in
667 1164 731 1199 solitu-

32 1217 92 1250 dinem
106 1217 192 1260 castigati,
206 1217 303 1259 emendati,
315 1216 440 1251 ²mirabilibus
456 1217 576 1261 magnisque
591 1216 676 1251 viderant
688 1227 731 1250 con·
741 1226 760 1248 πο

32 1269 108 1311 firmati;
125 1269 169 1313 [et]³
180 1270 265 1303 omnibus
277 1269 342 1303 diebus
353 1270 389 1302 vite
401 1279 434 1303 sue
450 1269 535 1313 exempla
547 1268 577 1303 et⁴
589 1269 654 1304 merita
669 1274 732 1304 sancte

31 1322 107 1366 uirginis
119 1322 270 1366 contemplantes,
281 1321 402 1356 anachoritice
412 1322 449 1356 vite
461 1327 479 1356 et
489 1322 558 1357 sanctis
569 1321 657 1366 operibus
667 1322 733 1366 iugiter

32 1375 144 1409 insudarunt.
167 1374 210 1419 Ipse
226 1386 270 1410 vero
289 1375 392 1419 episcopus,
412 1375 542 1410 Modwennam
561 1386 605 1419 sepe
624 1375 733 1420 recogitans,

32 1428 151 1471 semetipsum
163 1439 224 1462 coram
240 1427 296 1461 oculis
312 1427 351 1461 suis
366 1428 477 1471 despiciens,
488 1429 544 1461 vitam
560 1439 611 1462 suant
627 1428 733 1471 preteritam

33 1477 84 1519 quasi
100 1487 166 1520 parurn
182 1478 240 1511 adhuc
256 1477 365 1521 profecisset
379 1477 500 1520 vilipendens,
516 1483 534 1511 et
549 1477 598 1511 mala
613 1487 649 1521 quc
665 1477 733 1511 fecerat
743 1483 761 1514 ¹5

32 1529 127 1573 plangens,
136 1530 158 1564 ad
167 1529 243 1565 meliora
250 1530 342 1574 proficere
350 1535 367 1564 et
376 1530 448 1564 culmen
456 1530 543 1564 virtutum
552 1530 652 1564 ascendere
660 1542 734 1564 summo

33 1582 123 1617 desiderio
134 1583 235 1618 affectabat.
258 1582 282 1616 Et
292 1593 351 1627 vsque
362 1583 385 1617 ad
397 1583 467 1618 obitum
476 1583 532 1617 vitam
542 1584 612 1618 ducens
622 1583 734 1628 perfectissi-

33 1645 87 1677 mam,
100 1636 173 1670 Christo
186 1647 230 1671 vero
242 1637 278 1671 deo
291 1636 407 1671 incessanter
418 1637 491 1681 placere
503 1637 577 1680 studuit,
591 1643 609 1672 et
622 1637 734 1681 triumphato

33 1689 105 1723 diabolo
114 1689 154 1724 dies
162 1700 206 1724 suos
214 1689 232 1723 in
240 1690 289 1724 bono
298 1690 335 1724 fine
346 1696 364 1724 et
374 1700 446 1724 summa
457 1691 554 1725 deuotione
566 1690 669 1734 compleuit.
692 1690 734 1724 Bal-

33 1752 88 1775 neum
102 1752 147 1775 vero
165 1742 210 1776 illud
226 1748 243 1776 et
258 1753 305 1786 aque
320 1742 378 1776 calide
393 1743 412 1776 in
427 1748 479 1786 petra
495 1743 593 1777 durissima
607 1754 666 1787 vsque
681 1743 735 1777 hodic
744 1749 764 1778 30

33 1799 158 1836 perseuerant,
177 1800 234 1845 etflse
253 1795 367 1836 balneantes,
384 1794 467 1828 inuocato
486 1796 562 1829 nomine
579 1795 648 1829 domini
665 1795 736 1829 meritis

34 1852 96 1881 sancte
111 1847 188 1891 virginis
203 1846 286 1890 corporis
299 1851 317 1881 et
332 1847 394 1881 anime
409 1846 505 1882 sanitatem
518 1852 619 1891 reportant.
663 1840 735 1883 Sancta

35 1900 82 1933 enim
90 1898 142 1944 virgo
150 1898 217 1934 Christi
226 1899 304 1944 plurima
312 1898 330 1933 in
340 1898 429 1933 Hibernia
439 1899 541 1935 construxit
553 1899 674 1935 monasteria:
686 1900 735 1935 vnde

34 1952 107 1995 quidam
116 1953 190 1998 maligni
201 1952 269 1987 inuidia
278 1954 394 1987 tabescentes
406 1952 445 1987 eius
457 1964 513 1998 opera
523 1953 636 1989 deridebant.
659 1954 682 1988 Et
690 1953 735 1989 arri·

34 2005 106 2048 pientes
112 2007 242 2050 pauperculam
251 2007 343 2050 quandam
351 2006 453 2047 mulierem,
459 2012 477 2040 et
483 2017 549 2040 saxum
555 2007 625 2051 grande
631 2017 688 2051 super
694 2008 735 2042 dor·
744 2014 763 2044 35

35 2068 75 2091 sum
86 2059 126 2093 eius
136 2059 260 2103 imponentes,
271 2058 331 2092 iurare
343 2065 442 2102 coegerunt
448 2064 468 2092 vt
476 2059 521 2093 illud
531 2070 555 2093 ex
565 2065 617 2103 parte
626 2070 660 2093 sua
669 2060 736 2104 virgini
761 2103 762 2106 Ἴ

36 2109 146 2146 Modwenne
153 2112 193 2146 loco
201 2111 283 2146 muneris
294 2116 433 2155 transportaret.
456 2112 496 2154 Quo
506 2111 559 2153 facto,
568 2112 615 2156 lapis
626 2112 736 2148 durissimus

36 2163 131 2198 confestim
143 2174 204 2198 coram
217 2164 302 2198 omnibus
317 2163 336 2198 in
351 2174 432 2198 massam
448 2163 492 2200 salis
507 2170 641 2201 commutatur:
653 2171 673 2200 vt
687 2166 736 2210 quod

36 2216 116 2251 fecerant
134 2216 186 2262 impii
204 2219 227 2251 ad
245 2217 349 2258 ludibrium,
364 2216 409 2251 illud
428 2218 473 2252 deus
492 2218 610 2262 omnipotens
624 2218 648 2253 ad
663 2219 736 2253 laudem

36 2269 114 2303 nominis
125 2269 158 2312 sui,
169 2275 188 2304 et
198 2270 275 2314 virginis
287 2270 362 2314 gloriam
374 2269 393 2304 in
404 2270 513 2305 miraculum
524 2271 619 2305 conuertit.
662 2265 737 2306 Accidit
745 2284 765 2314 4⁰

36 2321 85 2355 enirn
100 2327 119 2355 vt
135 2323 179 2356 dum
198 2322 283 2356 animalia
302 2322 407 2355 monasterii
426 2328 547 2366 pascerentur
561 2324 580 2356 in
595 2334 645 2367 agro,
660 2323 698 2367 lupi
713 2324 737 2358 de

36 2373 142 2408 nemoribus
154 2381 244 2409 exeuntes
258 2385 299 2409 cum
313 2375 382 2419 impetu
394 2375 471 2410 vitulum
484 2381 570 2421 raperent
580 2376 603 2411 de
613 2376 707 2419 armentis,
719 2383 737 2412 et

37 2426 147 2461 abstractum
160 2428 185 2462 ad
202 2427 258 2462 siluas
273 2429 396 2472 deportarent.
420 2429 461 2470 Quo
474 2428 551 2473 cognito,
563 2428 634 2473 placido
650 2429 701 2464 vultu
716 2440 737 2469 ac

83 2538 236 2575 ¹T.ait;-E.dixit.
297 2537 396 2569 ²E.etmir.
457 2539 504 2570 ’ona
563 2540 691 2577 ⁴E.ac;T.et.
