1762 2803
128 117 131 123 ’
148 140 188 184 172
229 197 231 201 ῃ
334 130 413 182 muta
429 127 545 190 termut
560 127 653 190 anrttc.

145 249 208 293 iuquit,
216 249 265 284 diem
273 256 349 296 propter
357 251 466 286 dominicam
474 252 536 296 quein
545 263 566 286 eo
575 252 621 286 sacta
629 257 657 286 est
665 252 819 288 resurrectionem
827 254 845 289 in

146 304 274 338 veneratione¹
283 305 377 348 habemus,
385 305 417 339 vt²
428 305 447 340 in
459 317 481 339 eo
489 305 562 339 seruilia
570 316 626 349 opera
633 305 669 339 iam
680 315 716 339 non
727 305 820 350 iaciamus,
828 308 846 342 in

147 368 183 400 quo
191 368 225 390 nos
233 368 244 390 a
252 357 340 391 seruitute
348 358 414 391 diaboli
424 358 530 402 redemptos
538 358 629 391 nouimus.
652 358 693 391 Hoc
701 362 719 391 et
726 358 791 392 beatus
799 371 847 404 papa

148 410 246 454 Gregorius
262 411 345 451 affirmat,
358 412 433 445 diceus:
451 411 563 444 “Dominico
577 411 606 445 die
619 421 630 444 a
643 411 705 445 labore
720 416 794 445 terreno
808 424 847 447 ces·

131 463 226 504 ¹usandum
239 468 272 505 est,
284 470 338 507 atque
352 464 457 497 omnimodo
472 464 584 498 orationibus
600 464 734 505 insistendum
746 469 766 498 vt
777 464 793 497 si
805 466 847 509 quid

147 515 258 559 negligentia
270 527 304 560 per
319 527 352 551 sen
365 518 405 551 dies
418 516 482 561 agitur,
495 528 529 561 per
542 516 591 552 diem
605 516 744 552 resurrectionis
757 517 847 554 dominice

148 568 232 612 precibus
243 569 343 613 expietur.’'
366 569 417 603 idem
426 580 498 614 quoque
506 575 559 614 pater
567 569 666 614 Gregorius
674 570 765 613 quendam
773 576 848 615 propter

148 630 194 663 opus
209 626 302 654 terrenum
317 623 365 664 quod
380 622 410 654 die
425 622 526 655 dominicol
542 622 614 663 lecerat,
628 621 710 656 districta
724 622 848 665 increpatione

147 673 220 715 seriens,
233 684 265 707 eos
278 685 355 718 quorum
369 675 403 708 hoc
417 674 497 709 consiliis
509 679 577 718 egerat,
589 675 660 708 duobus
671 674 765 709 mensibus
777 685 848 709 excom-

121 740 140 760 10
149 727 250 760 municatos
262 739 304 761 esse
315 728 407 762 decreuit!
431 729 473 762 Hiis
485 728 585 762 rationibus
597 728 661 771 regine
673 728 763 762 contraire
774 740 811 762 non
819 741 848 763 va-

148 780 208 815 lentes
215 780 226 821 ⁴,
234 780 259 814 ita
267 781 316 816 diem
324 781 436 816 dominicum
448 781 536 826 deinceps
548 781 675 823 obseruabant,
683 786 702 816 vt
710 792 745 816 nec
753 780 848 826 quicquam

148 833 167 867 in
174 844 195 867 eo
202 834 274 877 operari
281 834 374 869 auderent.
413 827 479 869 illicita
485 835 539 869 etiam
546 846 666 869 nouercarum
673 834 760 879 coniugia,
767 834 849 871 similiter

149 893 168 921 et
175 897 251 920 uxorem
262 887 322 921 fratris
332 888 411 921 defuncti
420 889 495 922 fratrem
503 889 620 932 superstitem
629 889 752 932 ducere-que
762 888 787 920 ibi
796 894 849 922 antea

150 941 222 980 fiebant,
231 940 286 974 nimis
296 941 376 975 ostendit
386 942 490 975 execranda
500 946 518 976 et
528 952 539 975 a
549 941 634 975 fidelibus
642 941 692 975 velut
701 940 761 984 ipsam
771 947 848 975 mortem

124 1005 141 1033 15
150 992 253 1026 deuitanda.
276 993 333 1026 Multa
345 1004 416 1037 quoque
430 993 465 1026 alia
478 999 541 1027 contra
556 1004 627 1027 morem
640 993 718 1027 ecclesie
731 993 849 1033 inoleuerant,

150 1045 210 1088 quein
217 1046 282 1078 eodem
288 1046 363 1080 concilio
368 1045 375 1064 ⁵
381 1047 484 1089 dampnans
490 1047 513 1080 de
519 1046 572 1089 regni
578 1046 645 1079 finibus
652 1039 849 1089 extirpauit.—Cum

151 1098 200 1133 enim
211 1099 234 1133 de
240 1098 298 1133 salute
308 1098 369 1133 anime
380 1098 480 1134 consessori
490 1099 540 1141 sual,
549 1103 567 1133 et
576 1100 599 1134 de
609 1098 698 1144 perennis
703 1098 739 1133 vite
745 1098 850 1143 loqueretur

151 1151 251 1192 dulcedine,
266 1153 323 1186 verba
338 1153 398 1186 omnis
415 1152 473 1196 gratie
487 1153 542 1196 plena
557 1153 667 1195 proferebat,
682 1157 788 1196 tantumque
803 1153 850 1186 inter

151 1205 263 1249 loquendum
269 1206 430 1249 compungebatur,
435 1210 454 1240 vt
462 1210 500 1240 tota
507 1205 526 1239 in
533 1205 629 1239 lachrimas
635 1205 746 1239 resoluenda
751 1210 850 1248 putaretur.

124 1273 143 1293 πο
152 1259 173 1291 ln
181 1258 258 1291 ecclesia
267 1270 321 1292 nemo
332 1258 362 1292 illa
372 1259 443 1292 silendo
451 1259 533 1302 quietior,
542 1260 610 1292 orando
619 1270 673 1292 nemo
681 1259 744 1292 aderat
754 1258 849 1300 intentior;

151 1309 195 1344 nihil
206 1321 287 1353 unquam
298 1310 317 1343 in
328 1311 382 1344 domo
393 1311 422 1344 dei
433 1311 516 1344 seculare
528 1311 582 1354 loqui,
590 1310 636 1343 nihil
644 1316 738 1344 terrenum
748 1321 808 1354 agere,
818 1311 850 1344 sed

151 1369 221 1397 tantum
235 1370 356 1397 consueuerat
368 1374 427 1405 orare,
440 1374 495 1397 orans
508 1363 606 1397 lachrimas
621 1363 704 1397 tundere.
727 1363 763 1396 Per
776 1362 850 1395 nimiam

151 1428 195 1451 vero
201 1417 330 1450 abstinentiam
336 1417 444 1459 grauissime
450 1417 561 1450 infirmitatis
567 1416 670 1451 molestiam
676 1416 785 1450 incurrebat.
803 1416 850 1458 Quid

153 1469 239 1514 [autem]⁷
247 1469 296 1504 illius
303 1475 378 1513 pectore
386 1469 499 1512 clementius,
505 1470 548 1514 quid
555 1480 599 1514 erga
606 1480 675 1513 egenos
683 1470 791 1514 benignius?
810 1469 850 1502 Non

126 1535 144 1565 25
153 1524 213 1558 solum
227 1533 264 1565 sua,
278 1524 311 1557 sed
325 1523 380 1557 etiam
394 1522 480 1567 seipsam,
493 1523 508 1557 si
523 1523 591 1565 liceret,
604 1523 714 1567 pauperibus
730 1523 808 1556 libenter
820 1523 851 1555 im·

153 1575 254 1619 pendisset.
272 1575 363 1608 Omnibus
373 1575 412 1608 suis
422 1576 533 1619 pauperibus
545 1580 585 1608 erat
596 1576 637 1618 ipsa
647 1576 755 1619 pauperior:
767 1576 792 1607 illi
803 1575 851 1608 enim

155 1638 192 1662 non
203 1629 292 1662 habentes
303 1628 371 1662 habere
383 1628 485 1671 cupiebant,
494 1628 525 1662 illa
532 1638 576 1662 vero
587 1639 623 1671 que
634 1627 722 1662 habebat
731 1626 851 1671 dispergebat.

154 1682 201 1717 Cum
212 1687 273 1715 autem
285 1681 304 1715 in
316 1682 408 1725 publicum
420 1681 533 1725 procederet,
543 1680 657 1723 miserorum,
666 1680 795 1725 orphanorum,
803 1679 852 1714 vidu-

154 1745 206 1769 arum
216 1745 282 1778 greges
290 1734 342 1778 quasi
353 1735 376 1768 ad
386 1740 463 1768 matrem
472 1734 573 1778 piissimam
582 1734 714 1776 confluxerunt,
723 1744 800 1778 quorum
808 1731 852 1766 nulli

127 1800 146 1829 30
155 1790 178 1821 ab
190 1799 211 1821 ea
223 1788 263 1821 sine
275 1788 398 1821 consolatione
410 1789 539 1821 abscesserunt
545 1788 556 1820 ⁹.
578 1788 679 1830 Interdum,
687 1787 773 1831 quicquid
779 1786 792 1805 ¹⁰
800 1790 852 1825 esset,

155 1840 203 1885 regis
215 1841 310 1884 proprium
321 1840 385 1884 egenis
393 1841 515 1884 errogandum
523 1840 573 1875 tulit:
586 1851 641 1884 quam
649 1852 683 1874 rex
691 1840 764 1884 pietatis
771 1840 853 1883 rapinam

155 1894 229 1928 omnino
240 1899 333 1938 acceptam
345 1904 419 1937 semper
431 1899 449 1928 et
460 1900 530 1937 gratam
540 1893 607 1934 habuit,
616 1898 633 1927 et
644 1905 664 1927 se
675 1893 747 1927 nescire
758 1890 853 1926 simulauit.

156 1948 197 1980 Non
204 1948 263 1980 solum
270 1947 333 1990 egenis
341 1947 437 1990 indigenis,
443 1957 507 1980 verum
513 1946 567 1979 etiam
574 1947 597 1980 de
605 1946 690 1979 omnibus
698 1957 746 1989 pene
752 1945 853 1979 nationibus

156 2010 208 2034 suam
217 1999 360 2034 munificentiam
368 1999 471 2034 exhibebat.
494 1999 640 2033 Innumerabiles
652 1999 734 2042 captiuos
742 1999 784 2032 dato
794 1995 854 2042 precio

128 2064 146 2094 55
156 2053 233 2087 libertati
244 2052 321 2087 restituit
329 2063 375 2096 quos
383 2052 406 2086 de
414 2057 468 2097 gente
476 2051 579 2096 Anglorum
587 2052 672 2086 violentia
680 2051 751 2086 hostilis
759 2051 853 2085 Scotorum

157 2107 176 2140 in
186 2116 251 2141 seruos
263 2108 369 2151 redegerat;
386 2106 466 2140 occultos
476 2106 602 2150 exploratores
612 2115 646 2149 per
657 2105 761 2150 prouincias
771 2102 825 2144 misit,
836 2104 854 2134 vt

157 2159 188 2204 qni
202 2159 270 2193 duriori
285 2165 413 2203 premerentur
428 2159 517 2193 seruitute
530 2165 548 2193 et
563 2159 662 2193 inhumane
677 2163 804 2199 tractarentur,
817 2155 854 2190 eius

158 2212 265 2247 liberalitate
280 2212 345 2246 redimi
360 2218 440 2256 possent.
466 2212 572 2247 Heremitas
588 2217 606 2246 et
621 2212 710 2256 separatis
725 2211 776 2246 cellis
790 2209 855 2251 ubique

157 2265 239 2299 inclusos
248 2264 321 2299 Christo
329 2265 430 2299 seruientes
437 2264 526 2305 venerari,
534 2264 614 2308 diligere,
623 2275 656 2298 suo
664 2266 744 2298 aduentu
752 2269 770 2298 et
780 2260 855 2304 alloquio

128 2332 149 2362 40
158 2317 240 2352 crebrius
250 2316 324 2351 visitare
335 2317 435 2359 consueuit,
444 2321 463 2351 et
474 2316 547 2350 illorum
559 2316 643 2359 precibus
655 2328 675 2352 se
687 2314 827 2354 commendauit,
839 2314 856 2345 et

158 2370 243 2417 quicquid
251 2371 337 2415 petebant
345 2371 411 2404 deuota
418 2369 505 2414 impleuit.
543 2362 594 2405 Cum
602 2370 691 2415 principio
699 2369 757 2404 noctis
765 2366 856 2413 paululum

158 2425 264 2470 quieuisset‚
271 2423 367 2458 ecclesiam
372 2423 461 2467 ingressa,
467 2423 564 2457 matutinas
569 2425 592 2458 de
599 2424 676 2467 [sancta]
682 2424 694 2442 ¹¹
700 2424 786 2465 trinitate,
791 2419 856 2456 deinde

178 2505 368 2536 ¹T.E.venerationem.
419 2504 586 2536 ²Vit.habea1nuset.
646 2504 770 2534 ³E.dominica.
824 2496 856 2543 *E-

158 2547 235 2577 volentes.
283 2545 398 2576 ⁶E.consilio.
448 2544 545 2575 ⁶Vit.mihi.
595 2543 708 2576 7Τ.Ε.εηίῐη4
758 2539 855 2571 ῡΉιεὼυιῑ.

158 2588 164 2606 ⁹
174 2587 193 2617 E.
200 2588 307 2617 abcesserunt.
349 2586 360 2605 n
370 2586 401 2615 Vit.
409 2586 518 2624 quodcumque
524 2586 562 2615 illud
568 2589 615 2616 esset.
656 2585 667 2603 ¹¹
675 2595 693 2615 so
700 2584 729 2621 T.;
740 2593 770 2614 om.
779 2582 795 2612 in
803 2581 820 2611 E.
