<?xml version="1.0" encoding="UTF-8"?>
<!DOCTYPE html PUBLIC "-//W3C//DTD XHTML 1.0 Transitional//EN"
    "http://www.w3.org/TR/xhtml1/DTD/xhtml1-transitional.dtd">
<html xmlns="http://www.w3.org/1999/xhtml" xml:lang="en" lang="en">
 <head>
  <title>
</title>
<meta http-equiv="Content-Type" content="text/html;charset=utf-8" />
  <meta name='ocr-system' content='tesseract 3.04.00' />
  <meta name='ocr-capabilities' content='ocr_page ocr_carea ocr_par ocr_line ocrx_word'/>
</head>
<body>
  <div class='ocr_page' id='page_1' title='image "./MN5111ucmf_0/MN5111ucmf_0_0144.png"; bbox 0 0 1762 2803; ppageno 0'>
   <div class='ocr_carea' id='block_1_1' title="bbox 109 99 619 164">
    <p class='ocr_par' dir='ltr' id='par_1_1' title="bbox 109 99 619 164">
     <span class='ocr_line' id='line_1_1' title="bbox 109 99 619 164; baseline -0.016 -4"><span class='ocrx_word' id='word_1_1' title='bbox 109 115 138 161; x_wconf 87' lang='lat'>54</span> <span class='ocrx_word' id='word_1_2' title='bbox 300 103 380 156; x_wconf 71' lang='lat' dir='ltr'>rauba</span> <span class='ocrx_word' id='word_1_3' title='bbox 395 99 511 164; x_wconf 70' lang='lat' dir='ltr'>tramea</span> <span class='ocrx_word' id='word_1_4' title='bbox 527 99 619 163; x_wconf 67' lang='lat' dir='ltr'>finalia</span> 
     </span>
    </p>
   </div>
   <div class='ocr_carea' id='block_1_2' title="bbox 83 218 835 2495">
    <p class='ocr_par' dir='ltr' id='par_1_2' title="bbox 83 218 835 2495">
     <span class='ocr_line' id='line_1_2' title="bbox 108 218 809 268; baseline -0.004 -11"><span class='ocrx_word' id='word_1_5' title='bbox 108 233 143 268; x_wconf 87' lang='lat' dir='ltr'>per</span> <span class='ocrx_word' id='word_1_6' title='bbox 157 223 213 257; x_wconf 87' lang='lat' dir='ltr'>fidem</span> <span class='ocrx_word' id='word_1_7' title='bbox 225 228 327 267; x_wconf 90' lang='lat' dir='ltr'>parentum,</span> <span class='ocrx_word' id='word_1_8' title='bbox 340 223 413 266; x_wconf 91' lang='lat' dir='ltr'>quando</span> <span class='ocrx_word' id='word_1_9' title='bbox 426 233 468 256; x_wconf 94' lang='lat' dir='ltr'>eum</span> <span class='ocrx_word' id='word_1_10' title='bbox 481 224 516 257; x_wconf 87' lang='lat' dir='ltr'>deo</span> <span class='ocrx_word' id='word_1_11' title='bbox 530 222 640 263; x_wconf 87' lang='lat' dir='ltr'>obtulerunt,</span> <span class='ocrx_word' id='word_1_12' title='bbox 653 222 713 256; x_wconf 86' lang='lat' dir='ltr'>deleta</span> <span class='ocrx_word' id='word_1_13' title='bbox 727 218 809 255; x_wconf 90' lang='lat' dir='ltr'>inuenit:</span> 
     </span>
     <span class='ocr_line' id='line_1_3' title="bbox 109 275 810 322; baseline -0.003 -12"><span class='ocrx_word' id='word_1_14' title='bbox 109 277 133 311; x_wconf 89' lang='lat' dir='ltr'>Et</span> <span class='ocrx_word' id='word_1_15' title='bbox 141 281 215 322; x_wconf 90' lang='lat' dir='ltr'>peccata</span> <span class='ocrx_word' id='word_1_16' title='bbox 223 276 285 321; x_wconf 92' lang='lat' dir='ltr'>quein</span> <span class='ocrx_word' id='word_1_17' title='bbox 293 275 404 310; x_wconf 89' lang='lat' dir='ltr'>monasterio</span> <span class='ocrx_word' id='word_1_18' title='bbox 412 276 482 320; x_wconf 85' lang='lat' dir='ltr'>degens</span> <span class='ocrx_word' id='word_1_19' title='bbox 488 281 530 310; x_wconf 89' lang='lat' dir='ltr'>ante</span> <span class='ocrx_word' id='word_1_20' title='bbox 536 286 588 309; x_wconf 90' lang='lat' dir='ltr'>suam</span> <span class='ocrx_word' id='word_1_21' title='bbox 595 275 728 320; x_wconf 84' lang='lat' dir='ltr'>professionem</span> <span class='ocrx_word' id='word_1_22' title='bbox 736 275 810 315; x_wconf 80' lang='lat' dir='ltr'>fecerat,</span> 
     </span>
     <span class='ocr_line' id='line_1_4' title="bbox 109 328 810 374; baseline -0.004 -10"><span class='ocrx_word' id='word_1_23' title='bbox 109 331 128 365; x_wconf 88' lang='lat' dir='ltr'>in</span> <span class='ocrx_word' id='word_1_24' title='bbox 140 330 191 374; x_wconf 88' lang='lat' dir='ltr'>ipsa¹</span> <span class='ocrx_word' id='word_1_25' title='bbox 204 330 319 374; x_wconf 87' lang='lat' dir='ltr'>professione</span> <span class='ocrx_word' id='word_1_26' title='bbox 330 334 408 372; x_wconf 85' lang='lat' dir='ltr'>purgata</span> <span class='ocrx_word' id='word_1_27' title='bbox 419 335 482 364; x_wconf 88' lang='lat' dir='ltr'>erant:</span> <span class='ocrx_word' id='word_1_28' title='bbox 497 330 574 363; x_wconf 86' lang='lat' dir='ltr'>Peccata</span> <span class='ocrx_word' id='word_1_29' title='bbox 584 340 628 364; x_wconf 85' lang='lat' dir='ltr'>vero</span> <span class='ocrx_word' id='word_1_30' title='bbox 640 340 676 372; x_wconf 87' lang='lat' dir='ltr'>que</span> <span class='ocrx_word' id='word_1_31' title='bbox 687 335 729 363; x_wconf 88' lang='lat' dir='ltr'>ante</span> <span class='ocrx_word' id='word_1_32' title='bbox 741 328 810 362; x_wconf 88' lang='lat' dir='ltr'>obitum</span> 
     </span>
     <span class='ocr_line' id='line_1_5' title="bbox 109 381 810 427; baseline -0.004 -9"><span class='ocrx_word' id='word_1_33' title='bbox 109 393 163 418; x_wconf 92' lang='lat' dir='ltr'>suum</span> <span class='ocrx_word' id='word_1_34' title='bbox 175 387 241 427; x_wconf 79' lang='lat' dir='ltr'>egerat,</span> <span class='ocrx_word' id='word_1_35' title='bbox 252 393 286 426; x_wconf 88' lang='lat' dir='ltr'>per</span> <span class='ocrx_word' id='word_1_36' title='bbox 297 392 359 417; x_wconf 91' lang='lat' dir='ltr'>veram</span> <span class='ocrx_word' id='word_1_37' title='bbox 373 381 505 416; x_wconf 86' lang='lat' dir='ltr'>confessionem</span> <span class='ocrx_word' id='word_1_38' title='bbox 518 387 536 416; x_wconf 90' lang='lat' dir='ltr'>et</span> <span class='ocrx_word' id='word_1_39' title='bbox 548 381 667 425; x_wconf 79' lang='lat' dir='ltr'>penitentiam</span> <span class='ocrx_word' id='word_1_40' title='bbox 681 382 741 416; x_wconf 87' lang='lat' dir='ltr'>deleta</span> <span class='ocrx_word' id='word_1_41' title='bbox 756 386 810 425; x_wconf 89' lang='lat' dir='ltr'>atque</span> 
     </span>
     <span class='ocr_line' id='line_1_6' title="bbox 93 434 812 479; baseline -0.001 -8"><span class='ocrx_word' id='word_1_42' title='bbox 93 443 101 474; x_wconf 89' lang='lat'>5</span> <span class='ocrx_word' id='word_1_43' title='bbox 110 436 185 471; x_wconf 88' lang='lat' dir='ltr'>dimissa</span> <span class='ocrx_word' id='word_1_44' title='bbox 192 436 211 469; x_wconf 92' lang='lat' dir='ltr'>in</span> <span class='ocrx_word' id='word_1_45' title='bbox 218 435 259 479; x_wconf 88' lang='lat' dir='ltr'>ipso</span> <span class='ocrx_word' id='word_1_46' title='bbox 268 435 308 470; x_wconf 89' lang='lat' dir='ltr'>eius</span> <span class='ocrx_word' id='word_1_47' title='bbox 317 434 367 469; x_wconf 91' lang='lat' dir='ltr'>obitu</span> <span class='ocrx_word' id='word_1_48' title='bbox 378 435 465 469; x_wconf 86' lang='lat' dir='ltr'>confusus</span> <span class='ocrx_word' id='word_1_49' title='bbox 474 434 548 469; x_wconf 91' lang='lat' dir='ltr'>inuenit.</span> <span class='ocrx_word' id='word_1_50' title='bbox 572 434 643 469; x_wconf 88' lang='lat' dir='ltr'>Vrsarii</span> <span class='ocrx_word' id='word_1_51' title='bbox 654 435 688 478; x_wconf 89' lang='lat' dir='ltr'>dei,</span> <span class='ocrx_word' id='word_1_52' title='bbox 699 434 742 470; x_wconf 93' lang='lat' dir='ltr'>boni</span> <span class='ocrx_word' id='word_1_53' title='bbox 750 436 812 479; x_wconf 85' lang='lat' dir='ltr'>angeli</span> 
     </span>
     <span class='ocr_line' id='line_1_7' title="bbox 110 487 812 532; baseline -0.004 -7"><span class='ocrx_word' id='word_1_54' title='bbox 110 494 164 525; x_wconf 88' lang='lat' dir='ltr'>sunt:</span> <span class='ocrx_word' id='word_1_55' title='bbox 180 489 231 523; x_wconf 87' lang='lat' dir='ltr'>Sicut</span> <span class='ocrx_word' id='word_1_56' title='bbox 249 489 298 523; x_wconf 92' lang='lat' dir='ltr'>enim</span> <span class='ocrx_word' id='word_1_57' title='bbox 314 487 380 523; x_wconf 87' lang='lat' dir='ltr'>vrsarii</span> <span class='ocrx_word' id='word_1_58' title='bbox 396 499 455 530; x_wconf 90' lang='lat' dir='ltr'>vrsos,</span> <span class='ocrx_word' id='word_1_59' title='bbox 470 488 495 522; x_wconf 91' lang='lat' dir='ltr'>ita</span> <span class='ocrx_word' id='word_1_60' title='bbox 510 488 571 532; x_wconf 81' lang='lat' dir='ltr'>angeli</span> <span class='ocrx_word' id='word_1_61' title='bbox 588 488 678 532; x_wconf 84' lang='lat' dir='ltr'>malignos</span> <span class='ocrx_word' id='word_1_62' title='bbox 695 489 784 523; x_wconf 85' lang='lat' dir='ltr'>demones</span> <span class='ocrx_word' id='word_1_63' title='bbox 800 500 812 523; x_wconf 92' lang='lat' dir='ltr'>a</span> 
     </span>
     <span class='ocr_line' id='line_1_8' title="bbox 109 541 811 586; baseline 0 -10"><span class='ocrx_word' id='word_1_64' title='bbox 109 541 177 577; x_wconf 89' lang='lat' dir='ltr'>seuicia</span> <span class='ocrx_word' id='word_1_65' title='bbox 192 552 225 575; x_wconf 88' lang='lat' dir='ltr'>sua</span> <span class='ocrx_word' id='word_1_66' title='bbox 243 547 328 576; x_wconf 85' lang='lat' dir='ltr'>coercent</span> <span class='ocrx_word' id='word_1_67' title='bbox 344 546 363 575; x_wconf 87' lang='lat' dir='ltr'>et</span> <span class='ocrx_word' id='word_1_68' title='bbox 378 541 501 585; x_wconf 61' lang='lat' dir='ltr'>opprimuntl,</span> <span class='ocrx_word' id='word_1_69' title='bbox 518 552 542 576; x_wconf 88' lang='lat' dir='ltr'>ne</span> <span class='ocrx_word' id='word_1_70' title='bbox 558 541 611 575; x_wconf 92' lang='lat' dir='ltr'>nobis</span> <span class='ocrx_word' id='word_1_71' title='bbox 630 547 707 576; x_wconf 83' lang='lat' dir='ltr'>noceant</span> <span class='ocrx_word' id='word_1_72' title='bbox 723 547 811 586; x_wconf 88' lang='lat' dir='ltr'>quantum</span> 
     </span>
     <span class='ocr_line' id='line_1_9' title="bbox 109 593 811 638; baseline -0.001 -9"><span class='ocrx_word' id='word_1_73' title='bbox 109 595 181 630; x_wconf 67' lang='lat' dir='ltr'>volunt!</span> <span class='ocrx_word' id='word_1_74' title='bbox 204 594 248 628; x_wconf 86' lang='lat' dir='ltr'>Post</span> <span class='ocrx_word' id='word_1_75' title='bbox 257 594 291 628; x_wconf 91' lang='lat' dir='ltr'>hec</span> <span class='ocrx_word' id='word_1_76' title='bbox 300 594 402 628; x_wconf 87' lang='lat' dir='ltr'>Anselmus</span> <span class='ocrx_word' id='word_1_77' title='bbox 411 605 446 637; x_wconf 90' lang='lat' dir='ltr'>per</span> <span class='ocrx_word' id='word_1_78' title='bbox 455 594 547 638; x_wconf 87' lang='lat' dir='ltr'>integrum</span> <span class='ocrx_word' id='word_1_79' title='bbox 557 605 626 629; x_wconf 89' lang='lat' dir='ltr'>annum</span> <span class='ocrx_word' id='word_1_80' title='bbox 636 594 686 629; x_wconf 94' lang='lat' dir='ltr'>omni</span> <span class='ocrx_word' id='word_1_81' title='bbox 696 594 725 629; x_wconf 90' lang='lat' dir='ltr'>die</span> <span class='ocrx_word' id='word_1_82' title='bbox 735 593 811 628; x_wconf 89' lang='lat' dir='ltr'>missam</span> 
     </span>
     <span class='ocr_line' id='line_1_10' title="bbox 109 639 812 692; baseline 0 -12"><span class='ocrx_word' id='word_1_83' title='bbox 109 659 143 692; x_wconf 88' lang='lat' dir='ltr'>pro</span> <span class='ocrx_word' id='word_1_84' title='bbox 162 646 224 681; x_wconf 88' lang='lat' dir='ltr'>anima</span> <span class='ocrx_word' id='word_1_85' title='bbox 240 646 280 681; x_wconf 90' lang='lat' dir='ltr'>eius</span> <span class='ocrx_word' id='word_1_86' title='bbox 296 646 399 681; x_wconf 88' lang='lat' dir='ltr'>celebrauit.</span> <span class='ocrx_word' id='word_1_87' title='bbox 434 639 501 682; x_wconf 80' lang='lat' dir='ltr'>Senex</span> <span class='ocrx_word' id='word_1_88' title='bbox 516 646 590 691; x_wconf 90' lang='lat' dir='ltr'>quidam</span> <span class='ocrx_word' id='word_1_89' title='bbox 602 646 676 681; x_wconf 89' lang='lat' dir='ltr'>nomine</span> <span class='ocrx_word' id='word_1_90' title='bbox 689 646 812 681; x_wconf 87' lang='lat' dir='ltr'>Herewaldus</span> 
     </span>
     <span class='ocr_line' id='line_1_11' title="bbox 83 699 811 746; baseline -0.003 -10"><span class='ocrx_word' id='word_1_91' title='bbox 83 709 102 730; x_wconf 84' lang='lat'>10</span> <span class='ocrx_word' id='word_1_92' title='bbox 109 700 215 736; x_wconf 90' lang='lat' dir='ltr'>infirmitate</span> <span class='ocrx_word' id='word_1_93' title='bbox 227 711 308 746; x_wconf 84' lang='lat' dir='ltr'>pressus,</span> <span class='ocrx_word' id='word_1_94' title='bbox 321 699 377 734; x_wconf 89' lang='lat' dir='ltr'>nichil</span> <span class='ocrx_word' id='word_1_95' title='bbox 389 699 407 733; x_wconf 91' lang='lat' dir='ltr'>in</span> <span class='ocrx_word' id='word_1_96' title='bbox 420 700 448 734; x_wconf 92' lang='lat' dir='ltr'>sui</span> <span class='ocrx_word' id='word_1_97' title='bbox 461 705 551 745; x_wconf 83' lang='lat' dir='ltr'>potestate</span> <span class='ocrx_word' id='word_1_98' title='bbox 563 706 625 745; x_wconf 90' lang='lat' dir='ltr'>preter</span> <span class='ocrx_word' id='word_1_99' title='bbox 636 700 717 746; x_wconf 84' lang='lat' dir='ltr'>linguam</span> <span class='ocrx_word' id='word_1_100' title='bbox 729 700 811 744; x_wconf 89' lang='lat' dir='ltr'>habens;</span> 
     </span>
     <span class='ocr_line' id='line_1_12' title="bbox 109 755 812 798; baseline -0.001 -11"><span class='ocrx_word' id='word_1_101' title='bbox 109 755 152 788; x_wconf 91' lang='lat' dir='ltr'>vino</span> <span class='ocrx_word' id='word_1_102' title='bbox 160 756 183 787; x_wconf 89' lang='lat' dir='ltr'>de</span> <span class='ocrx_word' id='word_1_103' title='bbox 191 755 269 787; x_wconf 86' lang='lat' dir='ltr'>racemis</span> <span class='ocrx_word' id='word_1_104' title='bbox 279 766 314 798; x_wconf 88' lang='lat' dir='ltr'>per</span> <span class='ocrx_word' id='word_1_105' title='bbox 323 765 398 787; x_wconf 86' lang='lat' dir='ltr'>manum</span> <span class='ocrx_word' id='word_1_106' title='bbox 407 755 492 787; x_wconf 83' lang='lat' dir='ltr'>Anselmi</span> <span class='ocrx_word' id='word_1_107' title='bbox 499 755 519 786; x_wconf 93' lang='lat' dir='ltr'>in</span> <span class='ocrx_word' id='word_1_108' title='bbox 527 765 559 787; x_wconf 90' lang='lat' dir='ltr'>ore</span> <span class='ocrx_word' id='word_1_109' title='bbox 569 755 609 787; x_wconf 94' lang='lat' dir='ltr'>eius</span> <span class='ocrx_word' id='word_1_110' title='bbox 618 765 713 798; x_wconf 82' lang='lat' dir='ltr'>expresso,</span> <span class='ocrx_word' id='word_1_111' title='bbox 722 755 812 787; x_wconf 89' lang='lat' dir='ltr'>refocilla-</span> 
     </span>
     <span class='ocr_line' id='line_1_13' title="bbox 109 800 813 851; baseline -0.004 -9"><span class='ocrx_word' id='word_1_112' title='bbox 109 814 140 842; x_wconf 92' lang='lat' dir='ltr'>tur</span> <span class='ocrx_word' id='word_1_113' title='bbox 147 811 166 842; x_wconf 90' lang='lat' dir='ltr'>et</span> <span class='ocrx_word' id='word_1_114' title='bbox 173 806 250 849; x_wconf 88' lang='lat' dir='ltr'>pristine</span> <span class='ocrx_word' id='word_1_115' title='bbox 261 805 334 841; x_wconf 91' lang='lat' dir='ltr'>sanitati</span> <span class='ocrx_word' id='word_1_116' title='bbox 342 806 448 840; x_wconf 83' lang='lat' dir='ltr'>restituitur.</span> <span class='ocrx_word' id='word_1_117' title='bbox 482 800 583 850; x_wconf 88' lang='lat' dir='ltr'>Proposuit</span> <span class='ocrx_word' id='word_1_118' title='bbox 590 808 639 851; x_wconf 88' lang='lat' dir='ltr'>apud</span> <span class='ocrx_word' id='word_1_119' title='bbox 647 818 668 841; x_wconf 90' lang='lat' dir='ltr'>se</span> <span class='ocrx_word' id='word_1_120' title='bbox 676 807 751 850; x_wconf 88' lang='lat' dir='ltr'>quidam</span> <span class='ocrx_word' id='word_1_121' title='bbox 757 806 813 840; x_wconf 88' lang='lat' dir='ltr'>frater</span> 
     </span>
     <span class='ocr_line' id='line_1_14' title="bbox 110 860 812 905; baseline -0.004 -9"><span class='ocrx_word' id='word_1_122' title='bbox 110 866 130 896; x_wconf 90' lang='lat' dir='ltr'>vt</span> <span class='ocrx_word' id='word_1_123' title='bbox 137 861 187 895; x_wconf 92' lang='lat' dir='ltr'>nulla</span> <span class='ocrx_word' id='word_1_124' title='bbox 194 860 290 895; x_wconf 82' lang='lat' dir='ltr'>occasione</span> <span class='ocrx_word' id='word_1_125' title='bbox 298 870 351 894; x_wconf 87' lang='lat' dir='ltr'>suam</span> <span class='ocrx_word' id='word_1_126' title='bbox 359 870 434 893; x_wconf 89' lang='lat' dir='ltr'>manum</span> <span class='ocrx_word' id='word_1_127' title='bbox 442 860 552 904; x_wconf 87' lang='lat' dir='ltr'>genitalibus</span> <span class='ocrx_word' id='word_1_128' title='bbox 560 860 598 894; x_wconf 86' lang='lat' dir='ltr'>suis</span> <span class='ocrx_word' id='word_1_129' title='bbox 606 871 687 905; x_wconf 89' lang='lat' dir='ltr'>vnquam</span> <span class='ocrx_word' id='word_1_130' title='bbox 695 862 812 894; x_wconf 84' lang='lat' dir='ltr'>admoueret:</span> 
     </span>
     <span class='ocr_line' id='line_1_15' title="bbox 112 913 813 958; baseline -0.004 -9"><span class='ocrx_word' id='word_1_131' title='bbox 112 920 130 950; x_wconf 93' lang='lat' dir='ltr'>et</span> <span class='ocrx_word' id='word_1_132' title='bbox 145 914 230 949; x_wconf 89' lang='lat' dir='ltr'>inuidens</span> <span class='ocrx_word' id='word_1_133' title='bbox 246 914 263 947; x_wconf 94' lang='lat' dir='ltr'>ei</span> <span class='ocrx_word' id='word_1_134' title='bbox 278 913 373 958; x_wconf 77' lang='lat' dir='ltr'>dyabolus,</span> <span class='ocrx_word' id='word_1_135' title='bbox 390 919 458 949; x_wconf 82' lang='lat' dir='ltr'>tantam</span> <span class='ocrx_word' id='word_1_136' title='bbox 473 914 492 947; x_wconf 96' lang='lat' dir='ltr'>in</span> <span class='ocrx_word' id='word_1_137' title='bbox 508 914 577 948; x_wconf 82' lang='lat' dir='ltr'>eisdem</span> <span class='ocrx_word' id='word_1_138' title='bbox 593 914 681 947; x_wconf 91' lang='lat' dir='ltr'>membris</span> <span class='ocrx_word' id='word_1_139' title='bbox 698 914 780 947; x_wconf 90' lang='lat' dir='ltr'>dolorem</span> <span class='ocrx_word' id='word_1_140' title='bbox 795 919 813 946; x_wconf 88' lang='lat' dir='ltr'>et</span> 
     </span>
     <span class='ocr_line' id='line_1_16' title="bbox 84 965 814 1012; baseline -0.004 -10"><span class='ocrx_word' id='word_1_141' title='bbox 84 976 103 1007; x_wconf 86' lang='lat'>15</span> <span class='ocrx_word' id='word_1_142' title='bbox 112 966 214 1012; x_wconf 84' lang='lat' dir='ltr'>angustiam</span> <span class='ocrx_word' id='word_1_143' title='bbox 222 977 264 1000; x_wconf 91' lang='lat' dir='ltr'>eum</span> <span class='ocrx_word' id='word_1_144' title='bbox 272 967 341 1001; x_wconf 85' lang='lat' dir='ltr'>sentire</span> <span class='ocrx_word' id='word_1_145' title='bbox 349 965 396 1008; x_wconf 86' lang='lat' dir='ltr'>fecit,</span> <span class='ocrx_word' id='word_1_146' title='bbox 403 971 423 1000; x_wconf 85' lang='lat' dir='ltr'>vt</span> <span class='ocrx_word' id='word_1_147' title='bbox 430 966 480 1000; x_wconf 88' lang='lat' dir='ltr'>nullo</span> <span class='ocrx_word' id='word_1_148' title='bbox 491 967 545 1000; x_wconf 91' lang='lat' dir='ltr'>modo</span> <span class='ocrx_word' id='word_1_149' title='bbox 556 966 605 1000; x_wconf 89' lang='lat' dir='ltr'>ferre</span> <span class='ocrx_word' id='word_1_150' title='bbox 616 967 691 1001; x_wconf 87' lang='lat' dir='ltr'>valeret.</span> <span class='ocrx_word' id='word_1_151' title='bbox 713 966 814 1000; x_wconf 86' lang='lat' dir='ltr'>Videbatur</span> 
     </span>
     <span class='ocr_line' id='line_1_17' title="bbox 112 1019 814 1064; baseline -0.004 -9"><span class='ocrx_word' id='word_1_152' title='bbox 112 1021 129 1056; x_wconf 88' lang='lat' dir='ltr'>ei</span> <span class='ocrx_word' id='word_1_153' title='bbox 141 1025 212 1055; x_wconf 88' lang='lat' dir='ltr'>tantum</span> <span class='ocrx_word' id='word_1_154' title='bbox 225 1021 298 1064; x_wconf 88' lang='lat' dir='ltr'>pondus</span> <span class='ocrx_word' id='word_1_155' title='bbox 311 1019 385 1061; x_wconf 88' lang='lat' dir='ltr'>sentire,</span> <span class='ocrx_word' id='word_1_156' title='bbox 400 1030 421 1053; x_wconf 92' lang='lat' dir='ltr'>ac</span> <span class='ocrx_word' id='word_1_157' title='bbox 436 1019 452 1054; x_wconf 94' lang='lat' dir='ltr'>si</span> <span class='ocrx_word' id='word_1_158' title='bbox 467 1019 537 1063; x_wconf 89' lang='lat' dir='ltr'>plumbi</span> <span class='ocrx_word' id='word_1_159' title='bbox 552 1020 661 1063; x_wconf 89' lang='lat' dir='ltr'>grauissima</span> <span class='ocrx_word' id='word_1_160' title='bbox 676 1020 734 1054; x_wconf 90' lang='lat' dir='ltr'>moles</span> <span class='ocrx_word' id='word_1_161' title='bbox 749 1019 768 1052; x_wconf 90' lang='lat' dir='ltr'>in</span> <span class='ocrx_word' id='word_1_162' title='bbox 783 1019 814 1053; x_wconf 90' lang='lat' dir='ltr'>illa</span> 
     </span>
     <span class='ocr_line' id='line_1_18' title="bbox 112 1072 813 1116; baseline -0.006 -8"><span class='ocrx_word' id='word_1_163' title='bbox 112 1072 194 1116; x_wconf 89' lang='lat' dir='ltr'>corporis</span> <span class='ocrx_word' id='word_1_164' title='bbox 204 1078 256 1115; x_wconf 86' lang='lat' dir='ltr'>parte</span> <span class='ocrx_word' id='word_1_165' title='bbox 266 1073 377 1115; x_wconf 87' lang='lat' dir='ltr'>dependens,</span> <span class='ocrx_word' id='word_1_166' title='bbox 385 1084 427 1106; x_wconf 91' lang='lat' dir='ltr'>eum</span> <span class='ocrx_word' id='word_1_167' title='bbox 437 1074 459 1106; x_wconf 90' lang='lat' dir='ltr'>ad</span> <span class='ocrx_word' id='word_1_168' title='bbox 465 1073 502 1106; x_wconf 91' lang='lat' dir='ltr'>ima</span> <span class='ocrx_word' id='word_1_169' title='bbox 510 1073 583 1107; x_wconf 87' lang='lat' dir='ltr'>trahere</span> <span class='ocrx_word' id='word_1_170' title='bbox 589 1073 683 1107; x_wconf 88' lang='lat' dir='ltr'>niteretur.</span> <span class='ocrx_word' id='word_1_171' title='bbox 706 1072 813 1115; x_wconf 91' lang='lat' dir='ltr'>Requisitus</span> 
     </span>
     <span class='ocr_line' id='line_1_19' title="bbox 112 1124 814 1169; baseline -0.001 -10"><span class='ocrx_word' id='word_1_172' title='bbox 112 1126 135 1160; x_wconf 88' lang='lat' dir='ltr'>ab</span> <span class='ocrx_word' id='word_1_173' title='bbox 146 1124 236 1159; x_wconf 86' lang='lat' dir='ltr'>Anselmo</span> <span class='ocrx_word' id='word_1_174' title='bbox 248 1125 303 1169; x_wconf 83' lang='lat' dir='ltr'>quid³</span> <span class='ocrx_word' id='word_1_175' title='bbox 314 1125 395 1167; x_wconf 86' lang='lat' dir='ltr'>haberet,</span> <span class='ocrx_word' id='word_1_176' title='bbox 408 1136 450 1159; x_wconf 91' lang='lat' dir='ltr'>cum</span> <span class='ocrx_word' id='word_1_177' title='bbox 462 1136 501 1159; x_wconf 91' lang='lat' dir='ltr'>rem</span> <span class='ocrx_word' id='word_1_178' title='bbox 513 1125 573 1159; x_wconf 89' lang='lat' dir='ltr'>celare</span> <span class='ocrx_word' id='word_1_179' title='bbox 585 1136 622 1159; x_wconf 92' lang='lat' dir='ltr'>non</span> <span class='ocrx_word' id='word_1_180' title='bbox 633 1130 704 1169; x_wconf 88' lang='lat' dir='ltr'>posset;</span> <span class='ocrx_word' id='word_1_181' title='bbox 718 1129 814 1168; x_wconf 88' lang='lat' dir='ltr'>assumpto</span> 
     </span>
     <span class='ocr_line' id='line_1_20' title="bbox 112 1177 814 1221; baseline -0.003 -8"><span class='ocrx_word' id='word_1_182' title='bbox 112 1189 174 1213; x_wconf 85' lang='lat' dir='ltr'>secum</span> <span class='ocrx_word' id='word_1_183' title='bbox 182 1179 262 1221; x_wconf 88' lang='lat' dir='ltr'>quodam</span> <span class='ocrx_word' id='word_1_184' title='bbox 272 1188 317 1212; x_wconf 87' lang='lat' dir='ltr'>sene</span> <span class='ocrx_word' id='word_1_185' title='bbox 325 1177 411 1212; x_wconf 88' lang='lat' dir='ltr'>iuuenem</span> <span class='ocrx_word' id='word_1_186' title='bbox 419 1179 442 1212; x_wconf 90' lang='lat' dir='ltr'>ad</span> <span class='ocrx_word' id='word_1_187' title='bbox 450 1183 541 1212; x_wconf 86' lang='lat' dir='ltr'>secretum</span> <span class='ocrx_word' id='word_1_188' title='bbox 549 1179 609 1212; x_wconf 90' lang='lat' dir='ltr'>locum</span> <span class='ocrx_word' id='word_1_189' title='bbox 617 1179 671 1212; x_wconf 91' lang='lat' dir='ltr'>ducit.</span> <span class='ocrx_word' id='word_1_190' title='bbox 691 1179 714 1212; x_wconf 89' lang='lat' dir='ltr'>Et</span> <span class='ocrx_word' id='word_1_191' title='bbox 722 1188 764 1212; x_wconf 87' lang='lat' dir='ltr'>ecce</span> <span class='ocrx_word' id='word_1_192' title='bbox 772 1189 814 1211; x_wconf 90' lang='lat' dir='ltr'>caro</span> 
     </span>
     <span class='ocr_line' id='line_1_21' title="bbox 86 1230 815 1275; baseline -0.004 -9"><span class='ocrx_word' id='word_1_193' title='bbox 86 1241 104 1260; x_wconf 82' lang='lat'>²0</span> <span class='ocrx_word' id='word_1_194' title='bbox 112 1231 210 1266; x_wconf 86' lang='lat' dir='ltr'>sanissima</span> <span class='ocrx_word' id='word_1_195' title='bbox 217 1230 314 1275; x_wconf 88' lang='lat' dir='ltr'>reperitur,</span> <span class='ocrx_word' id='word_1_196' title='bbox 322 1236 340 1265; x_wconf 92' lang='lat' dir='ltr'>et</span> <span class='ocrx_word' id='word_1_197' title='bbox 348 1231 407 1264; x_wconf 91' lang='lat' dir='ltr'>omnis</span> <span class='ocrx_word' id='word_1_198' title='bbox 413 1231 443 1264; x_wconf 91' lang='lat' dir='ltr'>illa</span> <span class='ocrx_word' id='word_1_199' title='bbox 448 1232 543 1275; x_wconf 88' lang='lat' dir='ltr'>dyabolica</span> <span class='ocrx_word' id='word_1_200' title='bbox 547 1231 620 1265; x_wconf 84' lang='lat' dir='ltr'>vexatio</span> <span class='ocrx_word' id='word_1_201' title='bbox 626 1231 704 1273; x_wconf 87' lang='lat' dir='ltr'>euanuit,</span> <span class='ocrx_word' id='word_1_202' title='bbox 711 1242 745 1264; x_wconf 88' lang='lat' dir='ltr'>nec</span> <span class='ocrx_word' id='word_1_203' title='bbox 752 1230 815 1274; x_wconf 85' lang='lat' dir='ltr'>fatigat</span> 
     </span>
     <span class='ocr_line' id='line_1_22' title="bbox 112 1283 815 1329; baseline -0.001 -10"><span class='ocrx_word' id='word_1_204' title='bbox 112 1283 198 1327; x_wconf 86' lang='lat' dir='ltr'>ulterius3</span> <span class='ocrx_word' id='word_1_205' title='bbox 210 1295 265 1328; x_wconf 88' lang='lat' dir='ltr'>quem</span> <span class='ocrx_word' id='word_1_206' title='bbox 275 1284 355 1329; x_wconf 83' lang='lat' dir='ltr'>simplex</span> <span class='ocrx_word' id='word_1_207' title='bbox 364 1284 449 1319; x_wconf 86' lang='lat' dir='ltr'>Anselmi</span> <span class='ocrx_word' id='word_1_208' title='bbox 459 1290 544 1329; x_wconf 87' lang='lat' dir='ltr'>aspectus</span> <span class='ocrx_word' id='word_1_209' title='bbox 555 1295 566 1319; x_wconf 88' lang='lat' dir='ltr'>a</span> <span class='ocrx_word' id='word_1_210' title='bbox 576 1290 626 1320; x_wconf 90' lang='lat' dir='ltr'>tanta</span> <span class='ocrx_word' id='word_1_211' title='bbox 635 1286 687 1320; x_wconf 90' lang='lat' dir='ltr'>clade</span> <span class='ocrx_word' id='word_1_212' title='bbox 698 1284 740 1320; x_wconf 83' lang='lat' dir='ltr'>fecit</span> <span class='ocrx_word' id='word_1_213' title='bbox 748 1283 815 1329; x_wconf 73' lang='lat' dir='ltr'>inunu-</span> 
     </span>
     <span class='ocr_line' id='line_1_23' title="bbox 112 1331 815 1383; baseline 0 -11"><span class='ocrx_word' id='word_1_214' title='bbox 112 1349 161 1373; x_wconf 89' lang='lat' dir='ltr'>nem.</span> <span class='ocrx_word' id='word_1_215' title='bbox 194 1331 277 1383; x_wconf 82' lang='lat' dir='ltr'>Quidam</span> <span class='ocrx_word' id='word_1_216' title='bbox 289 1349 313 1372; x_wconf 83' lang='lat' dir='ltr'>ex</span> <span class='ocrx_word' id='word_1_217' title='bbox 323 1338 454 1381; x_wconf 87' lang='lat' dir='ltr'>antiquioribus</span> <span class='ocrx_word' id='word_1_218' title='bbox 466 1339 551 1372; x_wconf 88' lang='lat' dir='ltr'>fratribus</span> <span class='ocrx_word' id='word_1_219' title='bbox 559 1338 631 1372; x_wconf 89' lang='lat' dir='ltr'>cenobii</span> <span class='ocrx_word' id='word_1_220' title='bbox 641 1339 698 1382; x_wconf 83' lang='lat' dir='ltr'>[qui]⁴</span> <span class='ocrx_word' id='word_1_221' title='bbox 705 1338 763 1373; x_wconf 88' lang='lat' dir='ltr'>veteri</span> <span class='ocrx_word' id='word_1_222' title='bbox 773 1338 815 1372; x_wconf 89' lang='lat' dir='ltr'>odio</span> 
     </span>
     <span class='ocr_line' id='line_1_24' title="bbox 112 1390 815 1436; baseline -0.001 -12"><span class='ocrx_word' id='word_1_223' title='bbox 112 1390 212 1436; x_wconf 87' lang='lat' dir='ltr'>plurimum</span> <span class='ocrx_word' id='word_1_224' title='bbox 220 1396 260 1424; x_wconf 90' lang='lat' dir='ltr'>erat</span> <span class='ocrx_word' id='word_1_225' title='bbox 267 1391 344 1425; x_wconf 86' lang='lat' dir='ltr'>infestus</span> <span class='ocrx_word' id='word_1_226' title='bbox 352 1391 448 1432; x_wconf 90' lang='lat' dir='ltr'>Anselmo,</span> <span class='ocrx_word' id='word_1_227' title='bbox 456 1402 490 1425; x_wconf 89' lang='lat' dir='ltr'>nec</span> <span class='ocrx_word' id='word_1_228' title='bbox 498 1392 589 1425; x_wconf 83' lang='lat' dir='ltr'>ullatenus</span> <span class='ocrx_word' id='word_1_229' title='bbox 597 1396 669 1435; x_wconf 92' lang='lat' dir='ltr'>poterat</span> <span class='ocrx_word' id='word_1_230' title='bbox 675 1391 728 1425; x_wconf 77' lang='lat' dir='ltr'>eum⁵</span> <span class='ocrx_word' id='word_1_231' title='bbox 736 1390 815 1434; x_wconf 86' lang='lat' dir='ltr'>simplici</span> 
     </span>
     <span class='ocr_line' id='line_1_25' title="bbox 113 1439 835 1488; baseline -0.003 -10"><span class='ocrx_word' id='word_1_232' title='bbox 113 1443 206 1488; x_wconf 88' lang='lat' dir='ltr'>respicere</span> <span class='ocrx_word' id='word_1_233' title='bbox 217 1444 274 1485; x_wconf 90' lang='lat' dir='ltr'>oculo,</span> <span class='ocrx_word' id='word_1_234' title='bbox 282 1443 387 1477; x_wconf 89' lang='lat' dir='ltr'>infirmitate</span> <span class='ocrx_word' id='word_1_235' title='bbox 395 1454 472 1487; x_wconf 91' lang='lat' dir='ltr'>pressus</span> <span class='ocrx_word' id='word_1_236' title='bbox 483 1445 506 1477; x_wconf 92' lang='lat' dir='ltr'>ad</span> <span class='ocrx_word' id='word_1_237' title='bbox 516 1449 600 1478; x_wconf 81' lang='lat' dir='ltr'>extrema</span> <span class='ocrx_word' id='word_1_238' title='bbox 609 1444 719 1488; x_wconf 87' lang='lat' dir='ltr'>perducitur.</span> <span class='ocrx_word' id='word_1_239' title='bbox 742 1443 765 1476; x_wconf 84' lang='lat' dir='ltr'>Et</span> <span class='ocrx_word' id='word_1_240' title='bbox 773 1453 815 1477; x_wconf 89' lang='lat' dir='ltr'>ecce</span> <span class='ocrx_word' id='word_1_241' title='bbox 830 1439 835 1448; x_wconf 75' lang='grc'><strong>“</strong></span> 
     </span>
     <span class='ocr_line' id='line_1_26' title="bbox 87 1496 815 1540; baseline 0 -10"><span class='ocrx_word' id='word_1_242' title='bbox 87 1506 105 1535; x_wconf 85' lang='lat'>²5</span> <span class='ocrx_word' id='word_1_243' title='bbox 114 1497 228 1530; x_wconf 89' lang='lat' dir='ltr'>miserandas</span> <span class='ocrx_word' id='word_1_244' title='bbox 233 1507 288 1530; x_wconf 90' lang='lat' dir='ltr'>voces</span> <span class='ocrx_word' id='word_1_245' title='bbox 296 1498 352 1529; x_wconf 89' lang='lat' dir='ltr'>edere</span> <span class='ocrx_word' id='word_1_246' title='bbox 358 1496 410 1539; x_wconf 81' lang='lat' dir='ltr'>cepit,</span> <span class='ocrx_word' id='word_1_247' title='bbox 417 1502 435 1529; x_wconf 92' lang='lat' dir='ltr'>et</span> <span class='ocrx_word' id='word_1_248' title='bbox 442 1497 494 1540; x_wconf 84' lang='lat' dir='ltr'>quasi</span> <span class='ocrx_word' id='word_1_249' title='bbox 500 1497 615 1540; x_wconf 88' lang='lat' dir='ltr'>quorundam</span> <span class='ocrx_word' id='word_1_250' title='bbox 622 1497 723 1531; x_wconf 88' lang='lat' dir='ltr'>horrendos</span> <span class='ocrx_word' id='word_1_251' title='bbox 729 1501 815 1540; x_wconf 90' lang='lat' dir='ltr'>aspectus</span> 
     </span>
     <span class='ocr_line' id='line_1_27' title="bbox 114 1546 815 1592; baseline 0 -9"><span class='ocrx_word' id='word_1_252' title='bbox 114 1548 241 1592; x_wconf 87' lang='lat' dir='ltr'>subterfugere</span> <span class='ocrx_word' id='word_1_253' title='bbox 252 1548 332 1592; x_wconf 87' lang='lat' dir='ltr'>gestiret,</span> <span class='ocrx_word' id='word_1_254' title='bbox 340 1549 411 1591; x_wconf 88' lang='lat' dir='ltr'>pallens</span> <span class='ocrx_word' id='word_1_255' title='bbox 419 1554 437 1582; x_wconf 88' lang='lat' dir='ltr'>et</span> <span class='ocrx_word' id='word_1_256' title='bbox 445 1549 499 1583; x_wconf 82' lang='lat' dir='ltr'>anxie</span> <span class='ocrx_word' id='word_1_257' title='bbox 507 1555 594 1591; x_wconf 86' lang='lat' dir='ltr'>tremens,</span> <span class='ocrx_word' id='word_1_258' title='bbox 602 1546 672 1583; x_wconf 87' lang='lat' dir='ltr'>vultum</span> <span class='ocrx_word' id='word_1_259' title='bbox 681 1560 734 1583; x_wconf 92' lang='lat' dir='ltr'>suum</span> <span class='ocrx_word' id='word_1_260' title='bbox 742 1549 815 1583; x_wconf 89' lang='lat' dir='ltr'>delites-</span> 
     </span>
     <span class='ocr_line' id='line_1_28' title="bbox 114 1600 815 1646; baseline 0 -10"><span class='ocrx_word' id='word_1_261' title='bbox 114 1602 172 1636; x_wconf 91' lang='lat' dir='ltr'>cendo</span> <span class='ocrx_word' id='word_1_262' title='bbox 181 1600 267 1635; x_wconf 87' lang='lat' dir='ltr'>hincinde</span> <span class='ocrx_word' id='word_1_263' title='bbox 273 1606 390 1636; x_wconf 89' lang='lat' dir='ltr'>commutare.</span> <span class='ocrx_word' id='word_1_264' title='bbox 405 1601 472 1636; x_wconf 90' lang='lat' dir='ltr'>Territi</span> <span class='ocrx_word' id='word_1_265' title='bbox 480 1602 545 1637; x_wconf 86' lang='lat' dir='ltr'>iratres</span> <span class='ocrx_word' id='word_1_266' title='bbox 553 1602 583 1645; x_wconf 86' lang='lat' dir='ltr'>qui</span> <span class='ocrx_word' id='word_1_267' title='bbox 592 1603 672 1644; x_wconf 91' lang='lat' dir='ltr'>aderant,</span> <span class='ocrx_word' id='word_1_268' title='bbox 681 1603 733 1646; x_wconf 72' lang='lat' dir='ltr'>quidt</span> <span class='ocrx_word' id='word_1_269' title='bbox 739 1603 815 1637; x_wconf 90' lang='lat' dir='ltr'>haberet</span> 
     </span>
     <span class='ocr_line' id='line_1_29' title="bbox 114 1653 816 1698; baseline 0.003 -11"><span class='ocrx_word' id='word_1_270' title='bbox 114 1653 212 1698; x_wconf 89' lang='lat' dir='ltr'>inquirunt.</span> <span class='ocrx_word' id='word_1_271' title='bbox 236 1654 259 1687; x_wconf 88' lang='lat' dir='ltr'>Et</span> <span class='ocrx_word' id='word_1_272' title='bbox 269 1653 310 1688; x_wconf 88' lang='lat' dir='ltr'>ille:</span> <span class='ocrx_word' id='word_1_273' title='bbox 324 1653 422 1689; x_wconf 70' lang='lat' dir='ltr'>‘Geminos</span> <span class='ocrx_word' id='word_1_274' title='bbox 433 1654 524 1689; x_wconf 89' lang='lat' dir='ltr'>immanes</span> <span class='ocrx_word' id='word_1_275' title='bbox 535 1655 589 1698; x_wconf 90' lang='lat' dir='ltr'>lupos</span> <span class='ocrx_word' id='word_1_276' title='bbox 600 1655 648 1689; x_wconf 91' lang='lat' dir='ltr'>inter</span> <span class='ocrx_word' id='word_1_277' title='bbox 659 1655 732 1689; x_wconf 86' lang='lat' dir='ltr'>brachia</span> <span class='ocrx_word' id='word_1_278' title='bbox 741 1666 774 1689; x_wconf 87' lang='lat' dir='ltr'>sua</span> <span class='ocrx_word' id='word_1_279' title='bbox 785 1666 816 1689; x_wconf 90' lang='lat' dir='ltr'>me</span> 
     </span>
     <span class='ocr_line' id='line_1_30' title="bbox 114 1707 816 1752; baseline 0 -9"><span class='ocrx_word' id='word_1_280' title='bbox 114 1714 183 1748; x_wconf 88' lang='lat' dir='ltr'>tenere,</span> <span class='ocrx_word' id='word_1_281' title='bbox 195 1712 212 1741; x_wconf 95' lang='lat' dir='ltr'>et</span> <span class='ocrx_word' id='word_1_282' title='bbox 222 1712 285 1751; x_wconf 86' lang='lat' dir='ltr'>guttur</span> <span class='ocrx_word' id='word_1_283' title='bbox 295 1717 357 1742; x_wconf 90' lang='lat' dir='ltr'>meum</span> <span class='ocrx_word' id='word_1_284' title='bbox 367 1707 463 1752; x_wconf 88' lang='lat' dir='ltr'>impressis</span> <span class='ocrx_word' id='word_1_285' title='bbox 475 1709 560 1743; x_wconf 90' lang='lat' dir='ltr'>dentibus</span> <span class='ocrx_word' id='word_1_286' title='bbox 570 1708 607 1743; x_wconf 89' lang='lat' dir='ltr'>iam</span> <span class='ocrx_word' id='word_1_287' title='bbox 618 1708 707 1743; x_wconf 89' lang='lat' dir='ltr'>suffocare</span> <span class='ocrx_word' id='word_1_288' title='bbox 717 1708 788 1752; x_wconf 85' lang='lat' dir='ltr'>videtis,</span> <span class='ocrx_word' id='word_1_289' title='bbox 798 1714 816 1743; x_wconf 90' lang='lat' dir='ltr'>et</span> 
     </span>
     <span class='ocr_line' id='line_1_31' title="bbox 88 1760 816 1805; baseline 0.003 -12"><span class='ocrx_word' id='word_1_290' title='bbox 88 1771 106 1798; x_wconf 73' lang='lat'>30</span> <span class='ocrx_word' id='word_1_291' title='bbox 115 1761 158 1805; x_wconf 92' lang='lat' dir='ltr'>quid</span> <span class='ocrx_word' id='word_1_292' title='bbox 166 1760 221 1794; x_wconf 88' lang='lat' dir='ltr'>michi</span> <span class='ocrx_word' id='word_1_293' title='bbox 229 1761 252 1794; x_wconf 90' lang='lat' dir='ltr'>sit</span> <span class='ocrx_word' id='word_1_294' title='bbox 260 1761 354 1804; x_wconf 87' lang='lat' dir='ltr'>queritis?’</span> <span class='ocrx_word' id='word_1_295' title='bbox 373 1761 426 1802; x_wconf 81' lang='lat' dir='ltr'>Quod</span> <span class='ocrx_word' id='word_1_296' title='bbox 435 1762 516 1803; x_wconf 87' lang='lat' dir='ltr'>audiens,</span> <span class='ocrx_word' id='word_1_297' title='bbox 525 1762 625 1796; x_wconf 85' lang='lat' dir='ltr'>Anselmus</span> <span class='ocrx_word' id='word_1_298' title='bbox 633 1763 656 1796; x_wconf 93' lang='lat' dir='ltr'>ad</span> <span class='ocrx_word' id='word_1_299' title='bbox 662 1762 755 1796; x_wconf 88' lang='lat' dir='ltr'>infirmum</span> <span class='ocrx_word' id='word_1_300' title='bbox 760 1762 816 1803; x_wconf 92' lang='lat' dir='ltr'>venit,</span> 
     </span>
     <span class='ocr_line' id='line_1_32' title="bbox 115 1814 816 1858; baseline -0.001 -9"><span class='ocrx_word' id='word_1_301' title='bbox 115 1819 133 1849; x_wconf 92' lang='lat' dir='ltr'>et</span> <span class='ocrx_word' id='word_1_302' title='bbox 145 1814 205 1847; x_wconf 89' lang='lat' dir='ltr'>leuata</span> <span class='ocrx_word' id='word_1_303' title='bbox 219 1824 274 1848; x_wconf 93' lang='lat' dir='ltr'>manu</span> <span class='ocrx_word' id='word_1_304' title='bbox 290 1814 364 1858; x_wconf 85' lang='lat' dir='ltr'>signum</span> <span class='ocrx_word' id='word_1_305' title='bbox 380 1819 443 1848; x_wconf 85' lang='lat' dir='ltr'>sancte</span> <span class='ocrx_word' id='word_1_306' title='bbox 456 1815 516 1849; x_wconf 90' lang='lat' dir='ltr'>crucis</span> <span class='ocrx_word' id='word_1_307' title='bbox 531 1814 592 1857; x_wconf 90' lang='lat' dir='ltr'>edidit,</span> <span class='ocrx_word' id='word_1_308' title='bbox 608 1814 682 1849; x_wconf 84' lang='lat' dir='ltr'>dicens:</span> <span class='ocrx_word' id='word_1_309' title='bbox 697 1815 728 1848; x_wconf 87' lang='lat' dir='ltr'>‘In</span> <span class='ocrx_word' id='word_1_310' title='bbox 741 1814 816 1848; x_wconf 88' lang='lat' dir='ltr'>nomine</span> 
     </span>
     <span class='ocr_line' id='line_1_33' title="bbox 114 1866 816 1912; baseline 0.001 -12"><span class='ocrx_word' id='word_1_311' title='bbox 114 1866 172 1911; x_wconf 88' lang='lat' dir='ltr'>patris</span> <span class='ocrx_word' id='word_1_312' title='bbox 185 1871 203 1900; x_wconf 91' lang='lat' dir='ltr'>et</span> <span class='ocrx_word' id='word_1_313' title='bbox 215 1866 247 1900; x_wconf 89' lang='lat' dir='ltr'>filii</span> <span class='ocrx_word' id='word_1_314' title='bbox 259 1872 277 1901; x_wconf 91' lang='lat' dir='ltr'>et</span> <span class='ocrx_word' id='word_1_315' title='bbox 290 1866 366 1910; x_wconf 87' lang='lat' dir='ltr'>spiritus</span> <span class='ocrx_word' id='word_1_316' title='bbox 377 1867 444 1901; x_wconf 74' lang='lat' dir='ltr'>sancti.¹</span> <span class='ocrx_word' id='word_1_317' title='bbox 467 1868 508 1909; x_wconf 76' lang='lat' dir='ltr'>Quo</span> <span class='ocrx_word' id='word_1_318' title='bbox 521 1867 574 1910; x_wconf 92' lang='lat' dir='ltr'>dicto,</span> <span class='ocrx_word' id='word_1_319' title='bbox 584 1867 645 1901; x_wconf 88' lang='lat' dir='ltr'>statim</span> <span class='ocrx_word' id='word_1_320' title='bbox 655 1879 698 1912; x_wconf 87' lang='lat' dir='ltr'>eger</span> <span class='ocrx_word' id='word_1_321' title='bbox 707 1867 816 1911; x_wconf 86' lang='lat' dir='ltr'>conquieuit,</span> 
     </span>
     <span class='ocr_line' id='line_1_34' title="bbox 114 1918 815 1964; baseline 0.001 -11"><span class='ocrx_word' id='word_1_322' title='bbox 114 1921 131 1953; x_wconf 85' lang='lat' dir='ltr'>et</span> <span class='ocrx_word' id='word_1_323' title='bbox 146 1918 246 1953; x_wconf 83' lang='lat' dir='ltr'>exhilarato</span> <span class='ocrx_word' id='word_1_324' title='bbox 259 1920 315 1962; x_wconf 83' lang='lat' dir='ltr'>vultu,</span> <span class='ocrx_word' id='word_1_325' title='bbox 329 1919 394 1952; x_wconf 86' lang='lat' dir='ltr'>intimo</span> <span class='ocrx_word' id='word_1_326' title='bbox 408 1920 468 1954; x_wconf 91' lang='lat' dir='ltr'>cordis</span> <span class='ocrx_word' id='word_1_327' title='bbox 484 1921 549 1955; x_wconf 85' lang='lat' dir='ltr'>affectu</span> <span class='ocrx_word' id='word_1_328' title='bbox 564 1921 599 1955; x_wconf 90' lang='lat' dir='ltr'>deo</span> <span class='ocrx_word' id='word_1_329' title='bbox 614 1920 681 1964; x_wconf 88' lang='lat' dir='ltr'>gratias</span> <span class='ocrx_word' id='word_1_330' title='bbox 695 1931 750 1964; x_wconf 87' lang='lat' dir='ltr'>agere</span> <span class='ocrx_word' id='word_1_331' title='bbox 763 1920 815 1964; x_wconf 89' lang='lat' dir='ltr'>cepit.</span> 
     </span>
     <span class='ocr_line' id='line_1_35' title="bbox 115 1971 816 2017; baseline 0.001 -12"><span class='ocrx_word' id='word_1_332' title='bbox 115 1971 191 2006; x_wconf 88' lang='lat' dir='ltr'>Dicebat</span> <span class='ocrx_word' id='word_1_333' title='bbox 202 1971 252 2005; x_wconf 89' lang='lat' dir='ltr'>enirn</span> <span class='ocrx_word' id='word_1_334' title='bbox 263 1973 312 2016; x_wconf 91' lang='lat' dir='ltr'>quod</span> <span class='ocrx_word' id='word_1_335' title='bbox 324 1972 414 2006; x_wconf 84' lang='lat' dir='ltr'>Anselmo</span> <span class='ocrx_word' id='word_1_336' title='bbox 426 1973 546 2017; x_wconf 89' lang='lat' dir='ltr'>ingrediente,</span> <span class='ocrx_word' id='word_1_337' title='bbox 557 1978 575 2007; x_wconf 92' lang='lat' dir='ltr'>et</span> <span class='ocrx_word' id='word_1_338' title='bbox 587 1984 642 2007; x_wconf 89' lang='lat' dir='ltr'>manu</span> <span class='ocrx_word' id='word_1_339' title='bbox 655 1979 731 2007; x_wconf 78' lang='lat' dir='ltr'>extensa</span> <span class='ocrx_word' id='word_1_340' title='bbox 743 1973 816 2017; x_wconf 84' lang='lat' dir='ltr'>signum</span> 
     </span>
     <span class='ocr_line' id='line_1_36' title="bbox 87 2024 816 2071; baseline 0.004 -13"><span class='ocrx_word' id='word_1_341' title='bbox 87 2035 105 2065; x_wconf 77' lang='lat'>35</span> <span class='ocrx_word' id='word_1_342' title='bbox 114 2029 177 2059; x_wconf 89' lang='lat' dir='ltr'>sancte</span> <span class='ocrx_word' id='word_1_343' title='bbox 188 2024 248 2059; x_wconf 90' lang='lat' dir='ltr'>crucis</span> <span class='ocrx_word' id='word_1_344' title='bbox 260 2026 332 2067; x_wconf 90' lang='lat' dir='ltr'>edente,</span> <span class='ocrx_word' id='word_1_345' title='bbox 343 2025 388 2059; x_wconf 92' lang='lat' dir='ltr'>vidit</span> <span class='ocrx_word' id='word_1_346' title='bbox 400 2037 424 2060; x_wconf 85' lang='lat' dir='ltr'>ex</span> <span class='ocrx_word' id='word_1_347' title='bbox 436 2037 469 2060; x_wconf 91' lang='lat' dir='ltr'>ore</span> <span class='ocrx_word' id='word_1_348' title='bbox 480 2026 529 2061; x_wconf 88' lang='lat' dir='ltr'>illius</span> <span class='ocrx_word' id='word_1_349' title='bbox 542 2026 635 2061; x_wconf 86' lang='lat' dir='ltr'>flammam</span> <span class='ocrx_word' id='word_1_350' title='bbox 649 2027 696 2071; x_wconf 85' lang='lat' dir='ltr'>ignis</span> <span class='ocrx_word' id='word_1_351' title='bbox 709 2027 728 2060; x_wconf 95' lang='lat' dir='ltr'>in</span> <span class='ocrx_word' id='word_1_352' title='bbox 741 2028 816 2061; x_wconf 88' lang='lat' dir='ltr'>modum</span> 
     </span>
     <span class='ocr_line' id='line_1_37' title="bbox 114 2079 817 2122; baseline 0.001 -11"><span class='ocrx_word' id='word_1_353' title='bbox 114 2079 177 2112; x_wconf 89' lang='lat' dir='ltr'>lancee</span> <span class='ocrx_word' id='word_1_354' title='bbox 191 2079 327 2120; x_wconf 88' lang='lat' dir='ltr'>procedentem,</span> <span class='ocrx_word' id='word_1_355' title='bbox 341 2079 409 2120; x_wconf 87' lang='lat' dir='ltr'>quein</span> <span class='ocrx_word' id='word_1_356' title='bbox 423 2079 477 2122; x_wconf 88' lang='lat' dir='ltr'>lupos</span> <span class='ocrx_word' id='word_1_357' title='bbox 489 2080 566 2112; x_wconf 83' lang='lat' dir='ltr'>iaculata</span> <span class='ocrx_word' id='word_1_358' title='bbox 581 2090 613 2112; x_wconf 93' lang='lat' dir='ltr'>eos</span> <span class='ocrx_word' id='word_1_359' title='bbox 627 2080 719 2120; x_wconf 87' lang='lat' dir='ltr'>deterruit,</span> <span class='ocrx_word' id='word_1_360' title='bbox 732 2084 750 2112; x_wconf 88' lang='lat' dir='ltr'>et</span> <span class='ocrx_word' id='word_1_361' title='bbox 762 2080 817 2112; x_wconf 89' lang='lat' dir='ltr'>celeri</span> 
     </span>
     <span class='ocr_line' id='line_1_38' title="bbox 114 2129 817 2174; baseline 0.001 -10"><span class='ocrx_word' id='word_1_362' title='bbox 114 2131 157 2174; x_wconf 86' lang='lat' dir='ltr'>fuga</span> <span class='ocrx_word' id='word_1_363' title='bbox 169 2129 250 2174; x_wconf 89' lang='lat' dir='ltr'>dilapsos</span> <span class='ocrx_word' id='word_1_364' title='bbox 262 2130 326 2174; x_wconf 90' lang='lat' dir='ltr'>procul</span> <span class='ocrx_word' id='word_1_365' title='bbox 337 2129 402 2174; x_wconf 89' lang='lat' dir='ltr'>abegit.</span> <span class='ocrx_word' id='word_1_366' title='bbox 425 2131 476 2165; x_wconf 86' lang='lat' dir='ltr'>Tunc</span> <span class='ocrx_word' id='word_1_367' title='bbox 490 2131 591 2166; x_wconf 85' lang='lat' dir='ltr'>Anselmus</span> <span class='ocrx_word' id='word_1_368' title='bbox 604 2133 627 2165; x_wconf 92' lang='lat' dir='ltr'>de</span> <span class='ocrx_word' id='word_1_369' title='bbox 640 2132 699 2166; x_wconf 89' lang='lat' dir='ltr'>salute</span> <span class='ocrx_word' id='word_1_370' title='bbox 711 2130 772 2165; x_wconf 89' lang='lat' dir='ltr'>anime</span> <span class='ocrx_word' id='word_1_371' title='bbox 783 2142 817 2165; x_wconf 91' lang='lat' dir='ltr'>sue</span> 
     </span>
     <span class='ocr_line' id='line_1_39' title="bbox 110 2181 816 2228; baseline 0 -10"><span class='ocrx_word' id='word_1_372' title='bbox 110 2181 156 2218; x_wconf 73' lang='lat' dir='ltr'>vcum</span> <span class='ocrx_word' id='word_1_373' title='bbox 164 2194 186 2217; x_wconf 91' lang='lat' dir='ltr'>eo</span> <span class='ocrx_word' id='word_1_374' title='bbox 198 2183 280 2227; x_wconf 88' lang='lat' dir='ltr'>loquens,</span> <span class='ocrx_word' id='word_1_375' title='bbox 290 2185 313 2218; x_wconf 86' lang='lat' dir='ltr'>ad</span> <span class='ocrx_word' id='word_1_376' title='bbox 323 2183 443 2228; x_wconf 89' lang='lat' dir='ltr'>penitentiam</span> <span class='ocrx_word' id='word_1_377' title='bbox 455 2190 473 2219; x_wconf 85' lang='lat' dir='ltr'>et</span> <span class='ocrx_word' id='word_1_378' title='bbox 484 2185 619 2220; x_wconf 90' lang='lat' dir='ltr'>confessionem</span> <span class='ocrx_word' id='word_1_379' title='bbox 629 2184 711 2219; x_wconf 90' lang='lat' dir='ltr'>omnium</span> <span class='ocrx_word' id='word_1_380' title='bbox 720 2185 739 2218; x_wconf 93' lang='lat' dir='ltr'>in</span> <span class='ocrx_word' id='word_1_381' title='bbox 751 2184 816 2228; x_wconf 90' lang='lat' dir='ltr'>quibus</span> 
     </span>
     <span class='ocr_line' id='line_1_40' title="bbox 114 2236 817 2281; baseline 0.001 -10"><span class='ocrx_word' id='word_1_382' title='bbox 114 2248 136 2271; x_wconf 92' lang='lat' dir='ltr'>se</span> <span class='ocrx_word' id='word_1_383' title='bbox 146 2237 201 2271; x_wconf 90' lang='lat' dir='ltr'>deum</span> <span class='ocrx_word' id='word_1_384' title='bbox 212 2236 312 2271; x_wconf 89' lang='lat' dir='ltr'>offendisse</span> <span class='ocrx_word' id='word_1_385' title='bbox 322 2237 414 2271; x_wconf 88' lang='lat' dir='ltr'>recordari</span> <span class='ocrx_word' id='word_1_386' title='bbox 423 2238 501 2281; x_wconf 86' lang='lat' dir='ltr'>valebat,</span> <span class='ocrx_word' id='word_1_387' title='bbox 512 2249 544 2273; x_wconf 91' lang='lat' dir='ltr'>cor</span> <span class='ocrx_word' id='word_1_388' title='bbox 554 2237 593 2272; x_wconf 89' lang='lat' dir='ltr'>eius</span> <span class='ocrx_word' id='word_1_389' title='bbox 604 2237 702 2279; x_wconf 92' lang='lat' dir='ltr'>inclinauit,</span> <span class='ocrx_word' id='word_1_390' title='bbox 713 2243 730 2272; x_wconf 89' lang='lat' dir='ltr'>et</span> <span class='ocrx_word' id='word_1_391' title='bbox 740 2243 817 2281; x_wconf 88' lang='lat' dir='ltr'>paterna</span> 
     </span>
     <span class='ocr_line' id='line_1_41' title="bbox 86 2289 817 2336; baseline 0 -12"><span class='ocrx_word' id='word_1_392' title='bbox 86 2299 107 2327; x_wconf 68' lang='lat'>40</span> <span class='ocrx_word' id='word_1_393' title='bbox 115 2289 220 2324; x_wconf 89' lang='lat' dir='ltr'>auctoritate</span> <span class='ocrx_word' id='word_1_394' title='bbox 233 2290 315 2324; x_wconf 89' lang='lat' dir='ltr'>absoluit.</span> <span class='ocrx_word' id='word_1_395' title='bbox 339 2289 389 2324; x_wconf 83' lang='lat' dir='ltr'>Dixit</span> <span class='ocrx_word' id='word_1_396' title='bbox 403 2291 453 2324; x_wconf 91' lang='lat' dir='ltr'>enirn</span> <span class='ocrx_word' id='word_1_397' title='bbox 465 2292 510 2325; x_wconf 88' lang='lat' dir='ltr'>hora</span> <span class='ocrx_word' id='word_1_398' title='bbox 525 2303 561 2336; x_wconf 90' lang='lat' dir='ltr'>qua</span> <span class='ocrx_word' id='word_1_399' title='bbox 574 2291 641 2324; x_wconf 87' lang='lat' dir='ltr'>fratres</span> <span class='ocrx_word' id='word_1_400' title='bbox 654 2292 677 2324; x_wconf 92' lang='lat' dir='ltr'>ad</span> <span class='ocrx_word' id='word_1_401' title='bbox 691 2292 763 2325; x_wconf 88' lang='lat' dir='ltr'>Nonam</span> <span class='ocrx_word' id='word_1_402' title='bbox 777 2302 817 2324; x_wconf 91' lang='lat' dir='ltr'>sur-</span> 
     </span>
     <span class='ocr_line' id='line_1_42' title="bbox 115 2343 816 2388; baseline 0.004 -11"><span class='ocrx_word' id='word_1_403' title='bbox 115 2349 184 2388; x_wconf 88' lang='lat' dir='ltr'>gerent,</span> <span class='ocrx_word' id='word_1_404' title='bbox 203 2344 297 2387; x_wconf 77' lang='lat' dir='ltr'>presenti⁶</span> <span class='ocrx_word' id='word_1_405' title='bbox 314 2343 363 2379; x_wconf 82' lang='lat' dir='ltr'>vita⁷</span> <span class='ocrx_word' id='word_1_406' title='bbox 382 2355 424 2379; x_wconf 88' lang='lat' dir='ltr'>eum</span> <span class='ocrx_word' id='word_1_407' title='bbox 443 2347 567 2380; x_wconf 89' lang='lat' dir='ltr'>decessurum.</span> <span class='ocrx_word' id='word_1_408' title='bbox 595 2345 648 2386; x_wconf 79' lang='lat' dir='ltr'>Quod</span> <span class='ocrx_word' id='word_1_409' title='bbox 665 2350 683 2379; x_wconf 93' lang='lat' dir='ltr'>et</span> <span class='ocrx_word' id='word_1_410' title='bbox 699 2346 766 2380; x_wconf 79' lang='lat' dir='ltr'>lactum</span> <span class='ocrx_word' id='word_1_411' title='bbox 783 2351 816 2380; x_wconf 89' lang='lat' dir='ltr'>est.</span> 
     </span>
     <span class='ocr_line' id='line_1_43' title="bbox 116 2389 817 2441; baseline 0.001 -11"><span class='ocrx_word' id='word_1_412' title='bbox 116 2389 167 2430; x_wconf 83' lang='lat' dir='ltr'>Cum</span> <span class='ocrx_word' id='word_1_413' title='bbox 184 2396 292 2430; x_wconf 88' lang='lat' dir='ltr'>secretarius</span> <span class='ocrx_word' id='word_1_414' title='bbox 307 2402 361 2430; x_wconf 87' lang='lat' dir='ltr'>nocte</span> <span class='ocrx_word' id='word_1_415' title='bbox 376 2399 456 2440; x_wconf 90' lang='lat' dir='ltr'>quadam</span> <span class='ocrx_word' id='word_1_416' title='bbox 473 2398 539 2431; x_wconf 85' lang='lat' dir='ltr'>fratres</span> <span class='ocrx_word' id='word_1_417' title='bbox 555 2398 578 2430; x_wconf 92' lang='lat' dir='ltr'>ad</span> <span class='ocrx_word' id='word_1_418' title='bbox 592 2397 663 2440; x_wconf 86' lang='lat' dir='ltr'>vigilias</span> <span class='ocrx_word' id='word_1_419' title='bbox 678 2398 770 2438; x_wconf 81' lang='lat' dir='ltr'>excitaret,</span> <span class='ocrx_word' id='word_1_420' title='bbox 783 2409 817 2441; x_wconf 87' lang='lat' dir='ltr'>per</span> 
     </span>
     <span class='ocr_line' id='line_1_44' title="bbox 117 2449 817 2495; baseline 0 -11"><span class='ocrx_word' id='word_1_421' title='bbox 117 2449 215 2484; x_wconf 87' lang='lat' dir='ltr'>claustrum</span> <span class='ocrx_word' id='word_1_422' title='bbox 225 2461 311 2494; x_wconf 86' lang='lat' dir='ltr'>pergens,</span> <span class='ocrx_word' id='word_1_423' title='bbox 321 2450 368 2484; x_wconf 85' lang='lat' dir='ltr'>forte</span> <span class='ocrx_word' id='word_1_424' title='bbox 378 2462 413 2494; x_wconf 90' lang='lat' dir='ltr'>per</span> <span class='ocrx_word' id='word_1_425' title='bbox 423 2451 489 2485; x_wconf 92' lang='lat' dir='ltr'>ostium</span> <span class='ocrx_word' id='word_1_426' title='bbox 500 2449 574 2495; x_wconf 86' lang='lat' dir='ltr'>capituli</span> <span class='ocrx_word' id='word_1_427' title='bbox 585 2450 713 2494; x_wconf 79' lang='lat' dir='ltr'>pertransibit:</span> <span class='ocrx_word' id='word_1_428' title='bbox 726 2450 749 2484; x_wconf 87' lang='lat' dir='ltr'>Et</span> <span class='ocrx_word' id='word_1_429' title='bbox 760 2450 817 2485; x_wconf 92' lang='lat' dir='ltr'>intro-</span> 
     </span>
    </p>
   </div>
   <div class='ocr_carea' id='block_1_3' title="bbox 116 2520 818 2600">
    <p class='ocr_par' dir='ltr' id='par_1_3' title="bbox 116 2520 818 2600">
     <span class='ocr_line' id='line_1_45' title="bbox 136 2520 818 2563; baseline 0.006 -13"><span class='ocrx_word' id='word_1_430' title='bbox 136 2520 169 2551; x_wconf 87' lang='lat' dir='ltr'>¹E.</span> <span class='ocrx_word' id='word_1_431' title='bbox 177 2520 217 2558; x_wconf 92' lang='lat' dir='ltr'>ipso.</span> <span class='ocrx_word' id='word_1_432' title='bbox 247 2521 294 2552; x_wconf 66' lang='lat' dir='ltr'>lvit.</span> <span class='ocrx_word' id='word_1_433' title='bbox 302 2523 392 2561; x_wconf 87' lang='lat' dir='ltr'>reprimunt.</span> <span class='ocrx_word' id='word_1_434' title='bbox 423 2524 458 2555; x_wconf 57' lang='grc' dir='ltr'>ΕΕ,</span> <span class='ocrx_word' id='word_1_435' title='bbox 466 2525 513 2562; x_wconf 89' lang='lat' dir='ltr'>quod.</span> <span class='ocrx_word' id='word_1_436' title='bbox 543 2522 589 2553; x_wconf 61' lang='lat' dir='ltr'>*ont</span> <span class='ocrx_word' id='word_1_437' title='bbox 598 2523 613 2552; x_wconf 92' lang='lat' dir='ltr'>in</span> <span class='ocrx_word' id='word_1_438' title='bbox 621 2524 657 2554; x_wconf 72' lang='lat' dir='ltr'>Tu.</span> <span class='ocrx_word' id='word_1_439' title='bbox 690 2526 818 2563; x_wconf 73' lang='lat' dir='ltr'>⁵T.Vit,super</span> 
     </span>
     <span class='ocr_line' id='line_1_46' title="bbox 116 2560 442 2600; baseline 0 -7"><span class='ocrx_word' id='word_1_440' title='bbox 116 2571 157 2593; x_wconf 92' lang='lat' dir='ltr'>eum.</span> <span class='ocrx_word' id='word_1_441' title='bbox 187 2560 193 2577; x_wconf 81' lang='lat'>⁰</span> <span class='ocrx_word' id='word_1_442' title='bbox 203 2561 221 2592; x_wconf 90' lang='lat' dir='ltr'>E.</span> <span class='ocrx_word' id='word_1_443' title='bbox 229 2567 309 2600; x_wconf 88' lang='lat' dir='ltr'>presente.</span> <span class='ocrx_word' id='word_1_444' title='bbox 338 2562 344 2579; x_wconf 57' lang='grc' dir='ltr'>ἵ</span> <span class='ocrx_word' id='word_1_445' title='bbox 355 2563 372 2593; x_wconf 94' lang='grc' dir='ltr'>Τ.</span> <span class='ocrx_word' id='word_1_446' title='bbox 380 2563 398 2592; x_wconf 88' lang='grc' dir='ltr'>Ε.</span> <span class='ocrx_word' id='word_1_447' title='bbox 405 2563 442 2594; x_wconf 86' lang='lat' dir='ltr'>vite.</span> 
     </span>
    </p>
   </div>
   <div class='ocr_carea' id='block_1_4' title="bbox 0 0 896 2803">
    <p class='ocr_par' dir='ltr' id='par_1_4' title="bbox 0 0 896 2803">
     <span class='ocr_line' id='line_1_47' title="bbox 0 0 896 2803; baseline 0 0"><span class='ocrx_word' id='word_1_448' title='bbox 0 0 896 2803; x_wconf 95' lang='lat' dir='ltr'> </span> 
     </span>
    </p>
   </div>
  </div>
 </body>
</html>
