1762 2803
201 118 246 175 bt
261 116 361 171 sanna
377 116 533 170 nanneno.
674 131 718 173 139

289 262 304 299 ll
315 261 346 296 Ex
352 262 440 297 croniast

37 318 94 360 Circa
107 335 176 358 annum
190 325 259 358 domini
272 325 390 358 millesimum
405 324 527 358 centesimum
542 323 718 367 quintumdecimum

15 377 127 412 Thurstinus
139 377 288 422 archiepiscopus
301 376 418 412 eboracensis
430 386 472 411 cum
485 376 607 412 obedientiam
619 375 719 420 Radulpho

16 431 138 465 cantuariensi
149 430 287 475 archiepiscopo
296 429 357 464 lacere
369 435 461 471 renueret,
472 434 553 464 statuunt
565 429 631 463 Remis
641 430 665 464 ad
677 439 719 464 cou-

16 483 88 518 cilium²
96 494 205 518 concurrere
213 494 247 528 pro
254 484 383 517 terminatione
391 493 456 517 cause:
468 481 499 517 vbi
507 493 555 526 papa
566 482 626 526 primo
635 481 719 526 promisit

16 537 55 580 regi
62 535 144 571 Henrico
151 541 169 571 et
176 535 298 570 cantuariensi
304 535 402 580 Radulpho
410 535 455 569 nihil
463 540 526 569 contra
532 534 638 579 dignitatem
645 541 719 569 cantua-
727 545 736 575 5

16 589 83 623 riensis
90 589 168 624 ecclesie
176 595 260 630 statuere,
265 588 323 623 immo
330 588 366 622 tale
374 588 499 631 priuilegiuml
504 588 601 622 videbatur
606 590 718 622 concedere:

17 642 142 686 ‘Quecunque
152 641 264 676 auctentica*
272 646 290 675 et
300 652 311 675 a
319 640 482 685 predecessoribus
490 639 558 674 nostris
566 651 654 675 concessa
663 640 717 675 habet

17 693 94 728 ecclesia
105 700 171 736 vestra,
180 706 202 728 ea
213 694 316 728 nullatenus
327 693 459 734 imminuimus,
469 693 503 728 sed
514 693 623 727 inconcussa
634 694 719 728 volumus

17 748 119 783 obseruari.¹
149 747 285 783 Recedentibus
300 757 344 783 vero
359 747 431 782 nunciis
446 746 501 792 regiis
517 746 637 782 Thurstinum
655 758 719 782 conse-

17 800 79 843 crauit,
94 801 170 845 pallium
185 801 202 835 ei
217 802 297 836 tradens.
321 800 344 834 Et
358 801 400 835 licet
415 811 448 835 rex
463 799 567 843 indignatus
582 805 650 834 terram
666 810 719 834 suam
729 812 747 833 ιο

17 854 116 888 Thurstino
129 854 239 898 prohiberet,
252 853 357 897 apostolicis
373 858 434 887 tamen
449 852 515 887 litteris
529 852 638 896 perterritus
652 858 687 895 est,
700 853 719 887 in

18 907 84 950 quibus
92 907 247 949 comprehensum
256 907 314 938 suerat
321 911 341 938 vt
351 910 381 938 aut
389 905 510 938 Thurstinum
519 905 630 945 admitteret,
637 910 668 937 aut
678 905 719 948 ipse

17 969 51 992 rex
59 957 169 991 anathemati
180 957 287 999 subiaceret,
294 962 312 991 et
323 956 455 991 cantuariensis
465 956 518 992 officii
529 956 607 1002 dignitas
619 957 719 1002 suspende·

17 1017 72 1045 retur.
95 1012 219 1052 Quamobrem
227 1021 261 1045 rex
268 1011 388 1045 Thurstinum
397 1015 469 1044 coactus
477 1009 555 1044 admisit.

39 1057 90 1101 Cum
107 1064 186 1108 quadam
205 1064 334 1108 solempnitate
350 1075 384 1098 rex
395 1064 500 1098 Willelmus
514 1064 616 1098 diademate
633 1069 651 1099 et
666 1064 720 1099 indu·
730 1078 747 1108 15

18 1118 84 1151 mentis
96 1117 187 1161 regalibus
199 1122 273 1152 ornatus
285 1118 359 1152 sederet
370 1118 393 1151 ad
404 1127 495 1160 mensam,
506 1122 524 1152 et
537 1117 657 1153 Lamlrancus
669 1117 720 1153 iuxta

18 1182 71 1213 eum3
83 1171 158 1215 quidam
173 1182 243 1213 scurra,
258 1171 324 1205 videns
340 1182 404 1215 regem
421 1182 465 1204 auro
482 1177 500 1204 et
515 1171 594 1213 gemmis
613 1171 720 1213 radiantem,

19 1224 127 1257 exclamauit
137 1224 246 1257 adulationis
255 1234 301 1257 voce
310 1229 328 1256 et
339 1222 396 1256 dixit:
408 1223 467 1256 ‘Ecce
477 1224 533 1257 deum
542 1224 600 1264 video,
609 1234 652 1257 ecee
664 1223 719 1258 deum

18 1276 81 1310 video!
105 1276 226 1310 Lamsrancus
241 1281 302 1311 autem
318 1286 418 1311 conuersus
430 1277 453 1311 ad
465 1286 529 1320 regem
540 1276 576 1311 ait:
594 1275 665 1311 ‘Nolite
678 1277 721 1311 talia

19 1330 55 1373 pati
65 1329 149 1374 impon[i]
161 1329 236 1364 vobis⁶1
249 1340 286 1363 non
296 1334 339 1364 sunt
350 1328 384 1363 hec
393 1328 478 1371 hominis,
490 1329 523 1364 sed
535 1328 570 1363 dei.
593 1329 656 1364 iubete
669 1329 720 1364 illum
729 1342 749 1364 ao

19 1383 84 1417 acriter
102 1383 202 1425 verberari,
219 1393 243 1417 ne
261 1393 342 1426 vnquam
361 1382 426 1417 audeat
444 1382 487 1416 talia
506 1382 581 1417 iterare.¹
611 1382 634 1416 Et
653 1382 720 1418 factum

19 1441 47 1471 est
63 1436 92 1470 ita.
121 1436 201 1471 Nouerat
218 1435 374 1481 prudentissimus
389 1436 418 1470 vir
434 1436 483 1480 quod
499 1436 564 1471 tertius
580 1436 666 1471 Herodes
679 1437 721 1472 ideo

19 1491 41 1523 ab
57 1490 123 1532 angelo
139 1500 239 1532 percussus
256 1489 330 1531 interiit,
346 1489 388 1531 quia
405 1490 519 1522 adulatorum
534 1489 597 1530 verba,
615 1499 652 1531 que
668 1489 721 1532 quasi

20 1543 54 1576 deo
70 1542 104 1576 sibi
120 1541 249 1582 acclamabant,
264 1552 301 1575 non
319 1540 394 1584 respuit,
409 1541 443 1575 sed
460 1540 546 1585 suscepit.
597 1533 721 1577 Lamlrancus

20 1594 117 1628 ecclesiam
132 1594 233 1629 roffensem
244 1594 353 1629 instaurauit
365 1601 383 1628 et
392 1595 542 1638 possessionibus
555 1594 622 1629 ditauit.
646 1595 721 1629 Manas-
730 1609 748 1640 ²5

19 1649 85 1681 terium
99 1648 157 1681 sancti
170 1648 238 1681 Albani
251 1648 330 1682 restituit
342 1648 361 1681 in
376 1648 474 1691 pristinum
488 1651 562 1688 statum,
573 1647 592 1681 in
609 1658 645 1692 quo
661 1647 722 1691 posuit

20 1701 104 1734 abbatem
116 1700 199 1741 Paulum,
210 1701 340 1734 cadomensem
351 1701 460 1734 monachum
506 1693 629 1735 Lamsrancus
638 1700 688 1735 enirn
697 1701 722 1736 ita

20 1753 52 1787 suit
67 1753 152 1795 liberalis,
166 1758 185 1787 vt
200 1753 291 1787 diceretur
305 1754 376 1787 nullum
392 1758 429 1787 tatu
444 1754 515 1797 largum
529 1753 553 1787 de
567 1753 619 1787 ltalia
634 1753 722 1788 Lambaf-

21 1807 75 1840 dumfl
90 1816 187 1850 egressum
202 1805 265 1840 luisse.
288 1806 309 1840 In
324 1806 393 1841 vilitate
408 1806 481 1841 habitus
497 1806 641 1850 parsimoniam⁷
653 1807 721 1842 tenuit:

21 1860 132 1904 pauperibus
147 1859 171 1894 ita
186 1865 225 1893 erat
240 1858 316 1903 dapsilis
330 1859 375 1904 [ut]⁸
388 1859 498 1904 quingentas
510 1859 566 1893 libras
579 1860 656 1905 singulis
668 1860 722 1895 annis
731 1871 750 1899 30

21 1912 39 1946 in
50 1912 170 1947 elemosinam
182 1923 279 1956 errogasse
292 1912 367 1948 dicatur.
411 1907 499 1948 ⁹Interea
512 1923 554 1947 curn
568 1913 688 1948 Lamlraucus
699 1914 722 1947 ab

21 1966 110 2000 Ancelmo
125 1966 190 2000 abbate
204 1966 314 2006 visitaretur,
328 1971 347 2000 et
361 1965 441 2001 inuicem
456 1968 480 2002 de
492 1967 571 2001 diuersis
584 1967 637 2011 plura
652 1967 722 2003 confer-

21 2024 67 2061 rent,
79 2025 190 2063 conquestus
201 2025 230 2053 est
240 2018 339 2063 episcopus
350 2020 399 2063 quod
410 2019 495 2053 homines
506 2020 554 2054 illius
570 2020 629 2063 patrie
640 2021 721 2054 colerent

22 2072 111 2114 quosdam
123 2078 196 2105 sanctos
207 2082 254 2115 quos
265 2071 295 2105 ille
307 2082 343 2105 nou
355 2071 453 2113 affectaret,
462 2074 489 2106 ‘et
498 2071 584 2114 maxime,
591 2071 621 2114 ait,
630 2072 722 2116 quendam

23 2123 125 2168 Elphegum
138 2124 302 2168 archiepiscopum,
314 2134 369 2168 quem
382 2135 420 2157 nou
433 2124 493 2158 solnm
505 2124 554 2158 inter
566 2131 645 2167 sanctos,
657 2127 691 2159 sed
704 2131 723 2159 et
732 2134 750 2164 35

22 2175 69 2211 inter
83 2176 168 2211 martires
183 2187 281 2211 numerare
296 2177 414 2219 contendunt,
427 2188 469 2212 cum
485 2183 556 2211 constet
570 2177 622 2212 illum
637 2189 674 2212 non
689 2189 723 2223 pro

23 2229 90 2264 Christi
100 2231 142 2271 fide,
151 2230 184 2264 sed
192 2231 234 2273 quia
242 2231 265 2264 ab
272 2230 356 2272 inimicis,
364 2241 375 2264 a
383 2231 449 2274 quibus
459 2236 523 2275 captus
533 2232 635 2273 tenebatur,
643 2242 664 2265 se
675 2231 723 2266 redi·

23 2292 73 2318 mere
79 2282 162 2331 noluerit,
167 2282 298 2326 interemptum
304 2283 318 2303 ¹⁰
325 2283 393 2318 luisse!
415 2284 445 2318 Ad
451 2284 485 2319 hec
490 2284 592 2319 Anselmus
597 2285 609 2305 ¹¹
617 2286 723 2328 respondit:

23 2335 106 2369 ‘Certum
115 2340 148 2375 est,
158 2335 221 2377 inquit,
230 2335 272 2378 quia
282 2335 299 2368 is
311 2336 348 2379 qui,
356 2347 380 2369 ne
392 2336 457 2370 leuiter
466 2337 559 2380 peccando
571 2337 626 2370 deum
638 2337 723 2379 offendat,

24 2387 70 2422 mori
78 2399 115 2422 non
124 2387 197 2429 dubitat,
206 2388 262 2421 multo
273 2388 332 2431 magis
342 2388 390 2423 mori
400 2399 437 2423 non
449 2389 540 2423 dubitaret
547 2388 655 2433 priusquam
663 2389 723 2434 aliquo
731 2404 751 2433 4⁰

42 2481 81 2511 ¹Cl
89 2482 195 2522 HigdeuVH,
204 2491 228 2520 15.
288 2481 420 2514 ²E.consilium.
481 2483 515 2515 ²13.
523 2484 630 2521 preuilegrum.
689 2483 723 2516 ‘E.

24 2523 105 2553 autentica.
146 2524 152 2540 ⁵
163 2523 201 2553 T.E.
207 2524 290 2560 imponere
297 2523 347 2554 uobis.
388 2523 417 2553 ⁶T.
426 2523 528 2555 lumbardum.
568 2522 598 2554 ¹13.
607 2524 724 2561 parcimoniam.

24 2557 29 2575 ⁸
39 2570 68 2591 om.
76 2562 92 2591 iu
100 2562 118 2594 Ε,
160 2563 166 2580 ⁹
176 2563 200 2593 Cs.
206 2563 277 2592 Auselm.
317 2562 328 2580 ¹⁰
340 2563 357 2593 E.
366 2564 470 2594 interemtum.
511 2562 522 2580 ¹¹
532 2564 550 2595 T.
557 2563 642 2595 ancelinus.
