1762 2803
246 102 291 157 Ue
306 100 408 154 &encta
424 97 578 157 cucurone.
717 112 762 156 425

62 228 90 263 sui
98 225 158 265 amita,
166 224 184 258 in
193 224 233 258 loco
241 234 296 266 quem
308 222 373 257 Coludi
386 222 465 266 [vrbem]
470 222 482 264 ¹,
494 223 549 256 modo
561 221 681 265 Coldingham
692 226 763 262 vocant,

62 290 96 325 per
103 277 209 312 Wilsridum
220 275 329 320 episcopum
340 275 422 309 habitum
434 274 600 309 sanctimonialium
610 274 696 317 suscepit.
719 273 763 307 Post

63 342 131 366 annum
139 340 184 364 vero
192 327 318 363 conuersionis
326 338 365 368 sue,
373 333 478 361 constructo
486 327 505 361 in
513 327 588 371 regione
597 326 643 370 Elge
652 325 764 360 monasterio

62 383 154 420 abbatissa
168 382 233 417 effecta
248 386 281 415 est.
325 373 360 416 ²ln
372 380 465 425 primitiua
477 380 526 415 euim
539 380 642 425 Anglorum
655 378 733 414 eeclesia
744 378 763 413 in

16 445 19 452 '
63 440 132 473 honore
142 445 218 480 semper
225 434 301 479 virginis
313 434 371 470 Marie
381 434 513 470 monasterium
524 434 548 470 ibi
558 435 616 470 suerat
626 434 722 469 fundatum
729 443 781 478 pers

63 494 136 526 beatum
148 488 273 533 Augustinum
284 489 387 532 Anglorum
398 489 506 533 apostolum,
518 489 570 523 euius
581 488 643 532 operis
655 499 688 522 rex
701 487 764 521 Ethel-

63 546 126 578 bertus
141 542 226 575 fundator
238 541 310 585 primus
323 540 418 575 ministros
431 543 466 576 deo
481 542 584 576 seruientes
598 541 667 575 ibidem
680 540 764 582 instituit,

63 606 109 640 quos
125 595 189 629 Pende
203 593 253 637 regis
269 593 380 629 Merciorum
395 595 493 636 exercitus,
508 595 586 639 patriam
601 595 705 634 deuastans
720 593 764 628 inde

64 652 127 693 postea
133 647 206 690 fugauit,
215 651 233 679 et
240 646 301 680 locum
308 647 327 680 in
336 646 453 681 solitudinem
461 647 543 691 redegit3
551 657 613 691 quern,
620 651 639 680 vt
647 645 763 691 premittitur,

63 702 115 744 virgo
132 705 195 734 sancta
210 699 308 742 reparauit.
351 692 414 736 ²Cum
430 707 490 735 autem
504 700 523 735 in
539 700 650 735 monasterio
662 700 714 735 Ebbe
728 700 763 734 deo
772 713 792 734 10

64 754 147 794 seruiret,
155 764 188 786 rex
198 752 290 795 egfridus,
301 752 402 787 diuorcium
415 764 452 787 non
463 753 531 794 terens,
543 755 566 787 de
577 753 653 797 virginis
664 753 763 787 abscessu'

64 806 163 851 plurimum
172 805 294 847 contristatus,
302 815 377 840 suorum
386 805 505 849 suggestione
513 811 530 840 et
538 806 624 840 instinctu
636 805 685 840 illam
694 806 717 840 de
725 816 764 840 mo·

64 859 143 894 nasterio
150 858 223 902 eripere
229 859 333 893 conabatur.
356 858 705 902 Quoaudito,virgosanctapudicitiam
711 868 764 892 suam

64 913 98 945 deo
110 912 248 952 commendans,
260 921 302 943 curn
313 911 385 944 duabus
395 911 466 944 ancillis
477 911 543 944 collem
554 910 666 944 eminentem
677 910 765 944 aseendit.

65 964 114 998 Deus
125 968 191 1005 autem,
201 962 232 1007 qui
242 962 303 997 ventis
315 962 394 1006 imperat
404 968 422 998 et
432 962 484 1003 mari,
492 974 547 1007 prece
554 962 632 1007 virginis
641 967 704 997 sancte
712 973 764 998 mare
773 976 791 1008 ¹⁵

63 1027 116 1050 suum
124 1016 197 1050 alueum
206 1015 269 1058 egredi
281 1021 298 1050 et
308 1016 368 1050 locum
376 1015 395 1050 in
402 1028 458 1059 quem
466 1015 548 1059 virgines
558 1016 679 1050 ascenderant
688 1015 765 1049 circuire

64 1068 110 1109 lecit,
118 1074 136 1102 et
144 1068 184 1103 sine
193 1069 232 1103 cibo
241 1073 258 1102 et
266 1074 310 1112 potu
320 1068 402 1112 virgines
411 1068 429 1103 in
439 1068 521 1103 oratione
532 1069 653 1113 persistentes
663 1068 765 1103 occultauit.

65 1122 105 1164 Quo
119 1121 164 1163 viso,
180 1132 214 1156 rex
228 1121 287 1163 rediit,
303 1127 321 1155 et
338 1121 482 1166 presumptionis
498 1132 531 1156 sue
548 1121 631 1166 penituit.
677 1114 764 1165 Cumque

63 1173 144 1217 virgines
154 1174 259 1208 monasterii
270 1174 289 1208 in
296 1174 353 1217 'rupis
362 1175 431 1209 vertice
443 1176 532 1217 degentes
544 1175 584 1209 sitis
594 1174 677 1209 ariditate
688 1180 765 1218 propter

64 1226 159 1270 penuriam
176 1237 223 1270 aque
242 1227 305 1270 sepius
323 1226 440 1269 laborarent3
456 1227 580 1261 admonitione
600 1226 652 1260 Ebbe
671 1226 764 1261 abbatisse
772 1241 792 1261 ao

63 1279 114 1322 virgo
122 1285 186 1312 sancta
194 1279 306 1313 Etheldreda
317 1279 358 1313 susa
369 1279 457 1314 intentius
467 1279 490 1312 ad
501 1280 556 1314 deum
568 1279 656 1321 oratione,
665 1280 706 1315 sons
716 1290 764 1324 aque

64 1331 122 1365 dulcis
133 1332 184 1365 iuxta
196 1343 237 1366 eam
247 1332 342 1366 confestim
354 1332 419 1376 erupit.
437 1332 460 1366 Et
471 1332 549 1376 vestigia
561 1333 630 1377 pedum
642 1332 691 1366 illius
700 1343 764 1367 aseen-

64 1384 124 1418 dentis
140 1390 158 1417 et
173 1385 303 1419 descendentis
315 1385 334 1418 in
346 1385 404 1418 latere
419 1385 488 1418 montis
502 1390 590 1429 tanquam
603 1385 622 1419 in
637 1385 706 1419 calida⁴
722 1395 764 1420 cera

64 1447 121 1479 vsque
140 1437 159 1470 in
177 1437 286 1471 hodiernum
305 1437 354 1471 diem
372 1443 446 1471 ostensa
465 1443 513 1471 sunt.
559 1431 674 1472 Etheldreda
689 1438 764 1471 tandem

64 1490 163 1533 assumptis
177 1491 248 1525 duabus
258 1491 361 1535 virginibus
372 1502 438 1525 versus
452 1491 502 1535 Hely
515 1491 551 1526 iter
563 1491 645 1536 arripuit,
658 1497 675 1526 et
687 1491 764 1526 transito
773 1504 792 1534 ²5

65 1543 155 1577 Humbrie
165 1543 247 1586 flumine,
258 1555 300 1578 curn
310 1550 387 1588 propter
398 1550 458 1579 estum
469 1545 514 1578 solis
525 1545 544 1579 in
554 1545 594 1580 loeo
604 1546 684 1589 quodam
697 1545 765 1579 lassata

65 1595 166 1639 quiesceret
181 1603 199 1631 et
214 1608 279 1640 parurn
298 1597 371 1641 sompni
387 1598 471 1641 cepisset,
487 1598 577 1642 euigilans
595 1597 665 1631 inuenit
680 1598 765 1632 baculum

64 1648 134 1682 itineris
150 1649 184 1689 sui,
197 1660 252 1692 quern
265 1650 288 1683 ad
302 1655 356 1692 caput
371 1660 425 1683 suum
440 1651 513 1690 fixerat,
527 1650 581 1683 viridi
596 1650 683 1684 amictum
699 1650 765 1684 cortice

64 1699 168 1735 fronduisse
182 1713 203 1735 ac
219 1700 262 1735 folia
274 1701 391 1747 produxisse.
414 1701 477 1736 Creuit
490 1712 535 1747 ergo
547 1702 617 1747 lignum
630 1702 675 1736 illud
687 1709 705 1737 et
718 1703 766 1736 sacta

65 1759 92 1786 est
104 1753 187 1789 fraxinus
200 1765 277 1798 magna;
289 1762 307 1790 et
317 1761 393 1789 vocatur
403 1756 454 1789 locus
467 1755 498 1789 ille
510 1756 705 1797 ‘Etheldredestowe’,
716 1757 765 1799 quod
773 1768 793 1798 3⁰

65 1810 118 1839 sonat
128 1807 242 1851 ‘repausatio
254 1807 381 1849 Etheldrede',
393 1813 411 1842 et
424 1806 502 1842 ecclesia
510 1807 528 1841 in
536 1807 607 1843 honore
613 1807 689 1852 virginis
701 1813 765 1843 sancte

64 1857 89 1891 ibi
106 1859 192 1895 fabricata
207 1865 241 1895 est.
290 1854 349 1895 Venit
364 1871 409 1904 ergo
428 1861 451 1895 ad
469 1861 607 1904 possessionem
626 1871 684 1904 suam,
699 1861 735 1895 sibi
754 1872 765 1895 a

64 1911 157 1946 Tonberto
171 1923 241 1957 sponso
253 1924 287 1947 suo
301 1914 384 1947 collatam
389 1913 401 1954 ¹⁵,
412 1913 487 1947 nomine
500 1913 622 1958 Elge‚—q·uod
634 1913 766 1958 interpretatur

65 1964 81 1996 el
93 1965 160 2008 ‘deus'
170 1977 194 2010 ge
205 1967 275 2008 ‘terra,’
286 1966 305 2000 id
317 1971 345 2001 est
357 1967 415 2000 ‘terra
427 1966 479 2000 dei’:
490 1967 545 2000 modo
554 1977 599 2001 vero
607 1966 676 2010 ‘Hely’
684 1972 764 2010 vocatur,

65 2016 133 2052 scilicet
152 2020 218 2063 ‘digna
233 2019 263 2053 dei
278 2020 395 2060 domus,'-et
414 2020 498 2054 edificato
517 2020 542 2053 ibi
561 2020 672 2054 monasterio
690 2031 765 2055 sorores
774 2032 793 2063 35

65 2070 131 2104 multas
150 2073 185 2106 deo
204 2072 307 2106 seruientes
326 2073 448 2116 congregauit,
467 2083 516 2106 anno
539 2072 608 2107 domini
629 2073 765 2107 sexcentesimo

65 2124 201 2167 septuagesimo
213 2124 272 2159 tertio.
295 2125 324 2160 Ex
338 2135 374 2169 quo
387 2125 436 2160 enim
449 2125 580 2160 monasterium
594 2125 651 2169 petiit,
663 2125 717 2161 lineis
728 2136 764 2160 non

65 2181 93 2209 est
103 2186 142 2218 vsa,
154 2178 213 2212 semel
224 2183 295 2212 tantum
305 2178 324 2212 in
335 2178 365 2212 die
377 2178 438 2212 cibum
451 2178 534 2222 sumpsit,
544 2177 611 2222 vigiliis
623 2184 641 2212 et
653 2178 766 2213 orationibus

65 2225 89 2259 ita
103 2229 177 2263 assidua
189 2229 249 2264 extitit
261 2236 281 2263 vt
294 2242 305 2264 a
316 2236 401 2274 tempore
413 2237 543 2264 nocturnarum
556 2230 659 2274 vigiliarum
671 2241 730 2274 vsque
742 2232 765 2265 ad

65 2285 124 2314 ortum
143 2282 179 2316 diei
198 2283 285 2328 precibus
303 2283 374 2319 intenta
388 2284 408 2318 in
423 2284 502 2319 ecclesia
519 2289 653 2328 preseueraret.
683 2284 794 2327 Predixit4o

66 2342 138 2376 quoque
153 2336 213 2370 obitus
228 2337 327 2372 multorum
340 2338 363 2371 de
375 2348 409 2371 suo
422 2338 535 2371 monasterio
550 2337 682 2371 transeuntium
695 2349 718 2371 ex
731 2338 766 2373 hoc

65 2388 138 2421 mundo.
162 2389 227 2424 Finem
242 2389 319 2434 insuper
334 2401 394 2432 suum,
410 2396 428 2424 et
444 2401 479 2435 qua
494 2390 568 2424 finitura
583 2396 627 2432 erat,
642 2390 707 2434 spiritu
722 2402 766 2435 pro-

65 2438 137 2480 phetico
149 2449 221 2485 pestem
236 2443 321 2486 predixit.
345 2444 412 2478 Pressa
425 2445 499 2478 demum
512 2444 591 2487 quodam
606 2444 680 2478 maxille
693 2449 765 2480 tumore

65 2500 85 2523 ac
98 2493 139 2526 colli
152 2495 220 2535 dolore,
234 2496 323 2530 delectata
336 2496 394 2530 fertur
405 2496 505 2540 plurimum
519 2497 553 2530 hoc
568 2496 679 2530 infirmitatis
690 2508 765 2541 genere,

84 2547 131 2580 ¹⁰m·
164 2552 205 2584 Ἦ.
213 2553 247 2583 Lib.
255 2554 279 2584 El.
309 2554 422 2585 ³E.abeessu.
456 2554 548 2585 ⁴T.calda.
587 2554 621 2585 ΒΤ,
631 2555 661 2585 sibi
668 2556 746 2587 collatam.
