1762 2803
38 145 173 183 aenaim]
197 122 661 184 Domoomuaootturrtmartprt.
694 127 738 177 603

39 249 156 296 periclitantes,
169 246 234 279 domini
247 246 273 279 sui
286 246 360 279 cadauer
373 245 451 278 exanime
462 244 532 288 copioso
543 245 579 278 sale
589 244 686 292 sallitumla
697 244 740 276 feto-

39 303 84 335 ribus
96 297 194 331 munierunt
206 307 298 339 secumque
310 308 341 339 per
352 296 436 329 immensa
448 307 512 339 equora
525 296 548 328 ad
560 295 634 328 Dacium
645 300 741 327 remeantes

40 354 176 394 asportauerunt.
203 348 231 379 ab
250 358 271 379 ea
289 346 374 389 siquidem
394 346 427 387 die,
446 346 485 378 licet
503 346 566 387 Anglia
582 355 645 387 graues
661 343 741 377 habuerit

39 403 120 439 tirannos,
137 398 210 431 ecclesia
221 397 268 430 beati
281 396 370 430 Edmundi
383 397 405 429 ab
417 396 512 430 indiccione
524 396 560 429 fisci
578 396 641 428 mansit
655 394 741 428 immunis.

40 453 96 484 Nemo
104 448 150 480 enim
158 457 217 479 eorum
226 447 308 488 deinceps
315 446 401 478 martirem
410 456 463 479 ausus
473 453 500 479 est
510 455 604 488 prouocare
615 451 645 477 aur
656 445 673 477 in
682 443 740 485 oppri·
750 455 758 485 5

39 499 101 534 menda
112 497 148 530 eius
159 496 231 530 ecclesia
242 497 279 530 sine
287 496 362 530 uindicta
373 496 510 539 persecucionem
520 496 586 529 inferre.
608 497 672 529 Nonne
682 494 707 528 sic
718 493 741 527 ad

40 560 98 595 preces
109 547 155 582 beati
169 547 228 581 Basilii
240 554 257 581 et
268 548 318 581 beate
332 546 359 581 dei
372 546 459 589 genitricis
472 546 562 590 imperium
574 546 670 580 Mercurius
681 544 742 579 martir

40 607 142 636 vastatorem
149 599 221 632 ecclesie
232 598 324 642 prostrauit
336 605 433 641 apostatam
445 598 541 631 lulianum?
563 597 593 631 Sic
603 604 673 631 sanctus
683 596 743 630 martir

40 650 142 684 Edmundus
154 655 279 691 contemptores
289 659 330 680 suos
342 654 359 680 et
371 648 443 680 ecclesie
454 658 485 679 sue
496 648 603 679 aduersarios
612 653 691 688 potenter
700 657 742 678 con-

41 709 101 739 terens,
113 705 129 732 et
141 698 170 741 pia
183 699 267 732 cultorum
282 709 351 731 suorum
362 703 402 730 vota
413 704 491 740 patenter
502 703 518 730 et
531 696 623 730 efficaciter
634 705 742 739 promonens,
752 708 770 729 ro
813 723 819 736 ,

41 750 97 785 multis
105 756 122 782 et
132 748 199 791 magnis
210 760 245 782 non
257 755 313 781 cessat
323 748 426 781 choruscare
436 747 528 780 miraculis.
550 747 601 780 Vnde
611 747 676 779 factum
687 753 713 779 est
724 751 743 778 vt

41 807 102 835 extunc
114 799 217 842 peculiarius
232 809 271 832 eum
285 799 379 841 inciperent
393 798 448 831 eciam
461 804 526 831 remote
538 797 603 830 familie
615 796 699 838 venerari,
712 806 743 839 per

41 862 90 895 quern
99 861 117 884 se
125 856 209 883 nouerant
217 861 228 883 a
236 849 319 893 pressuris
328 848 409 883 coacticie
417 848 505 882 seruitutis
513 847 589 881 relaxari.

111 947 211 988 Quaurrua
223 953 314 980 rronacrrr
326 952 379 978 arun
391 951 481 978 saucrunr
495 944 614 977 Eunuuuuu
626 950 677 977 sunr

329 1000 454 1026 rnrnonucrr.

42 1085 60 1117 E
79 1084 87 1116 l
128 1084 141 1116 d
159 1084 188 1116 ts
278 1083 297 1116 bb
313 1059 449 1136 ETheldredo
465 1069 505 1101 rege
520 1058 606 1098 defuncto,
618 1063 635 1090 et
648 1057 743 1090 Edmundo

59 1094 73 1116 x
86 1093 127 1126 egen
140 1093 158 1116 ἐ
188 1085 277 1126 animm
298 1108 302 1116 '
373 1120 412 1152 rege
421 1109 498 1142 irensido
509 1109 543 1142 filio
553 1118 584 1142 suo
594 1109 634 1142 dolo
645 1114 743 1151 perempto:

43 1161 124 1199 Canutus,
136 1158 181 1191 filius
194 1159 252 1197 Suani,
261 1159 310 1200 regni
325 1160 391 1201 apicem
404 1160 477 1200 adeptus
489 1164 520 1198 est,
535 1169 581 1191 anno
596 1158 660 1190 domini
675 1158 771 1200 rr'.xvij.15

43 1208 76 1250 Qui
94 1207 141 1250 regni
157 1208 275 1241 monarchiam
292 1208 320 1242 dei
336 1208 448 1242 miseracione
465 1208 497 1241 sibi
514 1208 622 1251 perpendens
638 1207 743 1247 attributam,

42 1258 123 1301 primates
133 1259 181 1301 regni
196 1265 320 1302 pronectosque
330 1259 376 1293 viros
387 1270 408 1293 ac
419 1259 507 1293 modestos
517 1258 609 1292 conuenire
620 1258 700 1301 precepit,
710 1258 744 1292 hac

43 1310 106 1343 scilicet
114 1311 136 1343 tle
149 1321 202 1343 causa
215 1317 232 1343 vt
241 1321 343 1353 quecunque
351 1311 395 1344 iusta
407 1317 424 1343 et
435 1310 482 1344 vtilia
490 1310 522 1353 ipsi
536 1310 652 1343 incommune
665 1310 743 1342 raciona-

42 1360 99 1392 biliter
112 1361 186 1392 tenenda
197 1360 325 1400 decernerentl,
338 1361 375 1402 ipse
387 1362 456 1393 decreta
467 1361 556 1399 sancciret,
571 1360 647 1392 sanccita
662 1365 744 1401 perpetuo

43 1416 129 1442 caractere
144 1410 224 1450 firmaret,
240 1410 307 1443 firmata
322 1421 353 1452 pro
367 1411 433 1452 legibus
452 1409 526 1452 posteris
541 1409 622 1442 habenda
637 1408 772 1442 manderertao

43 1460 95 1501 Dixit,
110 1467 127 1494 et
142 1471 194 1504 opere
209 1460 255 1494 dicta
270 1461 367 1505 compleuit.
390 1460 424 1494 Hic
439 1468 475 1494 tam
493 1460 537 1504 pius,
552 1467 587 1494 tam
606 1459 694 1503 benignus,
709 1466 744 1493 tarn

43 1512 129 1554 religionis
144 1518 211 1545 amator
225 1512 277 1545 fuisse
293 1519 402 1553 memoratur,
416 1519 434 1546 vt
446 1523 476 1555 per
491 1513 541 1545 vrhes
556 1517 572 1545 ct
588 1511 651 1555 oppida
666 1511 745 1554 publicas

43 1562 133 1609 instituens
146 1563 207 1602 scolas,
219 1563 305 1604 magistris
322 1563 408 1606 deputatis
424 1564 511 1605 elegantes
528 1563 606 1605 boneque
624 1561 660 1604 spei
676 1572 745 1604 pueros,

43 1623 110 1644 necnon
129 1623 217 1644 seruorum
236 1613 280 1644 filios
298 1614 419 1652 manumissos,
434 1613 487 1644 literis
504 1613 578 1644 traderet
601 1612 704 1650 inbuendos,
723 1613 745 1644 de

44 1660 111 1693 racione
119 1661 172 1693 fiscali
184 1661 279 1703 sumptibus
291 1662 393 1694 constitutis.
415 1663 468 1694 Anno
478 1661 530 1703 igitur
540 1661 611 1704 predicti
620 1660 665 1703 regis
673 1667 745 1704 quarto:
754 1671 773 1701 ²5

44 1711 126 1744 Alfuinus
145 1712 236 1754 episcopus
254 1712 364 1753 elmanensis,
381 1712 450 1745 eliensis
469 1719 526 1745 autem
545 1713 644 1752 monachus,
661 1712 745 1754 suggessit

44 1763 78 1803 regi
95 1769 112 1795 et
129 1763 188 1803 regine
201 1763 223 1796 de
238 1763 303 1796 clericis
315 1763 343 1804 qui
359 1763 460 1796 habitabant
475 1762 522 1805 apud
538 1770 617 1795 sanctum
629 1762 746 1802 Edmundum,

44 1811 117 1845 dicendo
133 1812 196 1846 iustum
211 1819 228 1846 et
243 1813 276 1846 deo
291 1813 416 1855 beneplacitum
431 1812 485 1846 videri
502 1813 583 1857 quatinus
599 1812 617 1845 in
634 1813 672 1845 loco
687 1823 746 1846 eorum

44 1863 147 1895 monasticus
159 1863 200 1894 ordo
211 1863 320 1902 succederet;
332 1869 350 1895 vt
361 1862 426 1894 scilicet
436 1862 516 1904 peculiari
527 1863 609 1894 famulatu
621 1874 642 1894 ac
653 1862 746 1894 honestiori

46 1912 91 1944 cultu
107 1919 182 1951 sanctus,
194 1918 212 1945 vt
228 1911 290 1954 dignus
306 1918 337 1951 est,
349 1912 458 1944 excoleretur.
485 1912 514 1943 ab
529 1921 575 1943 anno
587 1911 677 1943 enim'xix.
691 1919 775 1952 trans-30

45 1962 116 1996 lacionis
128 1963 183 1997 sancti
197 1962 286 1996 Edmundi
301 1962 322 1996 de
339 1963 401 1995 Horne
417 1972 471 2005 vsque
487 1962 509 1995 ad
525 1961 697 2003 Beodricesuuorthe,
711 1972 747 2006 quo

45 2023 90 2046 nunc
102 2013 200 2056 incorrupta
214 2023 265 2046 carne
281 2012 356 2055 quiescit,
370 2012 452 2054 assignati
464 2018 512 2045 erant
528 2013 611 2055 obsequio
623 2012 651 2046 dei
664 2019 681 2046 et
692 2013 746 2046 sancti

46 2063 133 2095 Edmundi
149 2063 205 2096 clerici
221 2063 312 2101 seculares,
327 2061 355 2105 qui
371 2068 469 2106 tepescente
484 2062 578 2095 deuocione
592 2062 676 2095 beneficia
691 2062 747 2095 eidem

46 2113 110 2144 martiri
122 2114 184 2145 collata
195 2113 239 2145 inter
250 2123 269 2144 se
280 2112 386 2151 diuidebnnt,
396 2118 412 2143 et
423 2122 485 2153 corpus
496 2118 575 2143 sanctum
586 2112 651 2153 absque
662 2112 748 2153 condigno

46 2161 110 2195 honore
126 2163 239 2196 dimittebant.
272 2163 304 2194 Ex
315 2162 388 2194 cronicis
400 2162 421 2193 de
435 2162 475 2204 Ely.
510 2161 586 2204 Contigit
601 2168 658 2194 autem
673 2162 748 2205 quodam
757 2173 776 2203 35

47 2217 126 2254 tempore,
138 2214 250 2255 Ayelrvynum
260 2213 358 2254 episcopum
370 2211 452 2245 diocesim
465 2211 534 2245 uisitare
545 2218 562 2245 et
573 2212 591 2245 in
603 2212 663 2245 eadem
675 2212 715 2245 villa
726 2212 749 2245 de

48 2261 212 2297 Beodricesuuorthe
227 2263 315 2306 hospitari,
331 2262 358 2295 vbi
374 2261 517 2294 incontinenciam
535 2262 601 2295 illorum
617 2262 716 2295 clericorum
731 2269 749 2295 et

47 2312 88 2345 alias
95 2314 205 2347 enormitates
211 2313 389 2354 audiens‚intendebat
395 2323 425 2345 eos
430 2313 515 2354 corripere
522 2320 539 2346 et
545 2314 567 2345 ad
573 2313 643 2346 meliora
649 2323 749 2354 prouocare;

48 2367 73 2394 set
82 2363 134 2396 nichil
142 2374 191 2397 suam
200 2364 287 2405 preualere
297 2362 411 2395 monicionem
423 2362 525 2404 intelligeris,
537 2369 603 2404 partem
615 2372 645 2395 sue
657 2362 749 2404 prebende,

48 2420 80 2452 que
88 2413 120 2446 sibi
129 2414 151 2447 de
158 2414 187 2446 illa
194 2413 266 2447 ecclesia
276 2414 374 2453 debebatur,
382 2418 399 2446 et
407 2412 441 2446 alia
448 2423 481 2455 que
489 2413 511 2446 ad
519 2412 546 2446 ius
553 2412 628 2455 episcopi
640 2412 748 2455 pertinebant
757 2423 777 2452 40

47 2462 111 2502 petiuit.
135 2464 160 2496 llli
170 2475 209 2497 vero
218 2464 251 2497 hoc
261 2463 351 2496 audientes
362 2462 445 2505 indignati
457 2470 501 2504 sunt,
510 2469 527 2496 et
538 2463 561 2496 ad
572 2462 671 2505 episcopum
683 2463 700 2495 in
708 2473 749 2495 veru

48 2511 80 2545 fixa
93 2514 146 2547 frusta
159 2514 215 2548 camis
228 2525 262 2557 que
275 2514 296 2547 de
309 2514 389 2548 carnibus
400 2513 476 2557 porcinis
489 2520 506 2547 et
519 2513 594 2547 vaccinis
607 2514 629 2546 ad
642 2513 749 2546 oblacionem

157 2577 162 2595 ¹
174 2578 206 2608 MS.
214 2577 334 2608 discemererent.
465 2576 471 2593 ²
482 2577 515 2608 lus.
523 2577 587 2607 firmaret
594 2582 610 2607 et
617 2586 637 2607 rn.
