1762 2803
135 135 182 202 ³3⁶·
326 132 405 184 noca
422 129 538 193 traam
554 107 654 193 ancta(

133 253 225 288 Edwardo
240 252 343 297 Anglorum
360 252 405 296 regi,
421 251 499 287 salutem
516 257 534 287 et
549 252 668 297 apostolicam
685 251 837 287 benedictionem.

134 305 225 349 Quoniam
238 307 350 341 voluntatem
362 311 413 339 tuam
425 305 536 340 laudabilem
548 311 566 340 et
578 307 613 340 deo
627 310 697 350 gratam
712 304 838 349 agnouimus¹,

133 359 201 405 gratias
207 360 278 404 agimus
284 359 301 393 ei
307 369 402 403 perquem
409 369 462 402 reges
469 363 552 403 regnant,
558 365 576 394 et
582 358 675 403 principes
680 358 727 393 iusta
732 359 838 393 decernunt.

134 413 173 448 Sed
180 413 222 456 quia
229 424 288 456 prope
296 417 324 446 est
332 412 417 446 dominus
425 411 444 445 in
453 412 503 446 omni
513 412 553 445 loco
563 412 648 446 omnibus
659 411 786 446 inuocantibus
795 423 838 446 eum

116 477 124 508 5
133 466 152 500 in
163 465 244 508 veritate,
252 471 271 500 et
281 465 339 499 sancti
348 464 426 509 apostoli
435 475 477 499 cum
489 476 522 499 suo
532 464 591 509 capite
603 463 695 500 coniuncti
702 475 750 500 vnus
761 463 838 509 spiritus

133 523 180 559 sunt,
193 523 212 552 et
224 518 265 563 pias
278 529 344 562 preces
356 518 445 562 equaliter
457 518 543 560 audiunt3
563 523 581 553 et
596 517 639 562 quia
654 523 725 553 constat
740 518 838 562 periclitari

133 571 222 614 anglicam
234 571 329 615 regionem
340 583 364 605 ex
373 576 404 604 tua
414 570 526 605 discessione
532 571 543 611 ²,
554 571 585 615 qui
597 571 648 604 freno
659 570 729 605 iusticie
740 570 838 605 seditiosos

133 623 173 659 eius
185 630 246 659 motus
259 623 345 658 cohibes:
364 634 388 658 ex
401 623 507 658 auctoritate
520 623 549 657 dei
562 629 580 658 et
595 628 701 658 sanctorum
714 623 838 668 apostolorum

133 677 245 712 absoluimus
253 682 290 711 tea
300 682 375 720 peccato
386 676 434 710 illius
443 676 481 711 voti
491 687 525 720 pro
536 687 572 720 quo
582 677 612 711 dei
620 677 710 711 offensam
718 677 777 718 times,
786 683 804 711 et
815 678 838 711 ab

107 745 125 765 ιο
133 729 218 763 omnibus
232 729 348 773 negligentiis
361 734 379 763 et
391 728 515 772 iniquitatibus
527 728 568 769 tuis,
580 740 602 763 ea
613 734 704 773 potestate
715 729 743 763 vsi
756 729 839 773 qua[m]³

134 781 218 816 dominus
230 781 249 815 in
260 782 314 815 beato
326 780 381 816 Petro
393 780 484 815 concessit
497 780 551 814 nobis
563 781 637 816 dicens:
653 781 790 826 “Quecumque
802 781 838 816 sol-

133 835 208 870 ueritis*
219 846 276 879 super
287 841 361 876 terram,
369 836 428 868 soluta
437 841 490 868 erunt
502 840 520 868 et
529 835 548 867 in
560 836 620 869 celis.¹’
643 835 714 869 Deinde
725 835 838 879 precipimus

133 888 165 924 tibi
174 889 208 923 sub
220 888 295 923 nomine
305 894 368 924 sancte
378 887 481 924 obedientie
491 893 510 922 et
517 887 623 932 penitentie,
631 893 650 923 vt
659 899 752 933 expensas
760 899 806 932 quas
815 889 838 922 ad

133 942 168 976 iter
179 941 228 976 istud
239 953 344 986 paranetas,
352 941 465 986 pauperibus
476 953 557 985 erroges,
567 947 586 976 et
597 941 694 976 cenobium
706 941 838 976 monachorum

108 1009 125 1038 15
134 995 153 1029 in
159 995 229 1029 honore
234 995 292 1029 sancti
298 995 347 1028 Petri
353 995 477 1038 apostolorum
483 994 572 1038 principis
579 1000 609 1029 aut
616 1005 684 1028 nouum
689 995 803 1034 constituas³‚
808 1000 839 1029 aut

134 1052 227 1081 vetustum
233 1048 322 1081 emendes
330 1053 348 1081 et
355 1058 428 1090 augeas,
435 1053 453 1080 et
461 1046 589 1081 sufficientiam
595 1048 601 1066 ⁸
608 1047 713 1081 victualium
721 1046 807 1081 fratribus
815 1048 838 1081 de

134 1099 170 1135 tuis
177 1100 278 1133 redditibus
286 1100 391 1140 constituas,
400 1098 485 1143 quatinus
493 1100 537 1133 dum
544 1099 570 1133 illi
578 1099 651 1134 assidue
659 1099 703 1133 inibi
713 1100 769 1133 deum
778 1099 839 1134 lauda·

108 1165 109 1168 ¹
133 1152 199 1194 uerint‚
207 1157 226 1185 et
234 1152 301 1185 sanctis
309 1152 409 1196 augeatur⁷
417 1152 475 1195 gloria
483 1157 502 1185 et
509 1151 541 1185 tibi
551 1151 669 1196 indulgentia.
693 1151 727 1186 Cui
738 1152 777 1185 loco
789 1151 839 1196 quic-

134 1204 177 1249 quid
186 1205 290 1248 contuleris,
297 1205 327 1240 vel
336 1206 421 1240 collatum
429 1210 463 1247 est,
470 1205 500 1240 vel
508 1204 628 1248 conferetur⁸,
635 1210 655 1239 vt
662 1211 722 1239 ratum
733 1205 756 1240 sit
766 1210 839 1249 aposto-

107 1269 126 1290 20
134 1258 168 1293 lica
176 1259 282 1292 auctoritate
289 1258 407 1302 precipimus,
416 1263 434 1292 et
441 1263 460 1293 vt
468 1268 543 1301 semper
551 1257 638 1292 habitatio
649 1258 780 1293 monachorum
789 1258 813 1293 sit
821 1263 839 1293 et

134 1310 178 1346 nulli
190 1310 235 1345 laice
247 1321 327 1355 persone
339 1310 374 1345 nisi
384 1310 423 1354 regi
435 1311 534 1353 subdatur;
549 1316 567 1344 et
576 1321 685 1355 quecunque
697 1311 803 1355 priuilegia⁹
814 1311 839 1345 ibi

133 1364 245 1399 constituere
251 1363 332 1398 volueris
340 1365 362 1398 ad
371 1364 460 1397 honorem
466 1363 495 1397 dei
503 1363 619 1408 pertinentia,
625 1364 743 1398 concedimus
749 1369 767 1398 et
773 1365 839 1398 robus-

133 1417 204 1452 tissima
214 1417 319 1450 auctoritate
329 1417 466 1457 confirmamus,
476 1422 494 1449 et
505 1416 524 1448 in
536 1417 574 1449 fine
585 1417 690 1450 ¹⁰sractores
700 1426 764 1449 eorum
776 1422 839 1450 eterna

134 1468 260 1503 maledictione
272 1463 390 1502 damnanms.¹
440 1461 590 1511 Responsalibus
601 1468 668 1502 enim¹¹
681 1469 730 1512 regis
744 1473 762 1502 et
773 1468 839 1502 litteris

108 1537 125 1567 ²5
134 1521 226 1567 pontificis
232 1521 325 1555 oraculum
333 1521 401 1556 celeste
408 1520 505 1555 concurrit.
524 1520 569 1555 Erat
577 1520 626 1555 enim
634 1520 653 1554 in
659 1520 727 1565 Augila
732 1521 760 1555 vir
765 1521 839 1564 quidam

134 1575 169 1607 deo
181 1574 257 1607 dilectus
269 1579 287 1607 et
298 1573 408 1615 hominibus,
420 1573 451 1616 qui
464 1573 497 1616 [in]
509 1584 566 1616 specu
578 1574 699 1607 subterraneo
709 1573 771 1607 multis
785 1575 839 1608 annis

134 1625 222 1667 inclusus,
230 1636 306 1660 suorum
314 1631 353 1659 erat
361 1625 468 1659 meritorum
476 1624 572 1668 stipendiis
580 1625 616 1659 iarn
624 1625 700 1660 vicinus.
717 1626 766 1659 Huic
773 1626 839 1661 Petrus
846 1661 848 1666 ,

134 1679 228 1722 apostolus
237 1679 256 1712 in
262 1678 334 1713 visione
346 1678 404 1713 noctis
412 1677 501 1712 assistens
509 1678 543 1712 ait:
556 1678 615 1720 ‘Rex,
622 1678 686 1722 inquit,
695 1679 797 1714 Edwardus
805 1690 839 1723 pro

134 1737 177 1765 voto
188 1742 223 1774 quo
234 1742 255 1764 se
267 1741 309 1764 cum
320 1732 379 1764 adhuc
393 1731 476 1764 exularet
489 1730 604 1773 astrinxerat,
616 1742 650 1775 pro
660 1732 712 1775 regni
722 1731 777 1765 etiam
789 1742 840 1775 pace,

107 1800 126 1829 3⁰
134 1794 274 1830 pauperumque
282 1784 393 1818 necessitate
400 1793 493 1827 preceque
501 1782 593 1825 sollicitus,
602 1794 698 1818 romanam
709 1783 805 1819 ecclesiam
816 1786 840 1819 de

134 1836 444 1870 omnibuscrediditconsulendam.
457 1835 533 1869 Nouerit
538 1846 587 1880 ergo,
593 1847 614 1870 se
619 1847 660 1870 mea
665 1836 771 1870 auctoritate
776 1837 799 1871 ab
805 1837 839 1871 hac

133 1888 243 1934 obligatione
251 1889 337 1931 solutum,
345 1893 363 1923 et
371 1889 394 1923 de
402 1888 478 1922 cenobio
486 1889 509 1922 ad
520 1887 557 1922 mei
567 1888 647 1923 nominis
658 1888 747 1923 honorem
758 1895 839 1924 constru-

134 1944 181 1977 endo
193 1953 204 1976 a
216 1953 288 1977 summo
299 1942 385 1986 pontifice
397 1942 503 1986 suscepisse
515 1943 626 1976 mandatum.
650 1942 769 1977 incuntanter
779 1942 840 1987 itaque

133 1995 198 2030 litteris
206 1994 312 2039 apostolicis
320 1995 376 2029 fidem
385 1995 456 2037 habeat,
464 1994 558 2039 preceptis
564 1994 642 2035 obediat,
647 1995 727 2029 consiliis
732 1994 842 2038 acquiescat.

106 2063 125 2093 35
133 2049 186 2083 Ame
193 2048 242 2082 enim
250 2057 338 2092 egressus
347 2053 375 2082 est
383 2057 450 2090 sermo,
457 2057 513 2091 quem
519 2046 554 2081 sibi
560 2048 653 2091 quondam
658 2047 671 2066 ¹²
676 2053 773 2091 patronum
779 2048 840 2092 elegit,

133 2101 162 2135 vie
174 2100 264 2140 comitem,
272 2100 330 2144 gratie
338 2100 449 2144 largitorem,
473 2100 507 2134 Est
514 2105 576 2134 autem
588 2100 633 2134 mihi
642 2101 692 2135 locus
703 2101 721 2134 in
733 2100 840 2135 occidentali

133 2158 185 2199 parte
194 2153 290 2188 Londonie
297 2164 308 2187 a
315 2163 345 2188 me
354 2154 428 2195 electus,
437 2153 481 2187 mihi
490 2153 572 2196 dilectus,
581 2163 636 2197 quem
644 2154 737 2197 quondam
745 2153 790 2186 mihi
797 2164 840 2198 pro-

133 2206 179 2251 priis
191 2207 275 2240 manibus
287 2205 398 2247 consecraui,
406 2217 448 2239 mea
457 2205 550 2240 nobilitaui
560 2205 659 2249 presentia,
670 2206 737 2240 diuinis
746 2206 840 2250 insuper¹³

133 2257 225 2293 miraculis
233 2257 327 2291 illustraui.
348 2257 440 2291 Thorneia
448 2269 516 2292 nomen
525 2263 553 2291 est
560 2258 600 2300 loci,
608 2258 638 2301 qui
647 2259 739 2301 quondam
746 2258 758 2278 ¹²
765 2259 789 2291 ob
797 2270 840 2302 pec·

106 2325 126 2357 40
134 2317 173 2346 cata
186 2312 254 2354 populi,
268 2312 387 2345 barbarorum
401 2311 478 2346 traditus
491 2312 582 2355 potestati,
596 2311 725 2355 pauperrimus
740 2322 763 2345 ex
778 2311 840 2354 diuite,

134 2364 210 2399 humilis
218 2375 242 2398 ex
250 2363 329 2406 sublimi,
338 2375 362 2398 ex
370 2363 425 2398 nobili
433 2363 491 2399 factus
499 2369 527 2398 est
535 2363 682 2409 contemptibilis.
691 2383 697 2388 «
706 2364 761 2398 Hunc
769 2374 798 2399 me
806 2375 840 2399 rex

134 2416 249 2462 precipiente
258 2417 277 2450 in
285 2416 408 2451 habitaculum
416 2417 548 2451 monachorum
557 2416 644 2461 suscipiat
650 2417 778 2460 reparandum,
785 2417 841 2451 subli-

154 2510 301 2548 ¹S.cognouimus.
322 2511 356 2542 lE.
364 2511 465 2541 dissessione.
486 2511 520 2540 lT.
528 2510 546 2541 E.
554 2520 589 2548 qua
609 2510 722 2541 ⁴S.solueris.
745 2510 840 2541 l'runcon-

134 2554 190 2579 struas.
215 2550 368 2581 ⁶Tw.sufficientia.
396 2549 431 2581 ⁷T.
439 2554 510 2588 augetur.
537 2550 681 2581 ⁸E.conserretur.
708 2549 840 2588 ⁹E.preut1egia.

134 2588 293 2619 x“Tuainfractores
322 2589 333 2607 ¹¹
344 2589 360 2620 S.
368 2590 534 2627 autem50m.inTw.
562 2590 681 2620 ¹⁹T.condam.
708 2589 719 2607 ¹³
730 2589 746 2620 S.
755 2589 819 2620 etiam.v
