1762 2803
129 169 158 223 64
320 166 400 220 moto
415 164 533 228 letenna
548 162 641 227 tortio.

129 291 147 321 et
158 287 181 320 ad
193 287 288 321 dexteram
298 287 347 331 regis
359 298 383 321 ex
393 298 444 320 more
456 287 545 327 assidens,
555 286 590 320 ait:
607 287 612 305 ‘
618 285 662 329 Ego,
674 284 752 325 domine,
764 289 783 318 vt
794 284 831 318 dis-

129 339 188 383 posui,
203 341 260 383 vado;
272 342 305 375 sed
320 340 373 375 vobis
388 339 448 384 primo
464 350 524 374 meam
539 339 692 380 benedictionem,
706 337 722 372 si
737 347 778 371 eam
793 347 830 371 non

129 392 212 434 abilonis,
220 393 277 427 dabo?
301 393 361 434 Quam
369 402 411 425 curn
419 393 449 426 ille
458 403 478 426 se
486 392 535 426 nolle
543 392 621 426 abiicere
629 391 760 435 responderet,
770 390 830 423 leuata

129 446 205 480 dextera
216 456 279 489 regem
291 444 396 479 benedixit:
408 450 427 479 et
438 444 501 479 relicta
513 444 567 488 curia,
578 444 695 479 Cantuariam
705 443 761 477 venit.
783 442 830 476 Con-

111 508 120 540 5
129 498 209 542 gregatis
226 498 320 532 monachis
337 508 410 532 causam
426 497 454 532 sui
469 498 557 532 transitus
573 497 653 542 exponit,
669 501 687 531 et
702 497 763 531 addit:
780 495 831 529 ‘Deo

129 551 249 593 omnipotenti
261 556 279 584 et
291 552 344 584 beato
357 551 412 584 Petro
425 562 459 585 vos
473 552 593 585 commendo:
606 561 640 593 ego
653 554 716 584 vestra
728 548 801 582 licentia
813 553 831 582 et

129 603 255 638 benedictione
265 604 318 645 vado,
329 614 350 637 ac
360 607 380 637 vt
389 603 435 636 deus
445 602 495 646 pacis
507 607 525 637 et
535 602 637 637 dilectionis
646 601 741 637 vobiscum
753 605 831 641 maneat,

129 657 170 691 oro’
194 656 241 690 Dato
257 656 327 691 cunctis
345 657 413 698 osculo,
428 657 528 690 oratorium
543 656 622 697 intrauit,
637 666 701 700 peram
715 661 733 689 et
746 655 830 688 baculum

128 708 284 752 peregrinantium
291 719 342 742 more
350 709 435 752 suscepit.
455 709 478 742 Et
486 719 527 743 cum
535 708 639 751 quindecim
647 709 712 742 diebus
720 717 830 751 prosperum

102 774 121 795 10
129 766 245 806 expectasset
259 767 339 803 ventum,
355 761 467 804 Wiileimus,
482 762 560 796 clericus
572 762 626 806 regis,
641 761 718 806 singulis
734 760 798 795 dicbus
811 760 831 795 in

129 825 194 849 mensa
205 814 287 859 episcopi
294 816 398 856 comedens,
407 826 486 856 causam,
494 826 528 858 pro
537 826 573 858 qua
583 816 651 849 missus
662 816 726 856 iuerat,
737 815 831 848 denudare

129 867 206 902 nolebat.
230 868 295 902 Parata
308 868 383 902 demum
395 878 447 909 naue,
460 868 510 903 idem
521 867 627 902 Wiileimus
639 867 691 912 quasi
703 866 799 912 fugitiuum
812 870 830 900 et

129 920 205 955 alicuius
213 921 294 956 criminis
302 931 354 956 reum
362 921 472 956 Ansclmum
478 921 497 955 in
502 922 562 956 littore
570 922 645 963 detinet,
653 931 674 955 ac
682 932 705 955 ue
713 931 764 955 mare
772 926 830 954 trans·
847 928 852 936 ¹

129 980 164 1016 eat,
174 985 197 1008 ex
207 979 259 1018 parte
269 974 339 1008 domini
348 975 376 1008 sui
386 975 441 1016 iubet,
450 976 508 1008 donec
521 975 582 1008 omnia
594 985 630 1018 que
641 984 705 1008 secum
715 973 785 1008 ferebat
795 972 830 1007 sibi

103 1041 120 1072 1⁵
129 1027 220 1062 reuelaret
227 1028 237 1061 ¹.
260 1028 337 1071 Cunque
350 1033 406 1062 totam
419 1028 566 1072 suppellectilem
581 1038 614 1072 spe
628 1027 706 1072 pecunie
720 1026 830 1071 reperiende

130 1080 257 1123 subuertisset,
268 1085 286 1114 et
297 1082 346 1124 quod
356 1081 442 1124 sperabat
453 1092 490 1115 non
501 1080 613 1122 lnuenisset3
626 1091 667 1115 cum
681 1080 719 1114 suls
729 1079 830 1114 Anselmus

129 1123 207 1168 transir'e
222 1133 325 1177 permissus
340 1139 373 1167 est.
396 1134 515 1167 Transcursls
530 1145 564 1177 per
581 1144 631 1168 mare
644 1133 711 1176 aliquot
724 1132 829 1173 miliaribus,

129 1197 170 1221 cum
181 1192 248 1221 ventus
257 1186 359 1220 contrarius
368 1186 409 1220 illos
421 1187 481 1220 redire
492 1187 616 1231 compelleret,
626 1186 728 1221 Anselmus
737 1185 830 1229 ingemuit,

129 1245 147 1273 et
159 1239 194 1273 ait:
208 1240 240 1273 ‘Sl
252 1239 393 1283 omnipotentls²
404 1240 434 1274 dei
444 1239 511 1273 iudicio
522 1241 581 1283 placet
595 1250 625 1273 me
638 1239 697 1282 magis
710 1238 729 1272 in
744 1237 830 1282 pristinas

101 1304 120 1326 20
128 1292 189 1326 redire
201 1292 291 1334 miserias,
304 1302 359 1335 quam
372 1291 469 1325 liberatum
483 1293 505 1325 ab
519 1291 560 1333 illis,
573 1292 650 1326 tendere
663 1291 716 1326 adid
729 1290 830 1335 quodxipse

128 1345 179 1380 nouit
198 1355 227 1379 me
246 1344 307 1378 animo
325 1345 456 1389 proposuisse;
472 1345 513 1389 ipse
527 1344 594 1386 videat,
612 1345 653 1388 ipse
673 1345 779 1388 dispenset:
796 1355 830 1388 ego

127 1397 215 1432 voluntati
230 1397 270 1431 eius
285 1398 362 1441 obsequi
377 1404 451 1441 paratus
466 1409 513 1431 sum.
536 1397 575 1432 Nec
590 1396 640 1431 enim
652 1408 710 1439 meus,
723 1397 757 1431 sed
771 1396 830 1440 ipsius

128 1451 180 1485 sum.y
211 1450 252 1484 Hec
270 1456 288 1484 et
306 1450 341 1483 alia
360 1461 401 1483 cum
420 1450 519 1493 lachrymis
538 1455 556 1484 et
575 1449 684 1493 singultibus
706 1454 830 1493 prosequente

127 1504 223 1545 Anselmo,
233 1508 299 1537 ventus
311 1514 334 1537 cx
346 1503 381 1536 alio
392 1503 450 1537 latere
461 1503 509 1536 illico
521 1503 540 1536 in
551 1503 613 1537 velum
626 1513 709 1546 surgens,
722 1502 744 1536 ad
756 1501 841 1546 portum'

101 1568 119 1599 ²5
128 1561 210 1600 optatum
220 1556 312 1599 applicare
321 1556 368 1589 facit.
392 1556 470 1589 quenta
479 1561 507 1589 est
516 1561 578 1590 autem
588 1555 607 1589 in
617 1555 673 1588 fundo
683 1554 740 1596 nauis,
751 1554 830 1588 tractura

128 1609 182 1643 vnlus
198 1609 263 1649 tabule,
281 1610 364 1642 foramen
379 1608 418 1642 fere
434 1609 512 1642 duorum
531 1608 593 1651 spacio
612 1609 680 1651 pedum
699 1607 829 1651 magnitudinis

128 1662 204 1702 habens,
222 1662 260 1703 sed,
273 1661 360 1704 quamdiu
375 1661 476 1694 Anselmus
491 1663 510 1694 in
525 1671 573 1694 naue
589 1661 652 1701 fuerat,
669 1661 737 1693 nullam
754 1661 829 1693 omnino

128 1724 194 1758 aquam
213 1713 317 1747 admittens.
343 1713 412 1746 Audito
431 1713 471 1746 elus
490 1712 572 1754 transitu,
591 1723 625 1747 rex
644 1718 708 1747 cuncta
727 1723 762 1756 que
781 1713 829 1746 illius

129 1771 181 1801 erant
196 1766 297 1808 confiscari,
312 1771 330 1799 et
343 1765 405 1799 omnia
416 1777 427 1800 a
440 1766 577 1800 consecratione
590 1765 630 1800 eius
642 1776 676 1810 per
689 1765 750 1810 ipsum
762 1770 829 1800 statuta

101 1831 120 1861 30
128 1819 206 1854 irritarl³
220 1819 307 1863 precepit.
346 1811 424 1853 Letatur
435 1824 495 1853 autem
507 1818 618 1864 apostolicus
630 1819 649 1853 in
662 1819 701 1854 eius
712 1820 797 1861 aduentu,
811 1823 829 1851 et

128 1873 185 1907 multa
197 1872 216 1906 in
228 1872 301 1906 laudem
312 1871 351 1906 eius
361 1877 476 1916 prosecutus,
485 1872 545 1906 virum
556 1872 628 1906 virtutis
638 1883 659 1905 ac
669 1873 724 1905 totius
736 1871 829 1915 religionis

127 1927 178 1960 illum
196 1937 238 1960 esse
257 1930 368 1967 contestans,
388 1925 425 1960 ait:
450 1925 538 1969 ‘Cunque
556 1925 613 1966 illum,
635 1924 705 1960 cunctis
727 1924 829 1960 liberalium

127 1981 193 2013 artium
205 1978 307 2021 disciplinis
319 1978 415 2018 eruditum,
426 1989 460 2021 pro
472 1978 560 2021 magistro
571 1983 673 2020 teneamus,
686 1984 704 2012 et
716 1978 768 2022 quasi
781 1989 829 2011 com-

127 2043 197 2076 parem,
208 2033 258 2065 velut
269 2031 344 2065 alterius
355 2031 405 2064 orbis
416 2030 536 2075 apostolicum
546 2036 565 2064 et
574 2030 702 2075 patriarcham,
717 2030 757 2065 lure
771 2041 828 2064 vene-

100 2085 206 2127 35randum
221 2094 341 2126 censeamus3
357 2083 408 2126 nost,
421 2075 479 2128 magis
495 2084 543 2119 lilius
558 2095 614 2128 quam
629 2085 679 2118 illum
695 2090 757 2118 nostro
773 2095 828 2129 egen-

127 2143 164 2171 tem
181 2136 262 2179 consillo‚
277 2146 334 2180 super
348 2135 408 2170 causis
423 2135 462 2170 suis
477 2137 599 2171 consulendos
615 2137 669 2171 adiit!
692 2137 760 2171 Audita
775 2148 829 2171 causa

127 2190 166 2224 elus
178 2201 211 2234 pro
223 2200 259 2233 qua
270 2194 351 2231 venerat,
363 2200 410 2233 papa
421 2188 497 2223 miratur
510 2195 528 2223 et
540 2188 681 2223 subuentionem
691 2189 766 2233 plenam
777 2190 828 2234 polli-

127 2248 183 2277 cetur.
205 2243 259 2276 Vnde
269 2247 287 2276 et
296 2242 393 2283 lohannes,
403 2242 447 2275 olim
456 2243 557 2276 monachus
568 2242 627 2284 Becci,
635 2248 679 2276 tunc
688 2243 745 2276 abbas
757 2243 828 2277 cenobii

128 2295 191 2330 Sancti
199 2295 300 2329 Saluatorls
306 2294 396 2337 Telesini3
409 2300 501 2329 annuente
509 2306 562 2339 papa,
569 2295 650 2339 suscepit
659 2304 701 2328 eum
706 2300 726 2328 vt
733 2295 828 2340 proprium

99 2362 119 2391 4⁰
127 2354 198 2393 patrem
207 2348 226 2382 in
236 2359 274 2382 sua.
296 2348 333 2381 Vbi
344 2348 442 2381 christiane
452 2349 494 2382 fidei
506 2359 569 2382 amore
581 2353 681 2391 permotus,
693 2347 765 2392 insigne
776 2350 828 2383 volu·

123 2411 170 2434 'men
183 2401 244 2442 edidit,
258 2402 306 2444 quod
320 2401 367 2434 ‘Cur
380 2402 425 2434 deus
438 2401 502 2435 homo’
518 2401 620 2435 intitulauit.
644 2400 666 2435 ln
680 2400 749 2444 Augila
765 2407 827 2437 tamen

127 2455 171 2487 illud
183 2465 229 2496 opus
242 2454 316 2497 incepit,
329 2455 363 2488 sed
376 2453 395 2488 in
409 2465 491 2497 capuana
506 2453 600 2498 prouincia
615 2452 679 2487 finiuit.
718 2447 829 2489 Morabatur

128 2511 188 2540 autem
196 2506 215 2539 in
222 2505 265 2540 villa
273 2506 347 2541 nomine
356 2505 438 2549 Sclauia;
447 2511 465 2542 et
471 2506 538 2542 videns
545 2505 642 2550 penuriam
650 2516 696 2551 aque
704 2507 739 2543 loci
747 2507 801 2551 iilius,
809 2507 828 2542 in

128 2559 201 2593 excelsa
210 2569 256 2602 rupe
268 2559 329 2603 ligone
339 2564 408 2594 terram
417 2559 493 2603 aperuit,
501 2564 519 2594 et
529 2560 571 2593 data
579 2559 712 2603 benedictione,
723 2561 764 2595 fons
774 2560 828 2594 viuus

147 2626 267 2657 ¹Vit.reuelet,
314 2625 349 2657 ’Β
357 2627 461 2665 omnipotens.
509 2626 653 2658 ³Vitlrritafierl.
700 2627 808 2666 *auosque
