1762 2803
248 133 294 189 Bt
308 133 408 187 &aaut
424 132 538 185 noriano.
717 146 743 193 17

43 256 108 292 miset
120 253 217 298 frigoribus
229 253 327 296 horrenda,
338 253 390 288 locus
401 252 460 288 estin
473 263 509 297 quo
523 252 616 297 puniende
628 257 671 287 sunt
684 252 745 287 anime

43 312 114 345 illorum
126 307 162 352 qui,
174 307 281 342 differentes
293 305 376 341 confiteri
387 311 406 340 et
417 307 517 340 emendare
529 306 647 349 sceleraque
660 305 746 345 fecerant,

43 362 112 405 inipso
123 361 198 393 tandem
210 358 274 392 mortis
285 358 361 392 articulo
372 358 395 391 ad
407 357 527 402 penitentiam
538 357 644 401 confugiunt
655 362 673 391 et
684 357 711 391 sic
722 357 746 391 de

43 425 119 459 corpore
127 417 196 447 exeunt
203 424 208 453 ς
223 411 254 456 qui
262 417 324 447 tamen
335 410 377 455 qnia
388 411 523 446 confessionem
531 417 550 446 et
557 411 678 455 penitentiam
685 410 715 444 vel
726 409 746 444 in

43 472 101 503 morte
109 466 217 506 habuerunt,
223 475 289 499 omnes
296 464 315 498 in
323 463 354 498 die
361 463 422 498 iudicii
430 464 453 498 ad
459 474 537 508 regnum
545 464 625 499 celorum
631 463 746 508 peruenient.
754 473 763 504 5

44 520 111 555 Multos
122 523 184 552 autem
195 528 261 561 preces
268 516 374 560 viuentium,
383 522 401 551 et
413 517 519 559 elemosine,
527 523 545 552 et
556 517 629 559 ieiunia,
637 523 656 551 et
665 515 746 551 maxime

43 572 140 608 missarum
148 570 252 613 celebratio,
260 576 279 605 vt
287 575 330 605 ante
338 570 387 606 diem
395 570 456 606 iudicii
464 570 565 606 liberentur
571 572 663 606 adiuuant.
686 570 746 604 Putri-

44 628 77 661 dus
85 625 115 659 ille
122 629 190 668 puteus
201 629 220 658 et
231 623 370 658 flamminosus¹
378 635 434 668 quem
441 624 508 666 vidisti,
517 635 538 658 os
546 630 574 658 est
585 624 671 665 iehenne,
678 622 698 658 in
709 634 745 667 quo

44 678 146 722 quicunque
154 677 213 711 semel
221 676 310 718 inciderit,
317 676 336 710 in
345 687 399 711 cuum
410 676 494 711 liberarii
502 688 538 711 non
547 676 619 721 poterit.
642 677 702 712 Locus
710 676 746 711 iste

44 729 150 772 florigerus³
158 733 176 762 et
184 739 266 770 amenus,
274 728 370 773 paradisus
380 734 413 770 est,
421 729 440 763 in
448 739 484 772 quo
492 729 606 773 recipiuntur
613 728 674 763 anime
681 738 745 762 eorum
755 741 774 763 10

44 781 107 827 quiin
123 781 176 815 bonis
191 780 279 825 operibus
292 782 316 816 de
329 791 406 825 corpore
421 787 495 824 exeunt,
510 793 545 816 nee
559 786 621 816 tamen
637 786 680 816 sunt
695 786 745 816 tante

43 836 160 883 perfectionis
171 841 190 871 vt
201 836 220 872 in
232 847 309 881 regnum
320 837 401 871 celorum
414 837 474 872 statim
486 837 576 872 introduci
586 842 703 879 mereantur;
714 836 746 881 qui

43 898 104 927 tamen
119 901 184 925 omnes
199 889 218 925 in
233 890 264 925 die
278 889 340 925 iudicii
354 891 378 926 ad
392 890 482 925 visionem
496 890 564 926 Christi
579 896 597 925 et
613 889 678 935 gaudia
693 889 746 934 regni

44 944 116 979 celestis
124 944 222 978 intrabunt.
245 944 292 977 Nam
301 944 404 988 quicunque
414 943 433 978 in
444 944 494 978 omni
502 945 559 979 verbo
570 949 589 979 et
600 955 657 989 opere
668 948 686 978 et
697 943 746 988 cogi·

44 998 114 1034 tacione
126 996 203 1041 perfecti
215 1001 262 1040 sunt,
270 1007 319 1037 ,mox
332 998 355 1032 de
369 1008 446 1042 corpore
461 997 536 1041 egressi,
550 997 573 1032 ad
588 1008 666 1042 regnum
678 996 745 1031 celeste
755 1011 773 1041 15

44 1050 159 1095 perueniunt.
181 1050 212 1084 Ad
220 1050 271 1084 cuius
278 1050 338 1084 vicina
346 1050 426 1095 pertinet
434 1051 485 1084 locus
496 1050 526 1084 ille
534 1050 564 1084 vbi
576 1060 642 1084 sonum
654 1050 746 1084 cantilene

44 1104 106 1143 dulcis,
115 1114 156 1136 cum
168 1104 224 1137 odore
236 1103 331 1137 suauitatis
342 1114 363 1138 ac
375 1104 473 1147 splendore
484 1103 535 1145 lucis,
543 1102 615 1138 audisti.
637 1103 665 1137 Tu
677 1108 746 1145 autem,

44 1156 85 1200 quia
95 1167 144 1190 nunc
152 1156 175 1189 ad
183 1166 250 1200 corpus
257 1156 357 1190 reuerteris
365 1161 383 1190 et
390 1156 439 1190 inter
448 1155 532 1190 homines
540 1166 604 1190 rursus
611 1155 675 1190 viueoe
683 1156 746 1197 debes,

44 1209 60 1243 si
67 1214 118 1243 actus
125 1214 167 1243 tuos
175 1209 275 1243 curiosius⁴
287 1209 378 1244 discutere
386 1214 404 1243 et
412 1219 474 1244 mores
482 1219 615 1253 sermonesque
622 1215 664 1243 tuos
675 1209 694 1243 in
706 1219 746 1243 rec·

44 1262 120 1296 titudine
135 1273 156 1295 ac
172 1261 287 1306 simplicitate
304 1272 379 1296 seruare
396 1262 493 1304 studueris,
508 1263 568 1296 locum
586 1261 687 1297 mansionis
704 1267 746 1306 post
755 1274 774 1295 10

44 1320 121 1349 mortem
129 1315 208 1358 accipies
215 1315 264 1349 inter
270 1314 343 1358 agmina
351 1314 448 1358 spirituum
456 1315 552 1348 beatorum
556 1314 569 1356 ⁵,
577 1326 613 1359 que
620 1314 687 1349 vidisti.
706 1315 746 1359 Ego

44 1378 128 1410 namque,
137 1378 179 1401 cum
190 1368 213 1400 ad
225 1368 455 1411 tempusab[s]cessissem
463 1373 505 1408 ate,
513 1368 536 1402 ad
548 1367 583 1401 hoc
594 1367 629 1402 feci
640 1372 660 1402 vt
670 1367 746 1411 quidde

44 1425 62 1454 te
69 1420 110 1454 fieri
118 1420 198 1461 deberet,
204 1422 340 1464 agnoscerem.”
359 1420 400 1455 Hec
408 1431 450 1454 curn
458 1420 639 1462 audissemmultum
645 1421 746 1456 detestatus

45 1481 85 1505 sum
96 1472 119 1505 ad
131 1482 198 1515 corpus
206 1471 272 1513 redire,
280 1472 370 1506 suauitate
381 1482 402 1505 ac
414 1472 480 1505 decore
491 1471 526 1505 loci
537 1471 585 1505 illius
597 1482 652 1514 quem
663 1470 747 1505 intuebar

45 1523 149 1558 delectatus.
180 1524 218 1558 Sed
233 1523 281 1558 inter
295 1524 335 1566 hec,
350 1523 413 1558 nescio
428 1534 464 1568 quo
479 1524 549 1566 ordine,
562 1530 639 1568 repente
654 1534 684 1558 me
698 1524 774 1568 intera5

45 1576 128 1612 homines
135 1576 199 1613 viuere
207 1578 273 1612 cerno?
301 1576 342 1612 Hec
350 1582 368 1612 et
376 1577 411 1612 alia
423 1588 458 1621 que
466 1577 537 1612 viderat
544 1576 573 1612 vir
583 1577 624 1620 iste,
631 1576 668 1611 illis
678 1577 746 1612 solum-

44 1631 98 1663 modo
110 1630 140 1673 qui
151 1630 181 1665 vel
192 1635 325 1682 tormentorum
336 1635 386 1664 metu
398 1630 495 1674 perterriti,
508 1630 538 1665 vel
550 1640 584 1675 spe
594 1630 702 1675 gaudiorum
714 1631 746 1666 de-

45 1682 109 1724 lectati,
121 1683 224 1727 profectum
239 1683 313 1727 pietatis
325 1694 349 1718 en
361 1684 401 1718 eius
413 1684 476 1718 verbis
488 1683 561 1718 haurire
574 1683 665 1724 volebant,
677 1683 747 1718 referre

45 1735 119 1769 solebat.
146 1736 236 1770 Narrabat
251 1742 312 1770 autern
327 1736 408 1770 visiones
423 1747 466 1770 suas
481 1737 520 1779 regi
536 1736 746 1778 Nortbanhumbrorum,

45 1787 116 1822 Alirido
129 1788 236 1822 doctissimo
243 1801 248 1829 ;
264 1788 315 1823 cuius
329 1793 392 1832 rogatu
405 1789 424 1823 in
440 1788 488 1823 dicto
499 1788 612 1823 monasterio
624 1788 706 1823 habitum
717 1800 746 1823 rc·
755 1801 775 1831 30

45 1839 117 1883 ligionis
125 1842 211 1884 suscepit,
219 1846 237 1875 et
249 1842 272 1875 ad
284 1853 326 1875 eum
338 1841 449 1875 audiendum
461 1842 525 1887 sepius
536 1852 570 1877 rex
579 1842 669 1877 veniebat.
692 1841 746 1877 Dice-

45 1892 97 1926 batur
105 1900 166 1928 autem
173 1895 203 1929 hic
210 1895 267 1928 frater
274 1895 409 1938 Drithelmus⁶;
422 1895 452 1939 qui
460 1895 558 1939 sepissime
566 1895 585 1929 in
593 1894 669 1929 ilumine
677 1895 747 1930 Twede

44 1955 101 1990 vsque
109 1948 132 1982 ad
143 1948 210 1982 collum
221 1957 242 1982 se
253 1947 366 1993 immergens
377 1948 400 1983 ad
412 1947 561 1992 restringendum
569 1947 649 1983 calorem
659 1948 747 1993 corporis,

45 2000 121 2041 psalmis
132 2006 151 2035 et
162 2001 249 2045 precibus
258 2001 360 2036 insistebat.
388 2001 491 2046 Egrediens
502 2013 547 2036 vero
558 2002 581 2036 de
593 2012 644 2045 aqua,
653 2012 746 2046 nunquam

45 2051 198 2095 ipsavestimenta
203 2054 278 2088 humida
283 2054 349 2098 ⁷atque
355 2054 415 2098 algida
421 2055 530 2098 deponebat,
537 2055 595 2088 donec
602 2065 625 2088 ex
631 2065 665 2088 suo
670 2064 746 2098 corpore
755 2063 774 2093 35

45 2104 149 2141 calefierent
156 2113 175 2141 et
182 2106 248 2141 siccata
256 2111 324 2141 essent.
347 2107 430 2152 Cumque
438 2113 499 2142 cruste
506 2106 604 2152 glacierum
613 2106 660 2141 circa
670 2117 712 2142 eum
723 2107 746 2142 de

44 2164 95 2193 veste
103 2171 137 2194 sua
144 2160 247 2195 defluerent
252 2160 264 2199 ⁸,
272 2160 338 2195 iratres
347 2160 432 2195 dixerunt
440 2161 469 2196 ei:
481 2160 558 2195 ‘Mirum
569 2160 608 2195 estl
618 2159 666 2204 quod
677 2164 746 2194 tantam

45 2209 511 2257 frigorisasperitatemvllarationetollerarevales!
525 2211 746 2256 Respondit¹Frigidiora

46 2273 78 2307 ego
85 2265 134 2300 vidi!
158 2267 181 2300 Et
189 2276 230 2301 cum
238 2265 329 2300 diceretur
336 2266 354 2300 ei
361 2277 418 2310 quare
425 2271 494 2300 tantam
502 2265 625 2300 austeritatem
634 2265 746 2301 continentie

45 2320 121 2360 teneret,
126 2319 182 2353 dixit:
193 2319 306 2353 ‘Austeriora
311 2331 345 2363 ego
350 2320 400 2354 vidi!
419 2321 550 2364 Sicquevsque
556 2319 579 2353 ad
586 2319 635 2353 diern
643 2318 708 2354 mortis
713 2329 746 2354 sue
754 2326 776 2360 40

45 2368 748 2417 infatigabilicelestiumbonorumdesideriocorpussenileinterquotidiana¹⁰
773 2404 775 2407 .

44 2421 110 2460 ieiunia
118 2427 209 2468 domabat,
216 2427 314 2472 multisque
321 2428 378 2462 verbo
384 2432 402 2461 et
409 2437 444 2460 con
451 2427 555 2461 uersatione
563 2426 617 2461 saluti
624 2425 663 2461 suit.

64 2506 99 2539 ¹01.
107 2511 225 2542 flammivomus.
255 2511 368 2542 ²E.liberare,
398 2510 504 2542 ³nliloriier.
531 2510 638 2542 ⁴T.euriosc.
667 2510 748 2542 ³T.Tan.

44 2545 254 2588 beatorumssbonorum.
288 2551 423 2583 ⁸T.dn‘htelmus.
455 2551 532 2581 ⁷T.uda.
570 2551 748 2590 ³E.dcssurerunt;T.

45 2586 136 2622 defluerent.
176 2591 304 2622 ”estominl
346 2591 476 2621 ¹⁰T.eotidiana.

391 2640 402 2664 C
