1762 2803
124 113 167 180 1'94
236 199 238 201 ‚
313 123 393 177 moto
408 120 524 185 termut
540 120 632 184 dontio.

123 246 230 282 aduersarii¹
239 246 314 292 confusi,
323 247 377 280 etiam
385 245 437 280 inuiti
445 246 575 291 obsequuntur.
597 244 696 280 abbatissa
704 245 767 288 enim2,
775 249 823 283 vnde

123 301 238 346 resipiscere*
244 301 331 334 debuerat
340 305 358 334 et
367 300 479 344 proficiendo
489 299 572 343 penitere
576 298 588 341 ³,
596 298 665 333 acriore
677 304 747 333 armata
756 299 823 345 surore,

123 354 231 398 virginalem
243 353 334 396 palmam⁴
345 353 404 396 magis
416 363 471 395 quam
485 351 579 395 propriam
591 351 702 385 tirannidem
714 353 823 390 erubescere

124 407 177 452 cepit.
200 406 223 440 Et
232 411 274 451 post
284 405 351 449 aliquot
361 403 400 439 dies
411 403 498 437 humilem
509 404 539 438 dei
546 404 631 438 ancillam
641 404 712 439 solam⁵
721 406 823 448 inueniens,

106 472 114 504 5
123 461 142 494 in
151 471 192 494 eam
199 460 256 499 irruit,
264 459 337 497 inuadit,
345 458 421 501 impetit,
429 464 448 491 et
456 457 529 491 insertis
537 458 619 501 utrisque
627 458 712 491 manibus
720 457 738 492 in
747 458 823 502 virginis

124 513 217 553 cesariem,
225 511 244 545 in
252 517 320 545 terram
328 510 390 553 allidit,
398 510 476 554 pedibus
487 510 536 544 illam
548 511 610 551 calcat,
618 510 698 545 calcibus
709 510 757 551 terit,
764 511 824 548 tundit

118 566 195 609 pugnis,
211 564 278 598 lacerat
293 564 390 608 unguibus,
405 563 492 608 discerpit
508 564 569 598 crines
584 569 602 597 et
621 563 704 608 extirpat.
734 564 824 601 Mildreda

123 618 184 652 crines
192 618 266 652 auulsos
274 617 369 660 arripiens,
377 616 396 650 in
403 618 443 651 loco
451 622 522 651 secreto
532 616 620 659 recondit,
629 622 647 651 et
656 616 744 657 castitatis
753 617 825 661 pericu-

123 671 161 705 lum
173 670 273 704 formidans
285 670 348 704 intimo
360 669 426 714 spiritu
437 669 532 703 dominum
542 675 593 714 rogat
603 669 689 713 quatinus
700 680 740 703 eam
752 672 825 707 atantis

97 737 116 759 ιο
124 723 197 768 dyaboli
205 724 275 767 laqueis
283 723 352 767 eripiat,
361 723 416 758 natali
423 724 463 757 solo
474 723 560 757 intactam
572 723 641 765 reddat,
649 723 678 757 vel
688 721 708 756 in
718 723 823 767 paradisum

124 777 205 812 animam
216 788 268 812 suam
279 776 359 821 recipiat.
383 776 491 811 Psalterium
503 776 576 810 interim
587 775 655 819 scribit,
668 781 686 810 et
699 776 765 819 crines,
779 788 825 821 quos

124 832 250 873 absconderat,
257 831 275 864 in
283 830 344 865 libello
352 831 447 873 collocans,
452 840 486 874 per
493 830 550 864 fidum
558 829 646 863 nuncium
654 829 707 864 matri
714 830 824 874 transmitt't‚

124 884 185 919 verbis
193 884 308 918 lachrimosis
316 884 435 928 expostulans
442 884 527 927 quatinus
535 883 594 926 ipsam
600 881 648 917 inter
653 882 729 917 sathane
735 884 825 919 venabula

124 937 258 980 periclitantem
269 938 292 971 ab
301 937 390 980 angustiis
401 936 471 980 eripiat.
494 936 546 969 Tune
557 940 616 969 mater
626 945 664 977 sua,
673 935 735 969 missis
747 936 824 971 nauibus

98 1004 116 1034 15
125 1001 167 1023 eum
175 989 244 1032 legatis,
249 1001 283 1032 pro
290 989 327 1023 filia
335 988 395 1023 misit:
407 989 499 1023 abbatissa
507 994 574 1030 tamen,
581 999 615 1030 pro
622 987 677 1023 illatis
684 987 749 1031 virgini
755 989 825 1025 iniuriis

124 1042 173 1076 same
181 1052 214 1077 sue
222 1042 309 1075 iacturam
317 1042 390 1085 timens,
396 1042 447 1075 nulia
454 1051 509 1085 prece
517 1040 603 1084 instigata
610 1040 659 1074 illam
667 1040 759 1075 dimittere
764 1041 824 1076 voluit.

126 1094 216 1129 Mildreda
230 1104 274 1129 vero
290 1100 357 1129 statuta
374 1100 428 1129 nocte
444 1094 541 1138 egreditur,
556 1100 575 1127 et
590 1095 613 1127 ab
630 1093 719 1138 egiptiaca
737 1095 824 1129 seruitute

125 1148 205 1190 liberata,
219 1148 331 1192 redemptori
345 1148 412 1192 gratias
427 1148 522 1182 referebat.
546 1148 629 1191 Cumque
644 1148 759 1192 quorundam
771 1148 826 1182 vesti-

125 1207 229 1238 mentorum
243 1201 325 1243 ecclesie,
341 1212 413 1235 necnon
428 1200 487 1235 ciaui⁶
502 1200 622 1235 confixionis⁷
635 1200 731 1241 dominice,
743 1202 826 1245 que[m]⁸

97 1268 117 1289 κο
126 1254 184 1288 multo
192 1253 254 1297 precio
262 1258 405 1297 comparauerat,
413 1254 473 1287 subita
480 1254 522 1297 fuga
530 1259 607 1297 cogente
615 1252 670 1286 oblita
678 1253 747 1295 suisset,
755 1254 795 1288 lusa
803 1256 825 1288 ad

125 1308 181 1340 deum
192 1316 248 1349 prece
259 1305 318 1347 rediit,
329 1306 453 1340 desideratum
465 1306 584 1341 tliezaurum⁹
595 1307 648 1351 cepit,
660 1311 678 1340 et
689 1316 752 1340 secum
763 1306 825 1341 attulit.

113 1374 115 1377 ·
126 1359 248 1404 Deprehensa
259 1358 338 1392 diluculo
346 1359 422 1402 virginis
432 1358 480 1401 fuga,
489 1359 549 1392 omnis
559 1358 650 1402 virginum
661 1359 727 1393 chorus
738 1359 756 1393 in
765 1360 827 1402 piano-

125 1417 165 1448 tum
177 1412 293 1453 conuertitur,
305 1417 324 1445 et
334 1412 455 1455 persecutrix,
466 1411 543 1456 pulsatis
557 1411 655 1456 campanis,
668 1422 733 1447 omnes
745 1413 825 1455 aduocat,

126 1465 207 1509 episcopi
215 1464 303 1498 auxilium
311 1464 401 1508 efflagitat,
410 1470 428 1499 et
436 1476 477 1499 cum
486 1476 508 1499 eo
515 1465 593 1500 validam
604 1476 680 1500 manum
687 1466 710 1499 ad
719 1467 825 1510 rapiendam

98 1533 116 1564 25
125 1518 216 1562 virginem
231 1517 289 1551 mittit.
316 1517 372 1561 Virgo
388 1518 461 1551 interim
476 1523 539 1551 sancta
555 1529 596 1553 cum
611 1518 650 1553 suis
665 1529 732 1553 nauem
745 1524 826 1562 paratam

126 1571 202 1612 intrans,
210 1570 266 1605 maris
278 1571 365 1605 contracti
375 1582 438 1605 reuma
448 1571 563 1605 solummodo
573 1572 686 1616 expectabat.
708 1571 826 1616 Aspicientes

115 1641 116 1644 ¹
126 1623 199 1659 interim
207 1629 261 1656 naute
269 1629 349 1656 armatos
357 1629 489 1667 persequentes
497 1626 651 1667 appropinquare,
659 1625 723 1659 mortis
730 1626 827 1659 formidine

126 1676 215 1717 concussi,
228 1676 271 1720 quid
285 1676 365 1711 facerent
378 1677 491 1720 ignorabant.
515 1676 569 1711 Nulla
582 1676 680 1711 resistendi
691 1677 763 1721 fiducia,
777 1678 827 1712 nulla

126 1736 165 1765 erat
171 1728 258 1774 sugevia3
267 1729 330 1764 hostes
335 1729 505 1774 appropinquabant
510 1730 528 1772 ¹⁰,
534 1730 624 1775 refugium
630 1731 686 1765 maris
692 1732 827 1775 ab[s]cesserat,

98 1783 196 1826 3osiccum
211 1783 261 1816 littus
276 1793 343 1817 nauem
358 1782 447 1826 alligabat.
470 1783 552 1827 Cumque
567 1783 618 1827 virgo
634 1790 696 1819 sancta
711 1785 787 1819 eleuatis
804 1786 826 1819 ad

127 1837 186 1872 celum
195 1836 280 1869 manibus
288 1847 353 1879 preces
362 1836 437 1870 deuotas
445 1847 479 1880 pro
491 1847 525 1870 sua
532 1836 638 1870 liberatione
647 1838 681 1871 deo
690 1837 772 1879 fudisset,
777 1837 826 1871 littus

126 1900 180 1923 omne
189 1899 240 1923 mare
248 1888 307 1922 subito
315 1899 412 1933 occupans,
421 1899 478 1924 naues
487 1890 550 1932 eleuat,
560 1895 577 1923 et
585 1889 672 1924 militares
680 1902 748 1925 cuneos
756 1890 827 1934 longius

126 1942 221 1985 proturbat
227 1941 244 1975 ¹¹.
261 1941 330 1974 Delusa
334 1942 394 1985 itaque
399 1944 550 1985 persequentium
558 1943 634 1985 malicia,
642 1943 732 1977 Mildreda
740 1944 763 1977 de
770 1943 827 1976 mani-

126 1995 161 2029 bus
176 1994 274 2038 impiorum
290 1999 357 2038 erepta,
373 1995 396 2029 ad
410 2000 483 2039 portum
498 1993 557 2029 insule
571 1994 602 2039 qui
621 1994 733 2039 Ippiesllet¹²
748 2001 826 2035 vocatur,

99 2060 117 2089 55
126 2047 219 2092 applicuit.
235 2047 263 2080 ibi
270 2047 320 2081 enim
329 2049 437 2090 quadratum
446 2059 512 2083 saxum
520 2059 607 2092 magnum
615 2049 702 2084 diuinitus
710 2054 827 2093 preparatum

126 2100 201 2144 inuenit,
209 2106 227 2136 et
235 2111 277 2136 cum
285 2100 376 2135 Miidrede
383 2100 513 2137 descendentis
521 2102 544 2136 de
552 2101 594 2136 naui
602 2101 680 2146 vestigia
688 2102 796 2148 excepisset,
803 2100 827 2133 ita

127 2166 149 2189 ea
158 2154 206 2199 [sibi]
215 2154 267 2197 quasi
275 2155 344 2188 recenti
355 2154 393 2189 niui
400 2154 411 2174 ¹³
418 2161 449 2189 aut
461 2155 498 2189 luto
506 2156 563 2190 infixa
571 2155 630 2190 subito
642 2157 726 2199 ostendit,
734 2161 753 2191 vt
762 2164 827 2189 omnes

127 2209 167 2243 eius
178 2207 258 2248 comites,
266 2207 373 2241 miraculum
383 2208 418 2242 hoc
427 2207 516 2251 videntes,
525 2209 544 2243 in
553 2208 692 2243 admirationem
703 2214 721 2243 et
732 2214 826 2253 stuporem

127 2266 247 2296 conuerteret.
271 2259 312 2293 Non
320 2261 379 2294 solum
385 2262 490 2295 eternaliter
496 2263 549 2296 durat
557 2263 591 2296 hoc
599 2263 673 2307 signum
678 2263 760 2308 virginea
765 2263 827 2306 planta

99 2326 119 2355 40
127 2313 231 2352 formatum,
239 2322 303 2346 verum
310 2312 365 2346 variis
373 2313 490 2357 languoribus
499 2315 560 2348 afflicti
571 2316 651 2359 lapidem
662 2317 728 2350 radunt
739 2321 757 2349 et
766 2318 826 2359 potato

128 2366 211 2412 puluere,
219 2363 315 2398 sanitatem
327 2371 467 2409 consequuntur.
490 2366 546 2410 Lapis
557 2367 592 2411 ille,
600 2368 647 2403 sicut
658 2379 669 2403 a
680 2368 773 2404 nonnullis
784 2376 827 2411 pro-

146 2450 288 2480 ¹E.'aduersariis.
335 2448 428 2480 ²rautetu¹
469 2450 597 2489 taprofieere.
637 2452 673 2485 ⁴G.
681 2453 761 2491 virginalis
770 2451 826 2490 palmet

126 2489 226 2521 OEsolum.
281 2489 377 2519 ⁶E.clauis.
432 2489 468 2522 7Ε.
476 2492 579 2522 confictionis.
635 2493 669 2524 ⁵T.
678 2493 695 2523 E.
703 2503 739 2530 que,
793 2489 826 2519 ⁹T.

126 2531 221 2569 thesaurum.
269 2529 280 2547 ¹⁰
291 2529 310 2559 G.
317 2530 367 2559 hostis
374 2534 445 2569 occupat.
491 2530 503 2550 ¹¹
514 2531 531 2563 Τ,
539 2531 556 2562 Ε.
563 2532 648 2572 perturbat.
694 2528 707 2551 Η
717 2532 735 2565 Ε.
743 2530 827 2570 ipplesiect

125 2566 145 2601 G.
152 2570 247 2609 Ippleslleot,
289 2569 300 2587 ¹³
310 2570 328 2600 T.
336 2570 354 2600 E.
362 2569 404 2601 niue.
