1762 2803
108 111 169 164 ·526
315 108 395 160 mota
410 105 527 168 trumba
542 105 635 168 autito.

124 228 197 272 deponi.
218 227 252 262 Vir
259 238 303 272 ergo
311 233 385 262 sanctus
395 227 528 263 maledictionis
538 227 616 263 iaculum
624 227 643 263 in
651 229 736 263 arborem
744 229 825 268 offensus

124 279 207 317 intorsit:
219 286 237 316 et
245 281 276 316 illa
282 280 333 326 quasi
339 280 439 323 vulnerata,
444 280 531 325 paulatim
539 280 655 316 sterilescens
664 281 749 317 radicitus
755 285 825 321 exaruit

124 340 143 368 et
154 335 212 369 fructu
224 335 286 369 caruit.
314 334 438 368 Exacerbatus
449 333 492 369 inde
504 333 594 376 dominus,
606 345 647 369 eam
658 335 726 369 abscidi
737 335 795 379 iussit,
808 345 825 374 et

125 388 179 422 dixit:
193 388 254 421 ‘Nihil
263 388 342 421 Wlstani
347 387 474 421 maledictione
482 387 566 428 amarius,
575 387 620 420 nihil
627 387 691 430 (eius)¹
700 389 825 426 benedictione

107 440 190 483 5poterit
204 439 274 474 dulcius
287 438 375 473 inueniri.¹
421 431 472 474 Cum
485 439 560 483 quidam
571 440 594 473 de
605 438 671 483 Anglia
682 451 747 475 versus
759 440 826 477 Hiber-

124 492 174 528 niam
186 493 297 537 nauigarent,
309 498 378 527 mutata
388 492 422 528 celi
437 492 538 535 clementia,
551 491 601 526 ssauit
614 492 688 536 spiritus
703 493 788 538 procelle,
798 494 825 530 in-

124 546 194 581 horruit
207 546 268 591 lragor
281 551 383 588 ventorum,
397 546 480 590 factaque
495 551 524 580 est
539 551 639 590 tempestas
651 547 716 581 valida.
744 547 825 593 Diruptis

124 600 232 634 rudentibus
247 605 266 635 et
283 600 331 634 malo
350 599 429 642 effracto,
445 599 528 633 inuocato
547 599 605 633 saneti
623 599 716 634 Wulstani
734 601 825 646 suffragio,

124 653 198 696 quidam
213 653 232 686 in
247 654 287 686 eius
306 653 367 696 effigie
382 662 473 696 apparens
489 657 603 685 armamenta
618 653 724 694 consolidat,
739 656 826 690 rudentes

98 719 117 741 ro
125 710 201 750 coaptat,
217 705 247 739 ²vt
262 705 333 739 animos
351 709 459 738 reuocarent
477 704 693 749 exhortans,'erigerent
712 711 825 750 antempnas‚

124 758 167 804 quia
178 759 327 804 tranquillitatem
339 758 414 792 daturus
425 762 464 791 erat
475 756 565 791 dominus.
588 756 611 791 Et
623 758 719 793 confestim
729 759 825 797 serenitate

125 814 201 855 reddita,
207 823 257 846 mare
264 811 381 855 tranquillum
387 810 469 844 efficitur.
492 804 604 844 ³Vili01ibus
611 810 737 847 indifferenter
744 814 826 849 vtebotur

125 865 208 909 pellibus,
224 864 282 908 magis
297 870 359 899 tamen
374 863 445 907 agninis
460 862 517 907 frigus
532 863 639 908 depellens;
656 866 706 900 vnde
721 871 739 900 et
755 865 826 903 cuidam

125 918 232 962 suggerenti
246 923 266 951 vt
280 917 338 960 pelles
353 917 418 949 saltem
430 916 500 949 eatinas
513 916 621 959 admitteret,
636 917 673 951 ait:
691 918 761 952 ‘Crede
776 920 826 961 mihi,

98 984 116 1017 ¹5
125 970 194 1006 cantari
201 981 238 1005 non
246 969 307 1005 audiui
316 969 371 1004 Catus
379 970 409 1004 dei
417 970 450 1004 sed
458 968 523 1013 Agnus
532 969 571 1012 dei;
583 968 625 1004 ideo
632 981 679 1015 agno
687 971 729 1006 volo
737 972 826 1008 calefieri!

124 1017 259 1069 ‘Legebantur
271 1025 294 1057 ad
307 1034 391 1057 mensam
403 1023 443 1056 eius
455 1023 589 1056 edificationum
603 1024 650 1066 libri,
665 1025 735 1059 cunctis
752 1025 825 1061 interim

124 1088 217 1112 summum
225 1076 349 1121 prestantibus
356 1076 454 1110 silentium.
475 1076 541 1118 Quiete
547 1087 591 1110 vero
597 1077 656 1120 epulis
662 1079 709 1118 data,
714 1084 734 1113 vt
739 1079 825 1114 celestem

124 1129 226 1173 impartiret
241 1129 345 1162 alimoniam
362 1128 428 1171 quibus
447 1127 583 1162 ministrauerat
598 1130 717 1172 corporalem,
729 1131 825 1166 lectionem

124 1184 183 1227 patria
201 1183 263 1226 lingua
281 1182 389 1225 exponebat.
423 1181 470 1215 Cum
488 1192 533 1215 vero
551 1187 593 1225 post
612 1183 708 1225 prandium
724 1184 825 1218 secundum

97 1250 117 1273 ro
124 1247 195 1272 morem
210 1240 264 1280 potus
275 1234 406 1279 porrigeretur,
418 1233 459 1278 ipse
471 1245 538 1278 aquarn
551 1245 623 1278 puram,
635 1235 675 1270 solo
686 1236 771 1270 ministro
782 1248 825 1271 con·

124 1289 168 1333 scio,
183 1299 257 1323 sumere
275 1287 375 1323 consueuit.
398 1286 465 1321 Primis
482 1286 557 1331 quidem
573 1287 627 1321 annis
645 1299 716 1323 meram
733 1289 826 1324 hauriebat

124 1352 201 1385 aqnam;
210 1342 303 1376 confectus
309 1341 366 1383 senio,
372 1341 415 1374 vino
422 1341 451 1374 vel
457 1339 546 1373 ceruisia⁶
553 1340 643 1384 mixtalm]
648 1342 659 1375 ⁸.
701 1335 825 1385 Disciplinam

124 1395 191 1429 domus
201 1405 234 1429 sue
244 1400 282 1428 tam
293 1394 312 1427 in
324 1393 374 1427 laicis
382 1404 437 1437 quam
449 1392 520 1426 clericis
532 1392 650 1428 seuerissime
661 1405 756 1434 exercens,
766 1395 826 1439 legem

125 1448 187 1483 statuit
193 1453 213 1482 vt
223 1458 288 1481 omnes
297 1452 335 1481 tam
346 1446 402 1480 misse
410 1456 465 1490 quam
474 1446 559 1480 omnibus
571 1445 621 1480 horis
633 1446 755 1491 interessent;
767 1453 826 1482 custo-

97 1516 116 1546 ²5
126 1503 159 1536 des
172 1503 195 1536 ad
209 1503 244 1536 hoc
255 1501 347 1536 constituit
358 1505 378 1535 vt
390 1500 461 1534 nullum
476 1500 552 1543 impune
567 1500 628 1534 ridere
644 1501 730 1545 sinerent,
746 1502 825 1546 alioquin

125 1561 156 1589 aut
171 1561 215 1600 potu
230 1566 252 1590 eo
267 1554 297 1588 die
312 1553 375 1595 caruit,
388 1558 419 1587 aut
432 1553 494 1597 palma
508 1553 564 1587 ictum
579 1553 636 1588 ferule
651 1555 729 1599 excepit.
751 1555 826 1589 Laicum

125 1609 196 1643 nullum
203 1609 227 1642 de
235 1608 273 1642 suis
281 1617 373 1651 quoquam
381 1606 430 1640 misit
438 1606 467 1640 cui
474 1617 511 1640 non
522 1618 587 1650 preces
597 1608 667 1651 septies
674 1608 693 1642 in
701 1608 731 1643 die
739 1608 825 1643 dicendas

124 1661 234 1703 iniungeret,
242 1661 276 1692 hoe
285 1659 391 1702 [congrue]⁷
399 1669 491 1701 asserens,
498 1665 518 1694 vt
528 1659 575 1691 sicut
583 1660 644 1693 clerici
653 1667 725 1704 septem
734 1662 794 1703 horas,
802 1661 826 1693 ita

124 1713 166 1748 laici
176 1718 248 1757 septem
256 1712 348 1747 orationes
356 1712 390 1746 deo
402 1711 484 1745 libarent.
507 1711 528 1746 Si
536 1711 577 1755 quis
585 1716 627 1746 ante
635 1723 677 1747 eum
685 1713 758 1756 iuraret,
765 1713 825 1748 statim

97 1783 117 1812 50
124 1766 182 1803 ferule
193 1766 274 1802 vindicta
287 1765 402 1810 sequebatur.
425 1764 503 1809 indigne
516 1764 586 1799 serebat
597 1764 613 1799 si
624 1766 666 1810 quis
677 1778 739 1802 coram
750 1779 772 1802 eo
784 1766 826 1802 alio·

124 1832 166 1855 rum
175 1820 231 1855 vitam
242 1821 315 1854 roderet
323 1819 353 1853 vel
363 1824 446 1862 carperet
457 1828 523 1859 mores,
531 1821 617 1862 quoniam
629 1819 663 1854 hoc
675 1831 747 1855 summe
759 1820 826 1855 malitie

124 1875 228 1916 deputabat.
279 1865 372 1907 Noctibus
387 1877 448 1905 autem
463 1876 505 1914 post
520 1871 612 1905 modicum
628 1883 727 1916 sompnum
743 1883 826 1917 surgens,

123 1926 231 1972 psalterium
243 1925 293 1968 dixit,
301 1936 433 1970 nonnunquam
445 1924 500 1968 solus,
509 1935 533 1958 ne
544 1924 625 1969 quietem
636 1926 713 1960 aliorum
724 1926 826 1972 impediret,

123 1981 233 2024 quandoque
246 1989 288 2013 cum
300 1978 349 2013 socio
361 1988 416 2022 quem
428 1978 494 2012 ceteris
505 1977 640 2021 vigilantiorem
652 1980 779 2023 deprehendit.
803 1979 826 2013 Et

96 2050 115 2081 35
124 2045 165 2068 curn
173 2032 327 2078 sompnolentiam
333 2032 427 2066 cuiusdam
435 2030 496 2066 fratris
502 2030 508 2049 ⁸
515 2036 560 2065 nutu
568 2036 621 2065 nocte
629 2033 708 2077 quadarn
716 2038 800 2078 argueret
808 2037 825 2066 et

124 2088 154 2121 ille
163 2087 292 2121 oscitabundus
300 2092 318 2120 et
330 2086 398 2119 inuitus
406 2086 500 2126 resideret,
510 2085 567 2128 [mox]
575 2085 629 2118 ⁷cum
637 2096 704 2130 corpus
712 2087 768 2130 quieti
776 2088 825 2120 daret

124 2150 191 2185 magna
199 2140 218 2174 vi
228 2150 262 2183 per
273 2139 334 2173 visum
345 2149 451 2180 concussus,
462 2138 524 2182 flagris
536 2149 595 2179 cesus,
605 2138 708 2173 inconsulte
719 2139 826 2174 temeritatis

124 2204 183 2237 penas
194 2192 273 2235 pertulit.
296 2191 332 2225 Dat
343 2197 437 2234 postremo
448 2192 505 2224 fidem
517 2192 565 2234 quod
577 2201 670 2234 nunqnam
680 2192 755 2227 vlterius
767 2192 825 2226 virum

125 2245 155 2280 dei
167 2246 236 2280 abono
248 2255 304 2288 opere
315 2244 405 2288 impedire
418 2249 539 2288 presumeret.
585 2236 657 2279 Missas
669 2246 715 2280 duas
729 2247 752 2280 ad
765 2244 826 2279 minus

97 2298 206 2347 40quotidie
218 2298 286 2339 audire,
298 2302 316 2331 et
331 2297 372 2341 ipse
386 2297 459 2331 tertiam
475 2302 549 2331 cantare
565 2297 639 2333 solebat.
662 2299 759 2334 ⁹Ascenso
774 2308 825 2342 equo,

125 2352 233 2397 psalterium
246 2350 333 2394 incipere,
344 2362 379 2384 nec
392 2362 469 2394 pansam
482 2350 517 2384 nisi
531 2351 554 2383 ad
566 2351 623 2384 finem
636 2352 696 2387 saeere
710 2350 825 2387 consueuit⁰:

125 2407 165 2441 eius
179 2406 228 2439 enim
243 2403 364 2438 cubicularius
378 2409 442 2448 presto
457 2397 577 2438 elemosinam
592 2404 690 2448 deferebat,
706 2406 751 2440 nulli
766 2401 826 2449 egenti

125 2462 239 2503 denegatam.
262 2457 399 2500 Quocumque¹⁰
411 2457 483 2499 iaceret,
495 2462 551 2491 staret
563 2458 593 2491 vel
604 2460 710 2501 ambularet,
723 2468 798 2503 semper
807 2456 825 2489 in

138 2528 225 2559 ¹om.inT.
238 2527 339 2556 ⁹T.E.etvt.
353 2526 500 2556 ³Cf.W.M.P0nt.
513 2525 551 2556 ⁴Ci‘.
557 2526 591 2555 MS.
598 2526 642 2557 Harl.
657 2527 762 2557 ⁵T.seruisia.
774 2524 825 2555 ⁶T.E.

125 2570 178 2600 mixta.
198 2567 301 2606 ⁷om.;soli.
324 2566 421 2597 ⁸sc.Edriei.
442 2566 543 2598 9ominVit.
565 2564 825 2607 ¹“Boll.Ubicunque;onninVit.
