1762 2803
235 71 281 124 Dc
296 69 397 122 sancta
413 70 551 134 marmus.
701 85 743 128 175

43 191 76 229 Cui
87 190 129 225 ille:
141 189 199 232 ‘Quid
211 190 256 234 agis,
266 189 330 235 inquit,
338 190 412 226 domina
423 193 477 226 mea?
499 191 554 226 Certe
565 191 581 225 si
593 202 626 226 rex
638 190 692 226 sciret
704 192 744 231 ista,

43 255 135 289 nunquam
150 255 171 278 os
186 249 243 287 tuum,
259 244 374 289 leprosorum
391 246 460 289 pedum
474 246 516 280 tabe
530 245 626 289 pollutum,
641 244 745 288 dignabitur

43 305 117 341 tangere
125 296 177 331 labiis
185 298 234 331 suis'
257 297 291 332 Cui
301 298 331 331 illa
342 298 440 332 subridens
450 299 485 332 ait:
498 298 568 332 ‘Pedes
577 298 627 340 regis
637 297 695 330 eterni
703 297 745 340 quis

43 350 111 385 nesciat
124 348 177 383 labiis
192 349 242 393 regis
255 350 338 384 morituri
352 360 394 384 esse
408 349 540 393 preferendos?
564 349 603 395 Ego
617 355 667 384 certe
680 348 745 383 iccirco

43 401 106 439 vocaui
119 408 142 444 te,
155 401 211 437 frater
224 403 336 444 charissime,
348 409 367 437 vt
382 414 424 437 meo
437 404 524 448 exemplo
537 404 579 437 talia
593 402 665 446 operari
679 403 761 441 discas.5

44 458 120 500 Sumpta
129 456 205 499 proinde
213 456 267 500 pelui,
276 456 304 491 fac
312 457 360 501 quod
369 466 398 491 me
408 456 468 491 facere
475 456 561 491 intueris.¹
585 456 628 500 lpse
636 467 686 497 vero,
692 456 745 499 culpa

44 520 80 551 sua,
88 508 186 544 subridens
194 510 217 544 ad
225 509 284 544 socios
292 509 387 544 remeauit.

343 613 444 647 Narruli0¹.

65 676 107 721 [ΜΞ.
116 676 156 711 Tib.
164 677 221 711 adds:

65 723 188 774 (ΒιιὶιιιΠειιε2
195 731 269 775 quidam
278 730 352 764 nomine
360 730 425 764 Petrus
436 740 477 764 eum
486 730 505 764 in
514 730 561 765 festo
570 730 628 765 lllarie
636 730 746 775 Magdalene

43 785 143 828 plaustrum
154 784 248 826 iunxisset,
257 789 274 817 et
284 784 342 818 boues
352 783 453 817 maledictis
460 789 540 827 urgeret,
548 784 631 828 protinus
639 785 696 818 boues
704 794 745 818 cum

44 844 102 872 aratro
110 837 202 872 afulmine
207 842 331 879 assumuntur,
337 842 356 872 et
363 837 403 881 ipse
411 837 477 870 Petrus
483 836 514 881 qui
521 837 555 871 hoc
563 836 674 881 imprecatus
681 837 745 879 suerat,
756 848 774 870 ro

44 891 133 934 supplicio
148 890 230 924 atrociori
245 895 345 933 torquetur.
376 890 424 923 Nam
441 889 495 933 (ignis
511 899 552 923 eum
568 889 644 933 arripuit
659 891 704 924 adeo
719 891 746 927 ut)

44 943 128 978 carnibus
138 948 157 977 et
167 943 229 977 neruis
240 942 285 977 tibie
297 941 404 985 (consumtis
414 952 456 976 ossa
466 947 550 985 paterent
561 943 585 984 et)
594 953 605 975 a
615 953 648 976 sua
658 954 747 986 compage

35 995 86 1030 'tibia
95 995 211 1037 sollueretur.
233 996 285 1029 Tunc
296 995 391 1029 ecclesiam
399 996 416 1028 b.
424 994 501 1038 uirginis
512 994 577 1029 adiens
588 995 651 1029 tibiam
662 996 689 1037 in)
701 997 746 1030 fora·

44 1048 93 1083 mine
101 1048 177 1083 ecclesie
188 1048 282 1083 abscondit
291 1049 316 1091 (et
324 1048 394 1083 beatam
405 1047 495 1090 uirginem
504 1047 590 1086 Malriam
598 1058 632 1091 pro
640 1058 674 1082 sua
681 1047 747 1083 libera-

44 1102 95 1137 cione
104 1102 197 1146 (lacrymis
205 1107 222 1137 et
233 1101 318 1146 precibus
328 1101 411 1145 rogauit).
434 1100 457 1134 Et
465 1113 508 1135 ecce
516 1102 568 1135 beata
576 1103 628 1145 uirgo
635 1112 677 1136 curn
686 1102 746 1145 (beato
755 1112 773 1143 15

45 1154 116 1198 Ypolito
127 1154 232 1200 apparens),
241 1154 301 1189 eidem
310 1154 383 1199 Ypolito
394 1159 414 1189 ut
426 1154 501 1189 Petrum
514 1153 598 1198 (pristine
609 1155 681 1189 sanitati
693 1156 746 1190 resti—

44 1208 109 1248 tueret)
117 1208 219 1252 imperauit.
242 1207 278 1249 Qut
286 1206 347 1241 tibiam
356 1208 379 1241 de
386 1206 483 1249 foframine
494 1206 586 1251 accipiens
596 1206 635 1241 Ioco
645 1217 679 1242 suo
687 1208 746 1252 quasi)

45 1261 136 1294 surculum
148 1261 209 1294 arbori
221 1260 240 1294 in
254 1261 355 1301 mulmento
368 1260 448 1293 inseruit.
471 1259 499 1301 ln)
514 1270 550 1303 qua
562 1260 674 1303 insli]ti0ne³
687 1265 747 1295 tantos

44 1313 123 1353 do(lores
135 1313 193 1346 sensit
202 1313 229 1353 ut)
238 1314 277 1346 suis
287 1313 397 1345 elamoribus
404 1318 460 1345 totam
468 1312 563 1355 familitam
572 1313 671 1355 excitaret).
694 1313 747 1349 Noua

44 1365 92 1400 enim
108 1376 153 1400 coxa
167 1367 239 1400 mollior
251 1376 306 1409 quam
320 1366 399 1409 (uetusta
410 1366 434 1399 ad
446 1364 598 1408 pu)blicacionem
610 1365 691 1400 miraculi
704 1378 747 1401 eum
755 1376 775 1396 2⁰

44 1418 143 1453 claudicare
152 1417 215 1462 coegit.
237 1418 289 1453 Tunc
296 1418 362 1453 iterum
370 1419 423 1452 beata
430 1417 482 1462 uirgo
490 1429 582 1463 apparens
589 1418 642 1453 iussit
648 1419 720 1463 Ypolito
727 1426 748 1454 ut

45 1472 128 1515 quicquid
137 1472 226 1506 euracioni
237 1474 309 1506 deesset
320 1473 420 1516 suppleret.
444 1471 479 1514 Qui
489 1471 571 1515 perfecte
580 1477 660 1514 sanatus,
668 1472 747 1507 recluso-

44 1524 90 1557 rium
98 1525 192 1566 in(tr]auit.
215 1524 249 1557 Cui
255 1524 338 1557 diabolus
345 1523 364 1557 in
372 1524 434 1567 specie
442 1524 491 1557 nude
498 1523 580 1558 mulieris
587 1523 747 1567 (frequent)issime

44 1578 147 1621 apparebat,
158 1582 176 1611 et
187 1577 255 1612 nudam
267 1587 288 1611 sc
299 1576 316 1612 ei
328 1576 420 1620 ingerens,
431 1582 499 1619 quanto
511 1576 555 1618 (ille)
566 1576 633 1610 sorcius
645 1577 747 1617 resistebat,
805 1580 807 1583 '

45 1633 93 1663 tanto
101 1630 132 1663 illa
136 1630 154 1664 ei
161 1628 289 1672 impudencius
297 1629 418 1662 incumbebat.
436 1627 520 1662 Tandem
526 1629 592 1663 stolam
599 1629 747 1673 sacerdopalem)
756 1638 774 1668 25

45 1683 90 1718 collo
105 1683 144 1719 eius
158 1683 220 1726 cinxit,
231 1688 250 1718 et
262 1695 305 1718 mox
316 1683 388 1718 diabolo
401 1683 517 1725 abceldenlte
528 1685 607 1718 cadauer
617 1683 711 1728 putridum
722 1684 747 1719 ibi

45 1747 142 1771 remanens
149 1735 227 1777 tanltum
235 1737 311 1770 fetorem
318 1736 414 1777 exa)labat,
420 1741 440 1769 ut
448 1736 509 1769 nullus
516 1735 617 1779 ambigeret
623 1736 667 1779 quin
674 1737 748 1781 (corpus

45 1787 126 1831 ali)cuius
134 1789 217 1824 mulieris
225 1788 289 1823 fuisset
297 1789 346 1833 quod
353 1788 437 1823 diabolus
446 1788 603 1833 (assumpsilssetl

151 1923 166 1960 ἿῙ
179 1916 212 1959 DE
224 1933 295 1958 SANCTA
308 1915 414 1958 Mutuum
425 1932 502 1957 VlRGlllE
513 1932 537 1956 ET
548 1932 638 1956 llARTlRE.

49 2001 127 2078 BEata
141 2002 239 2044 Maxentio,
251 2002 307 2037 nobili
321 2002 378 2046 stirpe
394 2002 495 2047 progenita,
506 2008 560 2047 patre
571 2002 656 2037 videlicet
669 2004 747 2047 quodam

103 2067 147 2100 rege
156 2056 252 2091 Scotorum
259 2056 333 2090 nomine
342 2055 453 2097 Marcolano,
459 2055 496 2090 fide
504 2055 582 2090 nobilior
590 2055 634 2090 fuit:
645 2060 664 2090 et
672 2057 721 2101 quod
729 2056 748 2091 in
757 2069 776 2099 30

46 2106 128 2151 baptismi
144 2110 215 2144 lauacro
230 2109 318 2154 promisit,
332 2109 413 2143 moribus
429 2109 530 2152 adimplere
545 2110 619 2143 curauit.
643 2110 749 2144 Erudienda

46 2168 125 2204 namque
136 2162 206 2204 litteris,
218 2172 256 2195 non
267 2162 327 2195 solum
338 2160 444 2204 prouisione
456 2165 559 2204 parentum,
571 2161 605 2195 sed
617 2171 698 2205 superna
711 2160 748 2195 dis·
771 2196 772 2199 ,

46 2212 141 2256 positione,
149 2213 220 2254 tradita,
228 2219 328 2257 sanctoque
339 2212 405 2257 spiritu
415 2212 533 2256 inflammata,
540 2213 650 2257 virginitatis
658 2213 748 2248 honorem

46 2273 120 2300 seruare
135 2277 176 2301 cum
191 2266 252 2301 studio
267 2266 370 2301 conabatur.
393 2266 450 2301 Cuius
465 2266 532 2301 famam
548 2266 650 2311 miramque
665 2268 748 2311 corporis

46 2318 199 2358 pulchritudinem
207 2320 284 2354 audiens
293 2319 381 2363 princeps
389 2318 464 2362 quidam
472 2319 548 2354 nomine
556 2319 666 2361 Maxentius,
674 2319 748 2364 gentilis
756 2328 775 2359 35

46 2378 66 2403 ae
72 2371 166 2416 barbarus
171 2372 191 2407 in
197 2383 279 2407 amorem
287 2372 335 2407 illius
343 2372 417 2414 exarsit,
423 2377 442 2407 et
450 2377 549 2417 apatre,vt
557 2372 592 2407 sibi
598 2373 748 2417 desponsaretur,

48 2480 106 2523 ¹¹Cf.
115 2484 152 2519 Leg.
160 2483 199 2513 Aur.
207 2493 222 2520 p.
229 2492 260 2519 5⁰3
268 2482 319 2521 (Vinc.
327 2481 366 2512 Bell.
374 2481 442 2511 XXVII.
450 2482 472 2521 9).
536 2482 654 2513 ²T.Bubulus.
713 2481 748 2513 1Τ.

47 2521 136 2559 inscisione,
143 2522 176 2554 VB.
184 2522 275 2554 insertione.
