1762 2803
142 183 187 258 ⁵⁷⁶5
407 171 531 233 annotatt
548 173 579 219 ΙΙ.

193 358 242 389 Bulla
249 357 271 389 de
279 356 393 389 translacione
400 357 455 389 sancti
463 357 551 389 Edmundi
560 356 676 398 sollempniter
683 357 705 390 ab
712 357 795 392 vnlnersis

440 406 547 441 celebranda.

146 484 276 560 INnocencius
284 492 326 524 unJ.
333 484 424 528 episcopus
431 496 491 519 seruus
501 495 588 519 seruorum
598 484 625 518 dei
633 484 757 519 venerabilibus
764 486 841 525 tratribus

180 534 312 577 archiepiscopis
319 541 335 568 et
341 534 426 578 episcopis
431 547 452 569 ac
458 536 523 569 dilectis
529 536 568 568 filiis
574 535 671 577 abbatibus,
675 536 763 578 prioribus,
769 538 843 583 decanis,

142 584 273 627 archidiaconis,
285 585 356 629 aliisque
371 585 440 628 prelatis
457 587 566 620 ecclesiarum
580 592 596 619 et
608 585 674 620 clericis
687 587 705 619 in
717 597 770 628 regno
783 589 842 632 Anglie

142 634 239 667 constitutis
254 635 326 667 salutem
342 642 360 668 et
374 636 486 678 apostolicam
499 636 642 669 benedictionem.
670 637 737 678 Religio
751 638 842 674 christiana

126 700 134 730 5
143 693 176 725 que
183 694 269 727 nunquam
276 685 369 719 retribuere
376 691 432 728 potest
440 687 473 720 deo
481 696 513 729 pro
520 685 553 720 hiis
561 695 594 728 que
602 684 660 719 tribuit
668 686 705 729 ipse
713 686 750 727 sibi,
759 687 841 724 maiestati

143 734 201 768 diulne
208 740 276 777 gratum
284 741 348 778 prestat
356 736 456 778 obsequium
468 736 536 779 quando
548 746 578 779 pro
590 734 643 778 ipsius
654 736 707 778 gloria
717 742 734 770 et
744 737 809 771 honore
816 741 842 782 pie

143 785 242 819 deuocionis
257 787 319 819 affectu
337 792 416 828 procurat
435 797 494 819 eorum
508 786 585 819 venerari
603 786 705 819 memoriam
724 786 752 829 qui
772 797 843 829 superno

143 842 242 869 meruerunt
253 846 323 869 munere
335 836 396 868 sociari
407 835 473 868 cetibus
484 836 584 870 beatorum:
601 846 639 868 curn
651 835 688 878 ipsa
699 836 767 877 veritas,
775 847 808 878 que
819 846 843 873 est

143 885 191 925 deus,
200 886 246 928 quod
254 886 282 918 vni
290 897 311 918 ex
318 886 393 918 minimis
403 886 438 918 suis
448 886 467 918 fit
477 886 509 918 sibi
520 884 561 926 fieri,
570 885 612 917 etin
623 885 676 918 seruis
687 886 722 919 suis
730 897 749 918 se
756 887 842 928 perhibeat

118 947 136 967 10
143 935 229 968 honorari.
251 936 297 968 Sane
307 935 347 968 licet
357 935 402 968 beati
414 935 503 968 Edmundi
514 935 558 976 regis
566 936 662 976 Anglorum
673 941 690 967 et
702 936 775 968 martirIs
786 936 843 971 inclita

143 984 217 1027 felixque
227 985 314 1024 memoria,
322 984 424 1018 excellencia
436 984 482 1027 regie
491 984 580 1027 dignitatis
591 990 608 1018 et
618 984 695 1018 martirio
705 984 785 1026 gloriosa,
793 986 843 1029 digne

144 1035 232 1078 sitvhique
237 1041 321 1068 terrarum
326 1035 385 1078 populi
391 1035 479 1068 christiani
485 1035 548 1068 celebri
553 1034 667 1067 veneracione
675 1035 753 1075 colenda,
760 1035 777 1068 in
783 1036 843 1077 Anglie

143 1093 200 1119 tamen
208 1096 260 1127 regno
267 1085 379 1118 reuerencion'
388 1085 419 1117 coli
428 1085 480 1117 debet
487 1083 575 1127 obsequio,
583 1084 612 1117 ubi
620 1094 649 1117 rex
657 1084 693 1127 ipse
701 1086 761 1118 beatus
769 1085 843 1127 regalem

143 1135 217 1177 optinuit
231 1136 291 1168 sedem
306 1141 323 1167 et
338 1136 410 1176 adeptus
424 1139 450 1167 est
464 1135 535 1167 tandem
550 1133 620 1167 martirii
635 1132 742 1176 dignitatem.
770 1134 843 1177 Ideoque

117 1196 135 1226 15
143 1184 272 1218 uniuersitatem
279 1190 352 1218 vestram
360 1194 441 1226 rogamus
451 1188 467 1218 et
478 1185 566 1217 hortamur
577 1188 641 1217 attente
652 1193 684 1225 per
694 1183 789 1225 apostolica
796 1184 843 1217 vobis

144 1235 207 1278 scripta
222 1235 330 1276 mandantes,
343 1234 423 1277 quatinus
438 1233 503 1267 dictum
517 1232 573 1275 gentis
586 1237 643 1267 vestre
658 1244 715 1275 regem
729 1238 746 1268 et
758 1233 843 1268 martirem

143 1296 154 1319 a
167 1284 236 1318 domino
247 1284 296 1317 vobis
308 1285 367 1318 datum
378 1283 448 1327 speciali
459 1283 553 1317 deuocione
565 1283 641 1316 colentes
653 1284 715 1318 festum
726 1284 845 1319 translacionis

144 1335 197 1379 ipsius
210 1334 299 1368 annuatim
310 1334 327 1368 in
339 1334 415 1368 ecclesiis
423 1334 484 1368 vestris
495 1334 557 1376 singuli
569 1334 662 1376 procuretis
674 1336 791 1377 sollempniter
801 1336 844 1368 cele-

143 1387 199 1426 brare,
207 1385 273 1418 firmam
281 1395 330 1426 spem
338 1385 451 1426 fiduciamque
459 1385 533 1416 tenendo
544 1384 589 1425 quod
597 1384 611 1416 si
619 1394 658 1415 eum
666 1384 683 1416 in
692 1384 740 1417 terris
749 1391 845 1417 reuerenter

118 1447 137 1470 20
144 1433 219 1467 venerati
230 1433 299 1474 fueritis,
308 1433 363 1475 ipsum
374 1444 405 1475 pro
414 1434 463 1466 uobis
472 1433 574 1466 aduocatum
584 1432 601 1465 in
611 1433 652 1466 celis
661 1434 754 1467 efficaciter
761 1433 844 1467 sencietis.

145 1484 210 1518 Datum
223 1483 302 1525 Lugduni
314 1483 342 1525 iij.
354 1482 411 1516 Nonis
423 1483 467 1525 lulii,
480 1482 589 1526 pontificatus
601 1482 653 1516 nostri
667 1494 712 1517 anno
724 1483 759 1526 ‚vj‘t
771 1490 788 1518 et
800 1493 844 1517 anno

144 1534 209 1568 domini
219 1535 265 1575 1248.

262 1641 306 1672 Item
314 1641 335 1672 de
343 1640 456 1672 translacione
464 1639 519 1671 sancti
528 1639 615 1672 Edmundi
624 1639 732 1673 celebranda.

186 1716 263 1751 Niuersis
275 1722 363 1760 presentes
376 1716 434 1751 literas
447 1715 548 1759 inspecturis
562 1717 614 1751 irater
625 1717 721 1751 Willelmus
733 1718 755 1752 de
768 1719 844 1752 Claxtofi.

207 1768 254 1811 prior
265 1768 336 1802 ecclesie
349 1767 452 1801 cathedralis
464 1773 522 1801 sancte
533 1767 614 1802 trinitatis
628 1768 708 1811 Norwici,
720 1769 817 1803 Reuerendi
828 1770 845 1802 in

119 1826 136 1856 ²5
147 1818 215 1852 Christo
223 1819 276 1860 patris
284 1825 301 1851 et
308 1817 378 1859 domini,
387 1817 450 1851 domini
459 1818 540 1850 Willehni
548 1819 575 1850 dei
583 1818 641 1859 gracia
653 1819 728 1852 Norwici
740 1820 816 1862 episcopi
828 1820 844 1852 in

145 1868 215 1902 remotis
223 1868 289 1910 agentis
297 1868 369 1902 vicarius
381 1868 398 1901 in
409 1867 525 1910 spiritualibus
536 1869 625 1909 generalis,
633 1869 705 1902 salutem
717 1869 735 1901 in
746 1870 821 1910 domino,
829 1874 845 1901 et

145 1919 197 1952 fidem
209 1917 297 1951 indubiam
310 1917 419 1960 presentibus
432 1916 518 1950 adhibere.
546 1917 634 1950 Noueritis
648 1918 694 1959 quod
707 1918 808 1951 venerabilis
820 1917 845 1949 vir

144 1967 226 2011 magister
240 1968 318 2001 Thomas
333 1967 355 2001 de
370 1966 481 2001 Methelwold
497 1966 539 2000 iuris
558 1966 612 2000 ciuilis
630 1968 722 2011 professor,
737 1968 778 2002 dicti
793 1966 845 2012 patris

145 2018 228 2060 officialis,
240 2019 267 2051 die
282 2020 322 2052 lune
336 2018 379 2051 xxvi.
393 2019 457 2051 mensis
472 2019 530 2061 aprilis
546 2029 591 2051 anno
607 2019 672 2052 domini
684 2019 817 2062 n1⁰.ccc⁰.xliiij⁰.
828 2019 845 2051 in

118 2083 137 2112 30
145 2070 218 2103 ecclesia
226 2069 320 2103 cathedrali
331 2069 406 2102 Norwici
413 2068 490 2111 predicta
497 2068 558 2110 primo,
566 2074 583 2101 et
594 2068 655 2101 deinde
663 2068 692 2101 die
699 2070 739 2102 lune
747 2069 774 2111 iij.
782 2067 845 2102 mensis

145 2119 185 2161 maij
198 2119 275 2153 eiusdem
289 2119 330 2151 anni
345 2119 363 2150 in
378 2118 451 2151 ecclesia
464 2117 572 2151 conuentuali
587 2124 646 2152 sancte
658 2118 739 2152 trinitatis
753 2116 844 2161 Gippewici

146 2168 220 2202 Norwici
226 2168 298 2202 diocesis
304 2167 321 2201 in
327 2167 382 2211 plenis
390 2168 460 2210 synodis
468 2169 532 2210 pasche
539 2179 570 2210 per
577 2168 651 2200 eundem
659 2168 749 2202 officialem
757 2165 845 2201 celebratis

145 2220 167 2251 de
179 2219 261 2251 mandato
273 2224 332 2251 nostro
343 2218 381 2250 vice
392 2225 409 2251 et
422 2219 523 2250 auctoritate
534 2219 576 2251 dicti
588 2217 654 2251 domini
667 2218 743 2261 episcopi
756 2217 845 2256 ordinauit,

145 2268 244 2313 publicauit,
252 2279 272 2302 ac
280 2269 331 2302 statui
339 2268 383 2310 fecit¹
392 2268 438 2311 quod
445 2269 508 2301 festum
516 2267 634 2301 translacionis
643 2268 698 2301 sancti
706 2268 794 2301 Edmundi
802 2266 845 2308 regis

119 2332 138 2363 35
146 2324 164 2352 et
178 2318 251 2351 martiris
265 2319 325 2352 futuris
339 2319 444 2360 temporibus
457 2318 506 2351 annis
523 2318 594 2359 singulis
612 2319 729 2361 sollempniter
743 2318 761 2351 in
776 2315 845 2359 singulis

146 2367 222 2403 ecclesiis
231 2368 303 2401 ciuitatis
311 2374 328 2400 et
336 2368 408 2400 diocesis
417 2368 531 2401 Norwicensis
540 2367 567 2401 die
575 2368 669 2410 penultimo
675 2367 739 2401 mensis
744 2368 802 2411 aprilis
808 2375 845 2399 cum

145 2418 229 2460 regimine
235 2417 282 2450 chori
288 2418 405 2456 celebraretur,
413 2424 499 2450 annuente
506 2419 529 2450 ad
536 2419 570 2450 hoc
581 2424 617 2450 toto
629 2420 674 2450 clero
686 2418 703 2450 in
715 2419 765 2452 dictis
776 2414 846 2459 synodis

146 2473 254 2509 congregato
274 2468 294 2499 In
303 2467 350 2499 cuius
358 2466 382 2499 rei
388 2467 504 2499 testimonium
510 2466 583 2508 sigillum
591 2478 625 2510 quo
630 2467 647 2500 in
653 2468 751 2501 huiusmodi
756 2466 845 2500 vicariatus

146 2518 271 2552 officiovtimur
275 2517 382 2560 presentibus
388 2517 466 2550 duximus
474 2518 601 2561 apponendum.
620 2518 686 2552 Datum
693 2519 740 2561 apud
748 2516 846 2552 Norwicum

119 2578 139 2608 40
146 2570 175 2604 die
182 2569 220 2612 viij0
227 2568 269 2603 dicti
280 2568 345 2602 mensis
353 2568 396 2602 Maii
404 2578 450 2601 anno
459 2567 523 2601 domini
535 2568 638 2611 supradicto.
661 2569 749 2612 Originale
761 2567 809 2602 istius
820 2568 845 2599 est

146 2621 169 2656 ad
176 2621 257 2655 feretrum
265 2620 282 2653 in
290 2620 351 2654 cistula
359 2630 398 2653 cum
406 2618 459 2653 literis
467 2619 613 2661 indulgenciarum
621 2626 638 2653 et
645 2619 700 2653 bullis.
