1762 2803
223 101 268 156 Dc
283 99 371 153 &aaa
386 98 440 156 brt
455 97 568 151 onorico.
702 111 746 156 495

45 232 108 264 agens,
116 222 205 257 hactenus
212 222 231 256 in
239 223 270 257 tali
281 224 372 257 dedecore
383 222 479 263 volutaris)
490 228 508 257 et
521 223 596 257 modurn
607 232 641 257 sue
651 226 748 255 consuetu·

46 273 95 308 dinis
103 274 119 308 ei
128 274 224 317 diligenter
232 274 321 318 exposuit.
335 275 388 310 Tunc
396 275 427 309 ille
434 276 533 318 procidens
539 274 598 319 ipsius
604 273 748 308 misericordiam

46 326 138 371 ssagitauit.
161 327 221 369 Quem
229 327 257 361 vir
265 327 295 361 dei
303 327 382 371 erigens,
388 333 406 361 et
413 327 536 361 benedicens:
549 327 624 371 ‘Spera
630 326 694 369 inquit,
700 326 748 369 quod

46 381 92 414 deus
100 385 119 414 te
126 379 144 414 in
153 380 187 415 hoc
196 386 292 424 peccatum
299 380 379 424 amplius
392 382 458 415 cadere
469 391 506 414 non
518 381 622 426 permittet:
634 384 653 413 tu
661 378 748 424 operibus

46 433 147 477 penitentie
158 433 235 467 deuotus
247 432 324 467 insiste!
347 434 411 468 Frater
420 433 451 467 ille
462 434 549 477 deinceps
560 444 571 467 a
581 439 671 478 potestate
682 432 765 469 diaboli5

46 486 139 527 liberatus,
151 486 170 519 in
185 486 270 520 abbatem
286 491 350 530 postea
362 492 457 529 promotus
471 492 505 521 est.
548 480 569 521 A
583 492 635 530 parte
647 485 748 529 aquilonari

46 539 124 575 ecclesie
132 539 240 583 prodierunt
248 538 300 583 quasi
309 544 347 573 tres
354 538 388 573 viri
396 539 419 573 de
428 538 504 584 pariete,
510 538 541 584 qui
548 540 598 573 velut
605 545 679 573 orantes
687 548 748 573 coram

47 593 99 627 altari
110 602 171 636 genua
182 593 281 627 ssectebant
291 597 402 636 pectoraque
413 592 520 634 tundebant,
527 598 546 626 et
556 592 640 627 conuersi
651 593 749 637 aliquando

48 646 71 679 ad
82 651 166 680 sanctum
178 646 212 686 dei,
221 651 308 688 tanquam
319 650 430 679 venerantes
441 645 498 685 illum,
510 645 588 689 genibus
599 645 678 680 curuatis
690 645 749 689 capita

47 697 163 732 inclinabant.
186 697 233 731 Cum
248 697 274 732 sic
288 697 356 731 diutius
371 702 447 740 agentes
462 698 578 731 aduerterent
591 697 642 732 illurn
655 708 691 732 non
707 708 749 732 esse
759 711 777 733 ιο

48 752 150 795 deceptum,
166 755 296 785 excrescentes
311 750 330 783 in
345 749 402 783 altum
417 759 474 795 super
489 750 550 783 trabes
567 749 626 794 capita
643 750 749 792 efferebant,

48 810 67 839 ct
79 804 124 839 iussi
136 816 147 838 a
159 804 199 839 viro
212 804 241 838 dei
253 804 272 838 in
285 814 340 838 auras
354 808 474 838 euanuerunt.
519 795 579 838 Miles
590 804 663 847 quidam
676 815 749 838 causam

48 857 120 892 habens
128 868 189 891 coram
197 856 301 892 iusticiariis
312 857 440 897 decidendam,
448 867 482 900 pro
489 862 538 890 terra
547 856 582 891 sibi
589 856 678 891 violenter
685 858 749 898 ablata,

49 916 66 944 et
78 911 153 944 mittens
164 910 248 951 Godrico,
259 909 355 954 negocium
366 920 420 942 suurn
432 909 472 942 eius
483 908 595 942 orationibus
606 910 750 943 commendabat.

49 964 132 1007 Cumque
140 963 219 998 redisset
226 964 307 1004 domum,
315 963 380 998 eadem
391 968 445 997 nocte
456 967 528 997 secreto
538 962 621 1007 precepit
630 962 683 996 vxori
691 973 724 996 sue
731 969 750 997 vt
759 976 777 1008 ¹⁵

49 1018 95 1050 duos
107 1016 176 1050 solidos
187 1015 267 1050 mitteret
279 1015 319 1051 viro
330 1015 366 1050 dei.
389 1015 440 1058 Quos
452 1015 482 1050 illa
494 1015 603 1060 suscipiens,
610 1015 650 1050 viro
658 1016 751 1051 nesciente

49 1069 128 1110 retinuit,
136 1074 154 1104 et
165 1069 203 1103 suis
214 1069 278 1104 vsibus
288 1069 395 1104 reseruauit.
418 1069 477 1104 Causa
489 1068 551 1103 militis
563 1079 597 1113 per
608 1067 702 1103 biennium
714 1079 750 1103 non

49 1124 152 1163 terminata,
160 1123 210 1157 misit
218 1124 241 1157 ad
249 1134 291 1157 eum
300 1123 391 1157 Godricus
399 1123 447 1165 quod
458 1123 505 1156 duos
516 1122 584 1156 solidos
594 1121 678 1166 promisit
688 1128 751 1157 sancto

51 1176 133 1218 Iohanni,
149 1187 195 1220 quos
210 1187 257 1211 vxor
272 1176 311 1210 eius
326 1175 396 1220 accepit
412 1181 430 1210 et
442 1175 501 1210 adhuc
514 1186 551 1209 non
566 1174 677 1218 transmisit;
696 1175 751 1219 ‘Ego,

50 1228 114 1272 inquit,
123 1229 139 1263 si
146 1230 247 1271 venissent,
255 1229 295 1264 illos
304 1228 415 1274 pauperibus
425 1239 545 1272 errogassem,
554 1233 572 1262 et
582 1239 636 1262 causa
644 1228 707 1272 ipsius,
715 1239 751 1273 que
760 1240 779 1263 ro

50 1282 109 1315 adhuc
116 1293 150 1326 pro
158 1282 192 1314 ista
200 1282 347 1326 transgressione
359 1282 482 1324 suspenditur,
491 1282 547 1314 finem
557 1281 621 1314 sortita
631 1287 681 1315 esset
688 1281 751 1315 idone-

49 1336 92 1368 um'
115 1334 156 1377 Qui,
170 1335 264 1377 mirantes,
279 1333 376 1379 pecuniam
392 1333 523 1368 reddiderunt:
542 1339 560 1367 et
575 1333 636 1374 statim
651 1333 674 1367 ad
689 1332 751 1367 militis

50 1387 161 1422 voluntatem
176 1388 199 1422 lis
215 1398 249 1432 per
263 1387 379 1422 concordiam
394 1393 422 1422 est
441 1388 505 1431 sopita.
567 1381 637 1422 Morbo
656 1393 752 1432 correptus

50 1441 146 1482 acerrimo,
162 1453 196 1486 per
211 1441 329 1486 superficiem
344 1441 427 1485 corporis
446 1439 513 1475 liuidus
529 1445 589 1475 tumor
606 1441 718 1482 extenderat,
734 1447 752 1476 et

51 1494 127 1529 interius
137 1495 189 1529 dolor
196 1494 321 1535 edacissimus,
330 1495 382 1539 quasi
392 1495 482 1529 vermium
492 1495 578 1529 interiora
588 1494 707 1539 pascentium,
715 1494 753 1530 dis·
761 1507 779 1537 ²5

50 1549 139 1582 currebat.
162 1548 185 1581 Et
195 1553 247 1582 nocte
259 1549 344 1592 quadam,
352 1558 393 1582 curn
405 1548 473 1582 iaceret
483 1549 533 1582 velut
544 1548 640 1587 exanimis,
648 1548 696 1592 cepit
706 1548 753 1582 elata

50 1612 95 1635 voce
103 1602 139 1641 diu,
148 1601 218 1634 cunctis
226 1601 363 1640 admirantibus,
371 1600 453 1641 iubilare‚
460 1606 479 1634 et
486 1606 572 1644 tanquam
580 1600 652 1634 sanitati
661 1601 754 1635 restitutus

50 1653 134 1697 apparuit
146 1653 224 1687 hilarior.
247 1653 265 1687 A
277 1652 367 1687 monacho
378 1663 422 1687 vero
432 1652 555 1697 interrogatus
566 1663 599 1686 cur
609 1653 710 1695 cecinisset,
719 1653 753 1688 ait:

52 1706 131 1748 ‘Dulcia
140 1706 170 1746 fili,
178 1707 252 1740 luerunt
260 1717 296 1750 que
303 1706 346 1747 vidi,
355 1712 373 1740 et
380 1707 422 1740 ideo
430 1717 460 1740 me
468 1717 478 1740 a
486 1712 540 1740 cantu
551 1706 636 1740 cohibere
647 1718 683 1739 non
692 1707 753 1750 potui:

51 1758 110 1793 Tanta
118 1758 174 1793 michi
182 1759 213 1792 lux
221 1769 256 1802 per
264 1759 364 1794 fenestram
372 1759 437 1799 illuxit,
445 1765 463 1793 et
475 1765 536 1794 tantus
547 1759 593 1793 odor
602 1759 704 1794 dulcedinis
711 1770 753 1794 cum
762 1771 782 1800 30

51 1812 85 1847 hac
97 1812 137 1847 luce
149 1823 180 1847 me
193 1811 278 1856 perfudit,
289 1817 309 1847 vt
322 1811 377 1846 michi
392 1811 489 1856 pristinam
504 1822 625 1857 recuperasse
637 1812 700 1847 videar
715 1824 753 1848 sos·

51 1866 133 1910 pitatetn.
166 1864 234 1900 Audiui
253 1865 328 1910 quidem
348 1865 465 1909 Kyrieleison
487 1865 619 1899 Christeleison
638 1877 649 1899 a
667 1867 754 1911 superuis

51 1919 122 1954 ciuibus
135 1918 233 1960 decantari,
246 1924 264 1952 et
277 1918 318 1953 ideo
331 1920 397 1953 eadem
409 1920 466 1953 verba
479 1924 614 1962 cousequenter
625 1929 659 1963 ego
671 1920 753 1955 cantani.y

53 1965 112 2005 Miles
120 1971 194 2014 quidam
206 1976 293 2005 strenuus
302 1981 344 2005 cum
354 1971 408 2005 sociis
417 1971 505 2005 militibus
512 1971 531 2005 in
540 1971 620 2005 Scotiam
627 1971 754 2014 proficiscens,

52 2025 101 2068 apud
113 2023 248 2066 Tynemutham
261 2023 363 2068 hospitatus
377 2029 410 2057 est.
432 2023 469 2057 Vbi
482 2024 505 2057 de
517 2029 571 2057 nocte
581 2022 626 2058 vidit
638 2023 656 2057 in
670 2025 754 2068 sompnis
762 2034 782 2064 35

53 2077 146 2112 Christum
158 2077 263 2112 venientem
276 2077 294 2112 in
310 2078 390 2112 nubibus
405 2077 518 2119 crucifixum,
532 2082 550 2110 et
563 2075 643 2110 recentia
657 2077 754 2111 vulnerum

53 2130 138 2173 stigmata
148 2130 283 2174 preferentem:
297 2130 320 2164 Et
329 2141 372 2165 ecce
382 2130 411 2165 vir
421 2135 489 2165 statura
498 2130 585 2171 modicus,
594 2136 611 2164 et
623 2129 691 2164 canicie
699 2141 754 2165 vene·

52 2184 126 2224 randus,
134 2183 216 2217 ascendit
224 2184 247 2217 ad
255 2194 303 2224 eum,
311 2184 371 2228 primo
383 2184 405 2218 ad
415 2184 478 2228 pedes,
490 2188 531 2227 post
543 2183 565 2216 ad
577 2193 641 2226 genua,
653 2182 720 2217 deinde
731 2184 754 2218 ad

53 2236 204 2278 succinctorium
220 2242 239 2271 et
250 2242 293 2270 tunc
305 2247 347 2271 enm
359 2236 457 2271 crucifixus
468 2235 547 2280 benigne
558 2235 670 2279 respiciens:
687 2236 755 2279 ‘salue

53 2288 82 2330 ait,
91 2289 174 2331 Godrice,
183 2295 246 2323 noster
253 2290 322 2333 amice;
334 2292 383 2334 quod
391 2291 446 2325 modo
453 2291 536 2334 postulas
544 2289 672 2333 consequens:
688 2289 755 2325 Postea
763 2299 783 2329 4⁰

53 2342 84 2377 diu
95 2349 171 2387 aspectu
182 2343 254 2385 blando,
262 2344 314 2377 vultu
324 2355 395 2385 sereno,
404 2354 489 2379 sermone
501 2342 579 2377 iucundo
588 2343 611 2376 ad
621 2342 700 2377 inuicem
712 2349 755 2378 sunt

53 2395 113 2430 locuti.
136 2396 195 2437 Miles,
204 2396 235 2440 qui
243 2396 277 2430 hec
285 2396 363 2438 videbat,
372 2397 401 2431 dei
410 2397 525 2431 clementiam
534 2396 639 2430 inuocabat:
651 2402 670 2430 et
677 2398 755 2432 accessit

53 2450 76 2483 ad
84 2460 127 2483 eum
135 2449 209 2491 quidam
217 2449 379 2490 circumstantium,
387 2450 460 2485 dicens:
473 2450 503 2483 ‘Si
511 2449 576 2483 seceris
584 2460 606 2483 ea
613 2460 649 2493 que
657 2450 737 2485 audieris
745 2462 756 2485 a

54 2501 137 2542 Godrico,
146 2501 223 2535 salutern
231 2502 350 2546 consequeris
358 2508 449 2546 optatam:
461 2501 547 2545 quoniam
559 2507 580 2535 et
588 2501 629 2545 ipse
639 2502 665 2536 tui
673 2503 756 2537 meminit

53 2556 101 2599 apud
110 2556 175 2589 deum)
199 2556 272 2590 Interea
279 2556 325 2590 vidit
333 2556 441 2590 crucifixum
449 2555 467 2588 in
476 2567 496 2590 se
504 2554 567 2589 oculos
575 2561 714 2590 conuertentem
722 2569 726 2590 :
738 2562 756 2591 et
764 2567 783 2596 45
