1762 2803
281 96 327 152 Ut
341 94 443 149 &untia
459 94 559 153 Qissitbfl.
726 110 768 155 315

71 217 101 252 vbi
109 217 194 251 defuncta
205 217 257 261 virgo
269 216 407 262 clngulotenus¹
419 226 440 251 se
451 218 530 261 erigens,
541 218 559 251 in
570 223 696 252 contumacem
706 228 769 261 regem

69 272 158 314 impetum
171 270 231 305 facere
243 270 282 304 visa
295 275 328 305 est.
351 270 393 304 Hoc
404 270 435 304 ille
447 276 496 305 metu
510 271 597 311 turbatus,
611 270 662 305 humi
674 271 726 314 quasi
738 281 770 305 en·

70 324 137 358 animis
155 323 225 365 cecidit,
240 329 259 358 et
274 324 349 357 tandem
368 323 467 367 respirans,
486 324 533 358 letus
552 324 629 365 erubuit,
645 329 663 358 et
678 335 711 359 sue
729 335 770 368 pre·

70 375 180 420 sumptionis
198 381 216 410 et
234 375 342 410 temeritatis
360 375 433 410 veniam
456 377 556 420 postulans,
579 383 662 411 sanctam
680 376 770 420 virginem

70 429 158 473 deinceps
170 428 188 463 in
200 440 267 472 magno
278 428 348 464 honore
361 429 428 465 habuit.
450 429 504 465 Vnde
517 431 574 465 semel
587 436 626 465 orta
638 430 656 465 in
668 430 714 465 mari
726 435 788 472 tem-5

70 488 145 527 pestate,
153 484 225 517 beatam
235 482 320 517 Editham
330 482 431 518 inuocauit:
444 489 463 517 et
472 486 571 519 serenitate
582 485 657 526 reddita,
666 484 689 518 ad
697 490 770 529 portum

71 540 152 578 optatum
171 535 264 578 applicuit.
307 528 393 569 Aldredo
411 536 518 570 eboracensi
536 536 673 580 archiepiscopo
690 535 709 569 in
725 536 771 569 mari

70 587 157 622 adriatico
172 588 291 632 periclitante,
308 594 389 623 sanctam
404 588 494 633 virginem
509 588 610 623 inuocauit:
622 594 641 622 et
656 587 717 622 statim
728 588 771 622 visi-

72 641 131 676 biliter
145 652 242 686 apparens,
261 643 305 686 ‘ego
320 652 367 684 sum,
386 642 449 686 inquit,
468 641 555 684 Editha5¹
573 647 590 676 et
608 641 771 677 subitam²n1aris

70 694 219 739 tranquillitatem
227 695 305 729 reduxit.
344 688 395 730 Cum
404 696 477 739 quidam
485 701 553 729 terram
561 701 624 729 sancte
633 695 711 729 Edithe³
718 706 770 730 vsur-
780 707 799 728 ro

71 753 138 792 piasset,
149 753 168 782 et
179 753 238 782 morte
251 748 394 792 superueniente
408 748 520 793 impenitens
535 753 631 792 correptus
646 748 714 790 suisset,
730 755 771 792 post

73 801 204 845 aliquantulum
223 800 312 844 temporis
333 800 420 844 spacium,
439 800 481 844 qui⁴
502 805 585 835 mortuus
605 801 663 835 suerat
686 802 771 842 surrexit,

71 854 145 888 dicens:
167 853 289 895 ‘Succurrite‚
304 854 374 895 amicii,
389 853 486 888 subuenite
504 864 570 888 omnes
584 854 649 888 fideles
669 855 709 889 dei:
729 865 771 889 ecce

71 911 134 939 sancte
148 905 215 939 Edithe
227 905 329 948 indignatio
340 905 466 939 intollerabilis
478 905 501 939 ab
515 904 565 939 omni
580 905 633 949 plaga
646 906 679 940 celi
692 911 710 940 et
723 911 772 940 terre

72 960 119 992 hanc
133 958 226 993 infelicem
242 959 322 993 animam
339 970 400 993 meam
417 958 502 999 excludit,
521 958 586 1002 suique
604 957 649 991 iuris
668 957 800 999 inuasoremr5

72 1022 162 1056 nusquam
174 1012 274 1047 subsistere
284 1012 376 1057 permittit,
386 1023 421 1046 nec
430 1013 450 1046 in
460 1011 495 1046 hoc
504 1022 581 1056 corpore
588 1012 660 1054 durare,
668 1022 703 1047 nec
710 1012 772 1047 viuere

72 1064 116 1098 mihi
128 1076 162 1099 nee
172 1065 218 1099 mori
229 1067 321 1101 concedit!
344 1066 423 1101 Reddita
436 1071 497 1101 autem
508 1071 563 1106 terra,
574 1065 614 1101 sine
626 1076 677 1100 mora
688 1065 772 1110 spiritum

70 1117 135 1152 emisit.

356 1204 371 1236 a
382 1202 484 1236 Narratio(

94 1260 150 1302 Circa
168 1280 237 1303 annum
257 1269 326 1303 domini
345 1269 463 1303 millesimum
484 1269 585 1303 secundum
604 1269 704 1312 imperator
723 1269 772 1304 Otho

72 1323 137 1356 tertius
151 1333 228 1356 vxorem
243 1323 312 1365 habuit,
325 1333 361 1367 que
376 1322 448 1356 cuidam
466 1322 577 1365 desponsato
592 1333 613 1355 se
628 1321 738 1356 substituere
754 1329 800 1358 etan

71 1374 132 1409 illicito
148 1375 257 1409 concubitu⁷
268 1375 388 1409 commiscere
404 1375 472 1409 voluit:
484 1375 517 1408 sed
531 1376 575 1408 dum
590 1374 631 1418 ipse
646 1380 730 1418 stuprum
744 1386 772 1409 re·

71 1433 149 1471 cusaret,
157 1434 253 1463 accusatus
263 1430 343 1473 grauiter
353 1429 375 1462 ab
387 1428 453 1463 eadem
464 1428 513 1473 apud
524 1427 660 1472 imperatorem,
670 1427 732 1463 iussus
743 1433 772 1463 est

71 1481 111 1515 sine
119 1481 210 1516 audientia
218 1482 309 1515 decollari.
333 1481 368 1524 Qui
380 1487 478 1525 antequam
489 1486 597 1523 moreretur,
605 1482 657 1515 virori
666 1492 699 1515 sue
707 1487 772 1516 cuncta

72 1533 155 1568 reserens
167 1534 237 1578 rogauit
249 1540 268 1569 vt
280 1540 322 1579 post
335 1539 414 1568 mortem
426 1544 479 1568 suam
492 1533 558 1569 iudicio
570 1533 613 1567 ferri
626 1534 721 1569 candentis
733 1535 773 1569 eius

71 1593 158 1631 purgaret
173 1588 302 1622 innocentiam.
325 1587 383 1622 Affuit
394 1587 435 1621 dies
446 1598 482 1631 quo
494 1587 551 1621 Cesar
560 1587 579 1620 in
591 1587 687 1630 proximo⁸
697 1588 772 1632 pupillis
781 1603 800 1633 ²5

71 1646 89 1673 et
109 1640 168 1674 viduis
183 1651 205 1674 se
220 1640 298 1675 asseruit
312 1641 398 1674 iudicium
414 1640 509 1673 facturum.
536 1640 595 1674 Affuit
610 1646 628 1674 et
643 1641 703 1683 vidua,
719 1647 773 1685 caput

71 1693 131 1726 mariti
144 1694 249 1736 deportans,
262 1699 280 1727 et
293 1704 374 1737 querens
387 1704 423 1737 qua
434 1699 493 1726 morte
505 1692 572 1737 dignus
585 1698 635 1726 esset
648 1692 679 1737 qui
694 1693 772 1737 aliquem

72 1745 139 1780 iniuste
145 1745 270 1789 peremisset⁹.
294 1746 398 1790 Respondit
405 1745 472 1780 Cesar:
481 1744 560 1789 ‘Capitis
565 1744 679 1789 priuatione!
702 1746 725 1780 Et
731 1745 772 1780 illa:

72 1799 110 1833 ‘Tu
122 1811 143 1833 es
152 1799 181 1834 vir
190 1799 220 1834 ille
232 1799 263 1843 qui
274 1800 297 1833 ad
309 1798 413 1832 instantiam
423 1798 486 1832 viroris
496 1802 527 1831 tue
538 1797 623 1831 maritum
633 1808 695 1832 meum
705 1798 773 1833 iniuste

72 1851 162 1895 occidisti;
175 1853 224 1896 quod
236 1863 270 1897 ego
282 1852 347 1886 iudicio
359 1852 402 1886 ferri
414 1850 509 1886 candentis
521 1861 564 1885 mox
576 1851 708 1895 comprobabo!
731 1851 772 1894 Quo
781 1865 801 1895 ³0

72 1906 123 1947 sacto,
135 1906 193 1941 Cesar
202 1906 220 1940 in
231 1917 297 1940 manus
306 1905 374 1940 lemine
385 1916 406 1939 se
417 1904 467 1939 dedit
479 1903 603 1949 puniendum3
615 1903 701 1939 instantia
710 1910 772 1939 tamen

71 1959 178 2002 pontificum
193 1958 296 2003 impetratis
311 1969 321 1993 a
335 1958 390 1994 vidua
405 1956 488 2001 induciis,
503 1956 522 1991 in
537 1957 603 2002 quibus
618 1968 652 1991 rex
668 1957 772 1992 examinata

72 2023 127 2047 causa
146 2023 224 2047 virorem
242 2012 336 2056 propriam
356 2010 483 2053 concremauit,
502 2021 523 2044 ac
541 2021 575 2054 pro
593 2009 623 2043 tali
644 2010 772 2055 redemptione

72 2070 149 2106 quatuor
156 2070 216 2099 castra
224 2064 243 2098 in
251 2064 356 2108 episcopatu
364 2063 477 2098 brumensi¹⁰
483 2063 538 2097 vidue
546 2062 618 2097 deditu.

91 2133 120 2165 ¹T.
130 2135 147 2165 E.
156 2135 270 2172 singulotenus.
296 2131 350 2163 ²Boll.
358 2133 415 2163 subito.
442 2132 528 2162 ³E.editer
555 2130 608 2160 *Bon
616 2140 651 2169 quo.
678 2130 709 2162 ’ἢ
717 2132 771 2162 amice.

71 2173 77 2189 ‘¹
87 2174 111 2204 Cf.
119 2175 156 2205 Chr.
165 2175 247 2211 Bromton,
256 2175 294 2210 Leg.
302 2174 340 2202 Aur.
348 2183 363 2211 p.
370 2175 405 2211 839.
445 2172 451 2188 ⁷
461 2172 479 2202 T,
485 2172 503 2200 E.
511 2172 597 2200 concubito,
644 2170 650 2186 ³
659 2170 773 2200 vanderes

71 2213 87 2242 in
95 2214 167 2250 proximo
175 2224 210 2251 qno.
251 2213 386 2251 ⁹E.perimisset.
428 2210 616 2240 ¹⁹Cbr.Br.Launensi.

90 2252 101 2270 ¹¹
112 2254 172 2284 Collcct
179 2255 195 2282 in
202 2254 231 2284 T.:

91 2291 147 2338 Quam
158 2303 215 2332 dilecta
226 2303 256 2331 deo
266 2301 351 2339 prefulges,
363 2300 421 2330 Editha
430 2299 484 2336 uirgo!
500 2298 531 2328 Per
542 2307 590 2333 marc,
601 2306 629 2334 per
641 2301 692 2328 terras
704 2298 773 2336 suplices

71 2342 188 2379 promptissima
203 2351 267 2375 seruas;
285 2341 335 2378 Egros
351 2341 412 2376 solaris,
426 2339 467 2368 mala
480 2338 530 2376 pellis¹
543 2337 605 2367 uincula
616 2336 674 2374 soluis;
694 2337 774 2368 Subucnis

67 2381 142 2411 externis
150 2381 191 2420 (MS.
199 2380 280 2419 exterius),
288 2385 305 2411 et
312 2389 341 2410 nos
349 2379 415 2409 famulos
422 2377 485 2409 tuearis.
507 2377 525 2408 V.
538 2377 571 2407 Ora
577 2386 607 2415 pro
614 2377 663 2407 nobis.

92 2420 145 2466 Deus,
153 2429 179 2467 qui
186 2429 259 2459 fidelibus
268 2428 300 2459 tuis
309 2427 386 2459 castitatis
395 2426 484 2465 exemplum
495 2425 570 2464 prebuisti
581 2425 618 2455 dura
628 2425 648 2455 de
655 2425 718 2463 uirgine
725 2426 774 2456 filium

71 2473 114 2497 tuum
120 2470 199 2498 dominum
207 2472 278 2497 nostrum
285 2468 329 2496 nasci
338 2467 406 2503 uoluisti,
411 2471 466 2496 sancte
476 2466 534 2495 Edithe
543 2465 608 2502 uirginis
615 2470 642 2494 tue
648 2467 720 2502 precibus
728 2468 774 2495 nobis

71 2508 129 2536 mentis
136 2511 152 2537 ct
160 2508 232 2544 corporis
238 2508 289 2536 tribue
296 2506 385 2544 puritatem,
392 2514 421 2544 per
428 2514 473 2543 quam
480 2515 490 2534 a
496 2509 512 2533 te
519 2504 564 2533 nobis
571 2505 663 2542 promissam
671 2505 774 2544 percipiamus

72 2546 166 2586 felicitatem,
173 2556 207 2586 per.
229 2547 270 2586 (Sar.
279 2546 314 2585 Br.)
