1762 2803
117 179 161 222 294
307 165 387 218 tauta
402 161 518 226 termae
533 160 626 224 aurita

117 285 140 319 Et
152 285 208 319 nichil
220 285 262 329 plus
274 285 335 319 dicere
348 285 410 319 voluit.
432 285 486 318 Vnde
499 284 553 317 datur
564 282 640 327 intelligi
653 282 696 327 quia
707 282 764 317 virtus
775 292 818 317 con·

117 338 202 373 sessionis
216 343 234 372 et
249 338 368 372 absolutionis
383 338 442 372 aufert
457 337 528 371 diabolo
544 341 574 370 aut
586 335 694 370 memoriam
707 335 782 380 peccati,
795 336 818 369 de

117 402 153 436 quo
165 402 211 436 pura
225 391 271 424 sacta
284 396 312 424 est
325 390 422 432 consessio,
435 395 466 423 aut
479 395 529 424 certe
541 394 650 433 potestatem
661 389 755 422 hominem
767 399 819 422 accu-

117 445 175 479 sandi.
198 444 239 478 Hoc
251 443 301 478 enim
315 443 458 477 misericorditer
472 442 555 477 Christus
569 442 615 484 fecit,
629 442 729 476 monachos
743 442 766 476 ad
779 452 819 475 cor-

101 498 213 543 5rectiorem
224 496 280 531 vitam
293 496 385 538 erudiens,
398 496 429 540 qui
446 500 530 530 cessante
542 495 639 538 disciplina
651 495 670 529 in
685 494 763 529 seculari
776 505 819 528 con-

117 550 220 583 uersatione
228 550 275 582 vltra
283 560 337 592 quam
346 550 438 582 debebant
446 549 506 581 iacere
516 559 553 580 non
564 548 657 581 timebant
680 548 763 590 Cumque
772 547 821 580 inter

117 606 190 636 sanctos
199 600 316 635 Dunstanum
326 606 344 635 et
352 600 455 646 Elphegum
464 604 573 645 poneretur;
588 600 661 642 demon,
670 598 701 645 qui
711 610 754 634 eum
762 598 820 644 possi·

118 657 177 698 debat,
185 656 204 689 in
212 660 277 689 ventre
286 655 325 689 eius
336 656 370 688 hac
380 660 398 688 et
407 655 448 688 illac
458 654 578 687 discurrendo
585 654 648 698 vagari
656 654 708 698 cepit,
715 659 735 688 vt
746 659 821 698 putares

118 708 168 742 illum
177 709 232 741 modo
239 718 273 751 per
279 718 305 749 os,
311 708 366 741 modo
372 718 405 751 per
411 706 507 740 inferiores
516 706 598 750 corporis
605 712 667 750 partes
675 707 736 750 fugam
744 716 821 750 parare3

92 777 110 798 ιο
118 766 136 795 et
147 762 162 796 si
173 761 213 805 quis
224 772 299 795 manum
311 771 368 804 super
379 765 469 794 tumorem
480 770 535 804 quem
547 760 623 794 faciebat
634 764 752 804 supponeret,
761 759 821 794 statim

118 814 137 848 in
151 814 206 848 alium
218 814 278 848 locum
292 813 382 848 exiliebat.
404 813 483 855 Quidam
496 823 540 847 vero
553 813 618 856 gallica
631 813 698 857 lingua,
712 814 761 857 quod
776 813 822 847 sicut

118 878 187 911 paruus
202 871 253 899 catus
268 866 330 900 saliret
345 866 395 899 dixit.
424 864 498 899 quenis
513 876 562 906 vero,
578 865 609 909 qui
624 865 705 910 linguam
719 866 769 899 illam
784 876 822 898 non

119 920 175 963 nouit,
183 919 282 954 subridens
290 920 355 953 eadem
363 919 425 963 lingua
435 919 559 962 respondebat
570 919 644 954 dicens:
658 919 710 953 ‘Non
718 924 737 954 vt
747 919 822 960 catulus,

120 974 153 1006 sed
165 979 185 1006 vt
197 973 281 1005 catellus.¹
306 973 344 1005 Nec
356 972 413 1005 multo
425 977 468 1014 post
480 971 549 1005 meritis
562 971 620 1005 sancti
634 972 731 1013 Dunstani,
744 973 823 1005 demone

94 1042 112 1073 15
120 1025 186 1068 fugato,
200 1024 292 1067 liberatur,
306 1028 324 1058 et
335 1035 402 1058 sensus
414 1023 431 1057 ei
444 1022 580 1057 redditur—¹
588 1016 620 1058 De
633 1023 751 1058 translatione
762 1028 823 1058 autem

121 1079 203 1122 corpor1s
211 1079 269 1111 sancti
277 1078 368 1111 Dunstani
379 1079 402 1112 de
410 1077 507 1111 Cantuaria
516 1078 539 1110 ad
549 1078 668 1120 Glastoniam,
676 1078 722 1112 sicut
732 1078 750 1111 in
760 1088 823 1111 mona-

121 1131 176 1165 sterio
190 1130 314 1164 Glastoniensi
326 1130 415 1173 scriptum
428 1130 491 1164 inueni
506 1130 535 1163 hic
550 1129 640 1173 inserens,
654 1131 749 1175 opiniones
764 1130 824 1165 varias

120 1182 238 1228 peritioribus
253 1182 301 1216 circa
315 1183 350 1216 hoc
365 1182 488 1217 discutiendas
499 1182 572 1226 penitus
587 1183 658 1227 reliqui.
684 1184 740 1217 Anno
756 1182 824 1217 domini

121 1236 190 1278 .M.x11.,
202 1240 291 1279 regnante
303 1246 346 1279 rege
359 1235 455 1269 Edmondo
467 1240 589 1279 cognomento
601 1235 714 1280 Yrensyde²‚
727 1236 774 1270 Dani
785 1236 825 1270 An-

95 1307 114 1328 20
121 1289 176 1334 gliam
189 1288 283 1330 intrantes,
296 1288 394 1323 orientales
407 1292 470 1332 partes
483 1288 550 1332 Anglie
564 1293 582 1322 et
596 1289 651 1323 totius
665 1289 732 1324 Cancie
745 1290 792 1324 fines
805 1289 824 1323 in

122 1353 174 1376 suam
182 1341 290 1385 redigebant
298 1346 417 1386 potestatem:
430 1346 448 1376 et
455 1341 515 1375 incole
524 1341 576 1375 multi
586 1352 597 1376 a
605 1342 664 1386 patria
673 1342 765 1386 eliminati,
774 1342 826 1376 multi

122 1394 249 1429 crudelissima
257 1399 300 1428 sunt
307 1400 366 1429 morte
374 1394 471 1438 perempti.
492 1394 523 1429 Sic
531 1405 589 1438 usque
598 1394 708 1437 Londonias‚
716 1406 754 1430 non
762 1395 826 1439 gradui

122 1459 156 1482 nec
170 1446 212 1483 etati
224 1448 253 1482 vel
266 1447 319 1482 sexui
332 1453 435 1491 parcentes,
448 1447 555 1490 homicidiis,
568 1447 643 1491 rapinis,
656 1448 750 1491 incendiis,
764 1448 826 1483 diuina

123 1511 170 1544 eque
177 1500 208 1534 vts
216 1501 296 1533 humana
304 1500 461 1541 exterminabant3
473 1505 491 1533 et
498 1501 576 1543 expulso
587 1511 597 1533 a
605 1502 650 1534 sede
660 1502 735 1544 propria
743 1502 826 1544 Elphego

97 1570 115 1600 ²5
124 1552 267 1597 archiepiscopo,
279 1552 343 1596 predia
355 1553 478 1594 deuastantur,
489 1552 619 1596 possessiones
630 1553 750 1597 diripiuntur,
764 1565 827 1588 mona·

124 1607 169 1640 chos
183 1604 280 1640 Cantuarie
292 1605 388 1647 trucidant,
399 1605 495 1639 ecclesiam
509 1610 526 1639 et
539 1605 601 1639 omnia
613 1606 698 1640 incendio
712 1612 827 1642 consumunt.

125 1657 206 1701 Contigit
219 1656 303 1691 hisdem⁴
315 1657 434 1701 temporibus,
445 1657 536 1700 prefatum
550 1668 613 1700 regem
627 1657 744 1692 Edmondum
757 1659 827 1693 Glasto-

125 1711 175 1744 niam
188 1710 286 1744 aduenire:
304 1715 322 1744 et
334 1709 402 1743 ibidem
415 1710 545 1753 aliquantulam
559 1710 635 1744 trahens
649 1720 724 1753 moram,
737 1712 796 1746 abbati
810 1717 828 1746 et

125 1763 210 1797 fratribus
221 1767 270 1796 tante
284 1762 404 1806 captiuitatis⁵
415 1774 439 1797 ex
452 1763 517 1797 ordine
530 1762 591 1797 retulit
604 1762 704 1806 historiam,
717 1769 736 1798 et
749 1765 828 1799 Cantua·

98 1831 117 1860 50
125 1816 206 1850 riensem
219 1815 315 1849 ecclesiam
329 1816 429 1857 incensam,
442 1821 461 1849 et
475 1815 606 1849 habitatoribus
619 1820 637 1850 et
652 1816 740 1861 religione
755 1818 828 1862 penitus

125 1869 222 1903 viduatam.
246 1868 317 1909 Quibus
326 1868 397 1910 auditis,
405 1869 462 1902 abbas
473 1879 514 1902 cum
525 1873 562 1902 tota
573 1869 714 1912 congregatione
721 1871 774 1905 valde
786 1882 829 1905 con-

125 1923 218 1963 tristatus;
232 1920 280 1955 inter
290 1926 352 1955 cetera
364 1921 426 1956 eximii
438 1921 496 1965 patris
508 1921 537 1956 sui
547 1921 638 1955 Dunstani
648 1922 724 1957 virtutes
734 1925 829 1967 precelsas

125 1974 216 2016 recitabat,
232 1973 269 2018 qui,
284 1975 328 2007 dum
343 1973 418 2016 viueret,
431 1974 497 2019 amplis
512 1974 666 2018 possessionibus,
678 1975 829 2021 libertatibusque

126 2027 233 2071 magnificis,
248 2032 266 2061 et
281 2027 394 2070 regularibus
408 2027 494 2062 institutis
510 2027 622 2062 Glastoniam
637 2029 714 2064 mirifice
729 2030 829 2074 insigniuit.

99 2093 117 2123 35
127 2081 215 2115 Precibus
226 2080 276 2114 enim
287 2080 384 2114 uberrimis
396 2091 450 2124 opem
462 2080 595 2124 consiliumque
607 2081 656 2124 regis
669 2082 773 2126 implorant,
786 2094 830 2127 qua-

126 2133 175 2166 tinus
187 2132 273 2175 reliquias
284 2132 359 2175 gloriosi
368 2132 403 2165 viri
414 2133 437 2165 ad
449 2133 488 2165 loca
499 2132 599 2166 transferre
609 2139 686 2176 possent
696 2134 787 2178 religiosa,
799 2136 830 2169 vbi

127 2186 219 2229 quondam
231 2184 324 2229 religionis
335 2184 381 2218 lacte
393 2184 477 2227 nutritus,
489 2185 512 2219 ad
523 2189 583 2218 tantas
595 2184 672 2219 virtutes
685 2193 798 2230 excreuerat,
810 2193 830 2223 vt

127 2249 164 2273 non
180 2237 240 2273 solum
257 2247 333 2282 gregem
351 2237 450 2281 Glastonie,
466 2238 499 2273 sed
517 2237 571 2273 totius
589 2238 657 2283 Anglie
675 2240 779 2284 prouincias
797 2251 831 2276 sua

127 2291 209 2325 doctrina
218 2292 309 2324 illustrare
319 2295 387 2335 posset.
410 2291 481 2333 Quibus
490 2291 562 2333 auditis,
572 2302 606 2325 rex
618 2303 682 2326 eorum
692 2293 788 2327 desideriis
800 2295 830 2338 pio

100 2360 120 2391 40
128 2354 226 2379 occurrens
238 2343 309 2385 affectu,
320 2344 369 2387 quod
380 2344 470 2387 petierant
482 2344 537 2379 celeri
549 2344 621 2379 effectui
632 2345 733 2389 mancipari
744 2346 831 2383 decreuit.

129 2396 237 2431 Brithredus
248 2395 303 2440 igitur
314 2396 376 2438 abbas,
389 2402 466 2440 quatuor
479 2396 599 2433 confratribus
613 2397 651 2433 suis
667 2398 721 2433 huius
735 2398 831 2442 legationis

104 2478 105 2482 ,
129 2450 209 2484 officium
221 2449 304 2490 iniunxit,
315 2455 334 2483 vt
349 2450 448 2493 assumptis
463 2450 555 2483 sociorum
571 2451 643 2483 auxiliis
656 2451 773 2485 Cantuariam
788 2464 830 2496 pro·

149 2533 155 2552 ¹
169 2533 191 2563 Cf,
200 2532 244 2561 Will.
253 2533 303 2562 Mahn.
312 2532 365 2569 Antiq.
375 2533 423 2562 Glast.
436 2534 482 2572 (Gale
492 2533 521 2564 111.
530 2543 545 2571 p.
552 2533 594 2571 301),
602 2534 611 2569 J
613 2534 638 2562 oh.
647 2533 696 2563 Glast.
705 2534 730 2563 De
740 2535 771 2564 reb.
780 2536 830 2567 Glast.

131 2571 312 2610 (ed.Hearne,p.143).
373 2571 495 2603 ²T.Yrensiue.
556 2572 623 2610 l'l'.ut;
635 2572 652 2603 E.
660 2576 681 2605 et.
746 2572 831 2608 ‘soT.E.

131 2611 137 2628 ⁵
147 2620 165 2642 so
172 2610 215 2641 WM.
223 2620 227 2648 ς
237 2611 246 2648 J
248 2611 266 2641 G.
273 2611 368 2643 calamitatis.
