1762 2803
111 101 139 145 74
301 89 380 141 nanno
396 86 512 149 lentona
528 86 619 149 unuin

111 209 221 243 sentandum
229 209 308 253 qualibet
315 209 334 243 vi
343 215 374 243 aut
384 215 422 243 arte
430 208 525 243 noueritis.
548 209 665 252 Quapropter
675 208 721 242 sicut
728 207 811 251 venistis,

111 263 197 305 recedite,
208 268 226 297 et
233 274 266 297 vos
276 263 355 296 inaniter
366 263 441 306 fatigare
453 263 518 296 nolite?
542 262 570 296 llli
580 268 642 296 tamen
654 261 740 305 intrepidi
753 262 811 295 reluc-

111 322 181 348 tantem
196 315 323 348 demoniacum
341 326 403 347 secum
418 315 508 348 violenter
525 316 622 356 adducunt,
640 315 680 357 ipso
697 315 813 346 incessanter

112 369 228 410 vociferante,
240 368 275 402 sibi
286 367 323 402 vim
334 373 353 401 et
364 368 449 402 iniuriam
460 368 510 410 fieri;
527 378 547 402 se
558 372 620 401 tamen
630 366 742 410 presentiam
754 366 812 400 sancti

95 421 198 464 5Audoeni
211 420 270 454 modis
286 421 370 454 omnibus
384 421 477 455 detestari.
500 420 563 465 Itaque
576 432 612 454 vno
628 420 651 454 de
666 419 739 454 ossibus
755 419 812 453 sancti

113 474 198 508 Audoeni
208 485 295 517 supereo
307 474 398 517 imposito,
411 474 473 507 statim
485 474 594 517 conquieuit,
604 485 615 506 a
627 484 660 506 sua
671 473 746 507 vesania
758 472 813 505 liber-

113 534 158 569 atus,
167 538 200 561 nec
208 527 283 571 ulterius
292 527 396 560 huiusmodi
404 533 432 561 est
440 527 502 560 furore
510 527 599 570 fatigatus.

135 635 183 679 [MS.
195 635 234 670 Tin
246 636 302 671 adds:
411 635 512 671 Narratt01.

135 698 235 740 Conradus
246 704 346 747 imperator
357 704 418 738 statuit
430 705 489 748 legem
500 709 520 738 ut
531 704 634 748 quicunque
645 705 746 746 hominum,
756 705 814 739 eciam

113 768 210 801 procerum
220 768 253 791 seu
263 757 371 801 principum,
380 757 440 801 legem
451 763 500 791 terre
510 757 622 801 infringeret,
630 757 689 801 capite
697 758 813 801 plecteretur.

87 823 108 842 ro
114 811 170 843 Cuius
178 810 240 842 statuti
248 815 374 852 transgressor
384 809 417 842 fuit
427 809 486 852 primo
494 820 557 842 comes
566 810 681 852 (Llupoldus.
704 810 739 851 Qui
747 810 815 843 timens

114 863 154 905 sibi,
167 862 211 905 sugit
225 873 267 896 cum
277 873 335 896 uxore
349 873 382 896 sua
395 862 414 896 in
427 863 528 904 heremum,
541 862 571 896 ubi
585 862 696 905 aliquamdiu
708 862 815 897 heremitice

115 916 165 949 uixit.
188 915 235 948 Cum
249 926 292 958 ergo
304 915 399 948 Conradus
410 915 503 958 predictus
515 915 573 948 semel
583 914 651 948 ibidem
663 915 742 948 uenandi
754 916 815 959 gracia

115 968 226 1010 deuenisset‚
240 968 347 1001 dormiendo
360 968 379 1001 in
395 973 450 1001 strato
464 968 533 1001 audiuit
546 979 610 1002 uocem
623 969 658 1002 sibi
671 969 699 1002 bis
713 969 815 1003 dicentem:

116 1022 174 1055 ‘Puer
182 1020 253 1054 comitis
261 1025 279 1054 et
288 1021 377 1054 heremite
385 1021 415 1063 qui
424 1032 472 1054 nunc
481 1025 565 1054 recenter
577 1026 672 1063 natusest,
681 1021 714 1054 erit
722 1022 759 1063 tibi,
768 1022 816 1055 Con-

89 1086 107 1115 ¹5
116 1074 165 1115 rade,
179 1083 236 1115 gener
249 1077 267 1106 et
282 1073 389 1106 successor.’
412 1072 536 1114 Quamobrem
550 1072 654 1116 indignatus
669 1084 703 1107 rex
716 1073 770 1107 iussit
785 1085 817 1107 cor

115 1126 168 1170 pueri
181 1125 216 1159 sibi
229 1125 300 1159 afferri:
318 1131 346 1159 set
358 1125 425 1167 nuncii,
440 1126 495 1159 deum
506 1125 599 1168 timentes,
614 1126 705 1169 (puerum)
720 1126 783 1160 uiuum
797 1126 816 1160 in

115 1179 161 1213 silua
175 1178 297 1222 proiecerunt,
310 1183 328 1212 et
342 1189 373 1212 cor
388 1179 456 1222 leporis
473 1179 591 1222 (attu)lerunt.
614 1179 694 1223 Contigit
709 1179 766 1214 eciam
782 1179 817 1214 cito

115 1238 157 1275 post
167 1232 201 1264 hec
210 1236 230 1264 ut
240 1232 284 1274 (dux
295 1231 376 1274 quidam)
385 1231 464 1264 Conradi
475 1232 535 1264 locum
546 1231 598 1264 illum
608 1242 651 1265 casu
663 1232 727 1265 adiens
739 1243 817 1276 puerum

116 1285 235 1329 (uagienltem
248 1284 327 1319 audiuit:
345 1295 401 1328 quern
416 1284 470 1318 uxori
485 1295 518 1318 sue
533 1284 591 1318 sterili
607 1285 739 1328 (nutrien)dum
757 1291 818 1319 trans-

90 1350 108 1370 20
117 1339 170 1380 misit,
179 1348 247 1370 nomen
256 1337 358 1370 Henricum
366 1337 401 1370 sibi
409 1337 527 1380 impo[nens).
550 1338 633 1381 Cumque
641 1339 723 1371 adultum
731 1338 817 1372 iuuenem

117 1391 216 1435 imperator
224 1390 319 1424 Conradus
331 1390 422 1433 (uenilens
433 1390 553 1433 conspiceret,
563 1401 583 1424 ac
594 1390 702 1434 preteritum
712 1391 818 1435 presagium

118 1444 136 1477 in
148 1442 223 1486 (mente)
232 1443 320 1481 uolueret,
329 1443 439 1475 reclamante
449 1447 501 1485 patre
512 1443 565 1485 pueri
576 1444 675 1486 (adopt)iuo
687 1454 720 1476 rex
732 1443 818 1477 iuuenem

118 1506 181 1530 secum
193 1494 272 1537 retinuit,
284 1499 365 1528 tractans
378 1495 465 1538 (semper)
476 1506 535 1538 penes
547 1506 568 1528 se
580 1496 672 1538 quomodo
685 1506 728 1529 eum
740 1497 819 1540 perdere

118 1553 186 1592 posset.
209 1547 263 1581 Vnde
277 1547 332 1590 (misit
344 1547 393 1590 eum)
406 1549 429 1581 ad
442 1547 577 1591 imperatricem
589 1558 630 1581 cum
644 1547 701 1582 literis
712 1549 819 1583 canentibus

92 1613 110 1642 ²5
119 1603 168 1644 quod
177 1600 261 1643 (iuuenis)
271 1600 315 1633 uisis
326 1600 383 1632 literis
391 1606 497 1633 moreretur.
520 1600 545 1633 At
555 1601 599 1632 dum
610 1600 681 1633 iuuenis
690 1601 752 1644 (apud)
762 1612 820 1644 quen-

119 1655 161 1687 dam
170 1652 292 1696 presbiterum
301 1653 324 1685 de
332 1657 385 1686 nocte
393 1652 526 1696 hospitaretur‚·
538 1652 592 1696 (ipslo
599 1652 701 1686 dormiente
709 1653 754 1686 uisis
761 1653 820 1687 literis

120 1718 153 1750 pro
161 1705 196 1739 illis
203 1704 265 1738 uerbis
272 1705 276 1723 ‘
283 1705 318 1747 (eo)
327 1704 356 1738 die
365 1704 461 1738 moriatur’
470 1704 543 1748 scripsit
551 1706 582 1738 ‘eo
591 1704 620 1738 die
628 1705 651 1738 ad
658 1704 714 1738 filiam
724 1706 820 1749 (nostram)

119 1760 223 1792 maritetur.¹
247 1758 299 1799 Quod
311 1763 330 1791 et
341 1758 408 1791 factum
420 1764 453 1791 est,
476 1759 500 1790 Et
511 1758 553 1791 licet
565 1758 606 1801 ipsa
618 1782 685 1791 .....
697 1759 766 1791 dehoc
778 1770 821 1792 con-

119 1813 227 1853 turbaretur,
237 1816 315 1854 pensato
325 1816 387 1844 tamen
397 1812 446 1854 quod
457 1811 505 1844 filius
515 1816 566 1845 esset
574 1811 664 1854 (illu)stris
675 1811 751 1853 comitis,
761 1812 821 1845 leuius

93 1876 111 1903 30
120 1866 165 1899 tulit.
188 1864 221 1898 Set
231 1869 249 1897 et
260 1864 279 1897 in
290 1864 324 1897 hoc
336 1864 389 1907 (loco)
401 1864 471 1897 heremi
481 1864 513 1897 ubi
523 1870 577 1898 natus
587 1864 620 1898 fuit
632 1864 730 1907 Henricus,
741 1865 820 1909 postica)

120 1919 219 1962 imperator
238 1917 319 1960 effectus,
338 1917 469 1951 monasterium
488 1917 595 1960 construxit,
610 1918 659 1961 quod
677 1917 749 1961 (usque)
767 1918 821 1951 hodie

119 1971 199 2006 Vrsania
206 1970 287 2012 dicitur.]

203 2097 218 2131 n
230 2095 259 2128 Da
270 2105 341 2129 snucro
352 2095 462 2129 Aucusrrno
474 2106 561 2130 srrscoro
573 2106 595 2129 nr
607 2096 739 2129 conrassonal.

120 2163 200 2239 ANno
215 2163 306 2206 siquidem
320 2162 388 2196 domini
402 2163 549 2205 quingentesimo
562 2163 735 2205 nonagesimosexto
748 2168 823 2197 sanctus

179 2227 228 2261 papa
239 2216 345 2260 Gregorius,
356 2215 417 2249 diuino
429 2217 532 2250 admonitus
544 2216 636 2257 instinctu,
646 2216 695 2248 misit
707 2226 781 2249 seruum
793 2216 823 2249 dei

94 2280 112 2309 35
122 2270 251 2314 Augusdnum,
260 2275 278 2303 et
287 2269 333 2302 alios
341 2269 403 2312 plures
412 2280 453 2302 cum
462 2280 483 2302 eo
492 2270 592 2303 monachos
599 2269 685 2302 timentes
694 2269 753 2310 deum,
761 2269 823 2313 predi·

122 2334 163 2357 care
173 2324 251 2356 verbum
262 2322 292 2356 dei
303 2322 354 2366 genti
364 2322 472 2366 Anglorum,
483 2333 531 2355 anno
542 2321 614 2356 circiter
624 2321 724 2355 centesimo
735 2321 823 2365 quinqua-

122 2375 193 2419 gesimo
200 2377 290 2410 aduentus
298 2386 362 2409 eorum
370 2375 389 2409 in
396 2375 514 2409 Britanniam.
534 2374 570 2417 Qui
578 2384 620 2408 cum
628 2374 682 2408 iussis
690 2374 824 2419 pontificalibus

123 2429 277 2471 obtemperantes,
285 2434 406 2462 memoratum
414 2439 461 2472 opus
471 2428 547 2471 aggredi
556 2428 655 2471 cepissent,
664 2433 681 2461 et
693 2428 824 2471 aliquantulum

124 2502 390 2583 (llcfiSIsegerpdaAureafflssiao.
442 2501 565 2539 'Mostlysrom
573 2502 617 2532 Beda
625 2502 645 2532 H.
654 2502 671 2532 E.
680 2502 692 2532 Ι.
700 2502 785 2539 23ff.;11.
793 2510 825 2538 Μ

131 2553 171 2573 asin
192 2551 246 2572 unus.
