1762 2803
66 155 180 188 ursmaro.
189 156 232 196 aa]
294 145 358 200 Uita
367 145 404 200 ᾗ.
416 145 538 204 Φῦῒῇῐῧῐί.
722 156 765 203 715

110 284 212 325 Quanam
222 292 344 319 rurrauarus
355 292 390 319 esa
400 292 473 319 auarus
485 285 608 325 comarcus,
620 290 645 317 ar
655 290 682 316 or:
693 289 724 316 sur

300 345 437 373 REUELn‘rloNE
447 345 533 372 sacrarat.

67 406 171 483 TEnrpus
182 413 218 441 erat
229 413 248 440 ut
259 408 352 450 deponeret
364 409 449 442 sarcinam
460 408 516 441 carnis
526 418 578 451 quam
588 413 636 441 tanto
645 411 663 440 et
673 411 709 439 tam
716 406 768 448 longo

126 467 157 490 usu
169 457 239 491 domare
250 457 343 491 studuerat.
365 459 440 492 Venerat
451 458 487 492 dies
499 463 517 491 ut
528 459 550 492 de
561 457 626 491 mundo
638 456 722 506 transiret,
734 465 768 498 quo

66 507 141 541 mundus
153 519 188 541 non
200 515 236 541 erat
249 507 316 551 dignus,
330 520 381 552 quem
393 520 413 542 se
424 508 496 552 dignum
508 508 568 542 mundi
580 507 661 542 dominus
673 506 768 551 reputabat.

67 559 111 591 Cum
126 558 178 601 igitur
192 559 267 601 quadam
282 558 310 593 die
324 560 402 602 spiritum
415 570 464 593 suurn
476 560 493 592 in
506 560 583 593 oratione
595 559 646 602 longe
657 558 737 592 humilius
751 564 768 592 et

67 608 163 641 seruencius
171 608 222 640 solito
230 607 323 650 effudisset,
331 608 426 651 egritudine
433 609 527 651 repentina,
532 616 593 652 quarta
600 609 642 642 seria
649 615 689 641 ante
697 608 768 650 pascha,
777 618 785 649 5

68 664 156 700 correptus
171 664 209 699 est3
228 664 280 701 atque
296 659 386 693 Beccelmo
400 658 451 692 unico
466 658 589 706 contubemiali
603 669 635 692 suo
652 657 769 692 indubitanter

68 708 160 742 denunciat
169 708 214 751 quod
222 714 284 742 octauo
292 709 320 743 die
327 709 350 743 ad
358 709 448 743 dominum
456 709 477 742 de
485 709 518 741 bac
526 708 625 751 plorationis
632 708 676 741 ualle
683 707 768 741 transiret.

69 759 146 802 Cumque
157 758 184 793 ille
195 758 212 792 in
222 758 304 793 eiulatum
314 765 331 794 et
340 759 419 793 lacrimas
430 758 546 803 prorupisset:
558 758 616 799 ‘Noli,
624 757 684 801 inquit,
691 757 737 799 flere,
745 757 769 792 fili

67 809 97 843 mi.
119 810 148 843 Ad
159 810 237 843 laborum
247 820 325 844 meorum
337 810 423 854 stipendia
433 810 489 851 uado;
504 810 569 843 bonum
577 815 603 844 est
611 809 663 842 miehi
671 808 741 842 dissolui
752 814 769 842 et

68 869 106 892 esse
114 870 153 892 cum
162 861 236 893 Christo.
259 860 299 893 Scio
307 861 353 893 enim
361 861 388 893 cui
395 860 466 899 credidi,
474 866 491 893 et
501 867 558 893 certus
566 870 604 893 sum
612 858 653 901 quia
661 858 736 900 reposita
743 866 769 892 est
779 871 798 893 ro

68 908 120 941 michi
128 919 192 942 corona
199 908 271 942 iusticie.
294 909 312 942 Si
320 910 388 952 depono
395 910 429 943 hoc
436 919 498 951 corpus
506 908 615 952 corruptibile
623 914 639 942 et
647 907 726 947 mortale,
734 907 770 942 scio
778 930 780 934 -

68 959 109 1002 quia
116 958 169 993 michi
176 959 252 1003 reposita
259 964 286 993 est
293 969 358 994 corona
365 959 528 1004 incorruptibilitatis
536 960 604 993 eteme.'
620 959 686 1002 Quarto
693 967 735 992 uero
742 957 770 992 die

69 1019 99 1044 sue
110 1010 210 1052 egritudinis
221 1011 325 1044 celebratum
336 1017 363 1045 est
374 1012 444 1054 pascha.
467 1012 507 1054 lpse
522 1017 580 1044 autem
593 1010 642 1054 quasi
655 1008 731 1053 corporis
744 1008 770 1043 sui

67 1072 138 1105 compos
150 1074 171 1097 ac
182 1063 237 1097 tocius
249 1063 352 1098 infirmitatis
362 1064 431 1105 oblitus,
442 1062 527 1107 paschalis
538 1063 591 1097 misse
602 1062 722 1106 solempnitate
733 1072 771 1105 pre·

68 1113 127 1153 missa,
135 1119 152 1145 et
159 1113 222 1145 uiatico
229 1118 287 1145 nostre
291 1114 356 1147 *salutis
363 1120 439 1156 accepto,
447 1114 544 1154 Beccelmo,
552 1114 581 1156 qui
589 1113 604 1146 ei
612 1114 630 1145 in
637 1122 698 1145 mensa
705 1112 770 1145 domini
781 1122 799 1152 ¹5

68 1161 200 1202 ministrauerat‚
205 1162 249 1195 tanti
255 1161 299 1195 sacri
305 1162 383 1206 eloqui[i]
389 1169 407 1197 et
413 1162 532 1205 mysteriorum
537 1162 650 1205 spiritualium
655 1160 771 1205 profunditate

68 1222 109 1245 usus
117 1219 148 1255 est,
156 1218 175 1246 ut
183 1213 211 1246 ille
218 1213 264 1256 loqui
272 1213 330 1256 pocius
338 1214 417 1257 angelum
425 1224 477 1257 quam
484 1213 572 1247 hominem
580 1212 672 1246 estimaret.
695 1212 716 1244 ln
724 1212 771 1245 calce

68 1269 125 1297 autem
133 1263 159 1297 sui
170 1264 254 1297 sermonis
262 1265 354 1298 Becoelmo
364 1264 436 1298 iniunxit
443 1270 462 1298 ut
470 1265 485 1298 ei
494 1274 569 1298 sororem
579 1274 633 1305 suam,
641 1264 711 1306 Pegam,
718 1263 771 1296 affec-

68 1314 134 1347 tuosius
145 1314 233 1354 salutaret,
245 1314 293 1347 cuius
306 1321 395 1357 aspectum
406 1325 475 1357 semper
486 1314 606 1354 declinauerat,
618 1313 658 1357 quia
669 1313 705 1353 diu,
718 1312 771 1346 immo

68 1364 166 1397 eternaliter
176 1375 214 1396 earn
226 1364 244 1396 in
254 1364 309 1405 gloria
319 1365 379 1398 uidere
389 1369 498 1407 prenouerat.
520 1365 544 1398 Et
555 1364 630 1397 adiecit:
642 1364 670 1395 ‘A
680 1373 719 1395 mee
729 1372 771 1395 con·
779 1375 799 1395 ao

69 1413 153 1447 uersionis
161 1413 212 1447 inicio
219 1424 308 1457 nunquam
314 1414 361 1448 lineo
369 1414 443 1458 tegmine
452 1424 494 1447 usus
503 1424 547 1454 sum,
554 1414 585 1447 sed
594 1423 626 1457 pro
634 1412 664 1457 pio
674 1411 771 1446 deuotionis

69 1465 131 1498 aflectu
144 1475 196 1508 quern
208 1470 268 1498 sancta
280 1465 328 1509 virgo
341 1466 423 1509 Eghurga
435 1465 487 1499 michi
497 1465 577 1508 exhibuit,
590 1465 619 1498 illa
630 1464 708 1507 syndone
719 1473 771 1507 quam

68 1514 121 1548 michi
131 1515 224 1549 transmisit
235 1515 299 1549 inuolui
309 1516 385 1560 precipio
393 1527 455 1560 corpus
466 1516 534 1550 meum!
557 1516 657 1550 Beccelmus
664 1520 722 1548 autem
730 1524 772 1548 con·

70 1564 148 1602 siderans
160 1565 178 1598 in
189 1565 234 1599 facie
247 1566 301 1600 saneti
315 1567 347 1601 uiri
359 1567 405 1610 quod
417 1566 500 1601 terminus
513 1577 543 1600 sue
558 1565 675 1599 dissolutionis
690 1564 772 1604 instabat,

70 1613 214 1658 cepitinstancius
222 1617 245 1649 ab
253 1627 274 1650 eo
281 1627 353 1659 querere
359 1618 410 1661 ,quod
418 1627 506 1659 nunquam
517 1616 621 1658 interrogare
631 1621 759 1658 presumpserat
767 1625 771 1648 :
781 1629 799 1659 ²5

70 1665 145 1699 ‘Adiuro
156 1672 179 1706 te,
193 1666 253 1708 inquit,
265 1673 319 1709 pater,
331 1679 363 1710 per
371 1667 506 1700 misericordiam
520 1666 590 1706 Christi,
602 1673 620 1700 ut
631 1665 684 1699 michi
695 1665 772 1707 apertius

69 1716 145 1749 reuelare
153 1715 228 1758 digneris
236 1716 277 1758 quid
285 1716 307 1750 sit
315 1718 361 1760 quod
368 1729 379 1750 a
386 1717 443 1759 prima
450 1716 577 1751 cohabitatione
587 1727 638 1759 quam
646 1722 703 1749 tecum
713 1715 771 1755 habui,

70 1765 141 1808 singulis
156 1766 217 1799 diebus
231 1776 283 1800 mane
298 1773 315 1801 et
330 1777 401 1810 uespere
416 1773 433 1800 te
448 1777 487 1799 cum
501 1765 535 1800 alio
551 1767 655 1809 loquentem,
669 1770 772 1808 mutuosque

70 1827 158 1850 sermones
166 1816 230 1858 audiui,
238 1822 255 1850 et
267 1828 306 1850 cum
317 1829 351 1861 quo
361 1818 415 1851 uerba
423 1818 489 1851 faceres
499 1817 586 1859 ignoraui.¹
609 1815 643 1849 Dei
653 1825 694 1849 uero
705 1814 771 1849 amicus

71 1873 153 1901 consueta
162 1872 179 1900 et
191 1867 249 1900 innata
260 1868 365 1910 benignitate
375 1868 474 1911 respondit:
487 1868 560 1909 ‘lnstat,
570 1866 631 1910 inquit,
641 1866 664 1899 fili
675 1864 771 1907 karissime,
779 1880 800 1909 30

70 1918 174 1951 nouissimus
185 1917 222 1950 dies
233 1917 291 1958 michi,
299 1929 331 1952 nec
341 1919 409 1952 mentiri
419 1918 472 1951 michi
482 1928 528 1952 nune
538 1918 612 1961 expedit,
621 1917 651 1960 qui
661 1927 673 1949 a
685 1915 772 1959 primitiua

72 1967 183 2002 conuersione
191 1978 230 2001 mea
238 1978 289 2001 omne
296 1969 405 2002 mendacium
410 1967 500 2002 declinaui.
515 1968 564 2002 Scias
570 1974 627 2001 autem
633 1966 680 2012 quod
685 1977 706 2000 ex
711 1976 745 2011 quo
749 1966 772 2001 ad

71 2018 160 2052 heremum
167 2019 212 2051 hanc
219 2029 248 2052 me
255 2019 325 2060 contuli,
333 2030 401 2063 semper
407 2029 459 2053 mane
466 2025 483 2053 et
492 2029 563 2062 uespere
574 2019 653 2061 angelum
664 2028 703 2051 mee
711 2027 772 2051 conso·

71 2068 139 2102 lationis
147 2068 205 2110 habui,
213 2068 242 2112 qui
250 2069 318 2104 labores
325 2077 343 2104 et
350 2069 473 2113 temptationes
483 2081 531 2103 meas
541 2069 599 2104 celesti
610 2068 671 2102 solatio
679 2067 773 2109 releuabat,

71 2120 171 2161 predicebat
182 2120 244 2159 sutura,
256 2120 385 2154 demonstrabat
395 2120 483 2161 absencia,
494 2126 512 2153 et
524 2121 600 2154 archana
612 2119 683 2153 celestia
695 2129 729 2162 que
739 2129 772 2153 nec
780 2133 799 2164 35

71 2169 112 2202 licet
127 2180 159 2202 nec
173 2169 241 2211 expedit
255 2169 308 2202 michi
322 2170 368 2212 loqui
383 2170 443 2203 celitus
455 2170 548 2203 indicabat.
571 2171 685 2208 necantem,
698 2168 727 2206 fili,
740 2170 772 2201 sub

71 2219 142 2254 silencio
155 2219 221 2259 claude,
233 2228 265 2252 nec
278 2224 370 2262 attemptes
380 2230 402 2254 ea
415 2219 494 2263 cuiquam
505 2219 609 2260 mortalium,
620 2218 654 2252 nisi
667 2217 720 2252 sorori
734 2229 773 2252 mee

72 2271 118 2312 Pege
126 2276 143 2303 et
151 2270 227 2311 Egberto
234 2269 338 2310 anachorite,
345 2270 381 2304 ullo
388 2280 464 2316 unquam
471 2276 548 2312 tempore
555 2270 641 2304 tenerare!

106 2378 137 2410 De
147 2385 245 2411 raausrru
256 2385 312 2411 auam
324 2378 433 2417 Guraaacr,
444 2385 469 2410 er
479 2384 506 2410 oa
517 2385 597 2412 ursrour:
607 2384 668 2417 tucis,
679 2383 704 2408 aa
714 2383 741 2408 na

299 2435 393 2461 nouauau
405 2435 486 2461 sonorus
496 2435 547 2462 mus.

105 2498 144 2532 Ane
152 2497 224 2541 suspiria
230 2504 248 2533 et
256 2498 382 2543 singultusque
389 2498 445 2534 solent
454 2509 492 2534 esse
500 2498 593 2542 preambuli
601 2496 666 2539 mortis,
673 2495 707 2530 iam
713 2502 773 2539 pectus

127 2549 173 2582 beati
181 2548 212 2582 uiri
221 2560 262 2591 sepe
269 2556 402 2590 concusserant;
412 2550 464 2583 aede
472 2561 502 2583 ore
511 2549 563 2592 ipsius
573 2555 621 2582 tanta
630 2547 688 2581 odoris
696 2546 772 2582 suauitas
780 2554 801 2584 ⁴⁰

71 2600 163 2642 exhalauit,
171 2599 214 2633 acsi
222 2599 284 2643 aliquis
291 2600 341 2634 flores
348 2601 426 2634 roscidus
433 2600 523 2644 sparsisset
532 2605 562 2634 aut
572 2599 668 2633 balsamum
678 2597 772 2637 effudisset.
