1762 2803
137 120 180 196 28⁶
253 203 254 206 ,
327 152 407 204 muna
422 148 539 213 ttamen
554 149 646 212 euntia

137 281 224 316 magnum
232 276 306 306 centum
313 270 377 315 viginti
384 272 457 315 pedum.
481 272 504 306 Et
513 271 595 307 videntes
603 273 637 307 hoc
645 271 711 306 fratres
721 282 762 307 cum
771 282 837 317 magno

137 331 213 370 stupore
219 325 314 360 dicebant:
323 326 374 358 ‘Non
381 325 471 359 credimus
477 326 526 369 quod
532 331 582 359 esset
588 325 642 359 homo
649 324 702 358 huius
708 325 836 368 longitudinis!

138 379 161 413 Et
174 380 199 413 ait
211 379 308 413 Patricius:
320 379 350 413 ‘Si
362 378 460 419 volueritis,
471 378 556 412 videbitis
568 381 621 412 eum.l
643 377 668 412 At
681 377 707 412 illi
720 379 808 421 rogabant
818 386 838 415 vt

136 433 221 467 viderent
230 442 278 466 eum.
298 432 350 465 Tunc
362 431 440 475 signauit
448 431 537 464 Patricius
548 431 611 465 baculo
623 430 752 475 sepulchrum:
765 437 783 465 et
794 443 837 468 ecce

120 486 165 529 5vir
177 485 223 520 mire
234 484 363 528 magnitudinis
374 484 459 526 surrexit,
470 484 545 518 dicensi
557 484 618 518 ‘Bene
629 484 653 519 sit
664 484 702 528 tibi,
710 484 738 519 vir
749 484 783 527 dei,
795 486 838 530 quia

137 549 171 581 per
179 548 234 571 vnarn
242 538 306 570 horam
317 548 328 570 a
335 537 389 580 penis
397 537 478 570 liberasti
486 539 527 578 me,’
536 543 554 570 et
562 536 611 571 fleuit
619 537 744 580 amarissimc;
755 543 774 572 et
781 539 837 575 dixit:

137 590 168 625 ‘Si
178 590 224 632 licet,
233 590 306 623 ambulo
313 588 419 623 vobiscum!
442 588 465 623 Et
476 588 501 622 ait
509 588 608 624 Patricius:
621 589 732 623 ‘Ambulare
742 589 837 626 nobiscum

137 653 174 677 non
182 647 240 689 potes,
246 653 281 676 nec
289 643 368 687 expedit,
374 643 416 686 quia
424 653 460 676 non
468 648 546 687 possunt
553 643 638 676 homines
646 643 711 677 faciem
719 648 769 676 tuam
774 643 838 679 videre

137 707 170 741 pre
180 697 256 732 timore:
269 697 302 731 sed
313 697 367 731 crede
377 697 411 730 deo
422 696 462 739 celi,
470 702 488 730 et
498 697 609 740 baptismum
620 697 687 740 accipe,
698 701 716 730 et
727 707 764 730 non
776 707 838 732 reuer-

111 765 130 788 ιο
137 750 181 784 teris
193 750 216 784 ad
228 749 267 783 loca
278 760 367 794 penarum
378 749 409 784 vbi
420 749 479 792 fuisti;
491 753 509 783 et
520 749 580 783 indica
591 748 644 783 nobis
656 748 697 793 quis
708 751 738 783 es.¹
762 749 785 783 Et
796 750 837 785 ille:

137 802 187 846 ‘Ego
195 813 237 836 sum
245 802 304 842 Glass,
312 803 343 845 qui
353 802 379 835 fui
389 803 483 845 porcarius
492 802 548 845 Logir
559 803 613 844 regis,
623 808 642 835 et
653 802 740 845 iugulauit
751 813 781 836 me
793 803 807 836 F
808 803 837 837 ian

138 854 210 890 Maicon
218 854 288 898 [ante]¹
296 865 355 889 annos
363 855 447 888 centum.¹
471 854 494 888 Et
500 854 598 898 baptizauit
606 865 649 888 eum
657 853 746 888 Patricius
753 859 771 888 et
777 856 838 898 sepul·

138 908 182 942 chro
190 919 223 943 suo
231 907 315 942 restituit
360 901 517 953 Quidamcuneus
524 908 610 942 laicorum
617 907 703 941 dixerunt
711 909 734 941 ad
742 907 838 943 mulierem

138 963 230 1005 quandam
241 961 299 995 linum
310 961 412 996 lauantem:
426 960 482 995 ‘Cum
494 960 528 995 iste
537 960 624 995 Patricius
636 961 659 994 ad
669 965 688 994 te
695 961 771 1003 venerit,
780 962 840 996 exalta

111 1026 129 1058 ¹5
138 1025 202 1049 vocem
214 1019 264 1048 tuam
278 1018 296 1048 et
309 1013 338 1048 dic
349 1015 398 1057 quod
409 1019 479 1058 partem
492 1014 523 1048 lini
536 1014 561 1048 tui
575 1014 630 1057 [ειιί]2
640 1013 693 1048 furati
704 1019 751 1055 sunt,
761 1019 779 1048 et
791 1014 839 1049 illico

138 1067 292 1112 superuenientes
300 1067 404 1101 occidemus
412 1068 454 1102 eos!
470 1067 524 1109 Quod
530 1078 572 1101 cum
578 1067 642 1101 mulier
650 1066 728 1108 iecisset,
733 1072 751 1101 et
759 1068 839 1102 latrones

138 1122 162 1154 de
174 1121 226 1154 siluis
238 1126 380 1163 prorumpentes
391 1120 432 1154 illos
444 1120 510 1163 dignos
522 1125 581 1154 morte
592 1120 709 1162 iudicassent,
721 1125 795 1154 sanctus
807 1120 840 1154 Pa-

138 1173 201 1207 tricius
214 1172 306 1216 quendam
319 1172 338 1205 in
352 1172 418 1206 eodem
434 1172 473 1206 loco
489 1172 581 1216 sepultum
595 1172 694 1214 suscitauit,
711 1172 739 1205 cui
753 1177 771 1206 et
783 1173 839 1206 dixit:

138 1224 177 1258 ‘Da
192 1224 316 1258 testimonium
328 1224 410 1259 veritatis
424 1225 448 1258 de
462 1225 523 1268 [hac]³
536 1225 631 1269 questione
645 1235 681 1268 qua
696 1225 775 1269 populus
787 1236 839 1259 meus

111 1294 130 1315 ao
138 1279 286 1323 blasphematur!
310 1278 425 1321 Respondit:
437 1278 463 1312 ‘0
470 1283 532 1311 sancte
539 1277 610 1319 Patrici,
616 1278 696 1321 populus
702 1283 744 1312 tuus
752 1278 840 1312 innocens

138 1337 173 1373 est,
187 1332 220 1365 sed
232 1330 298 1364 mulier
309 1330 340 1364 illa
353 1342 377 1364 ex
392 1329 467 1364 consilio
479 1330 566 1364 laicorum
578 1331 635 1364 linum
647 1341 702 1365 suum
713 1331 809 1365 abscondit
821 1330 840 1364 in

139 1385 189 1429 ligno
197 1383 311 1429 propinquo!
334 1383 357 1418 Et
365 1383 389 1417 ita
397 1383 493 1418 inuentum
499 1388 532 1418 est.
555 1382 623 1427 Sicque
629 1383 717 1418 Patricius
725 1394 767 1419 cum
773 1383 841 1428 populo

140 1448 174 1472 suo
180 1437 267 1472 liberatus
275 1440 308 1470 est.
354 1431 398 1470 Mos
406 1441 445 1469 erat
453 1442 516 1470 sancto
523 1436 600 1469 Patricio
607 1437 655 1480 quod
661 1436 764 1480 vbicunque
770 1438 841 1470 videret

138 1489 158 1524 in
174 1490 203 1524 via
222 1488 295 1533 signum
314 1493 377 1523 sancte
396 1489 460 1530 crucis,
475 1489 572 1523 declinauit
591 1491 613 1523 ad
632 1490 681 1531 illud,
696 1491 719 1524 de
735 1499 789 1524 curru
808 1500 841 1524 suo

113 1557 130 1587 ²⁵
141 1543 261 1583 descendens,
273 1548 293 1577 vt
306 1553 362 1576 manu
375 1553 448 1576 crucem
461 1547 549 1586 tangeret.
572 1542 655 1585 Quadam
669 1548 729 1577 autem
743 1543 772 1577 die
785 1552 841 1577 vnam

141 1606 220 1637 crucem,
231 1606 267 1639 que
279 1600 317 1629 erat
330 1595 380 1629 iuxta
392 1594 440 1630 viam
453 1595 492 1636 sita¹
504 1606 541 1628 non
552 1595 600 1635 vidit,
613 1596 646 1629 sed
659 1601 796 1640 pretergressus
810 1601 838 1630 est

141 1661 187 1684 eam.
210 1648 280 1692 Auriga
294 1653 355 1682 autem
370 1647 415 1682 vidit
430 1658 481 1683 eam:
499 1653 573 1682 etcum
588 1648 686 1683 indicasset
700 1649 783 1691 Patricio,
795 1648 841 1683 vidit

141 1702 259 1745 sepulchrum
274 1701 324 1735 iuxta
338 1711 422 1734 crucem:
442 1706 460 1734 et
476 1700 593 1745 interrogauit
608 1702 649 1745 quis
664 1707 714 1736 esset
729 1702 748 1735 in
763 1712 790 1736 eo.
818 1702 842 1735 Et

140 1753 246 1799 respondit:
266 1753 316 1796 ‘Ego
329 1752 402 1797 gentilis
417 1763 463 1796 sum,
477 1753 511 1788 sed
526 1752 635 1788 christianus
651 1754 734 1798 sepultus
748 1758 776 1788 est
791 1754 842 1788 iuxta

112 1821 132 1851 30
141 1818 177 1851 me,
189 1808 240 1842 cuius
251 1813 309 1841 mater
320 1818 357 1840 non
368 1812 407 1840 erat
418 1806 437 1839 in
448 1806 541 1851 prouincia
552 1808 626 1851 quando
636 1812 719 1841 mortuus
728 1812 747 1841 et
757 1807 842 1851 sepultus

140 1867 169 1896 est
177 1860 225 1896 filius
233 1860 285 1894 eius!
309 1859 398 1894 Patricius
408 1864 469 1892 autem
477 1861 547 1894 dicebat
555 1861 604 1903 quod
615 1860 656 1895 ideo
664 1871 737 1894 crucem
745 1860 796 1894 illam
804 1871 841 1894 non

140 1915 185 1950 vidit
193 1914 236 1958 quia
245 1914 296 1948 iuxta
306 1912 395 1958 gentilem
402 1913 462 1957 posita
469 1918 512 1947 erat.
558 1906 645 1956 Htmum,
654 1914 685 1959 qui
692 1919 756 1949 sancto
765 1913 842 1948 Patricio

140 1979 207 2012 aquam
223 1967 273 2001 suis⁴
288 1966 370 2001 humeris
381 1967 466 2008 vehebat,
477 1967 547 2002 furatus
562 1973 591 2002 est
601 1969 630 2002 vir
641 1968 721 2011 quidam,
732 1973 750 2001 et
765 1969 843 2002 mandu-

141 2021 194 2062 cauit,
202 2025 220 2054 et
232 2024 296 2063 postea
308 2020 382 2062 negauit
392 2020 440 2062 quod
451 2019 503 2052 illum
514 2020 629 2053 comedisset.
652 2020 735 2064 Cumque
742 2021 842 2054 vehemen-

113 2085 131 2115 35
141 2073 212 2107 tissime
224 2072 324 2106 affirmaret
331 2072 380 2115 quod
390 2082 464 2105 manum
475 2083 527 2105 snam
535 2072 554 2106 in
562 2072 633 2106 hircum
641 2083 678 2106 non
687 2072 772 2113 misisset,
780 2072 842 2108 hircus
858 2111 860 2115 v

141 2126 224 2171 proditor
237 2125 280 2158 furti
296 2135 320 2158 ex
335 2123 374 2157 eius
386 2131 450 2158 ventre
465 2124 545 2158 balatum
560 2125 616 2159 dedit.
661 2118 711 2160 Cum
723 2125 742 2159 in
754 2135 790 2160 vno
802 2125 842 2159 loco

141 2179 234 2214 sedissent
249 2178 337 2212 Patricius
354 2183 372 2211 ct
387 2178 461 2222 quidam
475 2179 503 2212 vir
518 2184 592 2213 sanctus
612 2178 686 2212 nomine
702 2178 809 2220 winnocus,
824 2183 843 2212 et

141 2231 210 2266 mutuis
217 2232 278 2265 verbis
290 2231 313 2264 de
324 2232 359 2265 deo
370 2232 493 2275 loquerentur,
501 2232 578 2266 missum
590 2237 618 2266 est
630 2231 678 2266 inter
689 2243 721 2266 eos
733 2232 808 2276 pallium
819 2232 843 2266 de

142 2286 186 2319 celo.
214 2284 266 2317 Tunc
281 2283 338 2317 dixit⁵
353 2283 452 2319 Patricius:
472 2285 498 2319 ‘O
511 2285 608 2328 Winnoce,
623 2290 675 2319 tuum
688 2285 763 2329 pallium
775 2284 843 2330 accipe,

112 2351 133 2380 40
142 2338 173 2382 qui
188 2347 222 2382 pro
237 2338 272 2371 deo
287 2337 348 2370 omnia
363 2337 426 2371 mundi
441 2337 540 2382 reliquisti)
571 2337 605 2372 Cui
621 2337 662 2372 ille:
683 2338 709 2372 ‘O
725 2337 796 2380 Patrici,
811 2336 844 2371 tibi

141 2403 152 2425 a
160 2392 196 2425 deo
203 2390 238 2424 hoc
246 2389 321 2435 pallium
329 2390 406 2424 missurn
414 2395 447 2432 est,
456 2390 492 2434 qui,
501 2401 543 2424 cum
553 2391 610 2425 multa
620 2391 694 2433 habeas,
703 2401 774 2435 pauper
781 2396 843 2426 tamen

142 2457 173 2489 es;
186 2449 205 2479 et
213 2455 255 2479 cum
263 2443 330 2477 multos
337 2443 410 2483 vestias,
418 2444 487 2478 nudum
495 2445 574 2488 teipsum
582 2443 681 2488 relinquis?
705 2444 788 2488 Cumque
795 2443 844 2478 inter

142 2510 174 2533 eos
184 2497 215 2544 pia
224 2501 275 2532 essct
287 2497 384 2538 contentio,
392 2497 482 2532 eleuatum
491 2504 519 2533 est
529 2498 552 2533 ab
560 2499 587 2533 eis
597 2498 673 2542 pallium
681 2497 700 2533 in
709 2499 773 2541 celum,
782 2504 800 2533 et
808 2498 844 2532 duo

142 2615 246 2654 ¹T.E.post,
271 2614 317 2646 ²om,
344 2613 477 2652 ³soT.;om.in
485 2614 502 2645 E.
527 2613 690 2655 ⁴T.suis;E.suam.
710 2614 844 2646 lEdixitenim.
