1762 2803
248 96 294 152 Bc
309 94 397 149 &otuu
411 93 466 151 bct
481 93 599 149 titulato.
730 109 773 154 343

71 228 120 254 anno
128 217 197 255 domiui
207 217 305 254 millesimo
312 217 413 254 centesimo
421 217 572 263 quinquagesimo
580 227 635 261 nono,
643 215 721 262 septimo
729 216 774 252 ldus

70 265 249 316 iunii—Quidam
258 272 281 305 ab
288 277 340 305 vtero
348 272 412 305 matris
422 282 456 305 sue
464 277 525 305 mutus
533 271 614 312 effectus,
622 271 641 303 in
649 280 717 313 magno
724 270 774 303 luctu

71 329 90 358 et
97 323 228 359 lamentatione
235 334 290 368 opem
298 323 356 358 sancti
361 323 432 358 Thome
440 323 520 358 martiris
528 322 559 357 diu
566 322 703 368 perseuerando
710 327 774 367 postu·

71 377 119 411 lauit.
142 376 176 412 Cui
187 382 262 412 sanetus
270 377 352 411 Thomas
360 377 379 411 in
387 375 427 410 visu
434 386 533 421 apparens,
541 376 597 411 dixit:
609 375 680 420 ‘Surge
687 374 775 410 velociter

71 436 89 466 et
97 430 120 465 ad
126 429 339 465 Nouum-monasterium
348 428 451 464 festinando
457 430 574 475 progredere,
580 435 597 465 et
606 434 685 464 asancto
691 429 791 464 Robert05

71 484 120 518 illius
134 484 169 519 loci
184 485 249 519 abbate
263 483 355 528 loquelam
371 488 389 518 et
403 483 503 527 perfectam
519 482 616 518 sanitatem
632 483 677 517 nihil
691 482 774 517 hesitans

71 536 200 581 consequeris!
223 536 256 571 Ille
267 547 312 571 vero
323 535 342 570 in
353 535 408 571 eorde
420 546 453 570 suo
464 545 588 578 murmurans,
597 534 653 570 dixit:
665 534 721 577 ‘Quis
732 544 774 579 pre-

71 589 121 623 bebit
139 591 237 624 ducatum?
257 589 299 633 quis
317 588 411 623 exhibebit
429 588 538 623 viaticumt'
567 588 646 622 Sanctus
669 586 774 632 respondit:

71 642 116 677 ‘lile
129 642 161 677 tibi
174 642 238 677 ductor
251 641 285 676 erit
297 640 329 686 qui
340 641 397 676 verbo
409 645 475 676 cuncta
488 639 567 676 creauit'
590 640 672 675 Credidit
684 639 744 685 igitur,
756 645 775 674 et

71 697 154 740 gaudens
162 695 247 740 peruenit
254 696 277 729 ad
285 695 346 729 locum
354 706 358 729 :
370 698 389 729 et
397 694 475 729 salutem
483 699 563 739 optatam
571 695 654 738 adeptus,
662 693 774 739 glorificabat
784 702 802 723 10

71 750 132 784 deum.
175 741 238 784 Alteri
245 747 322 793 insuper
329 753 380 782 muto
388 747 479 792 loquelam
487 747 571 790 reddidit,
579 752 691 782 contractum
699 746 774 786 curauit,

71 801 159 836 frenetico
165 813 241 836 sensum
248 806 266 835 et
273 801 348 835 rationis
353 812 406 835 vsum
413 801 468 843 dedit,
473 811 552 844 puerum
558 805 671 835 contractum
679 800 775 843 gressibus

71 854 143 896 direxit,
158 864 222 889 cecum
237 853 350 896 illuminauit,
366 858 385 887 et
400 853 462 888 multis
479 853 519 887 aliis
534 852 617 887 sanitatis
632 851 721 887 beneficia
736 852 775 887 suis

70 907 141 942 meritis
149 909 215 942 deuote
222 907 340 952 poscentibus
350 906 431 941 contulit.
465 905 471 926 ¹
478 899 537 941 Miles
544 906 619 950 quidam
626 904 693 940 nobilis
700 906 775 950 putabat

71 972 92 995 se
103 959 122 994 in
133 960 174 996 visu
186 960 245 995 noctis
256 960 279 994 ad
292 960 399 995 orientalem
411 959 573 995 Noui-monasterii
585 966 634 995 stare
643 960 717 1005 plagam
724 959 775 994 iuxta
785 965 802 997 ¹5

70 1025 145 1049 crucem
156 1013 224 1048 ibidem
236 1019 322 1056 erectam,
330 1018 349 1048 et
357 1014 420 1048 videre
431 1013 532 1048 exercitum
544 1014 596 1059 quasi
607 1012 701 1048 cuiusdam
713 1012 774 1058 magni

70 1067 159 1112 principis
175 1072 311 1112 congregatum,
324 1066 411 1111 princeps
423 1072 485 1101 autem
497 1067 516 1102 in
532 1066 593 1101 medio
606 1078 675 1109 eorum,
689 1065 775 1101 terribilis

70 1120 130 1161 valde,
145 1120 234 1154 tractabat
249 1120 268 1152 in
283 1130 330 1164 quos
344 1120 399 1154 vellet
414 1119 490 1162 irruere,
505 1125 523 1153 et
538 1119 573 1154 ait:
591 1119 667 1154 ‘Venite
679 1119 775 1153 visitemus

70 1172 138 1207 fratres
149 1172 195 1207 istos
206 1173 225 1206 in
233 1172 290 1207 valle!
314 1172 336 1206 Et
347 1172 395 1207 facto
406 1172 481 1217 impetu,
489 1182 554 1207 versus
564 1171 695 1207 monasterium
703 1171 774 1206 direxe-

71 1225 124 1259 runtl
135 1225 200 1259 aciem.
223 1225 293 1259 Fumus
303 1224 353 1259 enim
364 1225 387 1259 de
396 1224 472 1259 naribus
483 1235 573 1268 equorum
583 1223 670 1264 ascendit,
679 1229 697 1258 et
708 1222 775 1258 nebule
784 1236 803 1257 ro

70 1277 280 1323 puluispedumeorum.
299 1277 774 1323 Etcummonasterioappropinquarent,monachus

70 1330 144 1377 quidam
164 1332 267 1376 egrediens,
283 1331 413 1367 candidissimo
428 1331 503 1367 indutus
522 1331 590 1375 habitu,
605 1331 669 1366 baculo
687 1330 775 1375 pastorali

70 1385 147 1427 eleuato‚
156 1395 179 1418 ne
190 1384 266 1428 propius
277 1385 386 1419 accederent
396 1384 496 1419 interdixit.
519 1384 558 1419 Nec
568 1393 625 1426 mora,
636 1383 776 1428 intempestate

70 1442 89 1471 et
100 1438 178 1478 turbine,
186 1447 264 1481 quorum
272 1437 358 1471 violentia
369 1447 414 1472 crux
424 1437 455 1471 illa
466 1436 590 1482 pulcherrima
600 1436 692 1472 confracta
702 1436 775 1479 corruit,

70 1495 193 1525 reuertuntur.
212 1490 307 1535 Enigilans
313 1489 366 1525 miles
374 1501 475 1537 asompno,
481 1495 500 1526 et
506 1490 563 1526 misso
569 1490 592 1526 ad
596 1488 695 1526 videndam
702 1500 775 1526 crucem
784 1500 802 1533 ²5

70 1544 143 1586 nuncIo,
148 1544 203 1585 illam,
207 1550 226 1579 vt
230 1545 306 1586 viderat,
311 1544 422 1579 confractam
430 1544 526 1580 intellexit.
569 1538 628 1580 Anno
636 1549 698 1579 autem
706 1543 775 1578 domini

70 1596 168 1631 millesimo
183 1596 283 1632 centesimo
298 1598 410 1642 octogesimo
425 1603 494 1640 octauo,
510 1602 573 1632 octauo
589 1597 671 1632 decimo*
687 1597 775 1632 kalendas

70 1651 118 1691 maii,
126 1650 172 1683 seria
181 1650 250 1693 quinta,
258 1650 277 1683 in
287 1662 334 1684 cena
345 1651 413 1684 domini
425 1651 531 1684 coadunatis
541 1650 655 1694 pauperibus
666 1650 685 1683 in
697 1650 776 1684 claustro

71 1702 233 1737 Noui-monasterii
249 1703 273 1738 ad
288 1702 395 1738 mandatum
410 1703 511 1738 secundum
526 1712 596 1738 morem
611 1702 693 1746 ecclesie,
709 1702 775 1747 singuli

70 1756 155 1791 monachi
170 1766 263 1801 pauperes
276 1756 358 1802 singulos
369 1756 392 1791 ad
404 1756 502 1791 lauandum
514 1756 621 1801 suscipiunt.
644 1756 697 1792 Prior
707 1761 775 1799 autem,
783 1768 803 1799 30

70 1809 145 1843 nomine
157 1808 255 1850 GilbertuS,
267 1815 310 1844 ante
321 1819 342 1844 se
353 1810 450 1844 sedentem
461 1810 512 1844 videt
526 1811 618 1853 quendam
630 1820 675 1854 capa
686 1809 776 1850 indutum,

70 1873 106 1907 que
114 1873 186 1906 manus,
194 1863 258 1907 pedes,
266 1868 284 1897 et
295 1873 362 1908 corpus
370 1868 428 1898 totum
436 1863 522 1909 protexit,
530 1862 602 1908 caputio
609 1873 667 1908 vsque
678 1863 701 1897 ad
710 1868 775 1908 peetus

70 1917 170 1961 pendente.
193 1916 253 1959 Quem
268 1917 363 1960 leprosum
374 1917 404 1952 vel
419 1917 532 1960 paraliticum
548 1917 661 1958 existimans,
674 1917 775 1952 inuolutam

71 1968 120 2004 circa
131 1968 189 2013 pedes
200 1978 265 2013 capam
277 1968 361 2013 explicat,
369 1973 388 2003 et
399 1969 478 2013 genibus
489 1969 543 2004 ilexis
554 1968 573 2003 in
585 1969 660 2004 nomine
671 1968 741 2004 domini
752 1970 775 2004 ad

70 2022 169 2057 lauandum
183 2022 241 2066 pedes
254 2021 294 2057 eius
307 2032 328 2057 se
341 2027 399 2066 parat.
422 2022 455 2057 Cui
466 2022 535 2057 sedens
546 2023 614 2066 pedem
626 2021 721 2057 sinistrum
733 2034 775 2067 por·
784 2034 803 2065 35

70 2075 130 2110 rexit:
142 2085 198 2119 quern
209 2075 240 2110 ille
251 2074 299 2110 letus
310 2077 397 2120 suscepit,
405 2081 423 2110 et
434 2085 476 2110 cum
487 2074 537 2110 omni
546 2074 645 2110 deuotione
655 2076 724 2116 lauans,
732 2086 775 2111 eum

70 2128 174 2173 plorantem
182 2127 255 2170 audiuit,
263 2132 281 2162 et
291 2127 379 2163 laehrime
390 2139 425 2173 per
435 2127 520 2163 maxillas
527 2134 647 2174 erumpentes
657 2140 715 2174 super
722 2135 776 2175 caput

70 2181 121 2216 senis
129 2180 241 2216 deciderunt.
264 2181 300 2223 Qui
310 2193 347 2216 non
357 2182 449 2216 modicum
460 2182 578 2225 stupefactus,
586 2188 605 2216 et
614 2182 656 2225 quis
668 2188 717 2217 esset
727 2183 776 2217 scire

69 2233 141 2276 volens,
156 2233 204 2268 intra
222 2233 315 2276 caputium
330 2244 406 2268 sursum
420 2234 483 2268 oculos
497 2234 559 2269 leuat:
578 2240 597 2269 et
611 2234 706 2269 hominem
720 2235 776 2269 niueo

70 2286 150 2321 candore
169 2286 270 2331 fulgentem
288 2292 307 2321 et
325 2286 389 2322 celesti
407 2287 465 2332 gratia
483 2287 622 2323 choruscantem
640 2289 691 2323 vidit.
719 2289 776 2324 Cuius
784 2300 804 2329 40

70 2339 181 2384 splendore*
192 2339 316 2375 reuerberatis
329 2340 392 2383 oculis,
404 2340 471 2376 timens
483 2340 562 2382 tremuit,
574 2351 608 2376 nec
620 2341 702 2376 seeundo
713 2341 776 2376 oeulos

70 2393 132 2429 leuare
143 2394 166 2428 ad
174 2392 274 2428 videndum
286 2394 377 2439 apposuit.
399 2393 451 2429 Pede
462 2393 535 2429 interim
547 2393 622 2429 sinistro
633 2393 676 2438 loto,
684 2405 719 2439 pes
730 2395 777 2429 alter

70 2447 136 2483 dexter
143 2451 172 2483 est
179 2446 277 2482 exhibitus.
300 2447 360 2490 Quem
368 2447 413 2484 dum
421 2447 496 2492 leuaret,
504 2446 598 2484 inclinauit
606 2458 627 2483 se
635 2448 730 2493 incapatus
738 2448 776 2491 ille,

90 2524 339 2564 ¹Thssollowingom.inBoll.
389 2525 516 2558 ²Rduxeruut
569 2526 776 2557 'Edecimooetauokah

70 2563 76 2582 ⁴
87 2564 105 2597 Ε.
112 2565 218 2605 splendorem
