1762 2803
46 126 180 167 neronam]
205 112 665 173 moauomuuootraeotmattpte.
701 116 745 171 589

47 239 140 279 humanior
152 236 215 281 quippe
228 235 278 279 lupus
292 245 312 268 eo
325 233 358 267 loci
374 233 459 267 inuenitur
473 232 585 266 reuerendum
600 232 675 267 martiris
689 233 746 276 capud

46 291 119 329 brachiis
134 288 169 321 suis
184 287 293 329 amplectens,
312 285 384 318 aliarum
399 285 473 318 ferarum
488 284 599 317 voracitatem
614 285 715 326 propulsans
729 291 747 317 ot

46 342 131 389 propriam
145 338 238 376 refrenans,
252 347 285 369 nec
300 335 351 368 cessit
368 341 465 377 susceptam
484 333 579 367 custodiam
596 333 628 367 nisi
643 334 747 368 multitudini

47 391 101 435 capud
109 388 192 431 querenti.
215 388 262 420 Ecce
270 387 342 419 altemm
350 385 453 419 Danielem!
477 386 508 418 llle
516 385 580 427 quippe
588 385 605 417 in
613 385 746 419 medioleonum

47 445 64 476 in
77 443 114 473 lacu
127 437 192 480 positus
204 436 232 469 dei
244 435 302 477 gracia
314 436 382 468 leonum
395 434 475 477 repressit
485 435 562 468 rabiem:
579 434 611 467 iste
624 445 659 468 non
673 433 764 472 inferioris

47 491 102 537 gracia
111 488 151 522 feris
163 486 249 529 expositus
260 492 277 518 et
285 485 352 526 auibus,
362 496 395 518 nec
402 485 447 517 feras
457 485 510 517 sensit
521 495 552 518 nec
560 495 606 524 aues,
615 484 669 518 immo
676 486 720 519 leoni
729 485 747 518 in

47 540 137 577 voracitate
145 538 252 571 consimilem
259 537 318 579 lupum
326 537 386 570 habuit
397 547 431 569 nou
442 542 537 569 voratorem
546 542 572 569 set
584 537 677 570 custodem.
699 538 747 570 Vna·

47 592 87 627 nimi
100 590 150 631 igitur
162 587 257 620 deuocione
270 586 299 629 qui
311 592 426 619 conuenerant
440 586 535 619 deferentes
548 586 604 629 capud
618 586 706 620 inuentum
724 587 747 620 ad

48 650 108 682 eorpus
116 637 248 677 sanctissimum,
256 637 316 679 lupum
324 637 420 669 habuerunt
427 635 492 668 funeris
503 635 569 668 socium
581 645 634 677 vsque
642 637 666 669 ad
673 636 747 678 sepulcri

47 694 107 724 locum.
130 688 164 728 Qui
176 687 200 720 eis
212 699 222 720 a
232 693 280 728 tergo
290 687 383 720 imminens
393 692 410 719 et
420 685 468 728 quasi
479 697 510 728 pro
520 684 587 728 perdito
597 684 679 728 pignore¹
687 686 747 729 lugens
756 695 775 716 ro

48 747 64 775 et
71 740 135 773 eiulans
142 743 243 779 prosecutus
251 742 277 770 est
285 747 320 778 eos,
328 736 424 779 inpendens
434 736 536 779 obsequium
547 736 598 779 quale
607 735 663 778 potuit
674 737 748 770 martiris

48 788 142 828 sanctitati3
162 787 270 830 interfuitque
288 787 353 821 funeris
370 787 452 829 obsequio
471 787 526 820 donec
546 793 598 820 cunta
621 794 747 830 peragerentur,

48 839 132 874 neminem
139 837 204 878 ledens,
212 849 223 870 a
230 836 298 871 nemine
305 838 360 878 lesus,
370 837 477 880 peractisque
483 837 505 870 de
513 847 560 870 more
568 836 623 871 cuntis
631 848 664 880 que
672 838 747 873 defuncti

48 889 168 929 contingebant
176 888 257 928 officium,
264 888 314 921 rediit
322 889 344 920 ad
352 888 433 920 siluarum
440 888 494 919 lustra
504 887 553 929 quasi
564 888 659 920 deuocione
670 889 748 921 custodie

48 939 131 981 completa
137 948 196 979 3-nec
202 944 253 971 antea
259 938 292 971 illis
299 938 317 971 in
325 938 424 971 finibusnec
432 943 492 980 postea
500 937 550 980 lupus
557 937 615 980 specie
622 943 658 971 tarn
668 939 748 972 terribilis
757 947 775 977 15

47 988 128 1032 apparuit.
158 989 219 1032 Capud
234 989 285 1031 igitur
301 989 356 1023 sancti
370 988 416 1031 regis
430 994 447 1022 et
461 987 536 1022 martiris
550 987 660 1023 coniunctum
674 989 748 1033 corpori,

47 1038 127 1073 traditum
142 1044 167 1071 est
183 1039 268 1081 sepulture
283 1039 329 1072 iurta
344 1039 400 1072 locum
415 1038 459 1072 illius
472 1037 614 1072 martirizacionis.
638 1039 677 1080 Quo
691 1040 747 1074 eciam

48 1088 124 1122 edificata
137 1087 194 1129 lignea
207 1089 280 1131 desuper
291 1089 386 1128 ecclesiola,
398 1088 468 1130 triginta
479 1100 509 1122 sex
521 1088 571 1121 annis
583 1088 600 1121 in
612 1095 657 1122 terra
669 1090 747 1124 defossus

47 1138 92 1171 idem
102 1144 171 1170 sanctus
181 1138 241 1171 martir
251 1138 334 1181 requieuit
344 1139 429 1171 humatus.
451 1137 550 1171 ²Preciosus
559 1137 610 1179 igitur
620 1149 649 1171 rex
659 1146 676 1172 et
687 1140 748 1173 martir

48 1188 149 1220 Edmundus
156 1195 195 1230 post
203 1188 308 1231 triumphum
316 1188 387 1221 victorie
397 1200 408 1221 a
417 1188 487 1221 domino
497 1187 600 1221 remunerari
611 1189 672 1222 meruit
682 1200 747 1222 corona
756 1205 775 1226 ro

47 1238 99 1281 glorie
106 1239 196 1273 laureatus.
225 1238 258 1282 Qui
270 1250 327 1273 coram
339 1238 407 1273 tiranno
418 1238 505 1273 Christum
517 1237 593 1272 confiteri
605 1237 688 1281 purpum’
699 1240 747 1283 regia

47 1299 81 1322 non
94 1288 172 1322 erubuit⁴
182 1296 254 1323 exutus:
266 1290 340 1323 eundem
353 1300 416 1332 agnum
430 1289 457 1323 dei
470 1286 572 1322 comitatur³
584 1288 647 1331 ubique
660 1291 704 1324 stola
715 1290 747 1324 im-

47 1339 154 1372 mortalitatis
167 1339 242 1373 indutus.
265 1340 286 1373 ln
299 1339 346 1373 cuius
359 1350 389 1372 ore
400 1350 432 1372 nec
446 1339 490 1372 inter
501 1338 578 1372 fremitus
591 1339 702 1373 barbarorum
715 1350 747 1374 nec

48 1388 90 1422 inter
97 1389 150 1423 fustes
157 1395 240 1423 tortorum
246 1390 282 1423 laus
290 1388 317 1423 dei
325 1389 378 1422 valuit
391 1399 469 1422 cessare:
481 1388 516 1421 iarn
526 1387 570 1421 inter
579 1387 648 1430 spiritus
660 1389 747 1431 angelicos

48 1439 93 1472 illam
100 1450 135 1473 non
144 1447 199 1473 cessat
210 1441 307 1474 decantare.
330 1440 391 1483 Capud
403 1440 450 1483 quod
462 1439 541 1472 alacriter
551 1449 582 1482 pro
593 1438 661 1472 Christo
671 1440 747 1474 subdidit
756 1455 775 1486 ²5

48 1489 104 1530 gladio
115 1490 229 1532 percussoris:
246 1491 343 1524 diademate
354 1490 407 1532 fulget
418 1488 513 1532 ornatu[m]
521 1489 578 1522 eximii
587 1489 659 1524 decoris.
681 1491 748 1534 Corpus

48 1539 83 1573 eius
97 1541 195 1574 crebrarum
209 1541 311 1583 sagittarum
325 1540 387 1574 ictibus
400 1540 509 1583 perforatum,
519 1540 542 1573 ad
555 1539 637 1573 indicium
647 1548 711 1584 quante
726 1542 748 1575 sit

48 1588 91 1621 illius
99 1590 157 1622 anima
164 1590 181 1623 in
189 1591 226 1623 celo
233 1591 325 1632 dignitatis,
333 1591 419 1632 integrum
426 1589 562 1632 inuiolatumque
569 1597 666 1632 perseuerat
675 1591 693 1624 in
703 1598 748 1625 terra

48 1648 77 1680 per
84 1639 141 1672 diuine
148 1640 260 1673 clemenciam
268 1640 368 1674 maiestatis.

90 1733 120 1766 DE
128 1740 175 1767 CECO
183 1741 235 1768 NhTO
242 1741 269 1767 AD
277 1741 321 1768 EIUS
329 1741 428 1768 TUMULUM
436 1741 489 1768 APUD
497 1734 570 1768 HOXNE
578 1740 705 1776 ILLUMINATO,

172 1791 265 1818 TEMPORE
272 1791 312 1823 Quo
320 1791 393 1817 CORPUS
401 1791 463 1817 ILLlUS
471 1791 537 1817 lacuit
544 1791 619 1816 turpari.

483 1855 548 1886 Nterea
558 1852 636 1895 quamuis
645 1854 710 1887 athleta
720 1854 747 1887 dci
756 1864 776 1893 30

505 1901 608 1934 Edmundus
618 1912 657 1933 raro
664 1903 748 1935 coleretur

49 1952 171 1988 inhabitatore:
183 1954 266 1999 paulatim
274 1961 332 1987 tamen
340 1953 419 1995 regiones
430 1952 511 1986 finitimas
521 1952 640 1985 miraculorum
651 1952 747 1987 illustrabat

48 2003 115 2045 fulgore,
121 2011 137 2038 et
144 2005 182 2038 ideo
188 2017 222 2039 non
231 2006 286 2039 solum
293 2005 404 2047 priuatorum,
411 2010 435 2038 set
442 2004 497 2038 eciam
503 2003 601 2037 sublimium
608 2005 660 2038 corda
666 2005 697 2038 sibi
704 2006 747 2039 ami-

48 2053 81 2086 cuit
89 2064 119 2096 per
127 2055 214 2097 signorum
222 2056 306 2089 inmutata
314 2054 403 2087 mirabilia.
426 2055 442 2086 E
450 2053 511 2096 quibus
519 2064 571 2086 vnum
579 2053 661 2095 dignum⁸
669 2055 748 2089 duximus

55 1888 58 1894 ·
69 1876 100 1907 Ex
110 1875 153 1908 libro
164 1875 184 1908 de
195 1876 286 1909 miraculis
297 1876 334 1908 cius
346 1875 436 1917 Sampson.
462 1854 477 1927 Ι

48 2112 155 2146 memorasse,
163 2110 181 2139 vt
189 2117 209 2139 ex
216 2107 249 2139 hoc
257 2115 290 2138 vno
300 2105 349 2146 plura
359 2103 427 2145 pensari
435 2108 498 2145 queant
507 2114 511 2142 ;
519 2109 556 2136 tum
564 2103 603 2146 quia
611 2104 682 2138 neclecti
693 2106 748 2139 cultus
757 2113 775 2144 35

48 2153 78 2186 fuit
91 2155 181 2196 correccio,
195 2162 232 2189 tum
245 2155 285 2198 quia
300 2154 391 2187 multorum
405 2164 435 2186 ora
448 2153 466 2186 in
479 2153 506 2186 dei
520 2153 580 2186 laudes
593 2153 666 2188 resoluit.
693 2156 748 2189 Cecus

48 2202 92 2237 enirn
100 2205 170 2249 quidam
180 2217 191 2239 a
198 2206 293 2246 natiuitate,
301 2215 340 2238 curn
352 2215 404 2247 puero
415 2203 485 2237 ductore
496 2203 543 2236 viam
555 2215 633 2247 carpens,
642 2206 704 2239 saltum
715 2217 749 2250 quo

48 2255 106 2288 martir
117 2263 186 2291 sanctus
197 2257 313 2291 tumulabatur
324 2255 427 2297 ingreditur:
440 2264 490 2297 quem
501 2265 540 2288 cum
550 2256 624 2289 necdum
635 2256 748 2298 dimidiasset,

48 2306 83 2335 sole
93 2307 115 2337 ad
126 2317 206 2339 occasum
216 2308 297 2339 tendente
304 2306 374 2337 tenebre
382 2305 481 2336 densantur.
504 2306 578 2346 Querule
586 2316 637 2337 voces
645 2307 667 2338 ad
675 2307 748 2339 inuicem

48 2355 165 2398 conferuntur3
181 2367 215 2400 que
226 2356 287 2390 ceteris
299 2356 377 2388 leuamen
391 2354 480 2387 consueuit
492 2355 556 2388 laboris
569 2356 635 2397 afferre,
647 2355 748 2400 [peregrinis
756 2360 776 2390 40

49 2412 125 2438 curarum
136 2406 266 2441 sollicitudinem
274 2416 308 2439 nox
319 2405 356 2448 ipsa
366 2404 471 2448 parturiebat
476 2403 496 2447 ⁷].
519 2405 630 2438 Domicilium
644 2415 694 2439 omne
707 2407 748 2439 sub-

68 2475 73 2494 ¹
84 2477 118 2509 MS.
126 2489 203 2517 pugnore.
247 2479 253 2497 ²
264 2480 305 2509 Here
311 2479 356 2518 begiu
364 2477 454 2518 (Samson’sl
465 2479 518 2509 lilirac.
526 2479 541 2509 in
549 2479 583 2509 MS.
590 2479 621 2508 Tit.
629 2479 643 2508 A
651 2479 696 2513 VIll,
705 2480 746 2510 Tria.

49 2515 196 2551 CollDublinBr.
205 2526 218 2559 7.
255 2519 304 2549 ³MS.
312 2529 391 2559 purpurea.
429 2518 550 2550 ‘hisenhart
586 2519 637 2549 ⁵MS.
645 2520 748 2550 commitatur.

49 2554 54 2571 ⁸
64 2555 96 2587 MS.
105 2559 155 2597 digne.
195 2559 201 2576 ⁷
212 2569 252 2596 om.;
262 2569 279 2589 so
287 2559 320 2589 ldS.
327 2559 359 2589 Tit.
