1762 2803
227 110 273 165 wc
287 107 390 162 sanna
405 108 542 171 maturae.
699 111 741 164 189

42 232 85 267 Erat
96 230 146 265 enim
162 229 274 265 Merwaldus
286 241 320 265 rex
333 229 444 265 Merciorum
456 230 565 274 paganismo
579 229 657 271 deditus,
669 230 742 274 qnando

42 288 116 319 sanetus
126 283 218 327 presbiter
226 283 318 325 Edfridus,
326 283 408 317 doctrina
420 284 484 324 clarus,
493 294 503 316 a
511 281 685 324 Northanhumbria,
692 282 743 316 velut

41 336 103 373 celesti
118 337 191 371 oraculo
203 336 323 381 premonitus,
336 336 358 370 ad
373 338 517 370 connectendum
531 347 573 370 eum
588 336 643 370 venit.
665 335 743 378 Accepit

42 391 90 423 enim
99 390 192 423 oraculum
200 390 282 423 diuinum
287 394 307 424 vt
315 389 333 423 in
340 395 408 423 terram
415 389 525 422 Merciorum
531 389 553 422 ad
560 389 620 422 locum
626 388 743 422 Redeswode

42 446 125 476 uocatum
133 446 224 484 pergeret,
232 446 250 475 et
257 452 321 485 regem
329 446 347 474 et
354 446 429 484 gentem
437 441 477 475 eius
484 447 605 475 conuerteret.
628 440 712 486 Cumque
720 441 743 474 ad
751 451 760 481 5

42 496 100 529 locum
115 493 275 539 appropinquaret,
290 500 332 539 post
347 495 391 529 solis
406 505 490 529 occasum
505 500 554 529 tecto
569 504 634 529 carens
651 495 686 529 sub
701 494 744 528 diuo

42 547 147 593 permansit.
179 548 202 582 Et
217 558 260 582 ecce
275 549 327 582 adest
342 548 371 581 leo
386 547 461 592 quidam
476 547 568 588 immanis,
583 546 631 582 iubis
649 557 682 592 per
697 546 744 582 colla

42 601 174 644 crispantibus:
190 600 219 635 cui
227 600 256 635 vir
267 607 341 634 sanctus
352 601 455 645 intrepidus
467 602 490 634 de
502 611 549 644 pane
561 601 604 634 suo¹
617 601 710 644 porrexit:
725 606 744 633 et

43 654 72 686 ille
80 659 184 696 porrectum
193 664 229 687 non
237 659 257 686 vt
264 653 299 694 leo,
307 654 339 686 sed
348 654 461 687 mansuetior
468 663 515 697 agno
523 653 604 696 suscepit
613 658 631 686 et
637 657 680 686 ante
686 652 744 696 perles

43 705 75 739 viri
90 705 120 739 dei
135 716 156 739 se
171 706 282 749 prouoluens
297 705 381 749 gustauit.
412 705 433 740 ln
449 706 528 740 crastino
543 706 566 740 ad
581 705 641 740 locum
660 705 691 739 vbi
710 715 772 740 rexro

43 759 127 792 manebat
138 759 221 799 veniens,
229 770 240 792 a
249 759 328 803 quodam
340 758 388 803 regis
398 759 455 792 milite
465 760 487 793 ad
499 758 628 803 hospitandum
641 758 745 792 humaniter

42 817 139 856 susceptus
154 818 187 846 est.
210 811 299 856 Sequenti
314 817 375 846 autem
390 817 444 846 nocte
459 822 492 846 rex
507 810 613 856 sompnium
628 810 679 853 vidit,
695 812 743 856 quod

43 876 96 899 mane
111 864 149 899 suis
164 871 265 909 ostensum,
280 876 343 900 veram
363 865 442 910 sompnii
461 865 629 909 interpretationem
648 865 709 899 nullus
727 865 744 899 ei

43 918 122 953 indicare
135 919 197 962 potuit.
225 919 272 962 Regi
285 919 359 953 tandem
372 918 424 953 miles
438 924 550 952 memoratus
565 919 588 952 de
603 924 690 963 suscepto
705 917 744 952 eius

43 971 114 1015 hospite
122 971 220 1016 suggessit,
228 972 303 1006 dicens:
316 971 406 1006 ‘Domine
414 971 439 1005 mi
451 981 489 1013 rex,
497 971 557 1006 iubeat
568 970 676 1006 excellentia
683 975 744 1006 vestra
754 983 771 1014 ¹5

43 1024 77 1058 sibi
87 1024 147 1058 virum
159 1026 251 1068 quendam
265 1025 368 1069 presentari
383 1035 438 1068 quem
454 1035 526 1059 mecum
540 1029 593 1058 nocte
606 1029 698 1059 transacta
710 1025 745 1059 sub

42 1082 89 1110 tecto
100 1077 168 1120 recepi,
180 1078 231 1111 cuius
242 1087 304 1111 mores
315 1089 326 1110 a
338 1077 405 1111 nostris
416 1077 502 1110 videntur
513 1077 577 1118 alieni3
590 1077 626 1120 qui,
638 1077 673 1110 nisi
687 1077 744 1118 fallor,

43 1130 100 1161 cultor
108 1129 152 1162 fidei
161 1129 259 1164 christiane
270 1135 303 1163 est.
326 1129 361 1170 Qui
372 1128 458 1171 fortassis,
467 1128 483 1162 si
495 1128 563 1163 domini
575 1128 611 1162 mei
621 1129 670 1172 regis
682 1139 745 1172 somp-

43 1182 93 1216 nium
104 1181 186 1224 audierit,
194 1192 231 1216 non
243 1181 305 1222 falsus,
312 1186 331 1215 vt
343 1181 424 1222 arbitror,
434 1180 525 1226 interpres
535 1181 574 1215 eius
586 1181 630 1216 erit.¹
654 1181 696 1216 Rex
707 1181 744 1217 ait:

43 1234 177 1276 ‘Accereiatuq
189 1235 254 1278 inquit,
266 1236 317 1268 ocius
331 1234 373 1268 talis
387 1235 456 1278 hospes
471 1237 523 1268 tuus!
546 1234 587 1276 Quo
602 1235 696 1276 accercito,
710 1245 744 1269 rex
754 1247 773 1269 ro

43 1287 146 1330 sompnium
159 1298 213 1321 suum
222 1287 247 1322 ita
256 1288 328 1322 edicere
338 1288 397 1330 cepit:
410 1288 462 1321 ‘Nox
473 1287 560 1330 preterita
571 1287 615 1321 dum
625 1298 655 1321 me
666 1298 745 1331 sompno

43 1340 104 1375 datum
112 1340 131 1374 in
140 1346 196 1375 stratu
205 1345 281 1380 teneret,
289 1340 364 1375 videbar
371 1340 416 1374 mihi
424 1340 486 1374 videre
495 1341 542 1373 duos
552 1352 608 1373 canes
615 1340 719 1374 teterrimos
727 1347 745 1374 et

44 1392 134 1426 immanes
149 1403 179 1426 me
194 1392 216 1426 ad
229 1392 348 1437 iugulandum
363 1392 455 1437 arripere:
471 1403 482 1426 e
498 1392 572 1436 regione
587 1403 632 1427 vero
646 1403 745 1437 personam

44 1446 134 1487 quandam
146 1446 246 1479 venerabili
257 1446 308 1486 facie,
315 1453 368 1480 tonsa
379 1455 413 1490 per
424 1456 479 1480 aures
488 1446 507 1480 in
520 1455 606 1480 coronam
617 1445 693 1488 cesarie,
701 1446 746 1480 mihi

44 1498 124 1541 presidio
137 1500 203 1533 adesse
217 1505 235 1533 et
247 1500 271 1533 de
283 1510 348 1534 canum
363 1499 449 1533 dentibus
461 1510 516 1533 aurea
531 1511 573 1533 eum
586 1499 643 1540 clane,
657 1510 712 1543 quarn
727 1500 746 1533 in
755 1511 773 1541 ²5

44 1561 98 1585 manu
107 1553 185 1595 tenebat,
194 1564 223 1587 me
233 1558 319 1597 potenter
328 1563 398 1587 eruere.
415 1552 456 1594 Quo
465 1553 484 1586 fit
492 1558 511 1586 vt
521 1552 563 1586 hine
576 1557 644 1586 terreat
656 1562 686 1586 me
696 1557 746 1587 tanta

44 1613 108 1636 canum
117 1602 221 1637 immanitas
229 1608 247 1637 et
255 1613 318 1637 eorum
327 1603 345 1637 in
354 1614 383 1637 me
393 1604 520 1646 grassabunda
530 1603 625 1647 rapacitas,
633 1602 677 1637 inde
686 1603 747 1638 foueat

44 1660 80 1688 tam
89 1656 155 1689 festina
166 1657 188 1689 ab
200 1655 227 1690 eis
237 1656 307 1698 ereptio
315 1662 333 1689 et
344 1656 421 1689 iocunda
432 1656 522 1697 ereptoris
534 1656 570 1689 mei
580 1655 631 1689 visio.
654 1656 692 1689 Sed
704 1657 747 1699 quia

45 1706 106 1741 nescio
114 1706 157 1752 quid
163 1706 170 1726 ²
177 1707 256 1752 portenti
264 1708 329 1742 habeat
337 1713 374 1742 tam
382 1707 440 1742 bestia
448 1713 500 1749 tetra,
508 1714 545 1742 tam
555 1707 637 1743 insolens
648 1713 666 1743 et
678 1708 734 1743 effera
741 1721 746 1752 ς

44 1760 87 1802 quid
95 1760 171 1804 auspicii
177 1766 214 1794 tarn
222 1767 273 1805 grata
281 1772 360 1805 persona
369 1762 449 1806 ereptrix
456 1771 496 1796 mea
505 1767 522 1796 et
530 1762 631 1806 clauigera3
643 1772 697 1796 mens
705 1772 746 1796 mea
755 1773 774 1803 ³0

45 1814 126 1847 redditur
136 1814 215 1848 solicita!
239 1814 325 1849 Edfridus
333 1814 419 1858 quidem³
426 1815 449 1848 ad
457 1815 491 1848 hec
500 1814 534 1849 ait:
547 1815 604 1856 ‘Rern
613 1815 705 1858 gratulare
716 1820 746 1849 tue

44 1865 119 1902 risioni:
137 1867 234 1902 famulatur
247 1867 296 1902 enim
309 1873 339 1902 tue
352 1873 440 1912 perpetue
451 1867 509 1902 saluti.
533 1868 581 1910 Quid
592 1879 637 1912 ergo
648 1869 746 1912 portendat

45 1930 110 1953 canum
121 1921 140 1954 in
151 1926 170 1955 te
181 1920 304 1963 grassantium
316 1926 334 1954 et
348 1927 366 1954 te
378 1921 460 1964 iugulare
474 1920 587 1954 molientium
601 1927 638 1954 tam
653 1921 746 1954 horrenda

45 1972 127 2014 species;
149 1973 193 2015 quid
208 1972 312 2015 auspicetur
327 1973 417 2016 elauigere
435 1983 515 2015 persone
532 1972 639 2006 liberatricis
658 1978 689 2006 tue
708 1978 745 2007 tam

44 2022 121 2058 iocunda
128 2024 194 2066 facies3
205 2036 244 2065 rex,
252 2025 314 2069 accipe
322 2031 340 2059 et
348 2025 434 2068 intellige.
449 2026 559 2059 Teterrimi⁴
566 2036 622 2060 canes
630 2032 647 2059 et
655 2027 746 2061 immanes
755 2034 774 2067 35

45 2083 87 2111 sunt
98 2077 190 2121 fuliginosi
203 2079 285 2112 Plutonis
296 2078 388 2118 satellites,
396 2078 433 2111 vite
442 2083 460 2111 et
468 2077 532 2112 salutis
540 2084 570 2112 tue
581 2078 670 2112 mortiferi
677 2079 746 2122 hostes,

45 2140 122 2173 quorum
130 2136 149 2165 tu
157 2130 239 2166 faucibus
246 2131 265 2166 in
273 2133 350 2175 predam
358 2136 376 2165 et
384 2131 521 2166 deuorationem
527 2131 606 2175 daberis,
611 2132 642 2166 vbi
648 2133 747 2167 deuoratus

45 2192 119 2227 semper
132 2185 249 2219 deuorandus
260 2187 297 2219 eris
307 2190 327 2219 vt
340 2185 366 2219 sic
377 2196 435 2229 usque
447 2185 529 2219 moriens
541 2190 559 2219 et
570 2196 665 2229 nunquam
676 2185 747 2220 morte⁶

45 2235 116 2278 finiens,
122 2239 216 2280 perpetuis
223 2237 440 2280 terroribus‚sulphureis
445 2236 539 2279 fetoribus,
544 2237 626 2271 dentium
632 2237 747 2281 stridoribus,

45 2286 113 2330 ignium
125 2289 226 2332 ardoribus,
238 2289 292 2334 penis
303 2289 414 2325 immanibus
425 2295 444 2325 et
455 2289 606 2325 intollerabilibus
617 2302 659 2325 cum
671 2291 717 2335 ipsis
728 2291 746 2326 in
755 2302 775 2328 40

45 2342 106 2376 tartari
114 2342 175 2377 medio
183 2343 280 2378 crucieris:
293 2342 328 2378 nisi
336 2343 418 2378 funditus
429 2342 557 2388 paganismum
568 2343 690 2388 abnegaueris
697 2351 716 2379 et
723 2356 747 2379 ex

45 2398 82 2427 toto
94 2396 149 2430 corde
159 2401 177 2430 te
189 2397 301 2431 conuerteris
311 2397 334 2431 ad
346 2396 440 2431 Christum
452 2396 482 2431 dei
493 2396 529 2431 viui
538 2396 600 2431 lilium.
625 2397 747 2432 Reuerendus

65 2523 70 2541 ¹
80 2524 98 2555 Ε.
106 2534 140 2555 sua.
205 2525 210 2543 ²
220 2525 239 2556 T.
247 2526 294 2563 quod.
361 2525 367 2542 ³
378 2535 408 2555 om.
416 2525 433 2555 in
439 2525 458 2556 T.
524 2525 529 2543 ¹
541 2525 558 2555 E.
566 2525 645 2556 Teterum.
712 2526 718 2543 ⁵
728 2526 747 2556 E,

45 2567 116 2595 mortem.
