1762 2803
219 129 265 185 θα
280 127 380 181 sautu
396 127 568 180 diluuntur.
699 145 744 187 403

42 264 133 294 exercere,
141 262 206 286 verum
215 251 270 284 etiam
280 250 381 284 incredibili
391 249 420 284 dei
430 250 497 285 virtute
508 249 577 285 viribus
586 250 667 295 propriis
677 261 746 295 equum

42 307 141 343 ascendere
149 310 167 338 et
175 315 212 349 quo
219 303 308 348 placuerit
314 304 385 337 valeam
394 303 476 348 equitare
481 302 498 338 ¹.’
551 296 603 338 Puer
610 303 745 348 quidam,etatis

43 367 105 395 tenere
117 358 187 392 lubrico
200 362 219 391 et
232 361 361 391 coetaneorum
374 356 417 390 ludo
432 356 524 398 seductus,
537 356 588 391 tam²
602 356 703 392 didascoli³
717 358 745 392 sui

43 410 193 451 comminationis,
202 421 257 455 quam
268 409 342 454 proprie
353 409 436 444 lectionis
447 416 475 444 est
487 410 558 445 oblitus.
581 410 670 455 Sequenti
682 417 744 446 autem

43 466 77 507 die,
89 475 130 499 cum
142 463 231 498 reddendi
243 469 317 506 tempus
330 462 411 505 instaret,
423 463 536 508 formidoque
547 474 581 508 pre
592 463 649 499 oculis
659 475 683 499 ex
694 463 763 509 igno-5

43 518 101 553 rantia
112 516 195 551 lectionis
206 515 295 560 puerilem
306 515 424 550 memoriam⁴
435 522 544 560 occuparet;
557 515 601 561 quid
612 516 692 552 faceret⁶
701 517 746 552 nihil

43 577 101 606 tutum
111 569 186 610 inuenit,
194 569 225 612 qui
236 579 270 602 nec
281 568 377 602 lectionem
387 569 478 602 redderet
488 579 549 611 neque
556 569 583 603 ire
592 569 674 612 magistri
686 581 746 603 reme-

44 623 93 657 dium
101 620 183 665 reperire
187 619 275 664 valelb]at
280 619 292 654 ⁷.
316 619 359 654 Post
367 620 434 654 multas
441 619 496 665 igitur
503 622 563 655 cordis
571 621 678 665 anxietates,
684 621 746 658 incidit

44 677 62 710 in
70 675 150 710 animum
159 674 218 718 pueri,
225 679 245 707 vt
255 674 298 718 fuga
307 684 374 718 penam
384 674 459 708 alicuius
470 674 556 718 precibus
567 675 648 709 euitaret.
671 675 746 710 Concito

44 729 128 767 surrexit,
135 727 209 769 aufugit,
218 727 267 760 etad
275 726 371 760 ecclesiam
383 725 446 769 inqua
454 726 512 760 sancti
521 726 639 760 Erkenuraldi
648 727 746 772 requiescit
756 735 775 756 10

44 791 116 825 corpus,
129 778 219 824 peruenit.
247 778 356 814 Pretaxatus
369 779 437 824 quippe
453 779 540 824 magister
553 790 604 815 more
619 780 672 816 solito
687 780 747 817 scolas

44 834 153 878 ingrediens,
160 844 274 877 puerumque
283 844 319 866 non
328 831 430 875 inueniens,
436 838 455 866 vt
464 843 506 866 eum
514 832 584 876 fugisse
589 834 687 876 presensit,
692 835 747 868 modo

45 887 117 921 deuenit
125 886 148 920 ad
156 885 216 920 locum
224 896 260 929 quo
268 895 315 929 puer
322 890 364 919 ante
372 885 490 929 sepulchrum
498 885 568 920 iacebat
576 886 682 930 suppliciter
692 898 747 923 orans

45 940 68 974 ad
82 944 171 973 sanctum.
199 938 276 973 Inten'm
291 939 379 982 magistro
391 938 415 973 de
427 937 588 973 animaduersione
604 939 687 974 facienda
701 940 748 974 offir-

45 998 93 1026 mato
98 992 109 1033 ⁸,
117 991 184 1035 placuit
192 992 282 1035 puerum¹
291 992 400 1025 reddentem
405 991 468 1025 audire
476 1004 481 1033 ;
493 992 579 1035 quatinus
583 1002 607 1025 ex
617 991 664 1026 iusta
672 992 748 1036 ratione,
757 1001 775 1032 15

45 1045 128 1088 quotiens
137 1054 178 1078 eum
187 1043 303 1079 deficientem
310 1044 329 1078 in
335 1044 413 1079 lectione
419 1044 572 1089 deprehenderet,
577 1044 645 1079 totiens
649 1044 666 1079 ei
670 1045 749 1081 verbera

46 1097 171 1141 ingeminaret.
194 1097 267 1131 Onunc
273 1097 364 1132 infelicem
370 1108 453 1142 puerum,
459 1097 493 1131 nisi
499 1097 552 1132 citius
558 1097 625 1132 habeat
631 1097 747 1133 liberatorem

47 1150 208 1184 clementissimum
217 1149 370 1183 Erkenwaldum!
393 1150 422 1183 Ac
429 1149 476 1183 miro
486 1150 546 1192 modo,
554 1160 596 1184 cum
606 1151 681 1185 saucto⁹
692 1151 749 1185 multa

47 1202 158 1236 liberationis
167 1212 236 1246 genera
244 1206 369 1246 suppeterent,
377 1201 467 1246 preelegit
475 1202 550 1237 modum
562 1201 593 1247 qui
603 1201 655 1247 pueri
663 1203 723 1237 studio
730 1208 749 1237 et

47 1254 127 1299 magistri
134 1254 229 1299 proposito
236 1254 336 1299 plurimum
345 1255 461 1298 congruebat.
484 1255 571 1289 Precibus
578 1256 638 1300 itaque
650 1262 668 1290 et
679 1256 777 1291 meritisne

47 1307 123 1352 preclari
134 1307 213 1343 doctoris
225 1307 347 1349 Erkenwaldi,
358 1307 409 1342 affuit
420 1318 478 1352 puero
488 1308 582 1353 sapientia,
592 1319 628 1353 que
638 1308 697 1353 aperit
708 1320 729 1344 os
735 1309 749 1329 ¹⁸³

47 1367 115 1395 mutum
124 1367 142 1395 et
150 1361 221 1406 linguas
231 1361 326 1395 infantium
335 1361 376 1395 facit
384 1360 480 1395 disertas¹¹
488 1373 492 1395 :
504 1361 560 1402 affuit,
567 1361 647 1406 inquam,
655 1372 676 1396 ac
684 1361 748 1396 diuini-

47 1419 76 1447 tus
82 1414 94 1432 ¹²
107 1424 149 1448 eum
163 1413 234 1448 edocuit
240 1414 253 1433 ¹³
265 1415 314 1458 quod
326 1424 337 1447 a
349 1414 399 1448 nullo
411 1419 454 1448 ante
466 1414 594 1458 magistrorum
606 1414 679 1449 audiuit.
702 1415 749 1450 Cum

48 1467 96 1499 enim
103 1477 151 1510 puer
158 1467 255 1501 lectionem
263 1468 303 1500 sine
311 1468 357 1500 libro
365 1467 447 1510 proferre
457 1472 553 1509 cogeretur
560 1478 564 1508 ;
579 1478 616 1500 non
628 1467 689 1501 solum
700 1468 749 1512 quod

48 1519 134 1563 magister
144 1520 183 1554 eius
193 1520 297 1561 tradiderat,
306 1519 376 1564 absque
386 1519 479 1554 obstaculo
489 1525 544 1563 atque
553 1519 658 1554 diminiculo
666 1520 749 1563 reddidit,
759 1534 777 1564 ²⁵

48 1582 110 1606 verum
119 1575 173 1607 etiam
181 1573 225 1607 illud
232 1574 280 1617 quod
286 1577 383 1616 preceptor
389 1572 428 1606 eius
435 1572 534 1606 traditurus
540 1572 603 1614 fuerat,
608 1572 750 1617 obstupescente

49 1627 134 1669 magistro
146 1625 252 1661 memoriter
263 1627 330 1670 diuque
339 1626 426 1659 recitauit.
448 1624 500 1659 Tunc
509 1636 554 1660 vero
564 1625 667 1660 didascolus
676 1626 750 1661 taudem

49 1679 71 1713 ad
79 1690 110 1714 cor
116 1690 209 1723 reuersus,
216 1680 263 1714 iram
270 1679 346 1721 remisit,
354 1679 464 1723 veniamque
472 1679 515 1723 fuge
525 1689 583 1723 puero
592 1680 687 1722 concessit,
695 1685 750 1724 atque

49 1732 135 1776 seipsum,
143 1733 193 1777 quod
200 1740 264 1768 sancto
271 1743 349 1777 puerum
358 1732 444 1766 subduxit
451 1743 512 1776 neque
519 1732 608 1766 honorem
616 1737 667 1766 tanto
674 1738 751 1777 patrono

50 1783 123 1828 dignum
130 1785 217 1829 exhibuit,
222 1786 303 1830 grauiter
307 1786 454 1829 condempnauit.
499 1778 547 1819 Erat
552 1786 626 1829 quidam
633 1787 656 1820 de
661 1792 751 1820 transma·
759 1798 779 1828 30

50 1837 750 1882 rinispartibusaduena,Balduinus“nomineetpluribusnotusLondonfien-

50 1889 573 1935 sibus]¹⁵,quiintollerabiliterignefebriumanxiatusest.
595 1891 751 1934 Quesiuitvbique

50 1942 163 1986 refrigerium
171 1944 248 1986 medele,
255 1943 289 1978 sed
296 1942 380 1977 inuenire
388 1953 425 1976 non
433 1942 494 1977 valuit.
516 1941 599 1984 Quadam
605 1943 660 1987 igitur
665 1943 700 1985 die,
706 1943 750 1979 dum

51 1995 127 2030 ministri
135 1998 212 2031 ecclesie
220 1998 299 2030 doctoris
306 1997 388 2040 gentium
394 1995 511 2030 festiuitatem
519 1995 630 2030 ethonorem
636 1996 664 2029 dei
670 1996 751 2030 etsancti

52 2045 183 2084 Erkenu=aldi¹⁸
188 2055 225 2085 tam
230 2051 296 2085 deuote
301 2049 425 2091 concinerent,
431 2049 515 2083 continue
524 2049 632 2093 supplicauit
637 2054 657 2083 ut
662 2049 686 2083 ad
690 2055 750 2083 tumu-
759 2061 779 2092 ³5

50 2099 86 2134 lum
96 2102 154 2146 ipsius
164 2104 296 2145 deduceretur;
308 2113 392 2147 sperans,
400 2103 446 2136 sicut
455 2101 534 2146 contigit,
545 2102 651 2146 sospitatem
663 2102 697 2136 sibi
708 2112 751 2138 esse

51 2162 84 2195 per
91 2156 131 2189 eius
142 2157 206 2191 merita
217 2157 337 2191 reddendam.
359 2156 406 2190 Cum
412 2155 425 2175 ¹⁷
433 2165 477 2199 ergo
486 2154 551 2188 allatus
562 2160 616 2197 esset,
624 2165 678 2188 secus
688 2154 751 2189 introi-

51 2209 89 2240 tum
96 2209 146 2243 chori
153 2210 252 2244 admodum
259 2210 319 2244 lassus
327 2215 345 2243 et
352 2209 450 2253 languidus
458 2207 531 2250 resedit,
539 2212 557 2242 et
565 2207 679 2241 obdormiuit.
701 2207 751 2243 Vidit

51 2256 104 2301 igitur
115 2262 185 2306 sopitus
197 2262 284 2297 assistere
295 2262 330 2296 sibi
340 2261 400 2297 virum
411 2262 521 2305 elegantem,
532 2271 573 2295 cum
585 2260 649 2295 baculo
660 2261 753 2304 pastorali,

51 2312 131 2347 vestibus
139 2315 182 2349 niue
190 2314 324 2349 candidioribus
331 2325 352 2349 ac
360 2314 503 2349 sacerdotalibus
507 2314 597 2354 indutum,
605 2317 623 2347 et
629 2312 685 2347 infula
691 2314 752 2348 mitra·
760 2325 781 2354 40

52 2366 95 2407 tum,
109 2368 264 2410 quemadmodum
277 2368 358 2412 episcopi
373 2367 448 2402 missam
462 2365 569 2400 celebraturi
582 2365 690 2400 vestiuntur.
716 2365 753 2408 Qui

70 2434 164 2469 ¹om.inT.
202 2439 236 2469 ²T.
245 2439 262 2468 E.
270 2444 329 2469 ettam.
370 2438 404 2469 θΤ.
413 2437 612 2474 didasculi;E.didasc01i.
652 2435 686 2467 ⁴T.
692 2438 754 2493 puerile

52 2476 315 2517 memoria;E.puerilimemorie.
360 2478 454 2509 ³om.inT.
500 2476 645 2508 ‘T.E.redderet.
708 2478 749 2509 TE

52 2514 106 2546 valeat.
138 2517 171 2549 ΕΕ.
180 2520 261 2550 affirmato.
291 2519 391 2549 ⁰E.sancta
426 2518 437 2535 ¹⁰
447 2517 465 2548 T.
474 2517 553 2554 osuperit.
589 2516 600 2535 ¹¹
610 2516 629 2547 Τ.
637 2517 753 2548 disertasfacit.

52 2549 64 2567 ¹¹
72 2554 90 2584 T.
102 2556 122 2585 ad
133 2558 197 2588 diuiciis.
249 2559 259 2576 ¹³
269 2560 287 2589 T.
298 2559 355 2589 docuit.
404 2557 415 2576 ¹¹
427 2557 445 2588 Τ.
457 2556 554 2586 Baldwinus.
608 2556 647 2588 11Τ.
660 2557 754 2589 Ε.ΙοιιιΙοῆ.

53 2589 64 2607 ¹⁰
74 2593 114 2627 Boll.
121 2596 138 2627 in
145 2597 231 2629 festiuitate
239 2599 256 2630 S.
264 2598 365 2630 Erkenwaldi
372 2598 392 2628 ad
399 2598 476 2627 bonorem
483 2597 509 2626 dei
514 2606 519 2634 ς
525 2601 557 2626 tam
564 2606 594 2627 om.
635 2597 646 2615 ¹¹
657 2598 675 2628 E.
684 2598 731 2628 Dum.

380 2637 430 2672 oda
