1762 2803
269 114 314 170 tu
328 115 424 169 §ancta
440 116 569 168 onomata.
724 129 766 176 501

68 238 159 279 poterant,
174 247 196 271 eo
212 238 261 281 quod
276 236 346 281 lignum
363 237 381 271 in
400 244 506 273 transuerso
523 243 623 282 portarent.
645 238 668 272 Et
683 239 769 283 exposuit

69 288 143 324 dicens:
156 290 199 324 ‘Hii
207 296 250 325 sunt
259 290 296 335 (qui
304 291 385 336 portant)
392 291 444 336 quasi
452 291 514 336 iugum
522 292 593 326 iusticie
603 301 644 326 cum
655 291 742 336 superbia
751 297 769 326 et

69 352 106 375 non
118 341 246 378 humiliantur:
259 350 356 387 propterea
367 349 463 378 remanent
475 344 518 378 soris
530 355 540 378 a
552 355 610 389 regno
621 345 656 379 dei.
679 344 715 386 Qut
724 354 769 379 uero

69 393 118 438 ligna
132 395 210 436 inscidit,
222 396 277 429 homo
290 402 318 430 est
330 396 348 430 in
361 396 440 440 peccatis
451 397 513 431 multis
524 402 542 431 et
553 408 588 440 pro
599 408 622 431 eo
633 403 652 432 ut
664 402 705 441 agat
717 397 769 441 peni-

69 446 148 482 tenciam
161 459 198 482 non
210 448 299 483 subtrahit
312 460 332 483 se
346 450 369 483 de
382 449 466 493 peccatis
480 455 508 483 set
521 450 570 484 addit
583 449 688 494 iniquitates
703 449 786 495 iniqui-5

68 499 142 534 tatibus.
167 500 202 542 Qui
211 507 271 535 autem
283 512 348 545 aquam
359 502 424 542 haurit,
432 502 487 535 homo
498 507 526 535 est
535 503 583 537 bona
592 514 649 547 opera
658 503 733 544 iaciens
741 508 769 537 set

70 551 113 594 quia
120 563 162 586 cum
170 552 197 586 eis
205 553 296 595 permixta
304 558 347 587 sunt
355 555 408 595 mala,
415 553 475 596 perdit
482 564 539 597 opera
546 554 597 597 sua.']

164 696 179 731 V
188 687 221 729 DE
229 705 300 730 SANCTO
309 686 410 731 GUDWALO
418 705 505 729 aetscoro
512 705 535 729 ET
543 705 659 731 CONFESSORE
664 697 675 731 1.

72 776 177 857 SAnetus
185 779 284 814 Gudwalus
293 779 387 814 Britannie
394 779 463 814 finibus
470 786 521 815 ortus
528 791 552 815 ex
560 780 616 815 nobili
623 780 718 825 prosapia;
730 780 770 815 eius

126 838 200 876 tempus
208 832 307 866 natiuitatis
316 839 355 867 erat
363 844 399 876 quo
407 844 428 867 se
437 843 500 867 mucro
509 833 575 867 suroris
585 833 653 867 domini
663 844 674 867 a
683 839 733 866 terra
740 833 770 866 illa

72 884 173 927 suspendit,
182 895 237 927 quam
248 896 271 919 eo
282 895 341 928 vsque
352 884 417 928 gladio,
425 885 479 926 same,
489 890 508 919 et
517 889 570 928 peste
580 884 649 919 afflixit.
671 885 770 919 Gudwalus
780 895 798 917 io

72 936 91 969 in
99 937 175 971 infantia
182 937 247 971 litteris
255 937 376 971 imbuendus²
384 937 472 980 traditur3
484 944 551 971 etcum
559 937 675 978 adoleuisset,
681 937 704 970 ad
712 948 771 971 sacer-

72 989 116 1023 dotii
129 990 206 1033 gradum
220 996 349 1033 promouetur;
366 995 384 1024 et
397 991 472 1025 tandem
487 991 510 1024 ad
526 990 652 1034 episcopatum
667 989 772 1024 assumitur.

72 1042 109 1076 Hie
123 1043 178 1083 enim,
191 1043 258 1086 quein
270 1044 340 1077 mundo
353 1050 396 1078 sunt
409 1044 516 1086 abhorrens,
530 1042 615 1088 quicquid
629 1042 663 1077 sibi
679 1042 772 1076 mundane

72 1095 176 1129 ambitionis
191 1096 257 1137 arrisit,
272 1097 295 1129 ad
310 1097 386 1141 gloriam
401 1098 431 1130 dei
447 1096 541 1130 conuertit.
567 1096 638 1131 Videns
653 1107 697 1140 ergo
712 1106 733 1130 se
748 1106 772 1130 ex

72 1149 159 1191 pastorali
168 1159 211 1183 eura
218 1160 239 1184 ac
247 1147 262 1183 si
271 1150 353 1183 cathenis
361 1150 470 1192 quibusdam
481 1149 543 1184 seculo
551 1149 624 1190 innecti,
632 1148 655 1182 ab
666 1148 695 1182 his
702 1148 771 1182 absolui
782 1159 799 1189 ¹5

73 1206 91 1234 et
101 1201 198 1235 exonerari
209 1200 293 1236 studuitt
301 1201 355 1235 Vnde
365 1201 423 1236 eleeto
434 1213 444 1236 a
456 1212 477 1236 se
487 1202 554 1235 idoneo
565 1200 667 1236 successori
675 1200 772 1235 ecclesiam

74 1256 211 1296 commendans
219 1255 311 1298 quoddam
319 1265 352 1288 sue
361 1255 439 1288 diocesis
447 1255 578 1288 monasterium
586 1254 676 1298 expetiit³.
721 1245 773 1288 Con·

72 1305 112 1349 tigit
118 1306 167 1340 enim
177 1312 196 1340 vt
208 1316 259 1341 mare
269 1307 380 1341 monasterio
389 1307 505 1352 proximum⁴
516 1318 526 1341 e
538 1308 598 1341 medio
608 1307 659 1341 sinus
668 1306 696 1340 sui
707 1316 772 1351 rupem

72 1365 144 1393 vastam
162 1360 303 1403 prominentem,
318 1360 376 1394 instar
394 1360 497 1394 habitabilis
515 1360 575 1394 insule
593 1365 698 1400 ostentaret,
717 1370 772 1402 quarn

73 1422 177 1446 marmoree
192 1412 276 1446 soliditati
288 1412 402 1454 innitentem,
414 1422 465 1446 mare
476 1412 528 1456 quasi
540 1412 558 1445 in
571 1412 610 1456 giro
623 1411 742 1446 concludebat
755 1417 772 1445 et
782 1422 801 1444 ιο

74 1464 124 1497 nullo
139 1464 187 1498 inter
202 1475 222 1499 se
238 1464 400 1509 compugnantium
415 1458 503 1499 fluctuum
517 1465 590 1500 turbine
607 1465 711 1509 quassabat.
739 1464 774 1499 Vir

74 1523 134 1551 autem
146 1517 180 1559 dei,
189 1529 225 1551 vno
236 1523 306 1551 tantum
318 1518 384 1551 comite
394 1523 491 1552 contentus
502 1518 544 1551 illuc
555 1528 664 1562 properans,
674 1523 772 1561 angustam

74 1569 109 1602 sibi
117 1569 136 1602 in
141 1574 194 1613 petra
198 1570 313 1603 mansionem
319 1570 398 1611 excidit3
409 1575 427 1603 et
435 1580 476 1604 curn
484 1581 532 1614 aque
539 1570 617 1613 penuria
624 1570 720 1609 laboraret,
728 1570 775 1602 susis

75 1632 116 1656 cum
125 1622 224 1665 lachrymis
233 1623 256 1656 ad
265 1623 319 1656 deum
327 1622 419 1666 precibus,
427 1623 492 1657 baculo
499 1632 565 1667 rupem
573 1623 675 1667 percussit:
688 1627 705 1657 et
713 1621 774 1657 statim

73 1674 140 1709 stillam
152 1674 299 1720 limpidissimam
311 1675 402 1710 desudare
409 1675 459 1710 vidit.
482 1676 503 1710 In
513 1675 544 1710 illo
553 1676 602 1710 enim
612 1676 658 1718 loco,
668 1686 679 1709 a
689 1675 775 1709 fratribus
785 1685 802 1715 ²5

74 1728 141 1770 exciso,
149 1734 223 1763 centum
231 1729 322 1773 octoginta
329 1734 370 1763 octo
378 1729 443 1763 iratres
454 1730 576 1774 congregauit.
599 1730 622 1763 Et
634 1729 676 1772 quia
685 1729 737 1762 locus
744 1728 775 1761 ille

74 1787 124 1815 tante
137 1781 247 1815 multitudini
258 1782 314 1815 nimis
325 1788 414 1824 angustus
425 1787 484 1824 esset3
500 1793 541 1815 cum
553 1792 604 1815 mare
616 1781 646 1815 die
660 1781 738 1825 quadam
751 1791 775 1815 ex

75 1844 126 1867 more
137 1834 156 1867 in
168 1833 229 1866 sinum
240 1834 336 1868 recederet
347 1839 365 1867 et
377 1834 468 1875 reflueret,
480 1839 498 1868 et
508 1838 579 1867 vastam
591 1832 700 1867 arenarum⁶
711 1843 775 1876 super·

75 1886 136 1919 ficiem
148 1885 223 1930 proprio
235 1896 310 1919 recessu
321 1887 420 1930 detegeret,
432 1886 461 1919 vir
472 1886 502 1919 dei
513 1886 555 1918 illuc
566 1885 643 1919 accessit
656 1891 674 1918 et
688 1885 774 1928 pastorali

49 1970 52 1976 ,
75 1938 126 1981 virga
137 1948 213 1973 arenam
224 1944 307 1982 tangenS,
315 1949 357 1973 cum
366 1948 432 1983 magna
441 1939 507 1973 fiducia
519 1938 575 1973 dixit:
588 1938 621 1971 ‘In
632 1937 707 1971 nomine
719 1937 775 1972 Ihesn
784 1947 804 1977 ³⁰

76 1991 148 2033 Christi,
164 1991 225 2036 accipe
240 1991 357 2026 interdictum
372 2003 408 2035 quo
423 1991 456 2026 tibi
471 1992 520 2026 idem
536 1991 621 2025 dominus
635 1990 709 2025 termini
721 1989 776 2024 huins

75 2044 167 2078 interdicit
175 2051 316 2089 transgressum.
336 2045 396 2090 Ipsius
404 2044 509 2079 auctoritate
517 2045 576 2088 legem
584 2043 615 2078 tibi
623 2043 712 2084 describo,
720 2054 775 2086 quam

76 2098 181 2133 testamenti
194 2096 234 2133 vice
246 2103 304 2132 ratam
320 2103 390 2133 statuo:
408 2104 428 2133 vt
441 2096 507 2133 fluctus
519 2097 545 2131 tui
557 2097 701 2131 intumescentes
714 2095 732 2129 in
746 2096 776 2130 tel

76 2150 168 2193 resileant,
180 2150 228 2185 etin
241 2157 259 2185 te
272 2151 397 2185 remanend0³
410 2150 484 2196 penitus
496 2150 612 2194 dispereant.¹
636 2149 691 2189 Dixit,
703 2153 721 2182 et
733 2159 776 2182 mox

76 2204 188 2238 elementum
196 2204 252 2238 maris
259 2204 337 2248 imperio
345 2204 404 2248 paruit
412 2204 479 2238 diuino.
495 2203 573 2238 Videres
581 2201 691 2237 indomabile
699 2201 776 2246 pelagus
785 2205 804 2237 35

76 2256 160 2300 mitigari,
175 2262 286 2300 potestatem
301 2269 370 2299 arcere,
383 2257 463 2302 impetus
478 2257 563 2299 retinere,
575 2263 656 2290 tumores
671 2256 776 2299 deponere:

77 2314 163 2344 statutum
177 2309 213 2343 sibi
225 2310 323 2344 terminum
337 2310 440 2355 transgredi
452 2321 489 2344 non
502 2319 617 2354 presumens.
663 2301 714 2343 Cum
727 2308 777 2342 enim

77 2355 176 2406 discipulos
188 2372 231 2397 suos
243 2363 266 2397 ad
278 2363 369 2407 quendam
381 2363 442 2397 locum
454 2363 539 2403 misisset,
553 2366 572 2396 et
585 2360 666 2395 maxima
679 2359 742 2404 pluuia
754 2361 777 2394 de

77 2415 116 2449 celo
128 2416 205 2455 caderet,
217 2415 287 2450 meritis
300 2416 358 2451 sancti
373 2415 455 2450 Gudwali
469 2416 499 2450 via
514 2425 548 2458 per
561 2424 615 2458 quam
628 2413 739 2447 incedebant
754 2414 777 2447 ab

97 2487 102 2504 ¹
112 2487 193 2525 Abridged
200 2488 240 2517 from
247 2489 276 2518 the
282 2488 319 2519 Vita
326 2489 342 2518 in
351 2489 413 2528 (Surius
420 2488 459 2527 and)
465 2488 500 2517 Act.
508 2487 537 2517 SS.
545 2487 585 2517 Boll.
594 2487 635 2516 lune
643 2486 654 2517 l.
661 2497 676 2526 p.
686 2487 724 2523 71&
734 2496 779 2516 some

77 2527 247 2559 miraclesareadded.
295 2527 329 2559 ²T.
338 2529 443 2559 imbuendum.
490 2528 524 2557 ³T.
532 2528 607 2565 expediit.
657 2527 692 2556 ⁴T.
701 2528 778 2565 proximo.

77 2567 82 2584 ⁵
93 2567 112 2598 T.
120 2567 219 2599 harenarum.
259 2567 306 2599 ⁰Vil,
315 2568 356 2598 inde.
397 2568 403 2585 ⁷
414 2568 444 2597 Vit.
452 2567 542 2598 remeando.
