1762 2803
123 134 167 176 432
231 161 232 164 η
315 118 634 182 unbauranamma.

91 256 93 259 ·
123 242 238 283 luctamenta,
247 241 278 285 qui
286 253 320 275 nec
328 253 364 275 uno
372 241 402 275 die
410 253 519 285 aggressum
528 242 586 286 ipsius
595 247 669 286 portare
680 241 760 286 potuisti.
784 242 824 278 Hoc

124 300 186 328 autem
198 295 231 327 tibi
244 295 318 336 contigit
330 293 373 336 quia
384 293 470 327 iuuenem
483 294 534 328 illum
547 300 662 337 temptatum,
674 306 716 329 curn
728 295 824 331 debuisses

124 359 167 383 eurn
182 352 245 382 contra
258 347 324 380 diaboli
337 351 431 380 certamen
446 346 507 381 uerbis
523 346 648 381 consolatoriis
661 346 749 389 animare,
763 345 782 381 in
795 347 825 382 de-

125 401 251 443 speracionem
261 399 332 439 misisti,
341 410 377 432 non
386 400 468 443 cogitans
476 401 584 434 arundinem
594 406 699 444 quassatam
709 411 746 433 non
758 402 826 435 debere

107 452 219 496 5coniringi.
243 452 302 486 Nemo
318 451 367 485 enirn
387 451 435 486 ferre
454 452 526 496 potest1
545 452 622 487 insidias
640 452 746 495 aduersarii,
765 463 825 496 neque

124 506 217 541 bullientis
235 510 300 539 nature
318 505 381 549 ignem
400 507 514 549 extinguere,
529 506 564 540 nisi
583 506 613 540 dei
632 507 692 551 gracia
707 512 826 541 conseruaret

123 559 248 592 infirmitatem
259 562 351 601 nostram3
364 559 431 601 quam²
440 558 488 592 circa
500 569 534 592 nos
547 560 622 593 salutari
632 560 773 603 dispensacione
785 569 825 594 ora-

123 612 206 646 cionibus
214 609 308 645 dominum
316 611 442 654 deprecemur,
449 616 468 644 ut
475 616 493 645 et
500 612 599 646 aduersum
605 617 623 646 te
630 611 727 646 dimissum
733 612 825 655 flagellum

123 666 205 699 auertat’
233 664 257 698 Et
267 663 313 698 facta
325 663 415 705 oracione,
423 664 446 698 ab
457 663 507 698 illato
519 664 554 698 sibi
565 664 613 699 bello
625 675 683 700 senex
695 664 726 699 ille
737 664 825 699 liberatus

97 724 116 746 10
124 718 164 762 est]

202 813 215 849 ll
227 804 260 847 DE
267 821 338 846 SANCTO
347 804 479 846 ETHELWOLDO
487 822 574 846 Episcopo
582 823 605 846 ΕΤ
613 823 730 847 CONFESSORE
737 812 747 846 Β.

166 892 215 925 Rant
226 890 275 924 enirn
287 895 373 933 parentes
383 890 441 924 sancti
450 890 559 924 Ethelwoldi
567 901 591 925 ex
598 890 677 934 ingenua
685 891 825 925 christianorum

187 942 289 987 propagine
301 942 377 984 oriundi,
385 942 478 977 Wentane
489 943 566 977 ciuitatis
577 943 646 986 vrbani,
655 949 738 987 tempore
748 945 825 978 senioris

125 996 212 1030 Edwardi
221 994 270 1039 regis
280 994 383 1037 Anglorum
395 996 493 1036 florentes;
505 996 524 1029 in
535 996 626 1030 mandatis
637 996 735 1040 [domini]4
746 997 826 1032 fideliter

124 1049 250 1085 incedebant⁵.
280 1047 333 1083 Felix
348 1048 387 1082 eius
402 1047 483 1093 genitrix
498 1059 540 1082 cum
555 1059 598 1083 eum
613 1048 632 1082 in
646 1054 698 1084 vtero
716 1053 825 1095 conceptum

98 1119 116 1149 15
125 1107 201 1147 gereret,
209 1104 320 1146 intempesta
331 1107 384 1136 nocte
396 1100 501 1146 sompnium
508 1101 558 1137 vidit.
580 1101 646 1137 Visum
659 1114 739 1148 namque
751 1103 785 1137 sibi
797 1108 826 1137 est

125 1168 146 1190 se
154 1168 187 1199 pre
195 1156 264 1188 foribus
273 1156 338 1188 domus
349 1165 382 1187 sue
393 1155 465 1196 sedere,
476 1160 494 1188 et
504 1154 596 1188 obtutibus
607 1155 646 1189 suis
656 1157 722 1190 adesse
733 1157 825 1200 quoddam

125 1210 203 1244 sublime
216 1208 309 1249 vexillum,
320 1208 372 1242 cuius
386 1208 482 1242 summitas
494 1208 554 1241 celum
566 1213 641 1252 tangere
653 1209 760 1242 videbatur:
777 1209 825 1253 quod

125 1273 147 1295 se
157 1261 260 1295 inclinando
272 1261 350 1293 honeste
362 1261 385 1293 ad
396 1266 471 1302 terram,
481 1260 595 1294 fimbriarum
606 1271 681 1295 suarum
689 1261 781 1296 velamine
792 1261 826 1295 cir-

124 1313 218 1347 cumdedit
228 1312 366 1355 impregnatam,
377 1311 503 1356 rursum[que]
517 1322 594 1355 procera
605 1312 699 1347 altitudine
711 1318 797 1353 erectum,
808 1318 826 1347 et

98 1365 232 1404 zointlexibilil
248 1363 345 1398 stabilitate
360 1364 461 1406 robustum,
476 1365 537 1408 ipsum
552 1365 601 1399 vnde
616 1364 738 1399 inclinabatur
753 1365 826 1410 repetiit

124 1420 189 1453 celum.
217 1417 350 1461 Expergefacta
361 1423 422 1450 autem
434 1418 504 1459 mulier,
516 1428 580 1451 rursus
592 1428 660 1461 sopore
671 1418 790 1462 deprimitur;
808 1423 826 1452 et

124 1485 168 1507 ecce
175 1476 253 1516 repente
260 1470 305 1506 vidit
313 1482 337 1504 ex
345 1480 377 1504 ore
384 1481 418 1504 suo
426 1469 511 1514 prosilire
520 1475 538 1504 et
548 1470 621 1505 auolare
631 1471 683 1515 quasi
694 1482 768 1506 auream
779 1470 826 1506 mire

125 1524 255 1569 magnitudinis
266 1523 351 1566 aquilam,
362 1533 397 1567 que
407 1524 486 1557 volando
497 1529 561 1558 cuncta
571 1529 656 1558 wentane
667 1524 745 1559 ciuitatis
754 1525 826 1559 edificia

125 1578 193 1612 auratis
205 1586 308 1620 pennarum
320 1575 402 1619 remigiis
414 1575 534 1617 obumbrauit,
548 1580 566 1609 et
581 1576 600 1610 in
612 1576 648 1610 alta
660 1577 742 1611 celorum
755 1588 775 1611 se
789 1577 826 1611 ele-

98 1647 116 1676 ²5
124 1632 185 1665 uando
196 1629 290 1673 disparuit.
333 1621 408 1662 Accidit
419 1629 468 1662 enim
480 1629 559 1672 quadam
571 1628 661 1673 solempni
673 1629 708 1671 die,
720 1641 761 1664 cum
774 1641 826 1664 more

125 1684 178 1716 solito
193 1682 255 1714 nutrix
270 1681 318 1713 illius
333 1682 357 1713 ad
372 1682 469 1714 ecclesiam
489 1692 567 1723 pergere
586 1687 604 1715 et
623 1682 700 1716 orationi
720 1682 826 1721 incumbere

125 1733 242 1775 decreuisset,
250 1737 288 1766 tam
299 1731 378 1766 validam
391 1731 497 1766 inundantis
508 1732 570 1776 pluuie
581 1737 710 1777 tempestatem
722 1743 826 1777 erumpere,

124 1793 143 1823 vt
155 1792 207 1822 extra
216 1786 250 1820 loci
261 1786 318 1820 limen
326 1785 357 1820 vbi
366 1796 444 1830 puerum
453 1787 532 1829 tenebat,
541 1787 609 1831 pedem
622 1797 697 1821 mouere
708 1797 746 1821 non
757 1792 826 1831 posset.

124 1841 165 1882 Que
177 1840 221 1873 dum
232 1849 306 1873 merens
318 1839 433 1872 amarissime
445 1839 502 1880 fieret,
511 1844 565 1883 caput
576 1839 669 1873 humiliter
681 1839 825 1883 omnipotentem

96 1893 219 1939 30d0n1inum
228 1896 312 1935 rogatura
323 1890 425 1926 declinauit.
456 1890 479 1926 Et
490 1902 539 1936 ecce,
549 1891 618 1925 nullam
630 1891 732 1927 molestiam
744 1896 826 1938 tempes-

123 1947 166 1982 tatis
179 1945 267 1988 senfiens,
279 1945 339 1979 subito
352 1944 428 1979 inuenta
440 1949 468 1978 est
480 1956 522 1979 cum
534 1945 623 1979 infantulo
636 1946 704 1980 sedens
716 1947 735 1979 in
749 1947 826 1981 ecclesia

124 2012 179 2044 quam
192 1998 242 2032 adire
256 1997 369 2041 disponebat,
381 2002 400 2031 et
413 1998 461 2041 quod
474 1998 524 2032 nulla
537 1998 607 2032 ratione
619 1999 695 2032 credere
706 1999 795 2043 potuisset
806 2004 826 2034 vt

124 2054 182 2094 fieret,
194 2051 261 2085 factum
274 2051 395 2084 vehementer
408 2052 487 2094 expauit.
533 2043 584 2085 Cum
597 2055 658 2084 autern
672 2052 760 2085 creuisset
773 2063 825 2096 puer,

125 2107 202 2140 traditus
210 2110 239 2138 est
247 2104 304 2137 sacris
312 2103 376 2136 litteris
383 2103 499 2136 imbuendus.
523 2103 567 2136 Erat
577 2103 627 2136 enim
638 2108 702 2137 natura
710 2103 763 2147 agilis
771 2110 826 2148 atque

96 2171 115 2202 35
124 2164 188 2194 acutus
201 2155 280 2199 ingenio,
291 2155 316 2189 ita
329 2161 348 2190 vt
361 2155 446 2199 quicquid
458 2155 551 2196 didicerat,
562 2156 622 2189 tenaci
633 2156 722 2190 memorie
733 2167 826 2190 commen-

124 2214 181 2245 daret.
209 2210 256 2243 Cum
271 2214 333 2243 autem
348 2208 464 2249 adoleuisset,
480 2213 498 2242 et
514 2208 582 2241 samam
597 2208 636 2241 eius
656 2209 774 2243 Ethelstanus
792 2220 826 2244 rex

124 2265 211 2303 audisset,
219 2272 261 2295 eum
269 2261 378 2294 festinanter
389 2259 486 2293 accersiri⁷
496 2261 584 2304 precepit,
593 2266 611 2294 et
621 2272 685 2295 secum
695 2273 771 2296 manere
778 2262 825 2296 iecit.

94 2315 96 2319 ⁴
124 2316 205 2351 Demum
215 2314 290 2348 iubente
300 2324 344 2357 rege
356 2313 378 2346 ad
389 2312 467 2356 gradum
478 2313 574 2347 sacerdotii
584 2319 679 2357 promotus
690 2320 723 2348 est.
746 2315 826 2359 Contigit

124 2371 174 2405 enim
181 2374 224 2401 tunc
233 2367 337 2412 Elphegurn
345 2366 453 2410 episcopum
462 2365 558 2400 ordinasse
568 2366 622 2401 simul
631 2367 754 2410 Dunstanum,
763 2368 825 2402 Ethel-

96 2436 116 2466 40
123 2424 209 2464 woidum,
228 2426 246 2455 et
265 2421 358 2465 quendam
376 2420 465 2454 vocabulo
484 2419 618 2455 Ethelstanum.
648 2421 744 2464 Completa
765 2427 826 2456 autem

144 2488 192 2518 1VP,
201 2491 261 2525 posset.
321 2485 369 2517 ²VP.
377 2495 428 2524 quern.
494 2484 591 2524 ³tibridged
597 2486 637 2517 from
644 2487 671 2518 the
678 2487 715 2517 Vita
724 2487 746 2524 by
752 2487 826 2517 Wolstan

124 2531 141 2558 in
148 2528 225 2557 Mabillon
232 2528 251 2557 V.
259 2528 293 2565 596,
301 2527 337 2557 Act.
346 2527 375 2556 SS.
384 2526 423 2555 Boll.
431 2526 472 2562 Aug.
480 2526 491 2555 l.
497 2535 512 2563 p.
518 2527 542 2562 89.
666 2526 672 2544 ⁴
682 2537 701 2556 so
706 2528 733 2563 T.;
744 2537 774 2557 om.
783 2528 799 2556 in
807 2528 826 2556 E.

124 2571 131 2587 ⁵
141 2578 153 2598 r.
160 2568 257 2597 incedentes.
297 2565 303 2582 ⁶
314 2567 331 2595 Ε,
339 2565 429 2594 inflexibile,
470 2565 476 2582 ⁷
486 2565 505 2595 E.
510 2565 588 2596 accerciri,
