1762 2803
186 146 232 202 mc
247 144 346 200 sonan
362 145 466 209 hugone
482 145 599 208 cottana.
714 160 743 203 47

42 268 117 312 cipiens‚
125 267 144 302 in
155 279 221 312 magna
230 269 268 303 vite
279 268 374 303 sanctitate
382 273 400 303 et
408 267 519 303 abstinentia
528 268 563 302 deo
572 266 649 311 iugiter¹
662 266 744 301 ser-uiuit.

43 315 93 357 Cum
107 321 157 355 enirn
169 332 203 355 rex
214 322 282 365 Anglie
296 322 399 356 Richardus
412 326 475 355 contra
489 330 553 364 regem
565 319 642 356 Francie
655 319 674 354 in
686 320 742 354 rebus

42 373 113 408 bellicis
124 379 223 418 occupatus
235 374 310 416 suisset,¹
318 379 336 408 et
348 372 446 407 diffinitum
458 379 507 408 esset
518 378 538 407 vt
547 372 618 418 prelati,
632 371 714 415 comites,
724 377 743 408 et

42 428 122 462 barones
130 431 222 462 trecentos
228 426 295 462 milites
303 426 322 462 in
330 427 419 472 expensis
425 427 464 462 suis
470 438 505 472 per
510 437 579 462 annum
585 426 624 471 regi
629 426 744 467 exhiberent,

42 480 120 516 asseruit
135 487 240 516 constanter
252 482 280 516 vir
296 481 332 524 dei,
344 481 484 515 lincolniensem
497 480 594 515 ecclesiam
609 481 632 515 ad
647 479 762 523 seruitium5

42 533 120 569 militare
128 534 203 568 domino
210 535 249 579 regi
258 535 383 569 exhibendum
394 534 454 568 solum
462 534 480 568 in
488 539 537 568 terra
545 533 613 578 Anglie
620 533 685 575 teneri,
693 538 745 568 extra

42 597 120 631 regnum
131 588 188 622 vero²
198 587 224 621 nil
236 589 271 621 tale
282 588 306 621 ab
317 598 340 621 ea
350 586 419 620 deberi.
442 586 463 620 ld
474 586 535 631 ipsum
543 596 587 621 vero
599 584 745 621 sarisbiriensis⁸

42 639 140 684 episcopus
159 639 210 674 dixit.
240 640 293 683 Quod
312 650 354 674 curn
372 640 396 674 ab
414 639 553 682 archiepiscopo
572 638 662 677 Hubeno.
677 638 744 683 Anglie

43 693 124 733 custode,
132 693 171 736 regi
182 693 259 727 relatum
269 697 325 735 esset,
332 703 366 727 rex
377 691 396 726 in
408 690 435 726 ira
446 693 477 726 et·
490 692 551 726 furore
560 703 627 736 magno
639 692 745 736 omniaque

42 745 124 789 episcopi
135 750 193 789 erant,
201 746 305 791 quantotius
316 745 370 780 iussit
379 745 481 787 confricari,
489 745 641 780 saresbiriensem
649 755 694 779 vero
701 755 744 789 pro·
756 758 774 780 ro

43 798 102 833 scribi.
125 798 147 832 In
159 810 190 833 res
202 809 247 833 vcro
258 799 292 834 vin'
305 798 334 833 dei
350 809 405 833 nemo
419 798 533 843 presumpsit
547 808 615 833 manus
630 798 744 833 extendere:

42 852 86 885 dum
94 856 112 885 et
120 851 209 886 offensam
217 852 257 886 eius
264 851 362 894 metuuntl,
369 857 387 886 et
395 852 492 886 anathema
500 851 548 886 illius
555 851 608 896 quasi
614 850 692 897 capitale
700 861 745 896 sup-

42 905 114 951 plitium
125 905 249 940 reformidant
271 905 302 940 Ad
311 916 375 949 regem
387 906 462 940 tandem
474 907 570 947 accedens,
581 911 599 939 et
613 915 655 940 eum
667 904 744 939 missam

42 960 147 995 andlentem
155 959 258 1001 inueniens,
264 959 349 994 salutauit
357 970 405 994 eum.
421 958 464 1003 lpse
470 969 514 993 vero
520 959 597 993 verbum
604 969 641 993 non
650 957 746 1002 respondit

43 1013 64 1052 ei,
73 1014 105 1047 sed
115 1024 155 1046 cum
167 1013 218 1046 illum
227 1022 328 1056 parumper
338 1011 396 1045 toruis
407 1012 472 1047 suisset
483 1011 552 1046 oculis⁰
559 1011 641 1052 intuitus,
649 1010 714 1046 taciem
722 1011 745 1046 ab
756 1023 760 1044 ι
764 1023 773 1052 5

43 1076 64 1100 eo
72 1064 143 1100 auertit.
165 1065 199 1100 Cui
207 1065 306 1110 episcopus
314 1070 419 1100 constanter
426 1065 450 1099 ait
457 1077 462 1100 :
474 1065 513 1099 ‘Da
521 1066 566 1099 mihi
573 1065 663 1107 osculum,
670 1064 745 1099 domine

43 1120 86 1153 rex!
98 1118 134 1161 Qui
141 1118 199 1164 tnagis
207 1118 272 1154 auertit
280 1123 374 1163 aspectum
382 1118 406 1153 ab
412 1129 440 1160 eo,
445 1118 553 1164 vultumque
561 1124 579 1153 et
585 1123 639 1163 caput
646 1119 666 1153 in
674 1123 745 1163 partem

43 1172 96 1207 aliam
104 1173 206 1207 declinauit.
228 1173 280 1207 Tunc
292 1172 390 1217 episcopus
401 1172 449 1206 circa
459 1178 524 1216 pectus
532 1178 603 1207 vestem
615 1172 663 1207 illius
675 1172 746 1206 sortiter

43 1226 176 1270 constringens,
182 1225 249 1261 iterum
257 1224 314 1260 dixit:
327 1224 425 1260 ‘Osculum
434 1224 478 1259 mihi
485 1225 552 1259 debes:
564 1225 606 1269 quia
615 1226 638 1259 de
645 1224 745 1269 longinquo

43 1279 65 1313 ad
73 1283 92 1312 te
99 1279 164 1312 venio?
186 1278 238 1312 Tunc
246 1289 279 1312 rex
287 1279 322 1312 ait:
334 1277 386 1312 ‘Non
394 1277 578 1313 meruistivtosculer
585 1278 613 1312 te.¹
637 1277 673 1320 Qui
681 1277 746 1312 fortius
756 1294 775 1315 ac

43 1331 149 1366 concutiens
161 1342 203 1365 eum
215 1341 250 1375 per
258 1341 328 1375 capam,
336 1340 391 1375 quarn
403 1330 465 1366 stricta
477 1330 551 1365 tenebat
562 1341 624 1367 manu,
631 1331 747 1365 confidenter

44 1384 89 1418 dixit
96 1396 100 1418 :
113 1384 183 1417 ‘Immo
191 1384 270 1426 merui'3
283 1389 301 1418 et
308 1382 373 1418 adiecit
381 1382 480 1418 ‘Osculare
489 1385 528 1418 nie!
546 1383 598 1418 Tunc
606 1383 637 1418 ille
645 1384 746 1419 admiratus

44 1436 129 1471 fiduciam
147 1437 255 1479 constantie,
273 1436 404 1482 paululumque
422 1436 526 1479 subridens,
540 1437 633 1472 osculatus
651 1442 679 1472 est
698 1448 746 1472 eum.

44 1491 127 1525 Aderant
138 1491 188 1524 enim
200 1491 225 1524 ibi
233 1491 269 1524 duo
277 1490 414 1534 archiepiscopi,
423 1494 441 1524 et
453 1489 534 1535 episcopi
542 1490 635 1535 quinque:
647 1500 694 1534 quos
705 1490 746 1536 ipse

44 1544 112 1578 directe
129 1542 253 1588 pertransiuit,
265 1542 350 1587 quamuis
363 1543 381 1577 ei
396 1543 456 1578 locum
470 1549 573 1588 parassent,
585 1554 607 1578 ac
622 1554 677 1579 secus
688 1554 745 1578 cornu
756 1560 774 1590 ²5

44 1595 746 1641 altarisgressumfigens‚demissisinterramluminibusdiuinorumtantum·

44 1650 98 1684 modo
105 1648 221 1683 celebrationi
229 1648 311 1682 animum
315 1647 427 1683 intendebat.
450 1648 510 1691 Quem
516 1649 587 1683 interea
593 1659 627 1684 rex
635 1660 673 1684 non
681 1659 746 1694 parum

44 1702 115 1737 curioso
123 1706 142 1736 et
148 1712 197 1745 pene
205 1700 291 1735 continuo
297 1706 373 1745 aspectu
378 1701 510 1736 considerabat.
530 1701 553 1735 Et
559 1712 601 1735 cum
606 1702 657 1746 pacis
664 1703 747 1737 osculum

45 1755 130 1789 sacerdos
140 1754 212 1788 cuidam
223 1753 305 1788 dedisset
315 1752 460 1799 archiepiscopo,
470 1753 501 1798 qui
513 1754 552 1799 regi
563 1764 628 1799 pacem
640 1753 746 1789 oblaturus⁷

45 1812 99 1848 esset,
109 1816 143 1842 rex
154 1806 171 1841 ei
182 1817 241 1850 vsque
253 1807 275 1840 ad
287 1807 355 1851 gradus
367 1807 432 1842 obuius
443 1807 540 1851 processit,
552 1811 685 1853 sumptumque
695 1808 747 1853 pacis
756 1822 775 1853 30

45 1866 119 1906 accepte
126 1859 199 1905 signum
208 1870 249 1895 cum
259 1859 323 1895 humili
335 1860 439 1896 reuerentia
447 1861 534 1906 episcopo
544 1860 659 1896 lincolniensi
668 1872 703 1906 per
709 1862 747 1897 oris

45 1914 72 1948 sui
85 1915 167 1949 osculum
181 1913 275 1958 porrexit:
290 1913 366 1958 Itaque⁸
377 1925 464 1959 princeps
477 1914 612 1949 illustrissimus
623 1915 747 1950 venerationis

45 1968 158 2011 obsequium,
172 1968 220 2010 quod
236 1966 272 2000 sibl
286 1967 436 2010 archiepiscopus
451 1967 524 2001 deleme
535 1967 617 2011 parabat,
628 1966 669 2011 ipse
686 1967 748 2011 potius

45 2019 131 2064 episcopo
141 2024 205 2054 sancto
215 2019 303 2053 exhibere
311 2018 385 2053 studuit.
408 2019 454 2054 Cum
462 2030 507 2053 vero
514 2025 556 2063 post
564 2019 641 2053 missam
648 2031 707 2064 pauca
714 2021 747 2054 sed

45 2071 102 2114 sortia,
115 2073 164 2116 quod
177 2072 196 2105 in
209 2072 260 2105 illum
273 2071 318 2104 nihil
330 2071 438 2114 deliquisset
454 2070 534 2105 euidenti
548 2071 618 2105 ratione
630 2072 747 2114 ostendisset,
756 2085 775 2117 ,35

46 2124 117 2159 retorsit
126 2135 159 2159 rex
168 2124 237 2158 crimen
245 2123 315 2158 offense
323 2122 341 2157 in
349 2122 512 2168 archiepiscopum,
520 2124 552 2170 qui
563 2124 598 2159 sibl
609 2118 632 2160 de
642 2136 665 2160 co
673 2124 748 2161 sinistra

45 2187 90 2223 sepe
98 2182 215 2223 suggesserat
220 2176 231 2211 ⁰.
247 2176 319 2212 Placato
326 2176 387 2222 itaque
395 2188 444 2222 rege,
452 2178 569 2222 apprehensa
577 2189 632 2214 manu
640 2179 680 2214 eius
686 2191 697 2215 a
703 2181 748 2215 sede

46 2242 78 2266 sua
89 2232 150 2276 ipsum
162 2231 237 2266 eleuans
249 2230 338 2275 pertraxit
351 2241 435 2266 seorsum
447 2242 506 2276 vsquc
519 2234 543 2267 ad
556 2233 617 2275 altare,
630 2232 693 2278 sicque
704 2243 747 2268 eum

46 2284 134 2320 secretius
142 2284 245 2328 alloquutus
253 2289 293 2318 est:
301 2283 384 2325 ‘Nosten
392 2284 455 2328 inquit,
463 2285 585 2328 parochianus
593 2284 620 2327 es,
626 2287 700 2322 domine
708 2297 747 2328 rex,

46 2338 134 2382 nobisque
142 2336 230 2371 incumbit
237 2346 272 2380 pro
279 2336 340 2371 anima
347 2342 384 2378 tua,
392 2348 446 2381 quarn
454 2336 541 2372 dominus
547 2348 612 2374 cruore
622 2349 657 2373 suo
664 2338 748 2380 redemit,
756 2352 776 2380 40

46 2389 64 2423 in
76 2391 173 2425 tremendo
184 2389 251 2424 iudicio
259 2390 379 2433 respondere.
401 2390 448 2424 Volo
459 2390 514 2433 igitur
523 2390 568 2424 mihi
580 2392 630 2425 dicas
638 2391 716 2435 qualiter
727 2401 748 2425 se

46 2441 111 2477 habeat
122 2447 181 2477 status
192 2441 269 2476 interior
276 2442 337 2477 anime
346 2448 382 2481 tue.
389 2448 409 2477 vt
419 2442 513 2483 auxilium,
520 2448 575 2486 prout
586 2453 667 2487 superna
678 2443 748 2487 aspira-

46 2495 92 2529 uerit
99 2495 162 2539 gratia,
170 2494 240 2538 possim
248 2494 346 2529 adhibere!
369 2495 403 2530 Cui
414 2505 455 2530 cum
466 2505 500 2530 rex
511 2494 642 2531 conscientiam
652 2506 704 2531 suam
712 2496 748 2531 sibi

65 2562 204 2602 ¹T.iuglterdeo.
239 2563 274 2594 1Τ.
282 2568 391 2596 extraveror.
431 2563 531 2597 'aaaron
571 2564 659 2596 ‘Betim
701 2565 748 2596 tun.

47 2603 175 2635 metincurrerc.
202 2604 303 2637 ‘Boculus
330 2603 453 2636 'stallaturus
481 2605 555 2637 'alita
582 2606 738 2645 ⁹atsuggessisset.
