1762 2803
114 133 158 179 710
368 118 494 181 astenoit
511 120 556 166 111.

113 243 182 285 nauigio
195 243 260 276 ueniret
273 243 291 275 in
296 241 438 275 ‘insulam-alias
449 240 495 275 enim
506 251 541 274 non
553 246 619 284 poterat
630 240 693 275 uenire.
716 239 783 283 Quibus
794 240 816 274 de

114 294 161 326 scafa
173 292 277 333 exeuntibus,
291 291 380 325 Wilsridus
394 292 437 324 duas
451 290 532 332 manicas,
545 291 607 335 quibus
620 302 642 325 eo
654 298 732 334 tempore
743 291 767 325 uti
778 301 816 325 mos

114 350 155 384 erat,
169 343 186 376 in
198 342 245 377 scafa
255 342 324 376 dimisit.
353 343 417 376 Beatus
428 347 485 376 autem
497 342 597 385 Guthlacus,
608 342 650 376 dum
661 342 678 376 in
690 341 764 379 oratorio
775 353 816 376 con·

114 393 221 436 templationi
237 400 309 433 uacaret,
323 392 383 435 spiritu
395 398 455 426 sancto
470 398 573 435 suggerente
584 392 668 435 cognouit,
684 392 764 426 aceruis
779 392 816 427 illas

97 444 158 484 5duas
172 443 249 477 manicas
262 444 350 485 asportari.
378 444 456 485 Cumque
470 443 493 476 illi
509 444 543 476 duo
558 444 589 476 uiri
602 443 666 476 Christi
678 443 761 476 famulum
773 443 817 476 salu·

114 499 192 534 tassent3
203 493 263 526 habita
271 493 315 526 inter
323 503 353 525 eos
364 492 433 526 modica
444 493 536 526 collatione
546 494 642 535 uerborum,
651 499 720 528 sanctus
728 492 753 527 eis
762 493 817 527 Guth-

115 544 163 579 lacus
174 544 285 578 denunciauit
298 544 342 577 duos
355 554 417 578 coruos
427 544 509 579 detulisse
520 544 538 578 in
549 546 621 587 predam
632 545 675 578 duas
686 543 764 578 manicas
775 554 818 587 quas

115 595 133 629 in
141 595 198 629 cimba
208 594 313 628 dimiserant.
336 595 452 637 Egrediuntur
463 595 514 638 igitur
524 595 576 628 ambo
586 601 604 628 ut
615 594 666 629 huius
675 595 699 629 rei
711 594 819 638 experiantur

115 652 197 680 euentum
205 656 209 679 ι
220 645 313 689 uidentque
318 656 388 679 coruum
394 646 411 679 in
417 645 486 687 fastigio
492 646 580 679 cuiusdam
587 646 650 692 domus
657 656 709 678 xnam
717 647 739 678 de
746 645 818 679 manicis

89 706 108 729 ιο
116 702 204 730 tenentem
219 695 236 728 in
253 696 327 737 pedibus
344 701 434 737 rostroque
448 695 544 728 uellentem
575 697 639 733 Beatus
654 695 706 728 etiam
723 694 819 727 Guthlacus
850 737 852 741 Α

115 745 212 788 egrediens,
220 745 296 789 precepit
308 755 360 778 coruo
370 750 388 778 ut
399 744 493 779 dimitteret
503 744 599 778 manicam:
612 754 663 787 quam
671 755 731 778 coruus
739 744 785 778 uelut
793 744 819 779 sui

117 797 197 831 conscius
210 796 290 836 criminis,
304 807 325 829 ae
339 801 405 829 reatum
416 806 489 838 purgare
501 794 589 835 festinans,
605 795 676 829 dimissa
687 796 755 829 manica
769 795 820 830 citius

117 847 198 881 auolauit.
221 847 278 887 Quam
289 856 328 878 cum
339 847 362 878 ad
373 857 392 879 se
402 844 490 878 Wilsridus
498 851 567 878 extenta
574 845 622 887 uirge
630 845 728 879 summitate
736 846 819 886 traxisset,

118 897 199 931 sollicitus
205 896 227 929 de
233 895 331 929 inuentione
338 895 418 929 alterius:
426 901 495 929 sanctus
501 895 517 929 ei
524 896 619 930 Gutblacus
626 896 682 939 ipsam
689 895 727 930 sine
734 896 820 930 dilacione

92 961 109 991 15
117 948 206 980 restituere
217 947 311 988 pollicetur.
334 948 373 979 Nec
385 956 434 978 mora
446 946 501 978 tribus
514 946 556 978 uiris
567 946 705 988 aduentantibus,
716 952 784 980 sanctus
795 947 820 980 eis

118 997 214 1031 Guthlacus
227 996 304 1029 occurrit.
332 995 366 1038 Qui
378 996 464 1029 manicam
476 995 491 1028 ei
506 997 602 1038 optulerunt
615 996 714 1031 inuentam:
731 1007 784 1039 quam
794 996 821 1029 uir

117 1048 178 1081 beatus
191 1047 257 1089 accepit
269 1052 321 1090 atque
333 1045 418 1087 Wiltrido,
431 1046 513 1079 celestem
525 1045 617 1080 admiranti
630 1046 711 1089 graciam,
722 1047 821 1090 resignauit.

118 1099 208 1131 Hactenus
219 1098 292 1131 latuerat
302 1097 372 1130 lucerna
383 1102 442 1130 nostra
453 1096 563 1130 submodio:
575 1097 606 1130 secl
614 1097 677 1131 diutius
686 1097 778 1130 ‘abscondi
786 1107 820 1131 non

98 1189 100 1193 y
118 1153 174 1190 potest
187 1147 248 1181 ciuitas
261 1157 314 1189 supra
325 1153 402 1179 montem
412 1146 478 1188 posita,'
486 1146 555 1189 iamque
566 1147 637 1181 uirtutes
648 1146 694 1180 beati
706 1147 792 1189 Guthlaci‚
800 1158 821 1180 eo

92 1212 111 1232 ro
118 1198 158 1232 licet
165 1198 225 1239 inuito,
233 1198 280 1231 sama
287 1196 369 1230 celebrior
376 1196 481 1239 publicabat.

217 1310 319 1352 QUALITER
330 1316 462 1343 numeniacum
473 1316 498 1341 ET
509 1316 600 1342 INSANUM
610 1315 726 1343 SANAUERIT.

161 1382 195 1415 Rat
209 1385 266 1414 autem
278 1379 295 1414 in
307 1379 420 1414 Orientalium
431 1380 527 1422 Anglorum
538 1379 600 1413 finibus
612 1379 679 1413 iuuenis
692 1380 762 1423 quidam
773 1374 822 1414 Huc·

182 1431 240 1464 tredus
250 1430 325 1471 nomine,
334 1441 369 1462 non
380 1430 452 1462 minima
462 1430 567 1471 ingenuitate
577 1431 682 1471 perspicuus.
705 1431 784 1472 Degebat
795 1430 823 1463 hic

120 1481 138 1515 in
149 1481 202 1515 domo
212 1485 302 1523 parentum
316 1489 391 1520 suorum,
403 1490 476 1522 quorum
487 1479 586 1513 reuerencie
599 1486 617 1513 et
629 1480 711 1523 obsequio
723 1480 782 1513 filiales
793 1491 824 1523 per

120 1531 178 1565 omnia
186 1530 277 1565 exhibebat
288 1529 365 1563 affectus.
388 1530 441 1571 Quod
450 1529 512 1563 uidens
523 1535 540 1564 et
552 1529 631 1563 inuidens
640 1530 708 1564 uirtutis
719 1530 798 1564 inimicus
806 1536 824 1563 et

94 1596 112 1625 25
121 1587 181 1615 auctor
194 1580 268 1619 malicie,
283 1580 356 1612 eundem
371 1581 464 1622 ingressus,
479 1580 524 1622 cepit
539 1590 579 1613 eum
596 1581 613 1613 in
631 1585 698 1613 tantam
716 1580 824 1613 demenciam

122 1631 227 1664 excitarent
242 1629 292 1672 lignis
308 1635 325 1663 et
339 1630 425 1672 lapidibus
439 1629 516 1672 ferroque
529 1629 608 1663 homines
621 1635 714 1672 appeteret,
728 1641 760 1663 sua
772 1631 824 1664 etiam

121 1682 199 1714 membra
210 1680 295 1720 unguibus
308 1685 325 1711 et
340 1679 420 1712 dentibus
435 1679 512 1711 laniaret.
540 1679 592 1712 Cuius
607 1679 692 1713 insaniam
707 1689 746 1713 cum
761 1681 824 1713 uellent

121 1731 194 1764 uinculis
201 1729 286 1770 cohibere,
295 1729 323 1762 ille
333 1729 426 1771 bipennem
436 1728 511 1772 arripuit,
520 1733 588 1772 tresque
599 1729 677 1763 homines
688 1728 717 1773 qui
725 1740 764 1763 eum
772 1730 825 1773 ligare

121 1783 211 1815 uoluerunt
222 1779 310 1813 interfecit.
333 1780 388 1813 Multa
396 1790 427 1822 pro
435 1789 455 1814 eo
464 1784 543 1822 parentes
550 1779 568 1813 in
579 1779 656 1814 medicos
664 1781 785 1823 expenderant,
793 1781 825 1815 sed

95 1848 114 1878 30
121 1843 174 1875 opera
181 1830 288 1865 medicinalis
295 1830 374 1864 effectum
382 1840 416 1863 non
424 1830 489 1863 habuit.
512 1830 665 1864 circumduxerunt
672 1842 711 1864 eum
722 1832 744 1864 ad
751 1831 825 1874 plurium

122 1888 220 1916 sanctorum
238 1882 335 1922 memorias,
351 1880 382 1914 sed
400 1880 511 1923 perdiderunt
530 1881 598 1914 labores
614 1881 678 1924 pariter
698 1887 715 1915 et
734 1882 825 1925 impensas.

121 1934 216 1965 Audientes
231 1936 288 1963 autem
302 1931 371 1972 quantis
386 1931 506 1963 miraculorum
520 1931 579 1971 titulis,
594 1937 658 1974 quante
672 1931 757 1973 opinionis
772 1931 826 1974 gloria

122 1983 178 2015 insula
185 1983 207 2015 de
216 1980 314 2015 croilandia
322 1991 354 2023 per
365 1980 410 2014 beati
419 1981 500 2014 Guthlaci
507 1981 568 2015 merita
580 1981 662 2015 celebris¹
673 1982 775 2016 haberetur:
787 1983 826 2016 illuc

122 2032 197 2075 ueniunt,
205 2032 318 2074 iuuenemque
325 2031 396 2074 ligatum
406 2030 476 2065 funibus
486 2030 591 2072 inducentes,
599 2031 651 2066 bea'to
662 2032 748 2067 Guthlaco
756 2043 826 2067 causam
859 2063 860 2067 ,

97 2097 115 2127 35
124 2084 150 2118 sui
161 2084 250 2122 aduentus,
258 2088 276 2115 et
287 2082 332 2115 illius
343 2082 415 2114 infelicis
426 2082 504 2115 miserias
516 2093 590 2125 suosque
601 2083 669 2116 labores
680 2089 772 2126 exponunt.
795 2083 826 2117 Eis

123 2133 174 2176 igitur
181 2134 242 2167 beatus
251 2133 344 2166 Guthlacus
352 2132 493 2166 condescendens
500 2132 529 2174 pio
537 2132 662 2174 compassionis
669 2133 736 2174 affectu,
744 2134 827 2167 furiosum

124 2184 167 2216 solui
177 2182 257 2225 precepit,
265 2183 336 2226 eiusque
346 2191 418 2215 manum
429 2182 520 2225 accipiens,
529 2182 584 2225 ipsum
596 2182 613 2215 in
625 2182 718 2216 oratorium
729 2183 827 2217 introduxit.

125 2233 152 2267 lbi
166 2233 256 2266 effundens
271 2232 348 2266 animam
362 2243 411 2266 suam
425 2232 474 2275 quasi
489 2243 553 2274 aquam
567 2233 585 2265 in
598 2240 692 2276 conspectu
705 2233 775 2275 domini,
788 2244 827 2268 cum

74 2312 76 2315 ,
124 2284 178 2318 multo
185 2282 250 2325 gemitu
260 2283 347 2326 multoque
358 2282 440 2326 profluuio
448 2283 562 2326 lacrimarum,
570 2283 614 2317 inter
622 2285 706 2317 archanas
714 2283 827 2326 iubilationes,

96 2352 117 2383 40
124 2334 169 2369 inter
176 2334 239 2376 ignitas
250 2332 395 2376 compunctiones,
403 2333 447 2367 inter
458 2335 521 2368 deuota
533 2334 609 2377 suspiria,
618 2333 663 2367 inter
673 2336 758 2378 quasdam
770 2335 828 2369 diuine

125 2384 214 2419 suauitatis
222 2383 337 2427 experiencias
345 2384 406 2425 quibus
417 2385 435 2417 in
443 2385 477 2417 suis
485 2384 591 2417 orationibus
598 2385 689 2424 fruebatur,
697 2384 714 2417 in
722 2392 759 2418 tota
767 2385 828 2417 uirtute

124 2434 209 2467 humiliati
221 2433 291 2474 spiritus
304 2433 386 2466 celestem
398 2432 474 2474 graciam
488 2443 539 2475 super
553 2432 639 2466 infinnum
654 2434 715 2477 iugiter
726 2434 828 2478 implorauit,

125 2483 234 2528 triduumque
246 2483 348 2518 continuans
359 2482 377 2517 in
388 2482 452 2516 ieiunio
463 2489 480 2516 et
491 2484 573 2526 oratione,
580 2490 598 2518 et
609 2490 686 2527 egrotum
697 2496 743 2529 aqua
752 2485 828 2520 sanctifi·

418 2560 424 2580 ¹
435 2560 468 2592 MS.
476 2561 532 2592 celebe.
