1762 2803
171 125 216 180 m
231 121 332 176 &unctu
348 122 480 173 &munau
497 120 627 182 unierunt.
706 135 750 178 319

49 259 123 291 semper
133 247 235 289 honorauit,
243 257 278 280 nec
287 251 349 280 tamen
360 255 395 288 per
404 245 438 279 hoc
449 245 539 278 maculam
549 244 579 278 vel
591 245 659 278 mentis
670 243 751 278 incurrit.

51 302 115 342 Immo,
130 311 172 334 cum
188 311 198 334 a
214 300 294 343 quodam
309 309 343 334 suo
359 298 443 332 familiari
458 298 627 341 reprehenderetur
642 297 690 340 quod
709 307 751 331 cum

50 355 129 397 quadam
144 358 228 386 matrona
243 357 280 385 tam
296 352 403 395 frequenter
418 351 528 394 loqueretur,
544 350 663 393 respondisse
682 348 751 382 fertur:

51 405 153 439 ‘Videsne1
164 415 219 448 quam
231 403 316 448 speciosa
327 403 360 438 suit
372 403 415 438 illa?
437 403 504 447 Sepius
517 402 562 437 mihi
572 402 647 444 assedit,
658 411 752 445 nunquam

52 464 114 493 tamen
127 457 175 503 plus,
189 468 244 502 quam
257 457 280 491 de
293 468 346 491 muro
361 455 398 499 illo,
411 460 511 501 temptatus
526 455 588 499 extiti;
601 454 645 501 quin
661 454 722 492 etiam,
737 453 770 491 sis

52 513 112 546 omnia
120 522 156 556 que
164 521 244 555 vnquam
252 511 271 544 in
283 511 317 545 hoc
328 510 398 555 peccati
408 520 476 554 genere
487 510 569 544 commisi
580 510 647 554 scripta
659 514 722 543 essent
733 509 752 542 in

51 565 111 598 fronte
117 574 164 604 mea,
169 574 206 597 non
215 563 405 598 erubescerem.¹--²
411 556 461 598 Cum
468 562 540 596 iuuenis
546 567 595 597 esset
601 568 618 596 et
625 572 666 596 cum
673 562 753 606 quodam

52 617 87 651 alio
98 627 164 651 versus
175 616 273 651 Abendor'n
285 620 376 661 pergeret,
383 615 428 650 vidit
440 626 525 660 campum
536 615 600 650 auibus
612 615 687 660 fuligine
697 614 753 659 nigri-

52 670 115 704 oribus
127 675 244 713 coopertum;
261 669 331 703 socium
342 674 403 703 autem
416 675 480 712 stupor
492 669 564 703 validus
577 680 619 703 cum
633 674 713 703 tremore
725 668 754 702 in-

52 722 104 756 uasit.
127 721 160 756 Cui
170 722 234 756 beatus
247 721 366 756 Edmundus:
379 721 427 762 ‘Sta,
437 721 500 765 inquit,
509 733 520 755 a
527 721 556 755 via
564 726 645 755 semotus
653 721 753 766 paululum,
763 732 782 754 10

53 780 71 809 et
83 781 101 808 te
114 774 173 808 crucis
185 774 279 818 signaculo
292 774 353 808 muni:
368 784 392 807 ne
405 774 475 815 timeas,
488 774 531 817 quia
541 774 644 808 videbimus
656 773 699 816 quid
711 784 754 817 por·

52 828 116 860 tendat
127 826 161 859 hec
173 832 290 860 monstruosa
301 826 362 860 auium
374 826 481 860 multitudo.¹
505 826 625 860 Postmodum
632 835 682 865 vero,
690 825 754 859 viden-

53 879 101 913 tibus
113 878 153 922 illis,
162 889 206 913 aues
218 878 249 912 ille
260 889 328 923 corpus
338 878 441 923 quoddam³
449 877 574 922 nigerrimum,
582 889 617 913 nec
628 877 709 912 hominis
720 889 755 913 nec

53 932 108 967 vllius
123 932 207 967 animalis
222 931 284 974 effigie
299 932 410 972 distinctum,
427 932 446 966 in
465 943 507 965 aera
524 932 672 965 subuexerunt⁴t
695 936 714 965 et
731 931 756 965 ita

54 984 143 1018 demum5
151 985 241 1027 disparuit
252 985 349 1018 multitudo
360 984 421 1017 auium
433 984 493 1018 subito
500 985 550 1018 velut
558 985 628 1017 vmbra.
651 983 692 1024 Quo
704 983 755 1022 sacto,
766 994 783 1023 ¹5

54 1047 155 1071 conuersus
168 1036 276 1071 Edmundus
288 1037 311 1070 ad
323 1035 393 1071 socium
404 1036 461 1070 dixit:
474 1035 536 1070 ‘Aues
547 1046 593 1080 quas
604 1035 670 1076 vidisti,
682 1035 757 1069 noueris

54 1100 96 1123 esse
109 1091 203 1132 demones,
216 1090 295 1123 hominis
308 1090 403 1123 cuiusdam
415 1090 446 1134 qui
460 1089 478 1122 in
488 1089 530 1123 villa
543 1089 628 1133 proxima
641 1098 701 1132 nuper
713 1089 757 1123 obiit

55 1142 135 1175 animam
154 1143 177 1175 ad
193 1142 262 1176 inferos
278 1143 402 1186 deportantes.
431 1143 493 1186 lpsam
510 1142 590 1176 animam
606 1141 674 1176 laruale
690 1151 757 1186 corpus

56 1195 105 1238 quod
117 1195 136 1228 in
148 1206 191 1229 aera
203 1195 319 1229 detulerunt⁶
328 1195 426 1238 exprimit:
439 1195 487 1239 quod
498 1194 597 1229 conditoris
609 1194 721 1239 ymaginem,
733 1195 756 1228 ad

55 1258 110 1289 quam
125 1247 172 1281 sacta
186 1248 249 1287 suerat,
262 1247 303 1291 ipsa
316 1249 360 1281 dum
372 1247 443 1282 uiueret
455 1249 540 1291 nequiter
552 1247 672 1281 deformarit!
696 1247 718 1281 Et
733 1248 756 1281 ad
766 1259 786 1280 ao

55 1299 116 1333 villam
128 1301 242 1340 accedentes,
250 1306 375 1344 cognouerunt
386 1301 479 1344 quendam
491 1301 536 1334 hora
547 1311 583 1344 qua
595 1300 704 1334 Edmundus
715 1311 756 1344 pre-

56 1352 128 1385 dixerat
139 1364 163 1385 ex
175 1353 209 1386 hoc
220 1354 289 1386 mundo
300 1353 395 1396 migrasse.
440 1346 473 1386 De
483 1354 559 1386 consilio
571 1363 650 1396 namque
662 1352 757 1386 cuiusdam

56 1404 156 1437 sacerdotis
166 1410 275 1448 perpetuam
286 1404 409 1448 virginitatem
421 1404 493 1438 iuuenis
504 1405 554 1438 vouit
560 1404 572 1445 ⁷,
583 1410 638 1448 atque
651 1405 670 1438 in
684 1404 757 1447 signum

56 1455 187 1500 irrefragabilis
194 1456 268 1498 federis,
275 1456 355 1491 annulo⁸
365 1467 399 1491 suo
410 1458 464 1491 beate
475 1457 533 1491 Marie
545 1457 644 1501 imaginem
654 1457 758 1492 subarrauit

57 1516 75 1542 et
89 1520 136 1543 nouo
148 1521 200 1544 more
215 1511 283 1544 annulo
296 1511 372 1555 digitum
386 1511 444 1554 ipsius
457 1511 556 1554 insigniuit,
568 1510 599 1544 vbi
615 1517 653 1545 erat
669 1511 758 1555 scriptum
768 1525 786 1554 ²5

57 1561 101 1595 illud
109 1562 151 1596 Aue
158 1563 266 1606 angelicum.
289 1563 362 1597 Extunc
369 1573 419 1603 vero,
427 1563 473 1597 sicut
481 1563 522 1606 ipse
530 1562 626 1597 confessus
636 1568 664 1597 est
674 1563 693 1596 in
703 1563 759 1603 obitu,

58 1614 143 1658 quotiens
155 1615 238 1649 eiusdem
249 1614 326 1659 virginis
335 1615 437 1660 presidium
448 1615 545 1657 inuocauit,
557 1614 598 1659 ipsa
609 1615 628 1649 in
639 1615 760 1659 temptatione

58 1672 175 1709 prouentum,
187 1668 205 1701 in
218 1668 346 1711 persecutione
359 1669 452 1705 solacium,
461 1668 481 1701 in
493 1669 609 1702 tribulatione
620 1669 729 1709 remedium,
741 1670 759 1703 in

58 1719 121 1753 dolore
128 1720 215 1762 gaudium
223 1719 258 1754 sibi
266 1720 350 1755 celeriter
358 1720 467 1764 impetrauit.
491 1720 600 1756 Psalterium
610 1721 734 1765 gl0s[s]atum‚
742 1727 759 1756 et

59 1771 156 1805 duodecim
168 1773 274 1815 prophetas,
281 1778 300 1805 et
311 1773 417 1814 decretales,
425 1783 461 1816 que
470 1773 554 1814 habebat,
561 1773 644 1806 vendidit
652 1778 670 1806 et
677 1773 760 1816 precium
769 1788 789 1817 ³0

59 1823 161 1857 scolaribus
169 1825 232 1867 egenis
239 1824 320 1859 Parisius
328 1825 425 1868 errogauit.
470 1818 558 1869 Quadam
566 1825 595 1858 die
603 1825 728 1869 disputaturus
736 1826 760 1860 de

59 1874 140 1910 trinitate
148 1876 254 1910 cathedram
262 1876 373 1915 conscendit,
380 1882 398 1910 et
405 1878 449 1911 dum
457 1876 482 1910 ibi
490 1877 589 1921 discipulos
597 1883 698 1921 expectans
706 1889 760 1922 ques-

59 1927 128 1963 tionem
140 1928 158 1962 in
172 1929 233 1964 animo
247 1931 356 1972 reuolueret,
370 1930 388 1964 in
402 1941 487 1964 somnum
499 1931 590 1964 resolutus
601 1930 691 1964 visionem
705 1930 760 1965 talem

60 1981 116 2017 vidit:
133 1982 222 2017 Columba
230 1983 311 2027 desuper
318 1982 385 2017 volauit
393 1984 415 2017 ad
427 1994 448 2017 se
457 1983 547 2025 celeriter,
555 1983 641 2017 deserens
652 1983 671 2017 in
683 1994 715 2017 orc
727 1994 761 2018 suo

61 2044 128 2078 corpus
137 2036 210 2077 Christi,
216 2037 265 2080 quod
271 2037 277 2056 ⁰
284 2036 303 2070 in
311 2047 344 2071 ore
351 2036 391 2071 eius
399 2036 459 2080 posuit
467 2037 513 2071 etad
522 2046 599 2081 superos
607 2036 665 2070 rediit.
690 2036 761 2080 Exper·
770 2051 789 2082 35

62 2087 144 2129 gesactus
152 2099 202 2130 vero,
210 2089 260 2123 velut
266 2089 278 2108 ¹⁰
286 2090 386 2123 humanum
398 2090 491 2123 excedens
502 2088 595 2132 ingenium
607 2088 762 2123 excellentissime

61 2138 161 2182 disputauit
176 2151 197 2174 ac
212 2142 235 2175 de
250 2141 303 2175 beata
320 2141 400 2176 trinitate
418 2141 520 2175 luculenter
534 2140 625 2175 disseruit.
680 2134 703 2175 Iu
719 2152 762 2185 pre·

61 2191 151 2226 dicatione
165 2205 238 2237 quoque
253 2194 299 2228 mira
315 2194 331 2228 ei
346 2194 404 2237 gratia
419 2194 483 2235 inerat,
497 2200 515 2228 et
527 2193 603 2238 ignitum
616 2193 656 2228 eius
669 2194 762 2238 eloquium

62 2243 133 2279 animos
148 2246 251 2280 auditorum
265 2253 427 2291 quantumcunque
443 2247 518 2290 frigidos
534 2247 631 2281 efficaciter
646 2248 762 2282 accendebat.

62 2295 116 2330 Vnde
121 2303 139 2330 et
145 2298 251 2332 Willelmus
257 2299 380 2342 Longa-spata
385 2310 447 2333 comes
454 2300 526 2338 Sarum,
530 2309 571 2333 cum
577 2299 613 2331 iam
618 2300 673 2342 longo
678 2304 763 2343 tempore
771 2317 791 2346 40

63 2347 138 2382 minime
146 2351 242 2385 confessus
250 2357 299 2386 esset
309 2363 330 2386 ae
338 2352 361 2385 de
369 2353 459 2386 sumendo
468 2352 535 2386 Christi
547 2362 624 2395 corpore
631 2351 681 2386 iuxta
691 2362 763 2387 morem

62 2401 172 2436 uniuersalis
191 2403 268 2438 ecclesie
287 2414 324 2437 non
341 2409 419 2445 curaret,
434 2404 457 2437 ad
474 2403 514 2437 eius
529 2403 598 2437 monita
613 2414 715 2438 conuersus
730 2411 765 2439 est.

64 2445 114 2487 Cum
129 2460 190 2489 autem
205 2456 273 2501 populo
287 2456 395 2500 predicaret,
408 2467 481 2491 crucem
493 2455 603 2490 dominicam
618 2467 674 2491 manu
689 2459 765 2503 propria

82 2520 117 2551 1ιιΙ.
126 2522 210 2554 Vidistine.
240 2524 279 2555 ²ct
288 2526 328 2555 Vita.
360 2525 450 2562 ³E.quod.
480 2525 626 2556 *Edeuexerune
653 2527 688 2557 5Ε.
697 2528 765 2559 denium.

63 2558 208 2594 ⁵nl.sustulerunt.
248 2563 339 2596 ⁷E.n0uit.
379 2564 473 2596 ³T.anulo,
513 2565 609 2597 ”om.inT.
650 2565 661 2584 ¹⁰
673 2566 690 2596 E.
698 2567 750 2598 velud.
