1762 2803
96 137 140 179 260
283 133 363 185 muna
378 130 495 193 berenna
510 130 603 193 tortia

95 256 132 290 lem
147 266 206 300 vsque
217 254 306 299 peregre¹
317 253 436 298 proficiscens
448 259 528 298 optatam
540 264 595 297 carpe
606 252 665 287 viam:
680 252 712 286 sed
724 258 742 286 et
753 251 798 286 alios

96 310 143 344 duos
162 308 238 343 comites
256 307 331 349 vocabo,
346 306 444 341 Theliaum
464 306 532 341 scilicet
547 311 565 340 et
581 306 690 339 Paternum'
719 305 797 339 Sanctus

96 368 157 397 autem
176 361 268 396 admirans
287 359 359 403 imperii
377 365 491 403 preceptum,
510 359 565 393 dixit:
584 358 691 400 ‘Quomodo
704 358 736 392 fiet
751 358 797 392 hoc?

97 415 145 448 Nam
158 423 204 457 quos
215 412 305 456 promittis
319 412 400 452 comites,
411 413 466 445 trium
477 412 507 445 vel
520 422 542 445 eo
556 411 635 454 amplius
650 411 721 443 dierum
736 410 798 453 spacio

79 476 87 505 5
96 478 107 500 a
115 466 168 500 nobis
176 464 295 509 separantur.¹
319 463 374 507 ‘qu
383 462 442 507 inquit
451 463 532 507 angelus,
541 462 574 497 hac
582 469 635 496 nocte
645 462 668 496 ad
678 462 718 496 illos
726 462 797 504 vadam,

96 525 114 553 et
125 520 160 552 huc
170 519 210 552 illos
222 518 245 550 ad
254 522 272 550 te
282 517 381 549 adducam.¹
404 516 427 549 Et
439 517 506 550 factum
518 522 546 550 est
554 516 584 549 ita.
607 516 653 549 Cum
663 521 724 549 autem
735 514 798 548 alieni-

96 582 184 615 genarum
204 569 275 613 linguas
293 568 381 611 audirent,
400 568 502 603 intellectus
520 568 592 602 illarum
612 568 653 602 sine
670 568 769 612 interprete
788 578 798 601 a

97 623 170 658 domino
185 622 260 657 collatus
276 626 309 656 est.
336 621 427 665 Apparuit
442 627 504 655 autem
518 622 595 666 angelus
610 620 679 655 domini
694 620 798 665 patriarche

97 677 170 711 dicens:
183 676 239 710 ‘Tres
247 676 270 709 ab
278 674 377 709 occidentis
386 674 453 708 finibus
461 674 495 709 viri
503 675 612 708 adueniunt:
625 685 671 718 quos
681 685 722 708 cum
733 674 798 718 gaudio

71 741 89 763 ro
97 735 115 765 et
126 728 253 775 hospitalitatis
265 727 323 773 gratia
334 726 438 772 suscipiens
449 726 468 761 in
480 727 578 772 episcopos
591 726 717 762 consecrabis!
741 726 798 761 Patri-

97 784 153 817 archa
167 794 211 817 vero
226 788 265 815 tres
280 781 430 814 honoratissimae
445 782 500 815 sedes
515 782 591 824 parauit,
603 786 621 814 et
633 787 706 814 sanctos
719 781 798 823 benigne

97 837 205 880 suscipiens,
213 836 232 869 in
240 835 275 869 illis
286 836 352 868 sedere
359 835 406 874 fecit,
414 840 432 868 et
440 834 500 868 Dauid
511 835 529 867 in
539 834 697 877 archiepiscopum
708 834 798 877 prouexit,

98 893 116 922 et
123 889 148 922 ait
156 900 159 922 z
171 891 176 907 ‘
181 888 284 929 ludeorum,
290 887 354 930 inquit,
360 891 441 930 potestas
447 886 466 919 in
474 886 583 919 christianos
591 886 695 928 inualescit;
708 896 742 919 nos
750 896 799 919 com-

98 945 178 981 mouent,
189 940 246 974 fidem
258 939 353 982 repellunt.
376 939 442 973 Parate
457 949 501 982 ergo
514 949 547 973 vos
562 938 606 981 [et]²
621 939 644 972 ad
656 937 799 981 predicationem

72 993 176 1037 15singu1is
191 992 256 1026 diebus
271 991 370 1036 procedite,
385 996 404 1025 vt
419 1002 483 1025 eorum
497 991 583 1025 violentia
601 991 692 1025 confutata
707 991 799 1035 quiescat.¹

99 1047 197 1080 Predicant
207 1045 268 1089 itaque
278 1056 312 1088 per
323 1045 405 1088 singulos
415 1045 460 1087 dies,
471 1045 613 1088 intelligentibus
624 1056 657 1078 eos
666 1044 686 1078 in
696 1055 730 1078 sua
739 1044 800 1088 lingua

99 1099 199 1133 vniuersis:
211 1099 231 1132 fit
246 1104 296 1142 grata
311 1098 411 1141 predicatio
427 1108 497 1140 eorum,
510 1098 574 1142 plures
585 1098 604 1132 in
615 1098 652 1132 fide
667 1097 746 1132 roborati
757 1107 800 1131 con·

98 1152 190 1187 ueniunt³.
236 1144 344 1185 Patriarcha
358 1161 403 1185 vero
424 1156 507 1184 sanctum
523 1150 583 1184 Dauid
598 1155 675 1195 quatuor
694 1150 800 1184 muneribus

99 1206 170 1243 ditauit:
178 1204 229 1239 altari
235 1204 303 1238 scilicet
309 1209 419 1245 consecrato,
425 1204 444 1238 in
450 1215 486 1247 quo
492 1205 603 1238 dominicum
610 1205 726 1238 consecrabat
734 1214 801 1247 corpus

72 1268 91 1289 ιο
99 1258 170 1301 -quod
180 1255 282 1290 innumeris
293 1256 364 1299 pollens
373 1255 470 1289 virtutibus
480 1267 574 1299 nunquam
582 1256 604 1289 ab
613 1255 717 1289 hominibus
724 1266 735 1289 a
742 1254 801 1289 sancti

100 1309 159 1344 Dauid
167 1308 216 1343 obitu
223 1308 284 1343 visum
292 1313 324 1350 est,
333 1309 366 1342 sed
374 1307 440 1352 pelleis
447 1308 570 1342 velaminibus
579 1313 647 1342 tectum
655 1308 698 1342 latet
706 1307 801 1342 abscondi·

100 1368 144 1396 tum.
167 1362 238 1405 Insigni
253 1362 307 1395 etiam
322 1362 375 1395 nola:
390 1362 423 1394 sed
439 1362 512 1405 etipsa
527 1361 623 1396 virtutibus
638 1362 699 1395 claret.
722 1361 800 1403 Baculo;

101 1415 164 1450 etiam*
173 1425 217 1449 auro
225 1418 274 1447 texta
280 1413 347 1457 tunica,
359 1413 390 1457 qui
395 1413 471 1447 baculus
477 1413 677 1448 miraculisehoruscus
683 1424 717 1458 per
724 1413 801 1458 patriam

101 1468 178 1512 insignis
193 1466 301 1511 predicatur.
324 1466 372 1500 ‘Sed
387 1467 434 1510 quia,
450 1466 509 1510 inquit
523 1467 631 1511 patriarcha,
643 1467 733 1501 laboriosa
749 1466 801 1501 vobis

74 1532 92 1562 ²5
102 1520 170 1554 suntin
180 1519 245 1554 itinere
254 1520 278 1553 ad
287 1519 389 1559 ferendum,
400 1520 423 1552 ad
434 1520 512 1563 patriam
522 1520 640 1554 reuertamini
649 1521 668 1553 in
678 1531 729 1563 pace,
739 1525 757 1552 et
767 1530 802 1563 ego

102 1577 144 1616 post
151 1583 185 1607 vos
192 1571 223 1605 illa
230 1570 362 1605 transmittam?
383 1570 432 1604 Patri
440 1582 484 1615 ergo
491 1571 599 1614 valedicunt,
608 1571 685 1615 patriam
693 1571 801 1606 adueniunt:

103 1631 121 1660 et
133 1626 187 1660 allata
201 1624 224 1658 ab
238 1624 303 1667 angelo
318 1623 348 1657 dei
363 1634 440 1658 munera
455 1624 550 1668 accipiunt.
596 1617 646 1660 Cum
657 1630 718 1659 autem
731 1624 802 1659 heresis

102 1678 198 1723 pelagiana
205 1683 247 1721 post
255 1676 351 1710 transitum
362 1677 419 1710 sancti
429 1677 516 1711 Germani
526 1677 545 1711 in
556 1677 649 1711 Britannia
657 1678 752 1721 pulularet,
760 1688 802 1711 con-

102 1736 167 1765 uocata
175 1731 250 1775 synodo,
256 1729 337 1763 vnanimi
345 1740 436 1763 consensu
445 1730 528 1764 statuitur
533 1736 558 1772 vt,
565 1730 667 1775 quicunque
673 1730 704 1764 tali
712 1730 803 1765 sermonis

75 1797 94 1825 30
102 1785 159 1828 gratia
167 1785 255 1818 ditaretur
262 1788 281 1816 vt
288 1782 307 1815 in
315 1787 420 1816 cunctorum
432 1784 507 1817 auribus
517 1785 556 1817 eius
566 1794 614 1827 eque
623 1784 695 1827 loquela
705 1783 803 1824 insonaret,
821 1811 824 1817 .

102 1835 253 1880 metropolitanus
261 1839 278 1869 et
286 1834 434 1878 archiepiscopus
442 1835 524 1870 omnium
532 1836 584 1870 fieret
592 1847 615 1870 ex
623 1846 719 1870 consensu.
737 1835 803 1870 Erecto

101 1890 162 1933 itaque
174 1889 325 1924 vestimentorum
341 1888 414 1922 cumulo
429 1899 471 1922 cum
483 1889 534 1923 multi
546 1889 641 1932 predicare
654 1888 771 1932 incepissent,
785 1894 803 1923 et

101 1953 160 1986 vsque
168 1942 191 1975 ad
199 1940 294 1984 proximos
301 1950 338 1973 vox
346 1940 418 1973 illorum
426 1940 458 1974 vix
469 1942 529 1975 audita
540 1941 608 1983 fuisset,
616 1941 716 1975 deliberato
728 1941 803 1975 consilio

101 2005 135 2038 pro
141 1995 180 2029 viro
188 1997 251 2027 sancto
261 1992 321 2026 Dauid
329 1993 437 2027 festinanter
444 1994 589 2028 transmiserunt.
609 1994 644 2035 Qui
651 1994 715 2028 venire
723 2004 803 2028 renuens

75 2056 93 2087 35
102 2047 137 2082 ait:
150 2047 224 2088 ‘Nem0,
235 2045 298 2089 inquit,
308 2049 385 2089 temptet
395 2056 435 2088 me;
451 2047 499 2090 quod
509 2045 545 2090 ipsi
554 2050 652 2090 nequeunt,
663 2045 722 2090 qualis
734 2056 775 2080 sum
784 2051 804 2080 vt

102 2111 136 2143 ego
151 2097 251 2143 possum⁵l
271 2097 358 2141 Agnosco
374 2098 494 2132 humilitatem
506 2110 579 2133 meam:
595 2098 619 2132 ite
631 2098 650 2132 in
662 2100 718 2142 pace!
741 2098 804 2133 Sancti

102 2154 177 2187 tandem
186 2150 251 2186 Daniel
261 2155 278 2185 et
289 2150 387 2186 Dubricius
395 2152 417 2186 ad
426 2163 468 2186 eum
478 2151 530 2187 missi
541 2157 589 2187 sunt.
612 2152 694 2195 Quorum
705 2152 804 2187 aduentum

102 2206 121 2239 in
132 2205 196 2249 spiritu
206 2203 312 2248 preuidens,
320 2203 366 2238 dixit
376 2204 472 2240 fratribus:
485 2205 562 2246 ‘Hodie,
570 2205 641 2246 fratres,
652 2205 762 2239 sanctissimi
769 2205 804 2240 viri

103 2258 125 2291 ad
139 2267 173 2291 nos
183 2255 269 2291 veniunt:
282 2255 318 2289 leto
331 2255 392 2290 animo
404 2267 436 2290 eos
448 2256 531 2300 excipite,
543 2257 604 2300 pisces
616 2267 658 2291 cum
669 2267 717 2300 pane
729 2262 747 2290 et
758 2267 805 2300 aqua

75 2322 95 2351 40
103 2309 203 2353 adquirite!
227 2308 309 2352 Cumque
322 2308 433 2352 legationem
446 2321 499 2343 suam
512 2310 642 2353 exposuissent
656 2309 690 2344 viri
702 2309 764 2350 sancti,
780 2310 805 2344 ait

104 2362 174 2397 Dauid:
189 2361 270 2395 ‘Pariter
281 2361 394 2396 visitabimus
406 2363 507 2407 synodum:
523 2363 556 2397 sed
567 2369 610 2397 tunc
622 2362 717 2407 predicare
727 2373 804 2406 nequeo,

104 2416 214 2449 orationibus
227 2420 289 2448 tamen
301 2415 481 2459 quantulumcunque
493 2416 579 2450 iuuamen
591 2416 659 2449 feram.¹
683 2415 732 2449 Dum
743 2421 804 2450 autem

104 2468 158 2503 simul
165 2467 233 2512 pariter
241 2473 345 2512 pergerent,
353 2479 395 2503 ecce
403 2469 466 2503 orbata
474 2469 539 2504 mulier
547 2468 617 2504 eiulans
625 2474 643 2503 et
650 2479 727 2512 gemens
737 2480 804 2513 corpus

124 2541 129 2559 ¹
140 2542 157 2572 T.
165 2552 236 2580 pergere.
276 2542 283 2560 ²
293 2552 323 2572 om.
330 2542 346 2571 in
354 2542 372 2574 E.
413 2543 419 2561 ³
428 2543 459 2574 Vit.
467 2543 520 2582 plures
527 2547 621 2574 convertunt
628 2543 648 2573 ad
655 2543 706 2581 fidem,
713 2543 752 2574 alios
759 2543 805 2574 robo-

104 2586 144 2613 rant.
184 2581 190 2599 ¹
200 2581 219 2611 al.
227 2585 248 2612 et.
288 2581 294 2599 ³
304 2583 325 2614 al.
332 2583 396 2620 possim.
