1762 2803
244 122 289 177 mc
304 120 404 174 sanctu
420 119 541 181 hautun.
702 123 744 176 285

43 245 143 281 suscitauit.
165 244 202 288 Qui
208 256 267 289 usque
280 245 303 278 ad
311 249 390 278 mortem
397 243 416 278 in
424 242 487 277 habitu
494 241 626 277 monachorum
634 252 675 276 eum
683 247 747 276 sancto

43 299 130 342 episcopo
141 298 197 332 Trian
209 297 329 340 penitentiam
341 301 417 339 agentes
432 296 581 339 perseuerabant.
626 287 671 328 Fuit
685 299 746 327 autem

43 361 77 386 rex
88 350 163 395 quidam
177 350 251 385 nomine
263 348 315 384 Echu
321 348 332 390 ¹,
343 348 414 384 habens
428 347 484 383 filiam
496 345 562 391 quarn²
573 346 612 381 viro
624 346 668 381 dare
679 345 747 381 voluit:

44 402 133 439 Patricius
140 414 185 438 vero
193 402 244 437 illam
252 413 322 447 sponso
330 401 392 437 celesti
401 402 486 445 copulare
494 400 608 445 disponebat.
631 399 655 434 Et
662 400 687 434 ait
694 405 748 444 pater

43 458 115 501 puelle:
128 456 202 491 ‘Filiam
213 467 274 490 meam
285 456 332 490 dabo
339 455 384 495 viro,
392 466 403 489 o
412 454 483 495 Patrici,
491 454 527 488 nisi
539 453 646 499 promiseris
657 453 702 487 mihi
713 462 765 497 pros

43 520 65 544 ea
76 520 155 554 regnum
166 510 239 552 celeste,
248 514 266 543 et
278 519 315 543 non
327 518 382 552 cogas
393 518 423 550 me
434 506 532 551 baptizari!
556 506 579 541 Et
590 505 674 551 promisit
685 505 701 540 ei
712 506 747 540 hoc

43 568 122 597 sanctus.
150 562 194 598 Post
206 561 263 596 multa
274 566 335 596 autern
346 566 430 605 tempora
441 559 530 605 egrotauit
542 570 581 601 rex,
596 565 615 594 et
628 558 682 594 cum³
693 558 747 594 morti

43 625 102 659 prope
117 620 171 656 esset,
187 615 233 649 dixit
248 614 298 648 suis:
316 614 367 648 ‘Non
383 612 476 658 sepeliatis
491 623 521 647 me
536 613 594 647 donec
607 612 668 646 veniat
681 612 705 646 ad
717 622 748 646 me

43 673 119 701 sanctus
126 667 225 701 Patricius:
238 667 280 710 quia
288 666 318 700 ille
327 665 410 709 promisit
418 664 463 699 mihi
470 664 526 699 vitam
534 665 632 699 celestem.¹
644 664 668 698 Et
675 670 747 698 mortuo

44 731 94 763 rege,
102 720 152 754 venit
165 719 265 754 Patricius:
278 724 296 753 et
307 718 365 753 orauit
376 719 399 752 ad
412 718 506 752 dominum
518 728 559 751 cum
571 717 668 759 lachrimis,
678 722 697 751 et
708 728 747 751 sus·
757 728 776 748 ro

44 773 105 808 citauit
119 784 167 815 eum,
181 778 199 807 et
214 772 325 815 baptizauit3
341 777 396 816 atque
409 771 464 806 dixit:
484 770 554 805 ‘Narra
566 771 619 805 nobis
634 771 696 805 omnia
711 781 747 815 que

44 824 109 868 vidisti,
121 826 161 860 siue
173 827 196 860 de
207 825 261 870 penis
275 825 374 869 impiorum
386 825 425 859 siue
437 824 460 859 de
472 823 584 859 beatitudine
597 829 714 859 sanctorum:
727 829 747 858 vt

44 880 120 913 credant
127 878 153 912 hii
161 879 228 922 quibus
238 878 319 922 predico,
327 889 371 911 vera
381 888 423 912 esse
434 888 469 921 que
480 877 530 911 dico.'
554 877 637 921 Cumque
644 877 706 910 omnia
714 888 749 921 per

44 931 140 965 ordinem⁴
148 936 258 972 enarrasset,
266 931 291 970 ait
300 930 400 970 Patricius:
412 930 475 973 ‘Elige
486 928 518 963 tibi
528 940 596 964 vnum:
607 935 627 963 vt
638 929 657 963 in
668 929 702 963 hac
710 929 747 963 vita

44 983 110 1018 iterum
118 983 176 1025 viuas,
184 988 214 1019 aut
226 993 275 1023 nunc
287 983 310 1017 ad
319 982 378 1018 celum
386 983 465 1027 pergas!
489 982 592 1027 Respondit
603 992 648 1017 rex:
660 981 691 1017 ‘Si
703 980 747 1016 mihi
757 991 775 1022 ¹5

44 1036 99 1071 totius
107 1037 155 1074 orbis
165 1046 243 1081 regnum
251 1036 331 1078 daretur,
339 1046 372 1080 pro
385 1034 440 1069 nihilo
452 1035 521 1070 ducens
530 1034 580 1070 velut
591 1035 664 1070 inanem
676 1034 747 1069 sumum

45 1095 194 1134 contempnerem
202 1089 221 1123 in
229 1089 365 1134 comparatione
373 1094 479 1123 eternorum
490 1089 597 1134 gaudiorum
609 1101 645 1134 que
652 1088 701 1124 vidi:
713 1089 747 1124 sed

44 1151 89 1184 rogo
102 1145 121 1174 vt
134 1141 157 1174 ad
170 1141 220 1174 illam
233 1141 310 1182 leticiam
324 1151 379 1184 quarn
392 1139 429 1181 vidi
443 1140 550 1184 quantocius
563 1142 654 1180 reuertar.¹
677 1139 747 1174 Eadem

44 1194 95 1234 hora,
103 1198 178 1236 accepto
189 1203 266 1236 corpore
278 1192 350 1234 Christi,
362 1192 446 1235 migrauit
457 1192 480 1234 ad
492 1192 592 1230 dominum.
635 1182 701 1226 ⁶Ventt
713 1192 747 1226 Pa-

45 1244 107 1281 tricius
117 1245 135 1280 in
144 1256 228 1290 campum
237 1245 335 1280 Connactie
344 1250 362 1280 et
374 1244 443 1280 inuenit
454 1245 479 1280 ibi
489 1245 602 1289 signaculum
611 1246 670 1280 crucis
679 1244 747 1281 Christi
757 1255 776 1278 ao

45 1303 63 1333 et
75 1300 111 1333 duo
122 1299 219 1344 sepulchra
231 1310 284 1340 noua,
291 1304 309 1333 et
321 1299 355 1333 ait:
370 1298 426 1341 ‘Quis
437 1303 465 1333 est
476 1298 506 1333 hic
517 1299 620 1344 sepultusi'
644 1299 667 1334 Et
676 1310 713 1335 vox
724 1300 747 1334 de

46 1352 143 1396 sepulchro
155 1352 261 1397 respondit:
274 1352 323 1396 ‘Ego
334 1362 374 1386 sum
387 1352 442 1386 homo
451 1352 535 1397 gentilis!
558 1352 591 1387 Cui
603 1359 689 1388 sanctus:
701 1353 749 1387 ‘Cur

45 1406 97 1440 iuxta
107 1410 125 1439 te
137 1416 182 1440 crux
194 1410 257 1440 sancta
270 1405 327 1439 infixa
339 1406 389 1439 esti’
412 1404 435 1439 Et
449 1405 489 1439 ille:
505 1405 550 1447 ‘Qui
562 1406 645 1450 sepultus
657 1412 685 1440 est
698 1406 749 1440 iuxta

46 1458 93 1492 latus
105 1469 172 1499 meum,
183 1457 259 1492 credidit
271 1458 306 1492 deo
319 1457 364 1492 celi:
375 1463 394 1492 et
404 1458 454 1499 yenit
463 1457 491 1500 vir
502 1457 562 1493 fatuus
573 1465 591 1492 et
603 1460 663 1502 posuit
675 1469 748 1494 crucem

45 1512 96 1544 iuxta
107 1514 148 1550 nie)
169 1512 222 1544 Tunc
230 1511 320 1551 Patricius
332 1521 388 1554 super
398 1510 516 1554 sepulchrum
527 1511 612 1554 baptizati
621 1521 695 1546 crucem
704 1512 748 1555 poni
758 1521 776 1551 ²5

46 1563 104 1602 iussit.
149 1556 200 1603 Cum
214 1562 288 1607 quidam
302 1563 395 1606 pessimus
407 1563 482 1596 nomine
494 1562 568 1606 Foilgus
581 1563 663 1607 aurigam
676 1563 748 1597 Patricii

47 1616 148 1660 iugulasset
159 1625 220 1657 coram
231 1625 259 1658 co,
267 1621 285 1650 et
297 1615 362 1651 ecdem
372 1625 436 1654 mense
446 1620 529 1656 mortuus
540 1614 610 1658 suisset,
618 1614 678 1651 anima
689 1615 728 1651 cius
738 1626 750 1650 a

46 1669 131 1713 malignis
143 1669 237 1713 spiritibus
248 1670 271 1703 ad
283 1668 375 1703 infernum
386 1670 504 1713 deportatur:
519 1674 538 1703 et
549 1668 623 1703 intrauit
636 1669 719 1703 diabolus
731 1668 749 1703 in

46 1732 113 1765 corpus
126 1723 171 1761 eius,
183 1727 200 1756 et
212 1721 299 1755 habitauit
311 1722 330 1755 in
344 1721 380 1763 illo,
392 1721 444 1765 quasi
457 1721 512 1756 homo
523 1722 589 1756 viuens
600 1721 649 1756 inter
660 1722 749 1757 homines.

46 1775 91 1807 Post
102 1775 179 1807 multum
190 1779 264 1818 tempus
272 1773 322 1807 venit
330 1773 419 1815 Patricius
431 1774 454 1807 ad
462 1774 537 1816 domum
546 1774 608 1819 Foilgi,
617 1780 635 1808 et
647 1785 688 1809 cum
700 1779 750 1809 esset
759 1786 778 1816 3⁰

46 1833 89 1861 ante
104 1827 182 1869 ianuam,
195 1827 325 1871 ‘interrogauit
337 1836 393 1861 vnum
406 1827 430 1866 de
443 1826 502 1861 seruis
516 1826 556 1861 eius
571 1827 645 1861 dicens:
663 1827 708 1861 ‘Vbi
721 1832 749 1862 est

47 1879 62 1913 F
63 1880 142 1924 oilgusl’
165 1879 188 1913 Et
199 1879 240 1913 ille:
253 1879 316 1913 ‘Nunc
327 1878 391 1923 reliqui
401 1889 443 1913 eum
454 1879 473 1912 in
481 1879 536 1919 domo
546 1880 590 1914 sua!
614 1879 702 1914 Patricius
714 1880 749 1914 ait:

47 1932 86 1967 ‘Ex
92 1938 202 1977 cotempore
209 1943 245 1976 quo
251 1931 338 1977 iugulauit
346 1932 427 1976 aurigam
435 1942 497 1967 mcum
505 1942 566 1973 coram
575 1943 610 1973 me,
615 1933 645 1967 ille
651 1934 670 1967 in
678 1933 750 1968 inferno

46 1985 118 2030 positus
128 1990 167 2027 est;
179 1986 213 2019 sed
221 1985 271 2019 venit
279 1984 361 2018 diabolus
369 1990 388 2018 vt
400 1985 500 2027 ludificaret
511 1984 530 2019 in
542 1995 619 2029 corpore
629 1985 674 2026 eius,
681 1991 701 2019 vt
712 1997 749 2020 non

46 2044 117 2073 tantum
125 2038 186 2073 anima
194 2038 233 2072 eius
241 2037 260 2071 in
267 2038 340 2071 inferno
348 2037 465 2078 cruciaretur,
473 2038 506 2071 sed
514 2037 569 2071 etiam
577 2048 644 2082 corpus
652 2038 692 2072 eius
702 2038 751 2073 inter
759 2051 778 2082 35

47 2092 131 2125 homines
138 2093 217 2125 demone
223 2090 336 2133 repleretur!
376 2082 465 2124 Occurrit
471 2100 504 2133 rex
511 2090 585 2134 quidam
591 2090 669 2125 Patricio
675 2092 750 2126 nomine

48 2144 141 2188 Oengus²‚
151 2149 170 2178 et
181 2144 259 2178 credens
270 2143 373 2187 baptizatus
384 2149 417 2178 est.
440 2142 523 2188 Cumque
536 2143 624 2178 Patricius
635 2150 690 2189 caput
701 2144 751 2191 regis

45 2197 178 2238 benedixisset,
190 2196 253 2241 cuspis
264 2196 322 2232 baculi
334 2196 374 2231 eius
387 2196 455 2230 infixa⁸
468 2196 527 2231 estin
540 2198 588 2243 pede
600 2198 660 2243 regis:
673 2199 706 2232 sed
718 2210 751 2232 rex

47 2250 194 2285 benedictionem
202 2250 255 2284 valde
266 2251 378 2291 desiderans,
387 2250 468 2285 dolorem
479 2250 533 2295 pedis
543 2261 577 2296 pro
587 2251 645 2286 nihilo
655 2252 751 2296 reputauit.

48 2304 89 2344 Quo
100 2304 145 2344 viso,
157 2308 232 2337 sanctus
243 2303 333 2336 Patricius
345 2303 412 2346 pedem
426 2302 530 2337 benedixit:
548 2310 566 2337 et
580 2304 641 2338 statim
654 2304 750 2339 sanitatem
759 2319 779 2349 4⁰

45 2354 133 2400 ,reecpit⁶¹
179 2348 253 2389 Inuenit
269 2361 342 2389 sanctus
357 2354 446 2389 Patricius
461 2355 480 2389 in
495 2355 524 2390 via
539 2356 617 2401 quadarn
632 2357 750 2401 sepulchrum

68 2446 254 2481 ¹E.echeu;T.echu.
311 2446 388 2484 ²T.qua
448 2446 494 2477 ³0m.
502 2447 518 2477 in
526 2447 543 2478 T.
601 2446 635 2478 Ἐ
643 2448 751 2486 perordinem

48 2486 109 2520 omnia:
119 2485 138 2516 T.
145 2486 197 2515 omniu
205 2487 317 2524 perordinem.
357 2487 383 2504 Μ
391 2485 431 2516 This
438 2495 510 2524 passage,
518 2487 534 2517 in
541 2488 567 2517 the
574 2487 615 2524 viu,
623 2488 699 2526 precedes
706 2488 752 2517 Post-

47 2535 100 2563 quam,
107 2529 137 2555 etc.
146 2534 162 2563 p.
169 2526 204 2562 284,
210 2526 221 2555 l.
227 2534 252 2563 35.
319 2525 325 2543 ⁰
335 2526 353 2556 E.
360 2530 376 2556 et
384 2526 393 2557 i.
462 2525 468 2544 ⁷
479 2527 497 2558 T.
505 2527 576 2566 oengus,
584 2528 602 2559 Ε.
609 2528 679 2565 tongum
689 2528 721 2559 vit
730 2528 749 2559 0.

48 2565 90 2605 filius
98 2565 185 2603 Natsraich,
191 2575 221 2595 rex
228 2567 360 2596 hlumunensium.
419 2565 425 2583 ¹
434 2566 455 2597 T.
461 2566 500 2598 fixa.
