1762 2803
120 112 167 191 '594
221 191 223 197 λ
389 130 512 192 appatuit
531 133 561 176 rr.

177 303 207 335 Du
219 308 301 339 ouoonu
314 301 426 333 Laorsvxrvo
439 307 510 333 PUNITO
522 307 546 333 ao
558 307 612 337 ouon
624 307 708 333 morona
719 308 775 333 urorr

343 358 416 384 conaus
428 358 495 383 snucrr
507 351 610 383 Eunrunnr.

123 446 198 477 Saum
202 443 249 475 Abho
255 443 330 475 Florida
380 422 418 452 lrca
425 420 470 452 idem
479 426 545 462 tempus
553 420 623 461 contigit
631 421 676 462 quod
685 420 756 462 quidam
761 421 826 455 iuuenis

400 471 502 503 Leoistanus
512 470 586 511 nornine,
594 480 656 511 genere
666 471 731 512 pollens
741 476 757 502 ct
771 481 826 504 rerum

123 521 194 553 affluens
209 519 264 562 copia,
277 526 409 563 presumptuosa
423 520 521 553 curiositate
534 520 633 563 preciperet,
648 520 687 552 licet
700 520 722 552 ab
734 520 794 554 amicis
809 528 825 555 et

123 572 163 604 viris
182 570 265 611 religiosis
282 571 405 613 prohiberetur,
421 571 463 604 sibil
473 572 552 604 locellum
568 570 629 612 aperiri
644 576 661 603 et
679 570 733 602 sancti
752 572 826 605 martiris

107 631 185 664 5corpus
198 620 269 654 ostendi.
293 622 377 655 Custodes
390 633 431 655 vero
444 622 518 655 scientes
530 621 567 654 eius
580 620 703 662 arroganciam,
716 626 733 653 et
747 620 826 656 timentes

124 672 241 712 insolenciam,
254 671 293 703 licet
306 671 354 703 inuiti
370 672 393 704 ad
405 672 441 704 eius
455 672 544 713 imperium
559 671 665 702 mauseolum
679 670 795 712 aperuerunt²,
810 678 827 705 et

125 723 201 755 insolens
214 721 281 754 iuuenis
295 721 406 755 irreuerenter
419 722 502 755 accedens
513 731 574 763 corpus
588 720 642 753 sancti
654 719 743 753 Edmundi
753 722 826 763 repperit

124 780 142 807 et
156 772 199 806 uidit
214 771 334 814 incorruptum.
357 772 391 814 Qui
410 772 466 806 statim
481 778 559 814 arreptus
574 783 585 803 a
600 770 680 803 demonio
695 781 754 803 versus
769 777 795 803 est
810 770 827 805 in

125 824 227 862 amenciam,
239 829 256 855 et
271 823 350 854 dentibus
362 834 383 855 ac
394 823 474 855 manibus
489 822 618 854 circumstantes
631 822 728 863 appetebat.
751 821 827 854 Audiens

100 880 183 907 roautem
196 871 234 905 vir³
249 872 337 912 religiosus
350 883 371 905 ac
383 873 471 905 timoratus
484 870 579 913 Alt[g]arus
594 878 643 913 pater
657 870 734 903 eiusdem
747 871 827 912 Leistani,

125 923 167 965 quid
186 921 311 964 presumpserit,
327 927 344 954 et
359 921 400 964 quid
419 921 459 954 inde
478 921 493 953 ei
510 921 597 961 acciderit,
616 920 702 954 interdixit
719 931 740 953 ne
759 921 827 954 vlterius

125 979 213 1014 paternam
224 971 289 1003 uideret
296 971 362 1012 faciem,
371 982 402 1004 nec
413 972 436 1003 ad
445 982 522 1003 mensam
533 981 582 1003 suam
594 971 703 1003 recumberet.
728 970 760 1012 Qui
773 970 828 1003 inedia

125 1023 209 1055 simulac
223 1020 293 1054 vesania
306 1031 389 1063 corrosus,
403 1021 521 1054 miserabiliter
535 1020 605 1053 tandem
620 1020 704 1058 vermibus
718 1027 828 1063 consumptus

125 1073 221 1116 exspirauit.
244 1072 333 1113 Colligitur
348 1072 387 1105 binc
403 1083 423 1105 ex
442 1072 560 1105 conformitate
578 1071 659 1112 vindicte,
678 1071 765 1105 martirem
783 1072 828 1104 hunc

100 1133 116 1162 ¹5
126 1123 237 1156 Edrnundurn
245 1128 262 1154 et
269 1123 339 1154 beatum
350 1123 462 1154 Laurencium
471 1122 535 1154 meritis
543 1133 581 1154 esse
589 1122 689 1160 conformes,
698 1122 719 1154 de
727 1132 761 1163 quo
769 1122 828 1154 beatus

126 1172 218 1214 Gregorius
226 1172 276 1204 refert
282 1171 327 1212 quod
333 1181 372 1204 cum
379 1171 450 1213 quidam
457 1171 513 1204 minus
521 1171 569 1212 digni
577 1180 638 1212 corpus
647 1171 682 1203 cius
690 1172 746 1203 leuare
754 1171 828 1203 volentes

126 1222 248 1265 conspicerent,
263 1220 334 1262 contigit
348 1227 413 1262 septem
429 1231 450 1254 ex
463 1221 488 1254 eis
501 1220 565 1254 ibidem
581 1226 635 1253 morte
651 1221 741 1254 subitanea
756 1221 827 1261 interire,

125 1271 157 1306 ut4
171 1271 231 1305 ceteris
250 1277 305 1303 metus
322 1270 430 1311 incuteretur,
445 1282 467 1304 ne
486 1271 509 1304 ad
528 1278 627 1304 sanctorum
644 1282 734 1313 corporum
752 1277 828 1305 contem-

126 1323 221 1365 placionem
231 1321 342 1361 irreuerenter
352 1321 458 1354 accederent.

140 1434 154 1469 ‘ii
166 1435 266 1476 QUALITER
278 1434 413 1464 THEODREDUS
425 1439 527 1464 EPISCOPUS
540 1439 594 1463 FECIT
606 1439 699 1463 SUSPENDI
711 1439 815 1472 LATRONES,

200 1490 224 1516 ET
235 1489 308 1516 CORPUS
319 1489 386 1514 SANC'l'I
398 1483 494 1515 EDllUNDl
506 1489 602 1514 REPPERIT
613 1489 760 1515 INCORRUPTUM.

329 1554 399 1595 Umque
408 1554 473 1595 prefato
485 1555 523 1585 loco
533 1552 652 1585 turnulacionis
664 1553 718 1585 sancti
728 1552 801 1585 martiris
814 1552 830 1583 in

351 1603 504 1636 Bedricesuuorthe
518 1614 528 1635 a
540 1601 662 1645 quihus[que]⁵
674 1602 763 1635 catholicis
778 1603 830 1634 multa

128 1653 238 1686 conseruntur
243 1652 315 1685 donaria
320 1658 337 1685 et
342 1658 443 1684 ornamenta
450 1652 466 1684 in
473 1663 513 1684 auro
519 1658 536 1684 et
543 1658 613 1693 argento
619 1652 744 1693 preciosissima
751 1662 754 1684 :
761 1651 830 1693 quidam

128 1703 202 1742 maligne
213 1701 275 1734 mentis
287 1702 366 1734 homines
375 1701 451 1741 aggressi
464 1708 503 1734 suut
514 1707 598 1733 nocturno
611 1707 687 1742 tempore
699 1702 744 1734 beati
758 1700 830 1733 martiris

128 1751 220 1794 infringere
233 1750 326 1784 basilicam.
354 1752 429 1784 Fuerunt
443 1757 500 1784 autem
512 1756 556 1790 octo,
571 1750 600 1794 qui
614 1751 678 1794 absque
689 1751 724 1784 vlla
737 1750 791 1783 sancti
805 1760 830 1782 re-

101 1811 119 1839 25
128 1802 206 1836 uerencia
216 1802 327 1835 decreuerunt
337 1813 397 1844 rapere
408 1802 466 1834 omnia
474 1812 573 1844 quecunque
585 1801 629 1833 inira
640 1802 729 1834 basilicam
741 1801 788 1834 utilia
799 1800 829 1832 sibi

128 1853 236 1885 inuenissent.
250 1853 301 1885 Vnde
309 1852 382 1893 sumptis
390 1851 473 1884 machinis
480 1852 502 1883 ad
511 1851 606 1892 parandum
614 1851 710 1891 ingressum
716 1858 733 1884 et
739 1860 830 1892 egressum,

128 1903 170 1935 alius
179 1901 223 1943 posti
231 1903 295 1934 scalam
303 1902 378 1944 applicat
386 1908 404 1934 ut
413 1912 443 1943 per
450 1902 542 1934 fenestram
550 1911 568 1933 se
576 1900 648 1942 ingerat,
656 1901 699 1933 alius
707 1901 769 1934 malleo
777 1900 830 1932 fabrili

128 1954 214 1994 pessulum
223 1953 244 1984 ab
253 1952 296 1985 ostio
305 1958 383 1985 excutere
391 1952 454 1991 nititur,
463 1952 506 1984 alius
517 1961 573 1984 serani
583 1951 625 1983 lima
635 1962 722 1984 corrosam
730 1950 831 1993 depascitur,

128 2002 171 2036 alius
178 2001 238 2044 vangis
246 2007 263 2035 et
271 2002 355 2044 ligonibus
363 2001 445 2045 parietem
453 2001 537 2034 suffodere
545 2006 622 2035 conatur.
644 2001 733 2035 Excitatus
741 2013 751 2034 a
759 2008 831 2042 sompno

101 2063 121 2093 30
128 2055 150 2087 de
160 2058 207 2087 tanto
218 2054 289 2096 strepitu
300 2054 371 2097 quidam
381 2054 438 2086 iacens
449 2053 524 2093 interius,
532 2063 563 2085 nec
574 2053 635 2095 pedem
647 2053 669 2085 ad
677 2062 755 2094 gressum
762 2059 831 2084 mouere

128 2115 160 2136 nec
168 2104 243 2144 linguam
251 2104 273 2135 ad
282 2104 352 2135 verbum
363 2104 420 2135 laxare
431 2109 498 2144 poterat
506 2114 509 2143 ;
522 2103 592 2135 domino
601 2103 633 2135 deo
642 2103 674 2135 hoc
682 2102 790 2144 permittente
798 2110 830 2132 non

129 2152 146 2184 in
160 2151 252 2193 perniciem
265 2152 335 2185 iacentis
346 2158 372 2184 set
382 2152 400 2184 in
409 2152 478 2184 laudem
488 2157 505 2184 et
512 2151 584 2193 gloriam
592 2151 667 2184 martiris
677 2151 784 2193 presidentis.
803 2150 831 2181 Set

129 2202 172 2235 sicut
180 2201 266 2234 innoxium
274 2203 297 2234 ad
304 2208 372 2243 tempus
380 2201 469 2243 suspendit
476 2202 498 2233 ab
510 2201 566 2234 officio
575 2202 638 2243 pedum
646 2207 663 2234 et
671 2202 733 2243 lingue,
742 2201 766 2234 sic
774 2198 831 2232 noxios

129 2251 211 2294 protraxit
218 2251 235 2283 in
247 2252 303 2283 lucem
314 2252 331 2283 in
342 2262 394 2293 opere
406 2258 456 2293 cepto
468 2250 540 2284 inuitos:
553 2258 571 2284 vt
584 2250 641 2292 [alius]
654 2252 676 2284 de
688 2251 734 2283 scala
746 2249 832 2293 penderet,

102 2312 120 2342 35
130 2302 173 2335 alius
179 2302 258 2334 incuruus
265 2301 346 2334 fodiendo
354 2302 443 2342 laboraret,
451 2301 495 2334 alius
502 2302 590 2343 pessulum
598 2311 637 2334 cum
645 2303 707 2334 malleo
715 2299 832 2336 contunderet,

130 2359 146 2385 et
159 2352 202 2385 alius
218 2353 239 2383 de
252 2358 300 2392 poste
313 2363 368 2384 seram
380 2358 470 2384 excuteret.
498 2353 551 2384 Mane
563 2353 608 2384 sacto
621 2354 694 2393 populus
707 2353 729 2384 ad
743 2350 832 2384 ecclesiam

130 2411 224 2443 properans
237 2400 301 2433 inuenit
311 2401 357 2433 fures
370 2401 424 2433 sicin
437 2401 505 2442 incepto
517 2401 605 2441 sacrilegio
619 2402 688 2441 defixos,
701 2406 719 2433 vt
731 2410 763 2432 nec
776 2399 833 2438 sugere

129 2452 211 2493 valerent,
224 2462 255 2484 nec
270 2451 292 2483 ab
304 2462 355 2493 opere
369 2450 455 2483 desistere.
479 2451 602 2494 Comprehensi
613 2450 669 2493 igitur,
679 2456 696 2484 et
709 2448 780 2483 vinculis
792 2455 832 2480 con·

101 1561 119 1581 ²⁰
129 1579 177 1610 arra
190 1577 251 1609 Fara

150 2533 155 2550 ¹
166 2534 200 2564 MS.
208 2533 251 2563 iussit
258 2533 292 2563 sibi.
357 2531 363 2549 ²
373 2532 408 2563 MS.
415 2534 495 2572 aperirent.
562 2533 568 2551 ³
579 2533 613 2563 MS.
621 2532 717 2572 quidamvir.
783 2528 789 2546 ⁴
799 2525 833 2557 MS·

130 2578 145 2603 ct
152 2580 173 2604 ut.
265 2573 271 2590 ⁵
282 2573 316 2603 MS.
323 2583 332 2602 a
339 2573 399 2612 quibus
