1762 2803
256 118 310 175 De
324 116 423 171 banuo
440 116 561 175 diatim
722 119 765 173 3⁶3

64 239 146 275 darium¹
161 249 235 276 carnem
250 239 327 275 incisam
342 239 365 274 ad
382 238 498 284 coquendum
513 242 619 283 posuerunt.
646 236 684 273 Sed
698 241 767 281 quanto

63 294 106 338 plus
117 293 165 338 ignis
176 298 305 338 augmentatus
317 292 382 334 extitit,
389 297 439 327 tanto
451 303 494 327 caro
505 292 524 327 in
535 290 626 326 caldario¹
637 290 697 335 posita
708 288 767 333 magis

64 351 158 381 cruentata
171 346 260 392 apparuit.
282 346 367 381 Audiens
378 346 406 380 vir
419 345 449 380 dei
461 356 535 380 vaccam
547 355 600 379 suam
615 344 699 384 furatam,
711 341 767 376 vesti-

63 400 114 442 gium
128 398 167 433 eius
180 398 250 433 inuenit
262 399 308 433 miro
321 398 376 433 modo
389 398 408 432 in
420 397 480 441 lapide
491 396 613 441 impressum:
627 400 645 430 et
658 406 700 429 cum
712 393 768 428 sociis

64 450 103 485 suis
118 461 177 494 usque
192 450 215 485 ad
228 451 316 495 palatium
333 450 383 495 regis
398 449 476 493 vestigia
489 461 546 484 vacce
564 449 660 494 sequendo
677 446 785 493 peruenit.5

65 502 122 538 Cuius
134 504 214 538 aduentu
229 502 307 548 cognito,
319 503 431 538 caldarium²
441 514 488 548 aqua
500 502 587 548 plenum³
598 503 686 543 semente,
698 500 769 535 iuncis⁴

65 561 172 600 coopertum
176 556 189 600 ⁶,
197 557 220 592 ab
230 557 273 601 igne
280 556 396 602 depositum·
404 556 456 601 quasi
464 557 522 591 sedile
531 561 635 601 preparant,
643 560 661 590 et
668 554 728 589 virum
739 553 768 589 dei

65 609 133 644 ibidem
144 610 209 645 sedere
221 611 303 644 inuitant.
327 610 350 644 Et
361 620 403 643 cum
416 609 518 654 iniquitatis
527 609 560 643 filii
571 609 630 643 virum
641 612 725 642 sanetum
737 605 768 641 ln⁷

66 662 156 694 semidam
167 673 233 705 aquam
244 662 305 695 subito
318 663 384 695 eadere
396 667 466 706 putant,
478 660 536 696 sedile
548 661 615 694 laetum
626 664 655 694 est
662 660 740 694 solidum
750 662 769 693 et

66 714 146 755 firmum,
160 714 213 759 quasi
231 713 324 759 lapideum
341 718 396 749 esset.
427 713 470 749 Rex
489 713 545 755 enlm,
564 712 599 748 hoc
618 713 696 757 cognito,
714 710 769 746 flexis
779 717 797 741 10

66 767 144 810 genibus
157 768 231 802 veniam
247 767 356 812 implorauit.
379 767 452 802 Indulta
467 766 506 811 regi
521 766 580 809 venia,
596 775 670 801 carnem
689 770 707 800 et
726 774 769 800 ossa

65 828 121 852 vacce
132 828 166 853 sue
177 828 234 862 super
245 819 314 854 corium
326 818 370 864 poni
381 817 445 853 iussit:
457 823 475 852 et
485 818 547 852 statim
558 827 621 853 coram
631 816 717 852 omnibus
728 816 770 850 viua

66 871 150 905 surrexit.
196 864 278 908 Sanctus
289 877 350 906 autem
362 871 451 913 Cadocus,
462 872 481 906 in
495 871 570 906 iuuenili
582 876 630 905 etate
643 870 674 904 illo
685 874 770 914 tempore

66 924 85 958 in
94 924 144 957 curia
151 923 238 969 genitoris
245 935 329 967 manens,
335 924 375 959 viso
383 925 417 958 hoc
428 924 516 959 miraculo
524 929 588 958 sancto
593 923 686 958 Thatheoi
693 922 770 956 traditur

66 976 165 1011 virtutibus
178 977 311 1012 informandus.
334 976 357 1011 Et
371 976 451 1011 extincto
462 975 505 1020 igne
520 975 550 1011 die
564 976 642 1020 quadam
657 974 726 1009 missus
741 978 769 1008 est
779 983 797 1012 15

68 1029 151 1063 Cadocus
164 1028 226 1073 ignem
240 1030 263 1064 ad
275 1029 371 1065 ecclesiam
384 1028 467 1064 deferre:
484 1029 516 1064 secl
530 1029 609 1064 rusticus
620 1029 694 1074 quldam
707 1028 769 1072 ignem

68 1082 102 1116 sibi
112 1083 185 1117 tradere
194 1082 260 1126 renuit,
268 1083 303 1118 nisi
312 1083 331 1118 in
343 1083 421 1118 clamide
432 1082 484 1118 illum
496 1082 589 1117 baiularet.
612 1081 685 1116 Locatis
695 1082 770 1116 tandem

68 1135 86 1169 in
98 1135 185 1170 mantello
197 1136 312 1177 carbonibus,
320 1136 344 1170 ad
356 1136 463 1180 magistrum
470 1141 523 1170 veste
533 1135 586 1170 illesa
597 1133 705 1179 deportauit.
728 1134 769 1176 Quo

67 1189 107 1222 viso
119 1188 212 1230 miraculo,
225 1189 289 1223 doctor
301 1188 396 1223 Thatheus
409 1188 517 1223 instructum
530 1188 622 1223 Cadoeum
637 1187 656 1222 in
669 1186 720 1222 omni
732 1186 769 1221 vir·

68 1246 127 1275 tutum
135 1242 221 1276 exercitio
229 1242 252 1276 ad
260 1242 356 1276 heremum
365 1241 470 1276 transmisit.
516 1234 587 1282 Puella,
595 1240 682 1274 Machuta
689 1240 770 1279 nomine,
778 1248 799 1270 ιο

68 1294 112 1327 dum
124 1303 169 1327 oues
182 1293 216 1328 sibi
230 1293 339 1328 commissas
352 1293 458 1336 custodiret,
469 1293 551 1327 latrones
562 1293 604 1335 duo,
615 1298 668 1337 rapto
683 1292 740 1327 ariete
752 1297 771 1327 et

68 1350 139 1388 necato,
147 1346 227 1390 puellam
238 1346 257 1379 in
269 1346 335 1380 siluam
344 1347 447 1388 abductam,
455 1357 479 1381 ne
490 1346 605 1381 latrocinium
616 1346 702 1390 proderet
710 1345 772 1379 decol-

69 1398 133 1434 larunt.
157 1398 192 1434 His
207 1399 274 1434 auditis
289 1399 347 1434 doluit
361 1399 389 1434 vir
404 1399 445 1434 dei:
464 1404 483 1434 et
497 1400 542 1435 dum
556 1399 669 1434 orationibus
683 1398 772 1444 vigilaret,

69 1452 160 1487 homicide
168 1453 191 1487 ad
199 1453 266 1487 ostium
273 1464 328 1487 suurn
335 1458 431 1493 venerunt,
439 1453 550 1487 confitentes
560 1462 581 1486 se
588 1452 664 1487 arietem
672 1451 741 1486 iuratos
748 1457 773 1492 et,

69 1505 118 1547 quod
125 1506 203 1548 neqqus
211 1511 255 1546 erat,
261 1505 379 1539 homicidium
386 1510 502 1548 perpetratos
511 1505 531 1547 (l)
537 1505 548 1538 ⁰.
566 1504 605 1537 lllis
612 1504 685 1538 veniam
694 1503 773 1547 petenti·
782 1511 800 1540 ²5

70 1556 104 1589 bus
111 1556 194 1600 precepit
202 1557 225 1590 ad
232 1557 333 1591 antistitem
340 1567 425 1601 pergere,
434 1562 453 1590 et
460 1561 503 1600 post
510 1556 646 1590 consessionem
653 1554 773 1601 penitentiam

70 1608 174 1651 impositam
187 1608 270 1653 implere.
291 1608 325 1643 Vir
336 1615 398 1643 autem
410 1609 439 1643 dei
451 1609 470 1643 in
481 1610 522 1643 loco
533 1610 563 1643 vbi
576 1609 635 1644 occisa
645 1608 697 1653 virgo
709 1607 774 1649 extitit,

70 1661 167 1696 ecclesiam
174 1662 262 1704 fundauit,
267 1667 285 1696 et
293 1673 361 1707 corpus
367 1662 444 1707 virginis
448 1662 467 1697 in
475 1661 586 1697 monasterio
594 1672 628 1697 suo
634 1662 723 1706 sepeliuit.
737 1654 774 1696 Vir

71 1714 100 1748 dei
112 1714 217 1750 instinctum
227 1716 299 1750 bubulci
304 1715 317 1735 ¹¹
329 1715 423 1750 cuiusdam
437 1714 507 1749 fontem
518 1714 609 1759 limpidiss
621 1715 679 1748 imum
691 1714 714 1748 de
725 1720 774 1748 terra

72 1767 164 1809 produxit.
187 1767 239 1801 Idem
250 1767 317 1801 iterum
329 1768 419 1801 bubulcus
430 1768 480 1802 venit
492 1768 515 1802 ad
527 1768 588 1802 virum
599 1773 688 1809 sanctum,
698 1767 773 1802 dicens:
782 1774 802 1804 3⁰

72 1818 140 1863 ‘Lupa,
150 1819 215 1864 inquit,
225 1819 323 1855 senissima
334 1821 357 1855 de
369 1820 415 1855 silua
426 1820 491 1856 exiens
500 1825 571 1866 septem
583 1820 674 1867 porcellos
683 1820 706 1855 de
717 1831 774 1866 grege
814 1864 817 1869 ,

71 1882 169 1915 porcorum
177 1872 260 1907 abstulit.¹
278 1873 311 1908 Cui
318 1878 403 1908 sanctus:
416 1873 478 1907 ‘Vade
485 1873 504 1908 in
512 1884 558 1917 pace
567 1884 601 1908 nec
611 1873 690 1917 amplius
698 1874 773 1908 doleas:

72 1926 114 1969 quia
126 1925 172 1960 deus
185 1925 265 1961 visitabit
278 1925 363 1960 seuitiam
375 1926 423 1970 lupe,
436 1937 471 1961 nec
481 1927 561 1971 amplius
573 1927 604 1961 tibi
616 1937 684 1961 nocere
696 1927 774 1971 potent:

73 1977 94 2012 In
104 1979 183 2013 crastino
191 1978 235 2014 vidit
246 1979 333 2014 subulcus
342 1979 405 2023 lupam
413 1979 524 2022 venientem,
533 1985 551 2014 et
561 1989 616 2014 suum
623 1980 703 2015 catulum
711 1979 729 2014 in
742 1991 774 2014 ore

72 2036 178 2067 tenentem:
197 2037 215 2067 et
230 2032 282 2076 quasi
297 2032 376 2065 alienum
392 2032 415 2066 ad
430 2031 497 2066 ostium
512 2032 582 2066 subulci
597 2033 676 2076 reliquit.
699 2033 774 2067 Catulus
782 2042 802 2072 35

72 2093 117 2117 vero
128 2084 203 2120 relictus
218 2085 241 2119 ad
254 2094 329 2130 porcam
345 2084 426 2119 orbatam
441 2085 518 2120 accessit
533 2090 551 2120 et
566 2085 652 2121 continuo
666 2085 706 2120 eius
718 2086 775 2121 vbera

73 2137 145 2172 suxit¹².
168 2138 231 2172 Creuit
239 2138 288 2172 enim
296 2142 315 2173 vt
323 2137 374 2172 canis
381 2137 499 2180 domesticus,
504 2149 541 2172 non
547 2138 599 2183 quasi
607 2139 667 2183 lupus,
673 2145 691 2173 et
699 2149 775 2184 gregem

73 2188 132 2224 tribus
147 2190 200 2225 annis
215 2191 279 2225 sedule
294 2190 396 2224 custodiuit.
426 2183 509 2226 Sanctus
527 2192 602 2224 tandem
617 2191 718 2232 Thatheus,
733 2198 776 2236 post

74 2242 130 2276 multa
138 2242 225 2277 virtutum
232 2247 303 2288 patrata
311 2243 403 2285 miracula,
408 2242 479 2287 vigilias
489 2249 508 2278 et
515 2243 635 2278 abstinentias
643 2244 678 2279 deo
685 2249 776 2290 acceptas,

74 2294 152 2338 septimo
164 2295 199 2331 kal.
212 2294 292 2331 Ianuarii
303 2295 322 2331 in
334 2307 400 2332 manus
412 2296 500 2332 creatoris
511 2297 540 2332 sui
550 2296 636 2342 spiritum
643 2297 714 2342 emisit,
727 2303 746 2333 et
757 2299 776 2333 in
784 2306 804 2336 40

74 2349 185 2384 monasterio
192 2360 226 2384 suo
234 2348 308 2395 sepeliri
316 2360 357 2386 cum
367 2350 437 2386 honore
445 2351 517 2388 meruit.

75 2445 231 2491 '¹soT.Vit.;E.
239 2449 326 2478 caldariam.
373 2448 488 2480 ¹E.caldaria.
535 2448 693 2488 'Eplenamaqua
741 2447 777 2480 ⁴T.

74 2486 138 2515 iunceis.
178 2488 315 2526 ³n,eoopenam.
360 2487 394 2519 'E.
402 2489 495 2527 depositam.
539 2488 636 2520 ¹0m.inT.
675 2487 777 2519 ⁸=Meutti

75 2523 91 2553 in
97 2524 135 2556 Vita
141 2526 180 2558 Cad.
237 2527 243 2546 ⁹
253 2537 266 2557 r.
274 2532 348 2566 operatos
353 2539 358 2567 ;
368 2527 474 2569 vituperari.
528 2527 539 2548 ¹⁰
549 2529 567 2561 T.
574 2530 659 2567 instinctu3
669 2528 687 2561 Ε.
694 2529 776 2561 instructu

75 2563 86 2582 ¹¹
96 2563 127 2597 vit
135 2567 200 2600 subulci.
235 2567 330 2608 ”asueti
