1762 2803
146 111 192 167 tit
207 107 307 162 &unctu
323 103 418 166 luunt
434 103 465 156 tt
481 102 615 162 utmutttu.
704 115 733 161 79

31 237 71 272 aliis
84 233 115 277 qui
130 229 213 265 aduocati
226 229 266 262 eius
281 228 353 261 fuerant
368 236 429 260 coram
445 225 509 259 Pilato.
533 225 624 258 Omnibus
636 230 697 257 autem
712 234 734 256 se

31 284 168 324 occultantibus,
183 281 208 315 hii
227 281 263 314 duo
281 278 381 319 memorati,
398 277 465 320 loseph
480 277 565 311 videlicet
583 282 601 310 et
617 277 735 317 Nicodemus,

31 339 129 376 ostendunt
140 348 161 370 se
173 334 215 375 illis,
227 333 320 366 dicentes:
336 331 409 373 ‘Quare
421 329 523 364 contristati
534 330 580 364 estis
590 331 689 364 aduersum
701 339 735 363 uos

31 394 73 439 quia
84 389 204 433 sepeliuimus
215 396 283 430 corpus
295 385 363 419 ihesu?
374 394 412 417 non
423 385 472 417 bene
484 383 547 426 egistis
559 384 650 417 aduersus
660 382 735 423 iustum,

31 455 91 490 neque
98 440 212 485 recogitastis
223 444 291 483 quanta
301 436 390 473 beneficia
399 447 443 481 erga
452 446 487 470 vos
495 442 582 480 operatus
592 442 626 477 est,
634 436 667 471 sed
678 435 753 476 cruci-5

32 497 97 534 fixistis
105 506 153 535 eum,
162 499 180 527 et
188 494 252 527 lancea
259 490 382 525 vulnerastis!
404 490 508 524 Audientes
517 488 570 523 iudei
581 500 678 524 sermones
685 490 736 530 istos,

32 549 193 597 apprehenderunt
202 546 275 590 Ioseph,
284 549 303 579 et
311 544 425 578 incluserunt
433 553 475 577 eum
484 543 503 577 in
516 542 605 585 cubiculo,
612 542 643 577 vbi
651 553 688 577 non
697 547 736 578 erat

32 607 123 643 fenestra3
135 607 154 635 et
164 600 283 643 signauerunt
292 597 371 632 ostium¹
380 598 446 630 Annas
456 602 474 631 et
486 596 570 639 Caipbas,
578 601 596 630 et
607 596 693 630 custodes
704 606 737 640 po·

33 660 109 693 suerunt
115 655 146 698 qui
153 653 266 687 custodirent
273 661 315 685 eurn
324 663 328 690 ;
340 649 475 684 Nichodemum
480 660 524 684 vero
532 649 609 683 liberum
615 648 736 683 dimiserunt:

33 711 74 756 quia
80 709 120 752 ipse
126 706 177 740 solus
185 704 253 748 Ioseph
259 714 326 747 corpus
335 702 390 737 ihesu
398 702 451 746 petiit
458 713 479 736 nc
487 701 594 747 principalis
601 701 696 736 incentori
704 700 737 736 suit
746 710 766 732 ιο

33 763 126 805 sepulture
134 758 180 792 eius.
203 758 247 791 Post
254 757 289 790 hec
297 755 412 799 congregaris
420 755 507 788 omnibus
516 766 551 798 per
558 755 607 788 diem
616 755 686 788 sabbati
695 765 737 788 cum

33 812 158 849 sacerdotibus
165 815 183 843 et
191 808 257 851 lenitis,
266 807 391 852 cogitauerunt
398 818 435 853 qua
442 812 502 842 morte
510 807 614 842 occiderent
623 806 696 851 loseph.
713 807 737 842 Et

34 870 125 902 iusserunt
137 863 230 908 principes
242 863 297 896 Anne
308 867 326 895 et
338 861 408 905 Caiphe
419 867 438 895 vt
450 860 611 905 representarent³
623 860 696 904 loseph.
714 860 737 894 Et

34 920 136 965 aperientes
148 917 201 960 sigua
212 914 260 957 ostii,
268 925 304 949 non
314 914 424 950 inuenerunt
435 925 483 949 eum.
511 913 575 948 Missis
584 920 646 948 autem
657 914 738 956 undique

35 970 186 1017 exploratoribus,
202 969 288 1002 inuentus
304 974 332 1002 est
346 968 365 1001 in
380 968 453 1002 ciuitate
467 978 501 1001 sua
513 967 626 1001 Armathia⁴.
649 966 691 1001 Hec
706 977 765 1008 au-15

35 1026 105 1060 dientes
113 1022 206 1067 principes
214 1022 329 1055 sacerdotum
336 1026 354 1054 et
362 1020 422 1055 omnis
430 1020 509 1065 populus
518 1019 623 1062 iudeorum,
629 1020 687 1064 gauisi
695 1026 739 1054 sunt

35 1079 77 1122 quia
84 1077 170 1110 inuentus
178 1080 211 1108 est.
235 1074 257 1107 Et
266 1073 353 1108 facientes
361 1072 522 1116 congregationem
530 1073 739 1116 magnam,scripserunt

35 1131 57 1164 ad
66 1129 133 1171 Ioseph
141 1127 236 1161 dicentes:
249 1126 298 1160 ‘Pax
306 1131 366 1160 tecum
375 1131 393 1159 et
401 1124 486 1158 omuibus
494 1124 525 1168 qui
533 1130 593 1159 tecum
602 1131 649 1159 sunt.
665 1125 739 1159 Scimus

35 1181 77 1225 quia
85 1180 203 1224 peccauimus
211 1178 230 1212 in
237 1179 293 1212 deum
301 1184 319 1212 et
326 1184 356 1212 te:
368 1178 444 1222 dignare
452 1178 508 1221 igitur
518 1179 581 1212 venire
592 1179 615 1212 ad
626 1184 690 1222 patres
698 1184 739 1212 tuos

36 1240 54 1269 et
65 1234 123 1268 filios:
140 1232 182 1277 quia
195 1232 278 1266 admirati
290 1242 354 1266 sumus
369 1230 424 1266 nimis
438 1231 461 1266 de
473 1231 586 1266 assumtione
601 1236 637 1265 tua.
665 1231 739 1266 Scimus
748 1246 768 1269 ro

36 1289 84 1322 enim
92 1287 134 1330 quia
142 1286 241 1328 malignum
250 1284 345 1319 consilium
353 1285 472 1328 cogitauimus
482 1285 581 1319 aduersum
592 1290 616 1326 te,
624 1290 642 1318 et
653 1285 739 1319 dominus

36 1339 119 1375 liberauit
131 1344 149 1374 te
161 1339 184 1373 de
200 1338 279 1382 maligno
293 1337 370 1372 consilio
382 1342 450 1372 nostro.
473 1337 513 1372 Pax
526 1338 564 1380 tibi,
578 1338 651 1373 domine
665 1338 739 1382 loseph,

37 1393 147 1427 honorabilis
159 1393 182 1426 ab
197 1392 248 1426 omni
262 1392 328 1435 plebe!
351 1391 374 1425 Et
389 1391 496 1434 elegerunt³
511 1397 583 1434 septem
598 1391 653 1430 viros,
669 1391 739 1424 amicos

38 1445 110 1488 Ioseph,
119 1445 201 1479 dicentes
208 1444 248 1478 eis:
261 1443 320 1477 ‘Dum
328 1442 450 1487 per-ueneritis
460 1443 483 1476 ad
495 1442 568 1487 loseph,
578 1444 658 1478 salutate
668 1444 740 1478 eumin

37 1499 91 1541 pace!
113 1497 136 1530 Et
148 1498 172 1530 ita
184 1496 271 1530 facientes
282 1496 317 1529 viri
327 1497 353 1530 illi
364 1497 455 1530 dederunt
466 1496 483 1529 ei
495 1496 576 1530 libellum
588 1496 671 1538 epistole.
693 1496 740 1530 Cum
749 1514 768 1544 ²5

39 1549 125 1593 [ειιιῐεηι]ὅ
133 1549 209 1593 legisset
216 1549 318 1593 epistolam,
328 1548 385 1583 dixit:
398 1548 519 1583 ‘Benedictus
530 1549 615 1583 dominus
624 1549 670 1584 deus
682 1559 741 1591 meus,

38 1603 68 1645 qui
76 1602 156 1636 liberasti
165 1602 227 1643 lsrael,
236 1607 255 1636 vt
263 1612 299 1635 non
307 1601 410 1636 effunderet
420 1601 529 1645 sanguinem
539 1613 606 1637 meum.
630 1602 741 1636 Benedictus

38 1655 83 1689 deus
91 1655 122 1699 qui
130 1655 226 1699 protexisti
234 1665 264 1688 me
275 1655 309 1689 sub
319 1654 353 1689 aiis
363 1654 409 1689 tuis.¹
432 1654 456 1689 Et
466 1655 559 1690 osculatus
568 1661 596 1690 est
609 1654 676 1700 ioseph
685 1656 741 1697 viros,

38 1708 141 1752 suscipiens
152 1709 171 1743 in
183 1709 258 1743 domum
270 1719 329 1742 suam.
351 1708 394 1742 Alia
404 1719 449 1742 vero
458 1709 488 1742 die
500 1709 602 1743 ascendens
613 1710 691 1751 asinum,
699 1720 741 1744 cum

39 1761 74 1794 illis
84 1762 134 1795 veuit
147 1761 264 1796 Hierusalem
270 1762 282 1795 ⁷,
309 1761 362 1804 Quod
374 1773 416 1795 eum
427 1762 521 1797 audissent
533 1762 590 1803 Iudei,
598 1767 716 1796 occurrerunt
724 1761 741 1796 ei
750 1779 770 1808 3⁰

39 1814 116 1855 obuiam¹
124 1815 217 1848 dicentes:
231 1814 280 1848 ‘Pax
288 1814 307 1848 in
316 1814 395 1856 introitu,
403 1816 466 1859 poter.¹
490 1814 561 1857 Quibus
571 1814 678 1860 respondit:
691 1814 741 1850 ‘Pax

39 1866 90 1900 vobis
101 1867 186 1902 omnibus
197 1868 230 1901 sit.¹
254 1867 277 1901 Et
289 1868 365 1902 osculati
376 1873 419 1901 sunt
430 1878 473 1902 eum
485 1878 561 1910 omues;
577 1875 595 1902 et
608 1868 689 1912 suscepit
700 1879 742 1902 eum

41 1918 164 1954 Nichodemus
171 1920 191 1953 in
198 1921 274 1953 domum
282 1931 340 1959 suam,
348 1920 427 1962 iecitque
435 1921 452 1952 ei
460 1921 569 1953 conuiuium.
592 1921 634 1953 Alia
642 1926 703 1953 autem
712 1920 742 1953 die

40 1972 190 2006 conuenientibus
208 1971 227 2006 iu
246 1968 303 2018 vn'qm
323 1971 390 2013 iudeis,
406 1972 491 2005 dixerunt
510 1972 532 2005 ad
553 1972 620 2017 Ioseph
639 1973 705 2007 Annas
724 1978 743 2007 et

41 2021 129 2067 Caiphas:
142 2025 181 2058 ‘Da
188 2024 321 2059 consessionem
329 2025 364 2059 deo
372 2024 430 2058 Israel
439 2031 457 2058 et
465 2025 562 2060 manifesta
572 2026 625 2060 nobis
634 2027 696 2060 omnia
705 2037 742 2070 que
752 2042 771 2073 35

40 2074 160 2121 interrogatus
167 2078 229 2112 fueris.
252 2077 299 2120 Quia
311 2077 365 2122 igitur
375 2078 472 2113 contestati
482 2079 558 2113 sumus³
567 2081 621 2113 deco
631 2080 679 2123 quod
689 2090 744 2123 sepe-

41 2127 76 2161 listi
84 2140 151 2174 corpus
160 2131 221 2171 ihesu,
229 2137 248 2165 et
255 2130 363 2165 inclusimus
370 2137 389 2165 te
400 2131 419 2165 in
427 2131 510 2166 cubiculo
521 2132 592 2177 propei
602 2132 651 2167 diem
662 2132 743 2174 sabbath

41 2187 113 2223 postera
126 2184 156 2218 die
167 2190 267 2228 querentes
278 2189 297 2218 te
310 2195 347 2219 non
359 2184 469 2226 inuenimus‚
482 2192 500 2219 et
512 2186 597 2220 admirati
609 2196 674 2220 sumus
688 2186 744 2220 nimio

41 2242 108 2273 pauore
116 2247 174 2279 usque
182 2247 230 2270 nunc
238 2247 280 2270 cum
288 2242 306 2270 te
314 2237 440 2281 suscepimus:
449 2244 468 2271 et
475 2248 537 2272 coram
543 2240 579 2272 deo
588 2238 683 2272 manifesta
691 2238 745 2272 nobis

42 2284 84 2326 quid
96 2286 119 2320 de
130 2294 148 2322 te
159 2295 220 2323 actum
232 2290 266 2323 stt:
290 2288 415 2334 Respondens
427 2296 488 2325 autem
501 2290 569 2334 loseph
582 2290 639 2326 dixit:
656 2290 745 2333 ‘Quando
752 2309 773 2339 4⁰

43 2347 71 2371 me
81 2342 182 2376 reclusistis
189 2343 208 2376 in
217 2342 266 2376 diem
276 2352 384 2386 parasceue,
393 2344 417 2377 ad
426 2351 526 2386 vesperum
536 2344 580 2377 <lum
590 2349 659 2377 starem
670 2344 692 2377 ad
703 2355 745 2377 ora-

43 2389 109 2426 tionem
117 2393 146 2429 die
154 2394 229 2438 sabbati,
238 2395 299 2429 media
308 2401 361 2430 nocte
372 2406 463 2441 suspensa
475 2402 503 2431 est
515 2396 587 2438 domus,
595 2396 613 2431 in
624 2408 660 2441 qua
670 2407 726 2438 eram,
734 2407 745 2430 a

44 2450 120 2485 quatuor
126 2449 197 2491 angelis
202 2449 220 2483 ¹⁰.
244 2449 267 2483 Et
274 2449 311 2483 vidi
320 2448 395 2482 Ibesum
403 2449 450 2483 sicut
457 2449 547 2493 fulgorem
555 2449 606 2491 lucis,
612 2455 630 2484 et
637 2460 671 2493 pre
679 2449 745 2483 timore

59 2509 262 2556 fiimddssuperelauem.
283 2517 393 2548 'Eintenton
415 2510 569 2555 ³H.prcseutarcnt.
590 2516 693 2548 ‘Einlirm
712 2517 745 2548 ⁵12.

44 2549 124 2604 ‘hilefuui-
141 2556 224 2588 ⁰E.enim.
241 2556 379 2588 ⁷E.bierusulern.
400 2557 498 2588 ⁸H.t'uimus.
517 2558 624 2596 'Hp-optet.
644 2557 745 2595 ”tangatis
