1762 2803
141 119 142 122 ’
184 125 230 183 mc
245 124 345 179 sancto
361 122 462 183 choma
478 123 660 186 ardiolarum.
728 136 772 182 379

70 247 139 282 tionem
147 245 170 281 de
178 246 234 290 regiis
244 245 407 281 consuetudinibus
417 245 537 280 obseruandis
547 245 582 281 sibi
593 245 632 281 fieri
640 245 687 281 velle
697 245 773 280 dicebat.

70 293 126 344 Apud
134 299 276 334 Clarendoniam
283 311 361 345 quoquc,
369 299 497 344 episcoporum
505 304 523 333 et
531 300 642 344 prelatorum
653 298 746 333 lachrimis
755 304 774 332 et

70 353 156 398 precibus
167 359 233 396 motus,
241 353 308 397 obligat
319 364 340 387 se
351 354 399 398 quod
410 353 470 398 regias
481 352 623 388 consuetudines
633 352 679 387 soret
687 352 774 387 obserua-

71 413 123 441 turus
134 406 182 441 bona
191 407 233 448 fide,
240 408 298 442 verbo
308 407 339 441 illo
347 417 448 451 suppresso
456 407 519 440 ‘saluo
527 406 591 441 ordine
601 407 654 448 meo,’
661 411 680 441 et
691 405 710 440 in
718 407 775 440 verbo

71 458 153 494 veritatis
167 459 202 493 hoc
215 471 236 493 se
249 460 338 493 facturum
350 459 464 502 spopondit¹,
475 465 569 502 peccatum
581 464 656 502 peccato
667 459 792 502 adiungensa

72 511 156 554 Idipsum
166 516 185 545 et
192 511 273 545 uniuersi
284 511 380 556 pontifices
391 511 503 545 iurauerunt.
525 512 603 557 Scriptis
613 511 668 556 igitur
678 516 775 546 'consuctu-

72 562 151 604 dinibus,
158 563 199 598 illas
207 564 357 609 archiepiscopus
365 565 445 609 sigillare
453 565 546 607 differens,
554 564 625 599 dicebat
632 564 693 609 quod²
700 569 776 608 propter

72 616 144 661 negocii
155 618 299 661 magnitudinem
311 619 377 653 decere
389 618 494 653 dilationem
505 617 535 652 vel
546 618 643 659 modicam,
652 628 694 652 cum
705 617 776 661 absque

73 669 148 704 consilio
158 670 203 704 nihil
214 670 317 706 laciendum
328 671 375 705 soret
385 681 447 716 graue.
469 671 530 706 Vnam
541 676 612 715 partem
623 670 775 706 consuetudinum

73 733 136 757 secum
144 723 231 766 scriptam
239 725 325 768 suscepit,
333 725 409 758 alteram
417 724 566 768 archiepiscopus
574 723 696 765 eboracensis,
703 723 775 757 tertiam
786 733 804 755 ro

73 785 117 809 vero
125 785 164 809 rex,
187 775 295 811 Recedcnte
302 776 363 822 itaque
368 776 407 812 viro
415 777 449 818 dci,
455 782 473 811 et
480 776 559 812 diuersis
567 776 641 811 diuersa
648 775 776 815 sentientibus,

74 828 151 862 clericus
164 829 195 874 qui
208 840 281 866 crucem
294 830 370 874 serebat,
381 830 441 866 acrius
454 830 518 866 institit
530 830 605 866 dicens:
621 829 729 866 ‘Concussit
742 829 776 864 hec

73 888 176 926 tempestas
186 884 241 919 etiam
253 885 361 929 columpnas
373 884 455 927 ecclesie,
467 889 484 918 et
496 884 540 918 dum
551 890 615 928 pastor
626 883 720 927 disparuit,
732 894 777 917 oues

74 935 160 979 disperse
174 936 245 971 latitant
261 938 296 972 sub
311 938 359 982 lupo.
387 937 432 980 Quis
447 937 566 981 triumphabit
580 938 599 970 in
614 936 678 980 prelio,
693 936 777 980 principe

75 988 160 1023 deuicto?
183 990 242 1032 Quid‚'
254 990 318 1034 inquit,
329 990 410 1024 ‘virtutis
421 990 455 1023 sibi
466 988 541 1023 retinuit
551 989 582 1033 qui
594 989 724 1023 conscientiam
735 997 777 1032 per·
787 997 805 1027 ¹5

75 1039 121 1074 didit
135 1046 154 1075 et
168 1041 257 1076 samami¹
285 1043 377 1086 ‘Quorum
394 1048 438 1077 sunt
456 1042 496 1085 hec,
511 1041 560 1077 filii’
578 1042 604 1076 ait
622 1041 778 1086 archiepiscopus.

76 1093 180 1138 ‘'seipsum,
198 1095 261 1141 inquit,
278 1096 296 1131 id
311 1096 392 1141 respicit,
409 1096 440 1141 qui
457 1095 511 1131 hodie
527 1095 603 1130 omnino
620 1095 716 1140 perdidisti
733 1105 778 1130 con-

76 1148 171 1182 selenciam
190 1154 208 1183 ct
226 1149 299 1193 samam,
314 1151 348 1185 deo
366 1149 429 1184 odibili
445 1154 464 1185 et
480 1149 571 1184 honestati
587 1149 677 1184 contrario
692 1148 778 1193 exemplo

76 1200 96 1234 in
109 1206 204 1244 posterum
216 1202 284 1246 relicto,
298 1214 339 1238 cum
353 1213 419 1238 manus
432 1208 473 1237 tuas
486 1203 521 1237 deo
532 1207 614 1237 sacratas
626 1203 649 1236 ad
663 1202 777 1236 execrandas

77 1255 219 1289 consuetudines
233 1256 357 1290 obseruandas
371 1256 488 1296 extenderes,
500 1260 518 1290 et
533 1255 553 1289 in
568 1254 674 1290 confusione
689 1254 778 1289 libertatis
787 1264 807 1285 το

77 1307 200 1342 ecclesiastice
212 1319 253 1343 curn
265 1309 370 1354 nephariis³
381 1309 457 1343 sathane
469 1308 557 1343 ministris
570 1308 724 1343 communicares¹
748 1307 778 1341 ln·

77 1361 147 1404 gemuit
165 1361 219 1406 igitur
237 1362 391 1408 archiepiscopus,
406 1367 425 1398 et
439 1361 535 1407 suspirans
552 1361 588 1397 ait:
608 1362 698 1404 ‘Peniteo,
714 1361 745 1402 fili,
761 1366 779 1396 et

77 1413 159 1457 grauiter
166 1415 256 1459 peniteo²,
264 1427 326 1451 meum
335 1416 438 1451 exhorrens
449 1426 559 1458 excessum3
570 1415 667 1461 indignum
678 1426 708 1450 me
720 1414 780 1449 iudico

78 1466 101 1500 de
113 1473 174 1502 cetero
186 1469 209 1503 ad
220 1480 264 1503 eum
275 1470 363 1505 accedere
374 1469 394 1504 in
405 1469 506 1504 sacerdotio
518 1469 541 1503 de
552 1468 603 1503 cuius
613 1468 689 1503 ecclesia
699 1474 736 1502 tam
744 1467 780 1502 vile

78 1521 160 1553 contraxi
172 1522 307 1555 commercium.
330 1522 392 1556 Silebo
404 1523 473 1556 sedens
485 1521 504 1555 in
518 1531 596 1564 merore,
609 1521 668 1557 donec
683 1532 694 1556 a
705 1520 780 1555 domino
789 1528 808 1559 ²5

78 1583 126 1617 papa
137 1584 210 1609 mercar
220 1575 294 1610 absolui.
318 1575 400 1610 Peccatis
411 1574 461 1610 enim
473 1574 519 1609 meis
531 1574 647 1619 exigentibus
658 1585 692 1619 per
703 1586 734 1609 me
743 1574 780 1609 iarn

78 1625 173 1669 anglicana
180 1627 275 1662 ancillatur
282 1628 365 1669 ecclesia,
373 1634 391 1663 et
399 1640 435 1673 que
447 1635 489 1663 ante
499 1639 529 1663 me
538 1629 596 1663 extitit
604 1629 682 1669 domina,
690 1639 739 1663 nunc
747 1639 782 1673 per

80 1689 110 1713 me
125 1679 213 1716 miserum
226 1681 421 1717 videtur'ancillanda.
443 1682 517 1718 Vtinam
536 1687 656 1727 consumptus
674 1693 741 1724 essem,
757 1693 781 1717 ne

79 1734 142 1768 oculus
153 1745 207 1770 meus
218 1736 252 1770 hec
263 1736 345 1770 videret!
374 1736 440 1771 Merito
453 1735 503 1770 enirn
515 1740 599 1780 ternpore
611 1746 654 1770 mco
664 1746 742 1780 passura
753 1741 782 1770 est

79 1786 161 1828 ecclesia,
176 1788 219 1831 quia
234 1789 257 1821 de
273 1789 314 1822 aula
330 1794 436 1833 assumptus
453 1798 500 1829 sum,
515 1798 552 1822 non
568 1788 592 1822 de
606 1788 690 1830 claustro,
705 1798 743 1821 non
758 1789 782 1822 de
790 1799 810 1829 30

79 1838 173 1883 religione,
181 1841 205 1874 ad
216 1839 296 1875 officium
308 1841 353 1884 hoc;
365 1842 398 1875 sed
406 1851 464 1875 vanus
475 1846 493 1876 et
500 1841 597 1886 superbus,
605 1841 629 1875 dc
639 1846 712 1884 pastore
720 1841 782 1875 auium

80 1890 139 1927 factus
157 1903 198 1927 sum
215 1899 278 1938 pastor
296 1894 369 1936 ouium3
388 1894 456 1929 dudum
472 1893 532 1928 fautor
546 1893 655 1929 histrionum
671 1899 689 1928 et
704 1899 783 1929 sectator

80 1956 152 1989 canum,
166 1957 214 1981 nunc
227 1953 291 1991 pastor
305 1953 332 1982 tot
346 1948 454 1982 animarum.
475 1947 530 1982 Vnde
545 1947 599 1992 plane
612 1946 665 1982 video
679 1958 709 1982 me
724 1947 760 1982 iarn
772 1958 783 1982 a

80 2000 115 2034 deo
134 2000 247 2043 derelictum,
265 2007 284 2035 et
302 2012 312 2035 a
333 2002 379 2035 sede
396 2006 459 2036 sancta
480 2000 499 2035 in
515 2011 551 2045 qua
569 2000 651 2035 locatus⁴
669 2011 712 2035 sum
730 2000 783 2036 abiici

81 2053 167 2096 dignum.¹
196 2053 245 2087 Dum
260 2053 315 2097 igitur
325 2055 378 2087 dolor
390 2054 417 2087 sic
430 2064 473 2087 eum
486 2059 566 2096 urgeret,
577 2053 637 2086 exitus
650 2063 738 2096 aquarum
752 2053 784 2087 de·
792 2060 811 2090 35

81 2104 174 2139 duxerunt
189 2105 236 2140 oculi
251 2104 296 2150 eius,
307 2105 332 2141 ita
346 2110 366 2141 vt
383 2104 431 2141 inter
446 2104 541 2141 continuas
556 2104 659 2148 lachrimas,
675 2105 784 2151 singultibus

81 2159 152 2193 crebris
164 2159 308 2205 erumpentibus,
321 2159 462 2204 compelleretur
475 2158 591 2203 irrumpere⁶
605 2169 711 2193 sermonem
726 2160 785 2203 magis

82 2221 137 2255 quam
145 2213 203 2248 finire.
227 2213 250 2247 Et
261 2212 365 2256 penitencia
375 2213 446 2254 ductus,
454 2211 526 2246 ieiuniis
534 2217 552 2246 et
563 2212 663 2257 asperitate
673 2211 752 2248 vestium
764 2223 785 2248 se

82 2265 171 2309 affligens,
179 2266 202 2300 ab
210 2266 271 2301 altaris
279 2265 339 2301 officio
349 2277 371 2301 se
382 2266 484 2311 suspendit,
493 2266 552 2300 donec
560 2264 622 2300 missis
629 2266 652 2300 ad
660 2276 727 2310 papam
735 2265 785 2300 sesti·

83 2324 149 2353 nanter
163 2319 235 2352 nunciis
250 2319 369 2352 absolutionis
388 2318 497 2352 beneficium
516 2319 582 2351 meruit
601 2318 689 2352 obtinere.
734 2311 786 2363 Regi
794 2329 814 2358 40

82 2368 156 2404 interim
163 2369 241 2405 innotuit
246 2372 295 2417 quod
303 2370 453 2417 archiepiscopus
460 2382 471 2406 a
478 2370 601 2416 promissione
606 2381 639 2406 sua
644 2370 714 2406 resilire
718 2371 773 2406 vellet
780 2383 785 2406 ε

83 2430 203 2468 exasperatus
221 2425 308 2469 grauibus
327 2425 375 2470 cepit
395 2423 554 2470 archiepiscopum
571 2435 639 2459 vexare
655 2423 786 2459 exactionibus.

83 2474 154 2512 Verum
168 2478 211 2523 quia
226 2477 317 2514 consessio
332 2489 367 2524 per
382 2478 490 2525 scripturam
506 2477 547 2513 fieri
560 2488 597 2514 non
612 2477 664 2521 solet,
678 2477 697 2513 in
712 2478 786 2523 propria

103 2550 244 2591 ¹T.spospondit.
311 2552 387 2585 'aiom
459 2553 582 2592 ’Raepharia
651 2551 785 2584 ‘Ecollocatus

83 2591 205 2632 'Qmmpere
