1762 2803
305 117 350 173 Ur
365 115 464 169 sanun
480 115 582 168 lssittno.
754 130 793 160 121

94 238 167 273 ossibus
175 239 285 283 quibusdam
292 237 312 272 in
323 239 389 273 eadem
400 237 477 273 ecclesia
486 237 559 273 relictis.
581 237 621 272 Nec
632 237 744 272 credendum
754 246 797 271 esse

94 292 142 334 quod
163 292 204 325 talis
225 291 325 335 episcopus
343 297 361 324 et
385 291 456 334 legatus
475 291 494 324 in
514 296 551 324 tam
572 290 603 324 vili
621 290 661 323 loco
682 289 796 333 sepeliretur.

93 343 180 379 Asseruit
191 344 245 379 etiam
257 344 305 388 quod
317 348 359 388 post
369 343 448 388 primam
460 342 585 378 inuentionem
598 342 646 378 beati
660 341 718 376 Birini
728 340 797 376 audiuit

93 398 168 440 quidam
178 397 260 432 inclusus
272 402 347 431 sanctus
362 397 411 440 apud
427 395 524 430 Haliwelle
540 402 593 430 extra
610 394 707 435 Oxoniam,
722 394 797 429 nomine

94 449 185 492 matheus,
199 460 263 485 vocem
279 450 371 494 quandam
383 449 475 483 dicentem
491 449 536 484 sibi:
556 448 641 483 ‘Birinus
654 448 673 482 in
685 447 814 493 pauimento,5

94 502 181 537 Bertinus
192 508 242 537 retro
253 503 347 537 ostium-2
370 502 414 537 Erat
423 508 484 537 autem
494 502 580 537 Bertinus
590 502 627 544 ille,
637 501 736 546 episcopus
747 500 796 534 deci-

93 566 135 590 mus
153 561 195 600 post
215 556 304 590 Birinum.
337 556 360 590 Et
378 555 460 599 insuper,
479 557 528 599 quod
549 556 599 600 apud
619 554 728 589 Dorcestre¹
751 554 798 588 fiunt

93 608 180 642 miracula
195 609 257 650 multa,
276 614 294 643 et
311 609 359 653 apud
375 607 489 643 Wintoniam
508 608 563 643 nulla.
614 600 722 642 Certiiicato
740 616 798 651 super

94 661 190 705 premissis
206 672 278 696 summo
289 661 382 707 pontifice,
394 662 420 696 sic
432 661 564 705 [re]scripsit²:
577 660 683 695 ‘Honorius
699 659 797 704 episcopus

94 719 133 754 ete,
144 714 249 749 Venerabili
266 715 317 749 fratri
332 715 427 759 Stephano
440 714 563 748 cantuariensi
578 713 722 756 archiepiscopo,
733 716 826 747 sancceio

94 777 169 802 romane
181 767 258 802 ecclesie
269 766 361 808 cardinali,
373 772 391 800 et
402 766 468 800 dilecto
481 765 518 800 lilio
535 765 622 810 magistro
639 765 707 801 Othoni
724 765 797 800 subdia-

94 831 140 854 cono
152 826 221 863 nostro,
232 820 310 854 salutem
322 825 341 854 et
354 819 470 864 apostolicam
482 819 634 854 benedictionem.
664 818 741 853 Dilectis
755 819 798 853 filiis

94 874 159 908 abbate
170 879 188 908 et
200 879 291 908 conuentu
306 874 330 907 de
346 873 457 907 Dorcestre¹
469 873 511 906 olim
529 873 582 907 nobis
597 872 733 907 insinuantibus
748 872 798 916 quod

94 937 161 970 corpus
180 926 228 960 beati
247 925 304 959 Birini
323 926 405 970 episcopi
423 926 442 959 in
461 936 524 959 eorum
543 925 622 960 ecclesia
637 925 656 960 in
675 925 715 960 loco
733 924 798 959 humili

94 979 197 1023 requiescit,
209 985 227 1013 et
242 979 336 1013 humiliter
350 978 495 1022 supplicantibus
510 985 529 1013 vt
544 979 588 1013 illud
605 980 707 1013 laceremus
724 978 743 1012 in
758 979 798 1012 loco
809 990 826 1020 15

94 1032 152 1075 magis
164 1032 230 1066 idoneo
243 1032 338 1073 collocari;
357 1031 395 1073 tibi,
406 1032 463 1066 frater
478 1031 620 1086 archiepiscope,
632 1042 653 1065 ac
668 1031 740 1065 dilectis
755 1030 798 1064 filiis

94 1084 221 1118 archidiacono
236 1084 266 1118 et³
279 1084 351 1118 officiali
364 1084 485 1119 cantuariensi
498 1095 533 1127 per
544 1089 617 1118 nostras
631 1083 716 1118 dedimus
728 1083 798 1118 litteras

94 1137 113 1171 in
125 1137 216 1172 mandatis
227 1143 246 1172 vt
261 1137 277 1172 si
292 1137 400 1172 inueneritis
414 1147 454 1172 rem
469 1137 528 1171 taliter
544 1147 565 1171 se
581 1136 655 1178 habere,
674 1135 799 1170 concederetis

94 1189 140 1233 ipsis
151 1190 211 1224 abbati
223 1196 241 1224 ct
253 1190 349 1224 conuentui
361 1189 467 1224 auctoritate
478 1196 540 1224 nostra
553 1190 644 1224 licentiam
656 1201 723 1235 corpus
737 1190 797 1234 ipsum

94 1244 117 1277 ad
132 1243 191 1277 locum
207 1243 266 1287 magis
281 1244 367 1277 idoneum
384 1243 512 1277 transferendi.
535 1243 599 1288 Nuper
614 1248 676 1278 autem
695 1243 799 1288 recepimus
807 1256 827 1276 ao

94 1301 135 1331 tuas
150 1302 169 1331 et
181 1307 245 1331 eorum
256 1296 379 1332 archidiaconi
395 1302 414 1332 et
428 1296 511 1331 officialis
524 1297 599 1339 litteras,
619 1295 734 1331 continentes
749 1297 798 1341 quod

94 1349 134 1393 ipse
149 1349 288 1384 archidiaconus
302 1349 342 1384 vice
357 1355 387 1384 tua
403 1354 421 1384 et
439 1349 522 1384 officialis
538 1349 616 1393 predicti
634 1349 757 1394 personaliter
775 1350 798 1384 ad

94 1402 154 1436 locum
165 1402 227 1445 ipsum
238 1402 315 1436 accessit
326 1408 349 1443 et,
361 1402 423 1437 accitis
433 1402 478 1437 viris
489 1402 526 1437 vita
538 1408 556 1436 et
565 1403 613 1436 sarna
622 1402 732 1446 conspicuis,
742 1412 800 1446 super

94 1454 128 1489 hoc
139 1454 235 1489 veritatem
247 1460 314 1499 quanta
325 1455 384 1499 potuit
395 1454 489 1498 diligentia
501 1455 600 1499 inquisiuit.
623 1454 674 1489 Licet
689 1459 750 1489 autem
764 1465 800 1498 per

95 1517 116 1541 ea
136 1518 172 1551 que
192 1507 263 1543 inuenit
285 1518 342 1552 super
360 1507 466 1543 inuentione
485 1508 578 1552 sepulchri
596 1507 627 1544 vbi
645 1507 722 1553 predicti
741 1507 798 1542 sancti
808 1520 826 1550 25

95 1571 161 1604 corpus
173 1561 289 1605 requiescere
301 1561 371 1603 dicitur,
387 1572 408 1595 ac
423 1572 480 1605 super
494 1560 587 1595 miraculis
602 1561 669 1605 quibus
684 1562 745 1594 diuina
760 1562 799 1604 dig-

94 1612 143 1646 natio
155 1614 216 1647 locum
227 1614 289 1657 ipsum
304 1614 327 1647 ad
341 1613 477 1648 inuocationem
493 1613 573 1647 nominis
590 1613 656 1659 prelati
672 1612 800 1659 gloriosissimi

95 1665 152 1699 sancti
167 1672 204 1700 tam
220 1667 363 1701 misericorditer
378 1677 433 1710 quam
450 1667 557 1701 mirabiliter
572 1667 667 1701 modernis
685 1667 799 1711 temporibus

94 1718 196 1760 illustrauit,
207 1729 280 1753 necnon
292 1730 326 1763 per
336 1718 403 1753 indicia
414 1719 433 1752 in
445 1720 542 1763 sepulchro
555 1720 597 1764 ipso
610 1721 658 1764 quod
675 1719 718 1754 iecit
732 1720 799 1764 aperiri

95 1777 172 1816 reperta,
187 1771 252 1806 vobis⁴
266 1772 299 1806 suit
314 1772 414 1807 verisimile
429 1772 489 1807 visum
503 1773 552 1817 quod
566 1773 649 1808 eiusdem
661 1772 719 1808 sancti
733 1783 800 1817 corpus
809 1784 828 1814 30

94 1824 113 1857 in
128 1824 168 1858 loco
185 1825 283 1868 requiescit
298 1826 374 1868 eodem;
395 1825 442 1868 Quia
458 1831 519 1860 tamen
535 1826 554 1860 in
570 1826 617 1860 libro
634 1826 685 1861 Bede
701 1826 724 1860 de
742 1825 800 1870 gestis

95 1877 198 1919 Anglorum
217 1878 283 1921 legitur
303 1889 370 1921 corpus
390 1878 452 1921 ipsum
474 1879 523 1922 apud
541 1879 683 1913 wintoniensem
704 1878 800 1912 ecclesiam

94 1929 138 1963 olim
156 1929 213 1964 luisse
234 1931 352 1964 translatum:
375 1935 461 1965 verentes
479 1931 580 1974 procedere
601 1931 620 1965 in
641 1931 717 1975 negocio
736 1936 800 1964 contra

95 1981 139 2017 tanti
152 1981 186 2017 viri
202 1982 253 2025 dicta,
265 1983 301 2018 ne5
312 1983 447 2027 argueremini⁶
461 1983 529 2028 aliquid
544 1984 686 2028 presumpsisse,
703 1984 799 2028 negocium

94 2035 155 2079 ipsum
170 2036 194 2069 ad
209 2036 328 2080 apostolicum
339 2036 426 2071 iudicium
437 2036 540 2079 remisistis,
551 2047 660 2081 processum
672 2037 732 2082 ipsius
743 2036 800 2071 archi·
808 2050 827 2080 35

95 2087 165 2122 diaconi
181 2089 234 2123 nobis
249 2090 284 2124 sub
299 2089 363 2134 sigillis
378 2089 444 2125 vestris
460 2089 538 2125 fideliter
557 2090 702 2125 transmittendo.
732 2090 799 2132 Quam-

95 2151 149 2186 quam
161 2141 249 2185 igiturex
261 2142 302 2187 ipso
313 2153 401 2187 processu
416 2148 505 2187 appareat
517 2142 618 2184 euidenter,
629 2144 688 2178 locum
700 2143 760 2187 ipsum
773 2149 799 2177 tot

95 2199 113 2229 et
124 2194 179 2229 tantis
190 2199 264 2239 tamque
276 2196 330 2230 claris
341 2207 375 2239 per
387 2196 476 2240 sepedicti
487 2195 545 2231 sancti
557 2198 622 2231 merita
633 2196 712 2240 gloriosa
724 2197 800 2231 chorus·

95 2258 137 2281 care
152 2246 248 2290 miraculis,
260 2259 281 2282 ac
295 2248 396 2283 verisimile
410 2248 434 2283 sit
450 2254 468 2283 et
484 2249 549 2283 merito
565 2250 615 2283 credi
630 2249 687 2293 possit
699 2249 748 2293 quod
759 2249 800 2294 ipse

95 2299 238 2343 gloriosissimus
253 2306 327 2335 sanctus
342 2302 401 2334 locum
416 2301 478 2343 ipsum
494 2311 526 2334 sua
541 2300 635 2344 presentia
646 2301 736 2344 corporali
748 2302 800 2335 nobi·
809 2314 829 2344 40

95 2347 133 2387 litat
148 2362 203 2396 quem
219 2352 242 2387 ad
257 2351 391 2388 inuocationem
410 2352 490 2387 nominis
506 2353 546 2388 eius
563 2352 624 2387 diuina
642 2353 723 2398 potentia
739 2359 765 2389 tot
783 2362 801 2390 et

95 2411 186 2439 tantorum
202 2405 331 2441 miraculorum
350 2406 465 2441 attestatione
481 2407 587 2448 illustrauit3
608 2407 636 2440 Ne
650 2413 713 2442 tamen
732 2409 751 2442 in
769 2408 800 2443 tali

95 2459 171 2504 negocio
181 2458 247 2503 aliquid
259 2460 283 2494 de
294 2459 440 2505 contingentibus
448 2460 551 2495 omittatur:
562 2470 668 2505 processum
677 2460 738 2506 ipsum
748 2461 801 2496 vobis

115 2528 262 2559 ¹T.dorkacestre.
301 2528 335 2560 ²E.
344 2529 444 2568 scripsit;T.
453 2529 538 2568 rescripsit.
577 2529 612 2560 ῃΕ.
624 2534 672 2561 etet.
704 2530 799 2563 ⁴E.nobls.

96 2569 192 2600 5οιι].ἰηΤ.
233 2569 267 2598 ⁶13.
278 2570 384 2607 arguerimini.
