1762 2803
117 109 170 166 '184
218 186 220 190 ¹
316 111 396 163 muna
411 107 527 171 tanam
543 108 636 171 acutia.

126 237 213 276 argentea
225 230 276 276 quasi
292 231 372 266 reflexus
385 242 462 273 carneos
474 231 541 265 habere
546 231 558 275 ¹,
571 237 589 266 et
604 242 679 265 manum
694 229 795 265 extendere
810 237 828 265 et

126 286 222 320 recludere
232 286 285 329 cepit,
293 286 345 330 quasi
355 285 435 319 natiuam
445 284 523 327 ossibus,
532 285 599 327 neruis,
608 285 665 326 venis,
676 286 765 329 sanguine
775 289 829 328 atque

126 340 180 383 pelle.
225 332 313 384 Quadam
326 339 366 372 vice
378 349 424 381 puer
437 344 511 372 sanctus
524 343 598 381 accepta
613 337 681 381 petra²‚
694 343 712 372 et
726 337 829 381 proficiens,

127 391 180 435 quasi
188 392 246 425 stadio
253 391 327 424 dimidio
335 401 376 424 eam
384 391 469 424 auolare³
477 391 530 424 lecit:
543 401 578 433 que
586 400 643 433 supra
650 390 747 434 [petram]⁴
755 390 829 423 durissi-

110 451 176 480 5mam
188 444 240 487 quasi
252 455 308 487 super
319 454 380 477 ceram
392 443 477 476 mollem⁵
488 443 556 476 infixa⁰
568 448 601 476 est.
624 443 706 486 Cumque
718 443 795 476 veniens
807 444 829 476 ad

127 498 188 530 locum
203 498 252 529 illam
267 497 290 529 de
305 496 403 529 durissimo
419 495 480 528 silice⁷
496 496 612 537 extraxisset,
627 506 703 540 egresse
722 500 765 528 sunt
783 505 829 539 aque

128 548 237 594 largissime,
245 553 263 583 et
270 559 329 593 vsque
339 548 358 582 in
369 548 479 583 hodiernum
487 547 535 583 diem
544 548 585 583 sons
592 547 646 583 viuus
656 560 667 583 a
675 547 715 582 loco
723 547 753 582 illo
761 547 830 584 ebulire

128 603 179 637 visus
187 607 220 636 est.
253 595 304 637 Cum
312 607 373 636 autem
381 608 457 645 patruus
465 601 504 635 eius
512 601 596 635 nutritori
604 612 637 635 suo
644 601 746 636 Cerialtano
754 611 830 636 munera

128 656 185 689 multa
198 660 216 689 ct
229 655 363 700 possessiones,
377 655 393 689 si
408 655 516 698 alumpnum
531 665 585 688 suum
600 654 696 696 occideret,
709 653 830 698 promisisset,

102 721 120 742 ιο
129 709 175 743 sacto
189 708 288 753 iniquitatis
302 708 417 750 commercio,
428 712 447 742 vt
461 706 574 742 Cerialtanus
587 712 641 751 caput
654 707 757 741 innocentis
773 707 831 741 absci-

129 763 180 796 deret
186 762 198 804 ⁸,
209 767 228 795 et
239 762 331 796 abscisum
344 761 422 795 Riuoldo
435 761 520 802 deferret,
532 766 550 794 et
562 762 667 794 mercedem
679 760 788 804 promissam
802 771 831 794 re-

129 815 208 859 ciperet.
217 839 221 848 .
229 840 233 848 .
240 814 333 848 Decollato
346 814 406 857 itaque
418 825 480 857 puero,
488 813 537 847 filius
548 813 644 847 Cerialtani
656 813 768 847 assentiente
779 820 831 856 patre

130 872 183 912 caput
194 866 273 902 martiris
281 867 366 902 deferens
374 879 408 911 per
416 878 489 902 murum
497 866 557 909 castri,
565 867 613 901 iusto
620 866 679 901 iudice
687 867 722 901 deo
733 872 831 909 annuente,

130 921 153 955 de
169 931 221 953 muro
237 919 301 954 cecidit
316 925 334 953 et
349 919 411 954 fractis
428 919 529 954 ceruicibus
548 918 643 963 expirauit.
671 919 753 952 Veniens
770 924 830 953 autem

104 984 121 1014 15
130 972 192 1007 nutrix
203 972 282 1006 martiris
294 973 316 1006 ad
328 973 403 1006 domum
414 971 433 1005 in
445 984 481 1016 qua
492 984 559 1016 corpus
570 972 645 1015 iacebat,
656 978 674 1006 et
685 972 760 1015 angelos
773 972 802 1005 dei
814 978 831 1006 et

131 1027 215 1060 lucernas
228 1025 291 1059 diuino
304 1025 402 1069 splendore
416 1026 498 1059 lucentes
510 1025 560 1059 vidit.
582 1024 697 1058 Cerialtanus
709 1025 765 1058 vero⁰
778 1032 843 1067 caput·

131 1087 229 1112 assumens
242 1082 260 1110 et
272 1077 349 1120 fugiens,
363 1088 404 1110 cum
419 1088 453 1119 pre
468 1076 524 1110 nimia
538 1076 567 1110 siti
580 1087 628 1120 pene
641 1076 733 1119 deficeret,
746 1076 781 1110 sibi
796 1076 832 1120 ipsi

130 1131 207 1173 loquens
216 1129 271 1164 dixit:
285 1129 322 1164 ‘Ve
330 1128 375 1163 mihi
385 1128 466 1163 omnium
475 1129 570 1163 hominum
581 1128 689 1170 miserrimo,
698 1134 716 1163 et
725 1129 775 1163 omni
784 1142 832 1174 pena

130 1191 148 1218 et
160 1184 239 1218 cruciatu
251 1183 311 1227 digno,
319 1183 362 1228 quid
373 1183 443 1225 faciam,
455 1183 497 1227 quia
508 1183 548 1217 sitis
559 1182 642 1217 ariditate
654 1184 736 1225 afflictus,
744 1183 832 1218 deficiens

104 1255 122 1276 20
131 1236 219 1271 moriort'
243 1236 326 1280 Cumque
338 1236 372 1270 hec
384 1229 489 1271 multotiens
500 1237 602 1280 replicaret,
614 1242 668 1281 caput
681 1237 734 1280 pueri
746 1237 765 1271 in
776 1238 832 1271 verba

131 1292 211 1325 humana
224 1300 347 1334 prorumpens
362 1290 393 1323 tali
406 1301 451 1324 voce
467 1301 509 1324 eum
524 1290 600 1325 affatur:
617 1289 734 1331 ‘Cerialtane,
748 1290 832 1324 baculum

131 1353 187 1387 quem
196 1353 252 1375 manu
260 1348 321 1385 gestas
332 1342 427 1375 interram
437 1343 515 1386 impiger
523 1343 565 1385 fige,
573 1347 591 1376 et
601 1342 671 1376 sontem
682 1353 728 1386 aque
739 1343 799 1376 subito
809 1344 832 1376 de

131 1403 180 1430 terra
188 1395 231 1429 oriri
238 1394 319 1430 videbis:
331 1405 355 1428 ex
363 1405 399 1437 quo
407 1394 481 1438 copiose
488 1395 568 1429 refectus
575 1395 675 1429 imminens
682 1394 723 1429 sitis
731 1395 832 1438 periculum

131 1447 209 1483 euades.²
232 1447 279 1483 Cum
292 1452 353 1482 autem
365 1447 450 1482 baculum
461 1447 480 1482 in
492 1453 561 1482 terram
572 1446 649 1490 fixisset,
660 1447 679 1482 in
691 1447 833 1491 pulcherrimam

104 1513 122 1543 ²5
131 1501 215 1535 arborem
223 1511 288 1534 versus
296 1499 381 1534 radicitus
390 1506 438 1534 terre
448 1500 524 1543 adhesit,
533 1511 595 1535 ramos
603 1505 621 1535 et
629 1501 671 1535 solia
683 1501 774 1545 produxit,
783 1506 800 1535 et
810 1502 832 1535 de

132 1554 193 1589 radice
205 1554 244 1588 eius
255 1553 296 1588 fons
309 1554 415 1588 indeficiens
430 1564 516 1588 emanare
528 1554 580 1598 cepit,
593 1559 611 1587 et
623 1554 736 1588 Cerialtanus
748 1560 792 1598 potu
805 1565 833 1588 re·

133 1613 211 1648 creatus,
223 1611 277 1649 caput
290 1607 313 1639 ad
326 1606 425 1640 Riuoldum
438 1607 506 1640 detulit.
530 1607 566 1648 Qui
579 1617 621 1640 cum
632 1606 697 1650 gaudio
709 1617 776 1651 magno
789 1607 833 1640 illud

133 1658 230 1703 recipiens,
241 1658 297 1693 dixit:
310 1658 381 1702 ‘Surge
392 1664 410 1693 et
421 1658 488 1693 montis
500 1659 587 1693 verticem
599 1660 683 1701 ascende,
695 1663 713 1693 et
725 1669 833 1703 quecunque

134 1711 235 1748 adiacentia
247 1711 310 1747 videre
323 1711 398 1757 poteris,
411 1711 471 1747 libens
485 1711 598 1757 possidenda
613 1712 660 1747 dabo
675 1711 717 1747 tibi.¹
741 1712 774 1748 Ille
789 1723 833 1747 vero

105 1779 124 1807 50
133 1770 215 1800 montem
234 1766 341 1807 ascendens,
357 1770 375 1799 et
390 1765 531 1809 circumquaque
546 1776 567 1800 se
581 1764 644 1799 videre
659 1767 742 1807 credens,
757 1771 834 1810 utroque

132 1818 201 1852 lumine
213 1820 287 1851 orbatus
299 1823 331 1858 est,
340 1823 358 1850 et
370 1819 430 1851 subita
439 1823 497 1851 morte
509 1824 609 1860 preuentus
620 1818 693 1859 interiit,
702 1824 719 1851 et
728 1818 833 1861 ‘liquefacta

132 1875 160 1905 est
169 1880 210 1904 caro
219 1869 258 1903 eius
265 1869 311 1903 sicut
317 1880 359 1903 cera
365 1881 376 1903 a
382 1869 427 1904 facie
434 1869 492 1913 ignis!
526 1862 607 1914 Sepulto
615 1876 677 1904 autem
685 1882 762 1915 corpore
771 1876 833 1903 sancto

132 1924 151 1956 in
163 1924 202 1956 loco
214 1922 290 1956 martirii
301 1923 335 1965 sui,
347 1923 376 1955 die
388 1923 472 1966 sequenti
485 1933 541 1967 supra
554 1928 603 1957 terre
615 1923 680 1957 faciem
692 1923 788 1957 inuentum
801 1928 834 1957 est.

133 1977 215 2019 Cumque
226 1976 297 2019 sepulto
308 1976 326 2009 in
337 1975 381 2009 locis
392 1976 450 2009 tribus
457 1975 513 2010 variis
521 1987 598 2020 corpore
605 1976 654 2011 idem
662 1988 716 2011 casus
727 1976 833 2018 accidisset,

105 2042 123 2072 55
133 2029 176 2063 inito
184 2029 265 2070 consilio,
273 2039 329 2072 super
337 2029 438 2072 plaustrum
447 2030 481 2063 sub
489 2040 525 2073 quo
533 2030 569 2063 duo
577 2029 624 2063 tauri
632 2029 714 2063 indomiti
723 2030 777 2074 positi
786 2035 834 2071 sunt,

133 2092 199 2126 corpus
208 2086 292 2116 sanctum
299 2082 401 2125 imponunt,
410 2087 427 2115 et
435 2082 538 2125 ubicunque
543 2082 556 2102 ¹⁰
563 2082 621 2117 virtus
632 2083 694 2117 diuina
704 2095 746 2118 eum
756 2082 834 2127 dirigere

132 2135 187 2169 vellet
201 2136 270 2177 absque
285 2136 360 2168 ductore
375 2134 490 2169 dimiserunt.
518 2135 542 2168 Et
555 2144 598 2169 ecce
610 2135 657 2169 tauri
670 2135 761 2170 mansueti
774 2134 834 2169 subito

133 2186 198 2226 effecti,
209 2197 267 2230 vsque
279 2187 302 2220 ad
315 2187 406 2231 quendam
419 2186 479 2221 locum
493 2198 559 2231 corpus
572 2187 666 2222 trahentes
680 2188 805 2228 substiterunt,
817 2192 834 2220 et

134 2250 176 2274 cum
186 2240 239 2274 turbe
250 2238 354 2283 displiceret
361 2245 381 2274 vt
392 2239 433 2274 ibi¹¹
443 2240 551 2284 quiesceret,
559 2251 630 2283 manus,
638 2240 714 2275 brachia
722 2246 739 2275 et
747 2241 834 2275 humeros

105 2306 125 2336 40
134 2293 179 2327 rotis
186 2298 205 2326 vt
216 2304 248 2326 eas
255 2294 368 2327 voluerent¹²
376 2300 507 2337 supponentes,
515 2294 539 2327 ita
547 2295 605 2327 fixum
615 2294 702 2328 diuinitus
713 2300 731 2329 et
742 2293 834 2328 immobile

133 2348 235 2391 plaustrum
243 2345 333 2387 viderunt,
340 2352 360 2380 vt
371 2347 421 2381 nulla
431 2352 475 2390 arte,
483 2347 533 2380 nullo
542 2346 621 2391 ingenio,
629 2348 679 2382 nulla
689 2358 765 2391 prorsus
776 2346 834 2380 horni-

154 2479 210 2509 ‘Bon
218 2479 287 2508 haberet.
334 2478 367 2507 1Τ.
375 2479 447 2516 petraria.
495 2479 529 2509 5Τ.
539 2480 557 2509 E.
565 2479 643 2508 aduolare.
695 2477 834 2516 ⁴T.petram;E.

133 2525 195 2550 terram.
242 2518 345 2549 ⁵T.molem
392 2518 477 2550 ⁶E.insra,
525 2517 585 2550 7Τ,Ε.
593 2518 642 2549 cilice.
689 2517 834 2551 “Rabscinderet

133 2561 217 2592 ⁹E.uere.
259 2559 427 2598 ¹⁰Bollquocunque.
468 2560 478 2578 ¹¹
489 2559 545 2590 T.ubii
585 2558 720 2591 ¹²E.volueranc.
