1762 2803
71 107 155 148 assa]
257 98 304 155 me
318 97 453 159 penitentia
469 98 588 152 cantati.
728 114 774 159 309

71 228 93 249 ex
102 219 172 250 omnium
182 219 252 258 lapidum
262 220 370 259 preciosorum
380 220 474 259 generibus3
484 219 519 251 set¹
529 221 600 251 fenestre
610 221 630 251 ibi
641 230 674 251 non
685 226 735 259 crant,
745 231 775 252 nec

70 265 146 303 hostium,
158 270 175 297 et
186 270 239 297 tamen
250 276 306 297 omnes
317 267 344 305 qui
354 267 414 298 intrare
426 267 501 297 uolebant
511 267 597 298 intrabant.
617 268 656 298 Erat
668 273 720 299 autem
732 268 776 299 intus

71 318 103 343 tam
113 313 197 352 splendida
207 323 225 345 ac
235 314 249 344 si
260 324 293 345 non
304 314 340 346 dico
351 324 392 345 unus
402 314 432 351 sol,
441 319 466 345 set
477 315 521 354 quasi
532 315 552 346 ibi
561 315 606 346 multi
614 316 718 355 splenderent
728 316 775 348 soles.

71 361 141 400 Eratque
148 362 194 392 nimis
204 363 256 401 ampla
262 366 279 392 et
288 363 362 399 rotunda,
369 367 385 393 et
395 362 442 393 nullis
452 363 540 402 columpnis
548 363 591 401 fulta,
599 368 616 393 et
625 368 675 393 totum
684 364 718 393 eius
728 364 777 394 uesti-

70 408 124 438 bulum
131 418 152 439 ex
162 418 201 439 auro
208 414 225 440 et
231 410 309 447 lapidibus
318 410 395 448 preciosis
401 414 435 440 erat
442 414 512 441 stratum.
533 410 665 449 Circumspiciens
674 416 727 441 autem
734 411 776 441 Tun·
784 415 793 446 5

71 455 120 494 datus,
128 456 168 487 uidit
175 466 224 487 unum
231 457 280 487 sedile
290 467 362 493 aureum,
370 467 405 488 cum
412 458 479 496 gemmis
488 462 505 488 et
513 459 565 488 serice
573 462 590 488 et
598 458 672 489 omnibus
678 458 776 489 ornamentis

71 507 149 540 ornatum,
163 508 180 533 et
193 513 247 541 regem
261 504 362 534 Cormarcum
375 505 392 534 in
406 505 442 543 ipso
456 509 502 534 trono
516 506 578 544 sedere,
591 506 666 536 uestitum
680 506 775 536 mirabilibus

71 550 176 588 uestimentis,
183 561 230 589 supra
238 561 285 582 omne
293 551 363 590 precium
370 556 455 582 terrenum.
476 552 496 582 Et
506 562 541 583 cum
548 557 597 582 staret
606 553 691 590 admirans,
697 558 776 583 uenemnt

71 597 134 636 plurimi
146 598 162 628 in
175 598 239 629 domum
250 599 292 629 illam
303 609 339 629 cum
349 599 440 630 muneribus
449 600 469 630 ad
480 609 540 638 regern,
548 604 564 630 et
576 601 664 631 offerebant
674 601 732 638 singuli
741 610 776 631 cum

71 648 129 686 gaudio
140 658 206 679 munera
217 659 250 678 sua.
276 650 296 679 Et
308 650 345 679 dum
356 653 406 679 staret
416 649 497 679 Tundalus
511 650 572 680 diucius
584 654 621 680 ante
635 650 716 680 dominum
730 659 776 680 suum
785 657 805 679 to

72 704 126 733 regem
137 696 292 726 Cormarcum—erat
299 697 341 726 enim
350 697 423 727 dominus
430 706 468 727 suus
476 698 492 726 in
499 698 579 734 seculo-,
587 702 666 728 uenerunt
673 697 718 728 multi
724 707 776 728 saecr-

72 743 118 772 dotes
129 747 145 772 et
159 744 212 779 lenite,
224 743 326 780 solempniter
339 744 390 773 induti
403 745 443 773 sicut
456 744 476 773 ad
490 744 554 773 missam
565 745 664 780 cantandam,
675 753 711 774 cum
721 745 777 774 sericis

72 788 130 819 casulis
142 794 158 819 et
169 789 204 819 aliis
216 789 313 820 ornamentis
325 790 371 820 ualde
384 791 465 829 preciosis,
476 795 493 821 et
504 782 590 821 ornabatur
600 792 671 830 undique
682 792 738 822 domus
750 792 777 822 illa

72 837 116 875 regia
126 837 192 866 mirabili
202 842 301 867 ornamento.
323 838 406 867 Ponebant
416 839 471 876 ciphos
481 843 498 868 ct
508 838 564 869 calices
574 847 630 869 aureos
639 842 655 868 et
665 834 750 878 argenteos
760 842 777 868 et

72 885 135 924 pixides
145 885 223 915 eburneas
232 894 281 923 super
292 885 358 923 paxillos
369 890 386 916 et
396 887 462 923 tabulas,
473 890 489 916 et
499 887 522 916 sic
531 888 587 917 domus
598 886 624 916 illa
635 887 724 924 ornabatur,
735 891 753 918 ut
762 887 777 917 si
787 894 804 926 15

73 934 123 964 maior
129 932 179 971 gloria
186 934 202 962 in
210 942 259 971 regno
267 934 293 962 dei
300 942 333 963 non
340 937 387 971 esset,
395 933 425 964 ista
431 942 479 972 posse
486 934 558 964 sufficere
565 934 650 964 uideretur.
671 934 731 965 Omnes
738 944 777 973 ergo

72 980 96 1011 illi
110 981 137 1018 qui
150 981 266 1016 ministrabant,
280 984 317 1009 ante
331 989 385 1019 regem
399 981 483 1011 uenientes
499 986 515 1011 et
528 990 581 1019 genua
594 982 677 1012 llectentcs
693 981 776 1013 dicebant:

72 1029 153 1057 ‘Labores
160 1036 235 1056 manuum
242 1031 303 1057 tuarum
312 1028 349 1065 quia
359 1028 464 1063 manducabis,
472 1028 529 1058 beatus
535 1037 553 1058 es
564 1032 580 1058 et
587 1028 628 1058 bene
636 1028 663 1058 tibi
671 1027 712 1058 erit*
732 1028 777 1058 Tune

72 1075 154 1104 Tundalus
166 1074 188 1104 ait
199 1074 219 1104 ad
231 1074 315 1112 angelum:
331 1075 395 1111 ‘hliror,
406 1076 475 1111 domine,
486 1076 506 1105 de
518 1075 634 1112 cosmimetria,
645 1075 687 1106 inter
697 1084 738 1113 quos
747 1084 777 1105 nec

73 1131 122 1152 unum
129 1123 149 1152 de
156 1130 185 1152 sua
191 1120 361 1160 familiarecognosco.’
381 1122 401 1152 Et
406 1121 472 1160 angelus
479 1134 483 1153 ι
494 1121 582 1152 ‘Nonsunt
589 1122 614 1153 isti
622 1123 642 1153 de
649 1132 678 1152 sua
684 1122 746 1159 familia,
751 1127 777 1153 sct
786 1132 806 1153 no

73 1178 151 1208 pauperes
159 1169 217 1199 Christi
225 1173 241 1199 et
247 1169 326 1206 peregrini
332 1169 389 1207 quibus
395 1179 424 1199 rex
430 1169 472 1199 bona
477 1179 506 1199 sua
512 1169 613 1208 largiebatur,
619 1174 635 1200 et
642 1169 679 1200 ideo
685 1179 714 1208 per
721 1179 777 1200 manus

72 1226 128 1247 eorum
138 1216 229 1246 retribuitur
239 1217 254 1245 ei
265 1225 325 1246 merces
333 1214 398 1246 eterna?
418 1216 463 1246 Tunc
473 1216 495 1246 ait
504 1216 595 1247 Tundalus:
607 1217 692 1253 ¹Domine,
699 1227 777 1255 passusne

73 1269 98 1294 est
110 1264 183 1293 dominus
194 1272 239 1292 meus
251 1263 302 1299 aliqua
317 1267 395 1292 tormenta
407 1268 444 1300 post
455 1263 542 1293 mortemt’
569 1264 638 1293 ‘Passus
648 1267 680 1299 est,
691 1264 749 1301 inquit,
761 1269 778 1294 et

73 1311 125 1351 adhuc
135 1310 192 1340 cotidie
203 1310 267 1347 patitur,
277 1314 294 1339 et
304 1309 355 1340 adhuc
365 1310 441 1347 pacietur.
463 1310 535 1348 Expecta
546 1310 626 1348 paululum
637 1314 653 1339 et
665 1309 737 1340 uidebis!
758 1310 778 1341 Et

73 1367 108 1388 cum
116 1357 195 1395 paululum
207 1361 313 1394 expectasset,
328 1357 410 1387 obscurata
424 1362 449 1387 est
463 1358 524 1396 domus,
536 1362 552 1387 et
566 1367 622 1387 omnes
635 1357 732 1388 habitatores
744 1359 778 1388 eius
788 1367 807 1398 15

73 1405 116 1436 illico
126 1404 223 1436 consternati
233 1408 271 1434 sunt
281 1409 297 1435 et
307 1414 336 1435 rex
347 1405 449 1435 contristatus
460 1406 509 1435 exiuit
520 1415 555 1436 cum
566 1407 608 1436 lletu.
630 1405 681 1443 Quem
692 1414 727 1436 cum
735 1405 778 1435 Tun·

73 1454 119 1484 dalus
129 1457 228 1491 sequeretur,
240 1452 280 1482 uidit
291 1453 332 1482 hanc
342 1453 459 1483 multitudinem
469 1463 516 1492 quam
526 1457 563 1483 ante
574 1453 617 1483 intus
627 1453 693 1492 uiderat,
704 1453 779 1492 expansis

73 1501 148 1531 inceium
157 1501 229 1530 manibus
240 1501 342 1530 deuotissime
349 1501 460 1538 deprecantem
471 1502 517 1530 deum
528 1505 544 1530 et
554 1502 642 1530 dicentem:
653 1500 732 1530 ‘Domine
739 1502 779 1529 deus

74 1548 180 1585 omnipotens,
192 1547 233 1577 sicut
246 1547 271 1576 uis
283 1550 299 1577 et
311 1547 351 1577 sicut
364 1547 400 1584 scis,
411 1547 486 1577 miserere
499 1547 542 1577 serui
556 1545 589 1576 tui!
609 1546 630 1576 Et
642 1546 728 1584 respiciens
739 1546 779 1576 uidit

74 1604 127 1633 regem
141 1594 158 1623 in
171 1593 208 1632 igne
221 1602 272 1631 usque
285 1593 305 1624 ad
318 1593 407 1625 umbilicum
418 1598 434 1624 et
448 1594 468 1624 ab
481 1593 554 1624 umbilico
565 1603 627 1624 sursum
639 1593 690 1623 cilicio
701 1594 779 1625 indutum.
787 1603 808 1634 30

74 1643 132 1674 ‘Hane
143 1651 207 1680 penam,
217 1642 268 1679 inquit
280 1642 352 1680 angelus,
362 1642 420 1673 cotidie
431 1643 490 1681 patitur
500 1652 529 1681 per
539 1647 572 1672 tres
582 1643 630 1672 horas
642 1646 659 1672 et
668 1642 712 1672 horis
722 1642 779 1680 uiginti

74 1701 106 1722 uua
117 1690 211 1728 requiesciti
227 1694 243 1721 et
255 1691 286 1720 hoc
298 1690 340 1727 ideo,
353 1691 389 1727 quia
401 1690 467 1727 legitimi
479 1690 547 1728 coniugii
562 1691 646 1720 maculauit
657 1695 779 1726 sacramentum,

74 1739 142 1776 ideoque
153 1738 211 1777 patitur
219 1738 271 1776 ignem
283 1747 333 1776 usque
342 1739 362 1768 ad
371 1738 466 1768 umbilicum
488 1737 560 1768 Cilicium
571 1747 611 1768 uero
622 1741 674 1777 portat
686 1738 723 1776 quia
734 1737 779 1768 iussit

74 1786 142 1816 interfici
154 1786 227 1815 comitem
240 1786 285 1814 iuxta
298 1789 370 1814 sanctum
382 1785 467 1814 Patricium
479 1789 495 1814 et
509 1786 617 1823 prevaricatus
630 1790 654 1814 est
667 1785 779 1814 iusiurandum.

74 1832 184 1870 Exceptishiis
190 1832 256 1869 duobus,
262 1832 479 1861 cunctaeieriminadimissa
485 1836 527 1861 sunt.
542 1831 605 1862 Setiam
611 1832 725 1862 ascendamus.¹
754 1822 779 1860 Et
787 1840 807 1872 55

74 1891 109 1911 cum
116 1880 195 1919 paululum
206 1879 325 1917 processissent,
333 1878 408 1909 uiderunt
417 1888 479 1909 murum
490 1879 536 1909 nimis
543 1879 591 1909 altum
602 1883 618 1910 et
628 1879 675 1909 nimis
684 1878 778 1918 preclarum.

74 1929 112 1959 Erat
122 1928 164 1958 enim
175 1932 259 1965 argenteus
270 1931 316 1965 totus,
324 1927 417 1965 splendidus
428 1927 474 1957 ualde
484 1931 500 1957 et
511 1927 583 1957 decorus.
604 1927 624 1957 Et
635 1936 670 1957 cum
681 1927 723 1957 nulla
732 1930 779 1965 porta

74 1977 96 2007 ibi
106 1979 194 2014 appareret,
205 1975 286 2004 Tundalus
296 1978 354 2011 tamen,
366 1975 439 2004 nesciens
449 1974 533 2011 quomodo,
544 1974 613 2009 intrauit,
624 1978 641 2003 et
651 1974 779 2012 circumspiciens

74 2024 114 2054 uidit
127 2024 184 2054 choros
194 2025 285 2052 sanctorum
298 2021 405 2050 exultancium
418 2024 435 2050 et
448 2020 545 2051 dieeneinmr
561 2020 627 2050 ‘Gloria
638 2020 667 2050 tibi
679 2021 718 2051 deus
729 2026 778 2059 pater,

74 2070 124 2108 gloria
134 2069 162 2100 tibi
173 2069 212 2099 deus
222 2068 244 2098 fiti
255 2068 286 2105 dei,
294 2067 343 2105 gloria
353 2067 381 2097 tibi
392 2067 456 2104 spiritus
466 2072 520 2097 sancte
531 2066 580 2097 deus?
601 2067 650 2097 Erant
661 2072 714 2097 autem
724 2067 754 2097 uiri
763 2072 780 2096 et
787 2078 808 2110 40

74 2117 133 2147 semine
140 2116 193 2146 uestiti
200 2115 270 2145 candidis
276 2114 374 2144 uestimentis
381 2118 397 2143 et
404 2114 528 2152 preciosissimis,
535 2114 569 2144 sine
576 2115 637 2144 macula
644 2119 660 2145 et
667 2124 710 2153 ruga,
716 2115 779 2145 iocundi

75 2169 91 2195 et
102 2164 165 2201 hilares,
172 2163 260 2200 gaudentes
269 2171 333 2201 semper
343 2167 359 2192 et
369 2166 439 2192 sanctam
449 2161 534 2192 trinitatem
544 2161 631 2193 laudantes.
653 2162 718 2193 Candor
727 2166 779 2193 autem

74 2212 204 2244 uestimentorum
212 2211 259 2251 (sicut
269 2211 297 2241 nin
307 2219 363 2241 recens
373 2210 413 2249 erat)
421 2218 495 2248 percussa
504 2210 542 2240 solis
552 2210 602 2241 radio.
622 2210 682 2251 Voclea
693 2219 732 2241 uero
742 2219 779 2241 con-

74 2263 151 2291 sonantes
160 2259 212 2298 quasi)
220 2259 295 2289 musicum
305 2258 355 2289 melos
366 2258 452 2288 reddebant
462 2258 523 2297 sotnos.
544 2258 611 2289 Claritas
620 2262 679 2294 autem,
686 2258 780 2295 incunditas,

75 2308 158 2343 amenitas,
163 2306 239 2344 hilaritas,
243 2305 338 2345 pulcritudo,
343 2305 432 2345 ho)nestas,
437 2305 502 2343 sanitas,
508 2306 597 2346 (eternitas,
602 2305 701 2345 unanimitas,
707 2306 779 2336 omnibus
787 2316 807 2347 45

75 2361 110 2386 erat
120 2356 185 2392 equalis,
197 2358 213 2384 et
223 2354 296 2384 charitas.
317 2355 363 2384 Odor
372 2354 420 2392 illius)
432 2354 482 2391 campi
493 2353 519 2382 ubi
531 2355 584 2392 (erant
593 2354 623 2391 isti,
633 2354 718 2392 superabat
728 2353 780 2383 omma

75 2406 146 2433 aromata
152 2405 169 2432 et
176 2401 284 2431 odoramenta.
304 2401 349 2430 Tunc
358 2401 430 2430 Tundalo
438 2400 461 2430 ait
470 2399 546 2438 angelus:
557 2401 603 2431 ‘Hec
613 2405 650 2430 sunt
660 2400 717 2440 gaudia
727 2401 780 2431 coniu-

76 2453 149 2488 gatorum
156 2448 183 2488 qui
193 2449 241 2479 fidem
251 2448 319 2486 coniugii
329 2452 433 2479 semauemnt
440 2452 457 2479 et
466 2449 534 2479 familias
543 2457 580 2479 suas
590 2449 606 2480 in
614 2449 670 2480 timore
680 2448 706 2479 dei
715 2449 756 2479 bene
763 2452 780 2479 et

76 2497 117 2528 iuste
130 2501 206 2528 rexerunt
216 2502 232 2528 et
244 2497 286 2527 bona
296 2505 325 2527 sua
334 2497 429 2535 pauperibus
441 2500 457 2527 et
467 2497 539 2528 ecclesiis
549 2497 608 2528 Christi
618 2497 779 2534 communicauemnt,

380 2551 386 2570 ¹
396 2550 414 2582 T.
421 2555 446 2582 set
453 2555 475 2583 et.
