1762 2803
118 111 166 195 326¹
308 138 388 191 nuta
403 134 519 198 uramus
535 137 628 199 antlia

118 271 152 305 Cui
160 271 216 306 frater
224 281 268 306 suus
276 269 332 306 dixit:
344 271 349 288 ⁴
357 270 398 304 Non
406 269 424 303 id
433 269 478 304 mihi
485 269 554 314 dixisti,
562 271 595 306 sed
604 281 676 305 mecum
686 269 705 305 in
715 267 821 314 peregrina-

119 325 188 359 tionem
195 325 222 359 ire
230 323 342 369 promisisti)
359 323 435 357 Piranus
442 328 503 358 autem
510 324 535 358 ait
540 323 575 359 illi:
589 324 650 359 ‘Deus
658 324 706 358 inter
713 335 748 358 nos
754 323 821 358 iudicet

119 383 180 410 vtrum
186 383 245 410 tecum
254 382 314 410 eatan
323 387 395 410 mecum
404 381 487 411 maneat:
499 377 570 411 Teneat
577 377 618 420 ipse
625 377 720 411 lucernam
727 376 794 410 siccam
802 375 821 409 in

120 440 176 464 manu
185 441 219 465 sua
230 429 271 464 sine
283 430 326 474 igne
339 434 357 463 et
369 428 415 472 oleo,
427 434 445 462 ct
457 429 473 463 si
485 429 525 474 ipsa
537 430 612 463 lucerna
623 440 702 464 accensa
712 428 767 463 fuerit
778 427 822 462 ssatu

103 496 111 526 5
120 482 157 517 oris
168 482 221 525 illius,
230 492 302 516 mecum
314 483 398 516 maneat!
420 482 473 516 Tunc
482 483 582 517 Medardus
592 484 687 517 lucernam
698 483 717 516 in
725 493 781 515 manu
789 492 823 515 sua

121 543 186 570 tenens
201 536 301 570 insufflanit
319 536 337 568 in
353 546 405 570 eam:
426 542 444 570 et
459 537 520 570 statim
535 547 613 571 accensa
633 542 666 571 cst.
695 535 763 570 Mansit
778 545 823 578 ergo

121 589 222 623 Medardus
237 599 279 622 cum
295 587 367 629 Pirano,
382 600 441 632 vsque
460 588 483 623 ad
498 589 547 623 diem
564 589 628 623 mortis
644 600 682 624 sue.
735 582 823 634 Quedam

121 647 204 675 matrona
217 641 292 675 nomine
304 641 378 675 Ethilde
390 643 434 675 dum
446 643 469 675 de
480 652 514 675 suo
525 652 580 674 curru
592 643 660 676 cadens
672 646 743 675 mortua
754 641 823 682 luisset,

121 699 196 728 sanctus
209 692 288 728 Piranus
303 693 420 728 resuscitauit
432 703 473 727 eain
486 698 528 737 post
543 693 562 726 iii
575 694 626 736 dies;
644 699 662 728 et
675 695 716 739 ipsa
729 693 794 727 obtulit
807 693 824 726 ei

96 760 114 781 ro
122 758 187 791 agrum
195 757 249 780 suum
257 746 289 790 qui
297 747 362 780 dicitur
370 747 442 780 ‘Saltus
451 746 532 779 Ethilde’
540 757 598 790 usque
609 747 669 780 hodie.
713 746 719 767 ¹
727 739 824 781 Prefectus

123 801 217 834 cuiusdam
225 800 275 843 regis
285 810 349 833 corum
357 799 415 834 sancti
424 799 485 833 Pirani
494 799 598 834 Cronanum
606 799 705 843 iugulauit:
717 810 772 843 quem
782 803 825 844 post

123 860 196 899 septem
204 853 244 888 dics
255 852 315 887 obitus
326 852 355 887 sui
363 853 442 887 Piranus
449 852 567 895 resuscitans,
575 852 620 888 dixit
629 866 632 888 :
645 852 688 887 ‘Vir
696 853 727 898 qui
737 851 825 897 iugulauit

124 907 235 946 Cronanum,
244 912 262 940 et
270 907 310 950 ipse
318 907 410 950 iugulatus
418 906 465 940 mala
473 912 531 940 morte
539 906 630 941 interibit!
654 907 677 941 Et
684 907 751 941 facturn
759 911 788 940 est
795 906 825 939 ita.

124 959 180 993 Venit
188 969 232 1003 ergo
240 969 274 992 rex
281 960 304 992 ad
313 959 406 1000 Piranum,
413 965 433 992 vt
444 968 498 992 suum
507 959 609 1002 prefectum
617 965 688 1003 peteret
696 961 719 993 ab
727 970 758 993 eo:
770 969 826 1002 quem

98 1029 115 1056 15
125 1013 189 1046 beatus
197 1010 275 1046 Piranus
287 1012 398 1045 resuscitans
411 1021 474 1045 secum
485 1011 564 1046 retinuit.
587 1012 670 1055 Cumque
682 1023 715 1047 rex
727 1011 757 1046 illc
764 1010 826 1046 verbis

125 1064 196 1110 asperis
205 1063 312 1098 offendisset
321 1063 414 1107 Piranum,
422 1063 484 1098 statim
492 1069 553 1097 mutus
561 1064 637 1099 effectus
645 1070 678 1099 est.
701 1065 753 1098 Tunc
762 1074 796 1098 rex
804 1064 826 1098 ad

125 1120 182 1162 pedes
191 1119 230 1153 eius
238 1124 346 1162 prostratus,
353 1117 395 1152 fecit
403 1118 452 1161 quod
460 1118 485 1152 illi
493 1118 571 1162 placuit:
583 1123 601 1152 et
609 1118 670 1162 lingua
678 1118 718 1153 eius
726 1118 785 1153 soluta
793 1123 827 1152 est.

122 1164 225 1206 ‘Corbanus
236 1171 310 1214 quidam
320 1171 378 1205 laicus
388 1176 407 1204 et
417 1171 517 1205 monachus
526 1171 587 1205 Pirani
595 1171 663 1206 timens
673 1177 750 1206 mortem
758 1171 827 1214 iugula-

125 1224 185 1266 tionis,
193 1223 264 1268 rogauit
276 1229 359 1258 sanctum
368 1223 454 1258 Piranum
462 1228 481 1257 vt
492 1223 515 1258 ab
527 1223 601 1258 instanti
612 1229 672 1259 morte
684 1224 768 1259 liberaret
779 1233 828 1258 euni.

99 1291 117 1313 zo
126 1278 160 1312 Cui
168 1284 242 1313 sanetus
252 1277 288 1311 ait:
300 1278 365 1320 ‘Quod
375 1277 429 1322 petis,
437 1277 536 1321 impetrare
548 1288 585 1311 non
597 1288 678 1321 possum,
686 1277 730 1321 quia
739 1277 799 1311 exibis
808 1276 827 1310 in

127 1332 161 1365 hac
169 1336 233 1372 nocte;
246 1336 264 1364 et
274 1330 364 1374 sanguine
373 1334 404 1364 tuo
412 1330 476 1372 effuso,
484 1330 552 1374 rogabo
560 1340 594 1374 pro
604 1336 623 1365 te
633 1331 728 1364 dominum
739 1341 801 1364 meum
809 1334 829 1364 vt

127 1384 149 1417 ab
158 1383 229 1418 inferno
238 1382 395 1417 libereturanima
403 1383 444 1417 tua.'
467 1382 643 1418 Etfactumcstita.
680 1376 767 1429 Quadam
775 1388 829 1416 nocte

127 1437 184 1472 exiuit
195 1436 273 1471 Piranus
285 1442 303 1470 et
315 1448 380 1480 aquam
392 1436 477 1480 frigidam
489 1436 560 1470 intrans
571 1441 590 1470 vt
602 1437 657 1471 deum
669 1441 741 1480 orarct;
754 1435 829 1480 quidam

128 1490 237 1535 peregrinus
251 1489 326 1524 nomine
339 1490 444 1524 Germanus
456 1499 498 1523 curn
511 1500 534 1523 eo
546 1500 627 1533 pergens
639 1490 696 1524 nimio
708 1489 776 1534 frigore
790 1500 829 1524 cor-

100 1555 107 1574 z
111 1555 118 1583 5
128 1543 204 1587 ripitur:
217 1543 250 1576 sed
259 1542 325 1577 Pirano
335 1552 401 1586 aquarn
409 1542 535 1584 benedicente,
543 1543 601 1577 calida
611 1543 659 1577 facta
669 1548 702 1577 est.
747 1535 830 1578 Sanctus

128 1601 190 1627 autem
202 1594 281 1627 Piranus
292 1594 311 1625 in
323 1599 360 1626 tota
370 1594 407 1626 vita
418 1605 451 1626 sua
463 1604 557 1636 nunquam
568 1595 615 1627 lanis
627 1595 694 1635 ouium,
706 1596 739 1628 sed
750 1595 830 1636 pellibus

128 1648 214 1692 luporum
222 1646 339 1691 ferarumque
347 1646 422 1681 indutus
430 1652 464 1681 est.
483 1646 591 1680 Acarnibus
599 1652 617 1680 et
625 1646 727 1681 carnalibus
734 1645 830 1681 desideriis

129 1699 205 1735 viriliter
218 1711 239 1735 se
252 1699 345 1743 abstinuit,
358 1704 376 1734 et
391 1704 455 1744 potum
471 1699 593 1734 inebriantem
608 1710 645 1734 non
658 1700 715 1744 bibit3
732 1711 831 1744 sompnum

129 1754 183 1788 etiam
191 1764 228 1788 non
237 1753 311 1794 curauit,
319 1752 357 1792 nisi
363 1753 453 1788 modicam
459 1753 545 1797 quictem.
565 1753 619 1788 lllurn
626 1759 686 1788 autem
694 1754 755 1798 angeli
761 1755 831 1789 crebris

102 1818 121 1846 ,30
129 1807 262 1842 visitationibus
274 1806 420 1851 frequentabant.
444 1806 590 1842 Innumerabiles
602 1807 721 1852 presbiteros,
729 1807 831 1852 episcopos,

129 1865 147 1894 ct
156 1861 232 1895 clericos
241 1860 337 1893 ordinauit.
356 1860 456 1902 Plusquanr
462 1861 512 1893 enim
520 1859 603 1893 ducentis
611 1861 664 1893 annis
669 1860 714 1894 vixit
721 1860 740 1893 in
749 1871 832 1904 corpore,

129 1913 170 1947 sine
178 1914 241 1947 dolore
249 1911 281 1956 qui
291 1921 347 1946 senes
358 1912 465 1946 naturaliter
474 1911 561 1947 infestare
572 1913 624 1955 solet,
632 1918 650 1946 et
661 1912 701 1946 sine
711 1912 832 1946 diminutione

130 1972 168 1999 tam
180 1964 262 2000 dentium
274 1975 330 2008 quam
341 1964 388 1999 lueis
399 1964 499 1999 oculorum.
522 1964 565 2009 Ipse
578 1965 628 2000 enim
640 1971 680 2000 erat
690 1976 738 2000 vnus
751 1976 775 2000 ex
787 1967 832 2000 duo-

131 2019 191 2053 decim
199 2017 264 2063 primis
272 2018 365 2062 episcopis
373 2028 419 2062 quos
427 2018 458 2052 ille
466 2023 541 2053 sanctus
549 2028 627 2063 magnus
633 2018 727 2060 Patricius,
732 2018 764 2063 qui
772 2020 832 2063 primo

104 2083 121 2112 35
131 2072 187 2106 fidem
195 2072 213 2106 in
220 2070 310 2106 Hibernia
317 2070 423 2115 predicauit,
429 2071 452 2105 ad
457 2070 589 2115 predicandum
595 2071 712 2115 euangelium
718 2071 737 2106 in
742 2072 833 2107 Hibernia

132 2124 229 2160 constitnit.
257 2124 333 2159 Amicos
347 2123 383 2159 sibi
395 2125 419 2159 de
432 2123 511 2159 inimicis
524 2123 607 2166 faciebat,
619 2129 637 2159 et
653 2125 722 2159 bonum
737 2136 772 2170 pro
785 2126 833 2160 malo

132 2179 225 2212 reddebat.
248 2177 389 2221 Indulgentiam,
402 2177 553 2221 misericordiam,
568 2182 587 2212 et
601 2177 689 2222 pietatem
704 2178 723 2212 in
738 2179 833 2223 proximos

133 2232 205 2273 habnit3
223 2230 348 2273 operationem
361 2231 447 2264 manibus
460 2230 547 2273 exercuit,
559 2236 579 2265 vt
592 2231 716 2274 indigentibus
729 2232 834 2267 necessaria

133 2283 214 2317 tribuere
222 2286 291 2326 posset.
314 2282 412 2325 Affligebat
423 2282 472 2316 enirn
480 2292 555 2316 carnem
565 2293 617 2317 suam
628 2283 700 2318 ieiuniis
710 2289 728 2319 et
735 2284 807 2328 vigiliis,
815 2285 834 2319 in

105 2348 125 2377 40
134 2335 207 2380 frigore,
215 2334 263 2369 fame
271 2339 289 2369 et
300 2334 335 2376 siti,
343 2335 362 2368 in
370 2335 451 2369 nuditate
459 2341 478 2369 et
488 2334 576 2378 castitate,
584 2335 672 2370 charitate
681 2341 699 2370 et
707 2336 835 2380 hospitalitate.

133 2389 151 2424 A
163 2388 242 2433 pueritia
254 2398 288 2423 sua
300 2399 358 2432 usquc
373 2388 396 2423 ad
411 2388 461 2423 diem
476 2388 541 2423 mortis
556 2399 589 2423 sue
601 2388 656 2425 vitam
670 2400 722 2425 suani
736 2390 755 2424 in
768 2400 835 2435 magna

133 2441 226 2476 mundicia
237 2441 293 2481 duxit,
305 2452 366 2483 orans,
378 2441 447 2485 legens,
458 2441 532 2483 faciens,
542 2446 561 2475 et
572 2442 650 2485 docens;
662 2442 742 2484 humilis,
752 2443 835 2486 affabilis,

127 2497 221 2541 prudens,
233 2494 310 2535 sobrius,
321 2499 339 2526 et
351 2494 460 2527 misericors.
484 2494 533 2527 Nihil
546 2495 569 2528 de
581 2494 673 2529 mandatis
686 2495 716 2529 dei
729 2496 836 2539 preteriuit;

133 2548 237 2583 esurientes
251 2547 306 2592 pauit,
318 2546 420 2581 sitientibus
434 2552 497 2591 potum
510 2546 566 2590 dedit,
579 2547 661 2592 hospites
676 2548 763 2593 suscepit,
775 2548 836 2582 nudos

411 2610 416 2627 ¹
428 2611 472 2648 Colg.
480 2620 492 2641 c.
500 2619 525 2648 30.
532 2620 556 2649 31.
