1762 2803
108 129 152 171 280
299 125 378 179 muto
394 123 509 187 tertona
525 122 617 186 analio.

107 247 155 291 plis1
166 245 316 292 possessionibus
327 247 412 281 rcleuare
425 246 500 281 curauit.
545 239 642 281 Defuncto
654 241 738 290 Elph'ego
749 245 809 280 Wen·

108 305 150 335 tane
162 300 212 336 vrbis
227 300 319 344 episcopo,
332 310 373 335 cum
386 310 419 334 rex
434 300 518 335 Edredus
532 299 628 334 Dunstano
641 299 752 343 pastoralem
767 309 808 332 sus·

109 354 170 398 cipere
184 363 246 387 curam
258 354 370 397 persuadere
382 364 419 387 non
431 358 500 398 posset,
512 353 575 396 regine
587 352 640 386 matri
652 363 686 387 sue
699 351 810 396 Ead[g]rue²

108 408 185 441 verbum
195 406 296 449 [imlposuit
305 406 386 440 suadele.
409 407 463 449 Quod
470 417 512 441 cum
520 405 609 440 instanter
617 405 681 451 regina
691 405 771 448 fecisset,
779 404 809 439 ille

91 474 100 503 5
109 461 213 503 respondit:
226 460 288 499 ‘Nolo,
296 460 325 499 ait,
334 460 413 499 domina,
421 460 465 492 illud
473 470 484 492 a
492 470 522 493 me
530 459 597 502 expeti,
606 460 654 502 quod
663 459 692 492 vel
700 469 808 491 concessum

109 523 161 545 meos
171 511 254 545 animos³
265 512 365 556 perturbet,
374 512 405 545 vel
416 522 453 545 non
463 521 572 545 concessum
583 516 624 545 tuos
636 511 721 545 offendat.
745 511 810 553 Neque

109 564 158 598 enim
173 563 235 600 nescio
249 574 304 608 quarn
319 564 417 599 difficulter
430 575 482 599 suam
498 563 575 608 quisque
590 569 633 598 ante
648 564 727 598 tribunal
742 562 811 597 Christi

109 627 183 653 causant
193 622 239 662 agat,
250 618 319 661 nedum
332 618 391 653 aliene
400 629 454 653 cause
465 617 547 662 cognitor
555 623 585 652 aut
593 617 649 652 iudex
657 617 733 652 existat!
756 617 811 651 Cum·

109 682 145 714 que
154 672 185 705 iila
195 677 293 714 negantem
304 671 343 705 suis
353 672 412 704 adhuc
423 671 523 705 rationibus
534 677 597 705 tenere
607 671 700 711 voluisset,
709 676 770 704 motus
780 670 811 703 ille

83 726 101 758 ro
109 723 208 769 paulisper,
222 722 256 759 ait:
277 723 414 759 ‘Certissimum
433 724 504 766 habeto,
520 723 599 768 domina,
615 723 634 758 in
649 723 714 758 diebus
734 723 766 757 filii
785 724 810 757 tui

110 778 210 821 pontificali
228 778 286 812 infula
304 788 334 812 me
352 789 389 812 non
408 789 451 812 esse
469 778 616 812 sublimandum!
646 777 730 821 Cumque
749 777 810 820 sopori

110 832 194 865 membra
201 830 288 872 dedisset,
296 836 360 864 assunt
368 831 385 864 ei
393 831 411 865 in
422 830 505 874 sompnis
513 831 591 874 apostoli
599 830 629 864 dei
637 831 703 864 Petrus
712 835 729 864 et
738 830 811 872 Paulus,

111 894 152 917 cum
171 888 234 918 sancto
251 883 333 926 Andrca,
348 883 418 928 gladios
436 883 455 917 in
474 884 559 917 manibus
578 888 668 918 tenentes.
691 883 735 917 Erat
750 887 811 917 autem

111 937 200 980 scriptum
210 935 271 970 aureis
282 935 348 970 litteris
359 935 378 969 in
388 936 448 978 gladio
461 936 522 970 Petri:
535 936 566 969 ‘ln
577 936 667 980 principio
680 942 718 970 erat
729 936 812 976 verbum,

84 1001 102 1031 15
112 991 214 1024 etverbum
222 994 261 1023 erat
269 990 318 1033 apud
326 990 386 1030 deum,
394 990 466 1023 ctdeus
476 990 609 1023 eratverbum.'
631 989 739 1023 Ceterorum
747 988 812 1033 gladiis
868 1001 869 1004 ¹

112 1042 187 1077 nomina
194 1042 295 1077 tenentium
304 1042 372 1086 scripta
379 1048 436 1083 erant,
443 1042 495 1076 Pauli
502 1042 654 1084 Paulus,Andree
659 1042 750 1076 Andreas.
771 1041 812 1076 Hos

112 1096 182 1139 gladios
194 1095 275 1130 officiosa
285 1095 398 1139 benignitate
410 1095 445 1129 sibi
456 1096 566 1130 obtulerunt.
589 1096 661 1129 Interea
674 1096 769 1130 Andream
782 1107 813 1129 ex-

112 1149 188 1183 hilarato
196 1150 246 1183 vultu
257 1149 322 1192 aspicit
332 1149 471 1183 concinentem:
484 1149 559 1183 ‘Tollite
569 1149 632 1194 iugum
640 1159 701 1183 meum
710 1159 813 1192 supervos,

112 1207 130 1236 et
141 1202 204 1236 discite
216 1212 227 1235 a
238 1212 268 1235 me
280 1202 323 1245 quia
334 1201 383 1235 mitis
394 1211 436 1235 sum
447 1207 466 1235 et
477 1201 552 1235 humilis
566 1202 626 1243 corde,
638 1206 656 1236 et
671 1201 769 1236 inuenietis
784 1212 813 1235 re·

84 1266 104 1287 ao
112 1255 174 1299 quiem
186 1255 282 1289 animabus
295 1255 373 1289 vestris!
396 1254 448 1289 Tunc
463 1266 474 1289 a
488 1255 542 1289 beato
558 1255 613 1289 Petro
628 1255 690 1289 iussus
706 1255 767 1289 leuam
782 1266 813 1289 ex-

112 1309 194 1350 tendere,
209 1307 301 1343 modicum
318 1307 424 1353 crepitantis
443 1308 501 1342 ferule
520 1307 575 1342 ictum
591 1308 669 1353 excepit,
688 1307 722 1343 hoc
741 1308 764 1343 ab
782 1308 814 1343 illo

112 1361 200 1396 audiens:
220 1361 271 1395 ‘Hoc
287 1361 319 1395 tibi
334 1362 357 1395 sit
372 1367 391 1395 et
407 1372 456 1404 pena
471 1361 541 1403 abiecti,
557 1366 575 1395 et
593 1361 667 1404 signum
682 1361 758 1395 vlterius
776 1372 814 1395 non

112 1414 209 1447 abiiciendi
222 1413 350 1456 pontificatus?
373 1413 468 1457 Euigilans
484 1419 545 1447 autem
557 1413 586 1448 vir
600 1413 629 1447 dei
641 1414 709 1457 gratias
724 1414 761 1456 egit
774 1414 814 1456 deo,

112 1466 164 1500 cuius
179 1476 256 1500 munere
270 1465 295 1500 ita
310 1476 331 1500 se
348 1465 437 1510 conspicit
452 1466 562 1500 honoratum
581 1471 598 1500 et
614 1465 701 1500 diuinitus
716 1466 814 1501 visitatum.

86 1528 104 1559 25
114 1519 197 1563 Cumque
215 1518 254 1562 regi
275 1524 339 1553 cuncta
359 1524 457 1561 narrasset,
476 1519 507 1553 ille
526 1519 617 1553 visionem
637 1520 736 1554 absoluens
758 1519 814 1554 dixit:

114 1572 216 1615 ‘Quoniam
230 1582 265 1615 per
279 1582 331 1605 arma
345 1572 444 1615 apostolice
459 1572 592 1606 benedictionis
611 1577 692 1616 potestas
707 1572 816 1616 exprimitur

114 1626 230 1669 pontificalis,
237 1625 312 1659 noueris
323 1630 341 1658 te
353 1636 387 1669 pro
399 1627 477 1669 eoquod
487 1625 549 1669 iugum
561 1625 630 1659 domini
642 1626 776 1670 contempseris
787 1626 815 1659 in·

115 1684 215 1721 crepatum,
233 1679 267 1710 ac⁴
282 1678 344 1711 diuina
362 1678 452 1711 electione
471 1678 551 1711 futurum
570 1678 676 1721 pontificem
695 1678 816 1721 designatum.

116 1730 173 1765 Porro
181 1730 230 1775 quod
237 1729 271 1764 “in
277 1729 367 1774 principio
374 1735 412 1765 erat
417 1731 494 1766 verbum
499 1732 508 1747 ”
515 1730 574 1775 gladio
583 1731 633 1765 Petri
640 1731 717 1775 apostoli
724 1731 816 1775 [inlscrip-

88 1797 107 1826 30
115 1789 154 1818 tum
161 1783 167 1802 ⁵
174 1782 235 1819 vidisti
243 1795 248 1824 ς
260 1794 302 1817 cum
310 1784 387 1818 verbum
395 1783 425 1817 dei
436 1783 460 1818 sit
468 1783 572 1827 unigenitus
580 1784 628 1818 filius
636 1784 671 1826 dei,
680 1783 711 1827 qui
720 1784 774 1818 homo
782 1795 816 1828 pro

115 1836 220 1869 hominibus
233 1835 281 1869 inter
294 1836 379 1869 homines
392 1835 450 1869 sactus
466 1836 510 1877 estl,
524 1836 605 1879 profecto
620 1837 667 1870 scias
679 1842 698 1870 te
711 1836 761 1870 sedis
776 1837 816 1870 eius

114 1888 217 1932 principem
228 1887 308 1921 futurum
317 1898 353 1931 que
361 1887 429 1921 Christi
437 1888 512 1922 nomine
521 1888 619 1923 Cantuarie
629 1889 739 1923 honoratur!
785 1882 816 1923 In·

115 1942 167 1976 terim
179 1952 223 1977 vero
234 1951 268 1975 rex
279 1940 369 1983 Edredus,
381 1941 430 1975 letali
441 1943 505 1975 morbo
519 1947 619 1985 correptus,
631 1941 698 1976 decidit
712 1942 730 1976 in
743 1942 816 1984 lectum,

115 2000 133 2029 et
148 1994 233 2029 celeriter
244 1993 321 2029 nuncios
332 1994 387 2029 mittit
399 1995 430 2038 qui
444 2000 516 2038 patrem
527 1995 564 2029 vite
579 2006 613 2029 sue
626 1995 742 2030 Dunstanum
756 2006 817 2029 accer-

88 2059 106 2090 55
115 2048 168 2090 siant,
175 2052 195 2082 vt
203 2048 226 2082 sit
233 2046 370 2081 confessionum
379 2053 476 2092 susceptor
483 2052 501 2081 et
511 2048 571 2082 fidelis
579 2048 628 2092 apud
636 2049 691 2083 deum
700 2049 816 2083 intercessor.

116 2101 237 2135 Contristatus
256 2100 310 2144 igitur
327 2100 440 2142 Dunstanus,
455 2107 523 2144 quanta
541 2101 637 2135 velocitate
656 2102 720 2146 potuit,
738 2101 817 2135 amicum

115 2165 179 2198 regern
190 2153 271 2188 inuisere
282 2153 348 2197 pergit.
370 2154 441 2188 Videns
455 2159 516 2188 autem
528 2154 580 2188 illum
593 2156 639 2189 deus
651 2159 669 2189 et
681 2155 741 2189 cordis
755 2153 829 2189 dotore'

116 2207 171 2250 affligi
182 2212 200 2241 et
210 2205 292 2249 corporis
303 2206 384 2239 lahorem
395 2207 438 2250 pati,
447 2217 484 2240 non
493 2213 521 2240 est
530 2218 596 2250 passus
604 2207 678 2240 vtvltra
685 2207 736 2241 illum
744 2207 817 2241 afflictio

116 2264 204 2302 tangeret,
227 2258 259 2291 uin
269 2263 287 2291 et
299 2258 382 2291 dolorem
392 2258 456 2292 leniuit
461 2259 472 2300 ⁷,
480 2264 498 2292 et
508 2260 590 2293 laborem
599 2259 695 2293 imminuit.
719 2259 766 2292 Nam
776 2269 817 2293 cum

89 2326 108 2355 40
116 2318 166 2346 esset
176 2312 194 2346 in
206 2312 276 2354 itinere,
285 2317 303 2345 et
310 2312 394 2345 membra
401 2311 473 2346 ieiuniis
482 2312 564 2347 confecta
572 2313 664 2356 fatigaret3
676 2323 714 2347 vox
722 2313 744 2347 ab
752 2312 816 2347 ethere

116 2366 168 2409 lapsa
178 2364 259 2400 insonuit
270 2364 345 2399 dicens:
362 2365 420 2399 ‘Ecce
432 2376 465 2399 rex
478 2365 562 2400 Edredus
576 2365 686 2400 obdormiuit
701 2365 720 2398 in
734 2365 818 2400 domino.¹

117 2419 146 2452 Ad
160 2429 214 2462 quam
227 2428 292 2452 vocem
305 2428 369 2462 equus
381 2417 409 2452 cui
424 2418 520 2461 insidebat,
533 2429 633 2463 percussus
646 2418 720 2453 interiit.
744 2418 767 2453 Et
779 2419 818 2454 suls

117 2482 156 2506 rem
168 2472 259 2517 aperiens
272 2472 407 2506 commendauit
420 2472 500 2506 animam
512 2473 561 2516 regis
574 2472 655 2507 defuncti
668 2472 688 2506 in
700 2483 755 2506 manu
768 2474 818 2518 regis

137 2540 171 2569 1Ε.
179 2541 250 2578 amplius.
294 2540 329 2570 flT.
337 2540 431 2577 eadine;E.
440 2540 473 2572 VB.
483 2542 543 2571 cadine.
589 2541 696 2572 ³E.amicos.
746 2541 780 2572 ⁴E.
788 2548 819 2574 aut.

117 2579 123 2597 ⁵
135 2580 153 2609 E.
160 2581 240 2616 scriptum.
299 2579 305 2597 ⁶
315 2589 346 2610 om.
354 2580 370 2608 in
378 2581 397 2610 T.
456 2580 462 2598 l
475 2581 493 2610 E.
501 2581 558 2611 linluit.
