1762 2803
130 81 174 159 306
245 164 246 167 Ἴ
319 102 399 156 mono
415 100 531 164 termus
547 100 640 163 onmia
747 109 832 150 rus-m.

129 223 224 254 tridentibus
238 223 297 260 ferreis,
310 228 326 253 et
339 223 391 261 posite
404 232 453 261 super
465 223 538 253 incudem
550 221 681 261 percutiebantur
695 221 760 258 malleis,
771 222 832 253 donec¹

130 272 147 301 in
157 280 204 302 unam
215 280 282 302 massam
292 272 406 309 redigerentur,
417 276 433 300 et
443 275 501 308 tamen,
509 272 552 309 quod
562 274 586 299 est
596 269 664 307 grauius,
673 270 709 308 (nec
720 269 742 298 sic
750 269 831 307 perirent3

130 319 248 358 desiderabant)
259 319 301 349 enim
312 323 378 348 mortem
389 323 405 348 et
417 319 495 358 (inuenire
509 328 541 347 non
553 321 629 356 poterant.
652 316 769 355 Loquebantur)
780 321 832 347 autem

131 371 199 398 tortores
208 367 235 407 (ad
246 367 314 396 inuicem
321 367 403 396 dicentes:
414 365 506 403 ‘Nunquid)
514 363 590 395 sufficiti’
611 365 631 394 Et
639 364 672 404 (ulii
679 365 695 394 in
702 365 732 394 alia
742 365 800 394 fabrica
808 375 831 395 re⁴

112 426 121 455 5
131 414 247 453 spondebam:
260 414 348 443 ‘Prohicite
358 413 415 453 no(bis,
426 417 443 442 ut
453 413 533 442 uideamus
542 413 556 442 si
566 412 640 443 sufficiat!
662 412 682 442 Et
692 410 809 452 proiicie)bant,
816 417 832 443 et

132 462 165 500 (alii
176 461 258 499 capiebant
268 469 295 490 eas
305 460 321 489 in
331 460 415 497 forcipibus
425 459 488 497 ferreis)
499 463 582 496 antequam
593 463 651 487 terram
662 463 751 495 tangerent,
762 464 779 488 et
792 459 833 488 sicut

131 508 177 546 primi
189 509 211 538 ita
223 511 239 537 et
250 507 279 545 ipsi
290 516 317 536 eas
329 506 391 544 ignibus
401 506 497 536 tradebant..
510 505 531 535 Et
541 506 563 536 ita
573 505 631 535 misere
641 506 687 535 modo
697 506 728 535 huc
738 505 786 535 modo
796 506 833 535 illuc

131 555 266 596 prohi(ciebantur
276 559 292 585 et
303 553 361 592 ubique
372 552 513 591 comburebantur),
527 553 578 583 donec
589 552 635 583 simul
648 553 698 591 pelles
710 557 726 583 ct
740 562 796 583 carnes
810 555 833 592 (et

132 603 183 641 nerui)
195 607 211 632 et
221 612 258 632 ossa
266 602 283 631 in
293 602 360 631 fauillam
371 602 481 638 redigerentur
491 605 508 630 et
518 601 609 640 (flammam)
619 601 665 638 ignis.
687 601 725 631 Post
734 600 791 630 multas
797 610 832 638 pas·

105 662 123 684 ιο
131 650 184 680 siones
198 649 241 679 affuit
251 649 322 678 Tundalo
333 649 418 678 aduocatus
427 657 465 677 suus
478 652 494 677 et
504 648 627 686 apprehendens
637 657 673 677 eum
685 649 705 677 dc
716 648 768 677 medio
780 649 832 679 fauillc

131 698 180 727 dixit:
192 696 285 732 ‘Quomodo
293 696 346 726 uoles?
367 695 441 732 Nunquid
448 695 513 724 luerunt
521 695 549 724 tibi
556 699 588 724 tam
596 695 646 725 dulcia
654 695 706 725 carnis
713 695 832 731 oblectamenta,

131 747 148 772 ut
157 753 186 781 pro
196 742 219 772 eis
229 746 253 772 tot
263 745 278 772 et
287 745 331 772 tanta
340 741 381 771 mala
389 742 454 781 (debeas
463 740 560 772 sustinerei'
581 741 611 770 Illa
617 742 681 779 penitus
688 742 791 780 respondere)
800 751 832 771 non

131 795 199 829 poterat,
206 790 243 828 quia
250 793 287 828 post
293 791 360 827 (tantum
367 788 460 827 supplicium
467 788 506 827 non)
514 788 581 819 habebat
588 789 630 819 uires
637 789 657 819 ad
664 788 764 827 loquendum.
782 789 833 829 (Tunc

131 839 197 877 angelus
202 838 231 868 ait:
239 838 354 878 ‘Cons)ortare,
360 837 474 875 quiadominus
480 837 543 867 deducit
548 837 575 875 (ad
582 836 641 866 inferos
648 841 664 866 et
670 836 743 876 reducit).
756 836 833 873 Quamuis

104 886 173 927 152111‘112
183 895 240 922 magna
250 886 282 915 sint
293 895 324 923 que
333 886 423 924 huc(usque
433 883 486 924 passa)
498 894 521 921 es,
532 884 591 913 maiora
601 888 654 913 tamen
664 889 702 914 sunt
715 895 724 914 a
735 884 791 923 quibus
804 894 833 923 per

132 934 158 963 dei
171 933 295 964 misericordiam
307 930 407 962 liberaberis!
431 932 451 961 Et
463 932 534 961 addidit:
551 931 621 961 ‘Omnes
635 941 675 969 quos
687 932 760 970 superius
773 932 833 969 uidisti,

131 981 205 1010 iudicium
216 984 305 1017 expectant,
315 985 340 1009 set
349 980 371 1008 hii
382 980 408 1017 qui
419 979 470 1008 adhuc
483 979 548 1008 suntin
559 979 664 1016 inferioribus,
675 980 705 1008 iam
715 980 779 1009 iudicati
790 984 833 1010 sunt.

132 1026 203 1065 (Ad)huc
210 1026 252 1056 enim
262 1027 301 1066 (non
309 1026 395 1064 peruenisti
405 1026 425 1055 ad
435 1025 494 1056 inferos
504 1024 603 1064 interiorem!
623 1026 644 1055 Et
653 1034 697 1055 more
705 1025 758 1066 (solito
766 1030 833 1064 tangens

94 1103 96 1107 Α
132 1083 166 1104 eam
173 1077 189 1103 et
196 1073 385 1113 eonfortans),precessit.
413 1065 489 1111 Cumque
496 1073 542 1102 simul
549 1077 633 1111 pergerent
639 1073 661 1113 (ct
668 1073 767 1111 in)cedentes
773 1083 833 1103 sermo-

104 1121 269 1158 momentaneae
279 1121 346 1159 (subitus
354 1122 411 1151 horror
420 1120 442 1159 et)
453 1121 503 1158 frigus
512 1121 615 1150 intollerabile
624 1125 640 1149 et
649 1121 690 1151 fetor
700 1120 834 1160 (intonen)bilis²

131 1172 148 1197 et
161 1168 225 1198 tenebre
237 1168 315 1205 prioribus
329 1167 464 1205 incomparabiles,
476 1167 563 1206 (tribulacio
574 1167 596 1205 et)
607 1168 680 1205 angustia
688 1168 755 1198 animam
766 1168 833 1199 Tundali

132 1215 228 1251 inuaserunt,
241 1214 262 1244 ita
276 1219 294 1244 ut
307 1215 360 1244 omnia
373 1214 475 1243 fundamenta
488 1218 530 1243 terre
543 1214 642 1251 ui(derentur
654 1214 690 1252 sibi)
704 1215 831 1253 contremiscere,

132 1266 148 1292 et
158 1262 216 1299 angelo
222 1262 313 1300 precedenti
323 1263 411 1301 com(pulsa
421 1261 455 1291 est³
463 1261 532 1300 dicere):
543 1261 589 1291 ‘Heu
600 1261 662 1299 michi⁴,
669 1262 706 1300 quid
716 1266 741 1292 est
751 1263 794 1300 quod
804 1272 833 1302 pre

132 1310 179 1340 solito
192 1309 241 1349 (stare
253 1319 286 1339 non
298 1319 363 1348 possum
368 1308 391 1348 t)’
416 1309 453 1346 Quo
464 1308 506 1339 dicto
519 1318 551 1338 non
564 1309 615 1346 potuit
625 1318 643 1338 se
657 1318 722 1339 mouere
736 1311 771 1350 (pre
785 1310 833 1340 nimia

105 1369 123 1400 ²5
132 1357 227 1397 for)midine.
248 1357 269 1386 Et
277 1366 314 1387 ecce
323 1357 389 1395 angelus
396 1357 427 1386 cito
434 1356 514 1394 disparuit,
525 1360 586 1386 etcum
597 1356 663 1395 amplius
673 1358 728 1387 uidere
736 1367 768 1387 non
775 1358 831 1395 potuit.

133 1405 170 1435 Non
177 1409 201 1435 est
209 1405 250 1434 enim
257 1406 342 1442 sapiencia,
350 1414 383 1434 non
393 1408 418 1434 est
428 1403 496 1433 sciencia
506 1413 535 1433 nec
545 1403 587 1434 racio
597 1405 638 1442 apud
650 1404 708 1434 interos
719 1414 751 1443 quo
761 1405 788 1435 illa
797 1415 833 1443 pro-

133 1453 203 1489 perabat.
224 1452 289 1481 Audiuit
299 1457 352 1481 autem
362 1452 438 1481 clamores
448 1455 465 1480 et
475 1451 542 1480 ululatus
552 1451 591 1480 mire
598 1452 715 1490 magnitudinis,
724 1456 740 1482 et
747 1454 833 1482 tonitruum

133 1502 164 1527 tam
170 1498 250 1534 horribile,
255 1501 272 1526 ut
279 1507 309 1527 nec
314 1499 383 1536 paruitas
390 1502 445 1526 nostra
451 1497 520 1534 potuerit
525 1506 586 1534 capere,
593 1507 622 1526 nec
630 1497 683 1534 lingua
690 1498 738 1536 [eius]
743 1499 832 1528 ⁵enarrare¹

133 1544 265 1581 circumspiciens
277 1553 316 1582 crgo
327 1545 384 1583 siquo
394 1545 441 1573 modo
452 1544 507 1573 uidere
519 1548 573 1582 posset
583 1546 625 1574 unde
635 1550 716 1582 uenerant,
727 1545 766 1574 uidit
776 1546 834 1575 fossam

105 1604 126 1634 50
134 1592 225 1629 quadratam
239 1595 256 1620 et
270 1592 393 1628 quadrangulam
407 1591 452 1629 quasi
465 1590 554 1630 cisternam,
569 1592 596 1628 qui
609 1596 666 1630 puteus
681 1593 759 1630 putridam
772 1594 834 1622 flamme

134 1642 150 1669 et
163 1639 202 1668 fumi
216 1639 297 1669 emittebat
310 1639 413 1676 columpnam,
425 1647 456 1676 que
467 1638 550 1676 columpna
562 1639 676 1669 extendebatur
688 1649 738 1678 usque
750 1640 770 1669 ad
782 1639 834 1676 celos3

133 1690 150 1715 et
163 1687 180 1715 in
194 1686 228 1723 ipsa
241 1686 325 1724 columpna
338 1691 372 1715 crat
385 1685 468 1714 multitudo
482 1686 550 1714 maxima
561 1687 647 1716 animarum
661 1690 678 1717 et
691 1687 775 1717 demonum
790 1697 834 1717 more

132 1733 221 1761 fauillarum
230 1741 264 1761 cum
274 1734 336 1761 flamma
345 1733 472 1767 ascendencium,
479 1736 495 1761 et
504 1734 524 1760 ad
535 1733 608 1762 nichilum
615 1734 683 1771 redacte,
692 1734 748 1763 iterum
759 1734 835 1764 cadebant

133 1790 169 1809 cum
181 1779 273 1809 demonibus
286 1780 302 1809 in
312 1779 392 1810 fornacem
402 1788 452 1816 usque
463 1778 479 1808 in
491 1779 590 1816 profundum.
611 1779 647 1817 Quo
658 1780 693 1810 uiso
704 1781 756 1810 anima
767 1780 835 1811 Tundali

105 1828 197 1870 35uolebat
208 1836 227 1857 se
237 1832 279 1867 retro
291 1828 381 1858 retrahere:
397 1831 422 1856 set
432 1836 465 1856 non
476 1827 539 1856 ualebat
549 1837 559 1857 a
569 1832 611 1857 terra
623 1829 672 1865 pedes
684 1829 742 1858 leuare.
766 1828 786 1857 Et
798 1828 834 1858 dum

134 1875 164 1904 hoc
171 1874 225 1912 sepius
232 1878 320 1912 temptaret,
327 1878 352 1904 set
358 1874 410 1904 facere
417 1883 449 1904 non
455 1877 513 1912 posset,
521 1874 569 1903 nimio
576 1874 630 1904 surore
636 1875 696 1913 repleta
703 1875 719 1905 in
726 1880 777 1906 semet
784 1876 834 1914 ipsam

133 1922 193 1952 exarsit
207 1925 223 1951 et
236 1930 286 1958 genas
299 1931 335 1951 suas
349 1921 427 1959 unguibus
440 1921 511 1951 lacerans
525 1921 606 1951 clamauit:
625 1921 659 1952 ‘Ve
673 1922 724 1961 michi,
739 1932 787 1961 quare
802 1932 834 1953 non

133 1970 201 1999 moriorl
211 1979 242 2006 que
249 1978 275 1997 me
282 1969 343 2006 decepit
353 1969 453 1998 demencial'
473 1967 561 1997 Audientes
572 1968 602 1998 hoc
611 1969 686 1999 demones
697 1970 724 2007 qui
731 1979 766 1999 cum
773 1971 835 2000 tlamma

133 2017 244 2053 ascendebant,
257 2016 393 2046 circumdederunt
407 2025 441 2045 eam
455 2025 490 2045 cum
504 2016 612 2045 instrumentis
626 2017 683 2053 quibus
696 2018 756 2047 animas
770 2018 790 2047 ad
803 2022 836 2047 tor-

105 2077 125 2107 40
133 2067 187 2093 menta
197 2062 284 2099 rapiebant,
292 2062 374 2092 dicentes:
385 2062 409 2091 ¹0
416 2063 473 2091 misera
483 2062 536 2091 anima
546 2063 592 2100 penis
601 2067 617 2092 et
627 2064 720 2093 cruciatibus
731 2064 783 2101 digna,
793 2065 835 2094 unde

133 2111 165 2141 huc
175 2109 244 2140 uenisti?
266 2109 292 2138 Nil
303 2110 353 2139 adhuc
364 2114 429 2149 experta
439 2119 466 2146 es;
477 2110 529 2139 adhuc
538 2109 598 2139 uidebis
609 2111 673 2147 dignum
684 2110 758 2148 operibus
765 2112 796 2140 tuis
803 2115 835 2141 tor-

134 2161 210 2193 mentum,
221 2157 241 2186 de
252 2164 283 2193 quo
295 2157 339 2186 exire
351 2166 382 2186 non
394 2157 454 2195 poteris
465 2166 495 2186 nec
504 2157 520 2185 in
533 2166 552 2186 eo
563 2158 619 2195 perire,
631 2162 656 2187 set
666 2167 729 2196 semper
739 2160 755 2188 in
766 2158 835 2189 cruciatu

134 2205 190 2234 uiuens
197 2204 263 2240 ardebis,
271 2203 305 2233 sine
312 2204 398 2241 refrigerio,
404 2205 439 2234 sine
446 2205 511 2240 lumine,
516 2205 551 2234 sinc
558 2205 673 2242 consolacione,
679 2206 715 2236 sine
721 2206 764 2236 omni
770 2206 834 2242 auxilio,

134 2252 193 2282 nullam
207 2251 282 2289 deinceps
296 2250 417 2281 misericordiam
430 2260 495 2289 sperare
508 2252 573 2289 poteris.
600 2252 735 2291 Appropinquastl
751 2263 802 2292 usque
815 2253 835 2284 ad

105 2316 125 2344 45
134 2303 188 2337 portas
196 2298 250 2328 mortis
257 2301 273 2326 et
282 2297 348 2327 infernis
355 2298 452 2328 inferioribus
462 2298 497 2328 sine
507 2307 551 2328 mora
560 2300 681 2335 presentaberis.
707 2301 738 2337 Qui
746 2306 762 2331 te
768 2301 799 2331 huc
808 2301 835 2330 ad·

134 2346 184 2381 duxit,
191 2344 226 2381 ipse
233 2348 249 2372 te
256 2344 326 2380 decepit;
337 2344 391 2373 liberet
398 2348 419 2380 te,
426 2344 440 2373 si
449 2348 505 2381 potest,
514 2346 533 2373 de
542 2346 614 2375 manibus
621 2347 683 2382 nostris,
692 2356 724 2376 non
731 2348 792 2377 uidebis
799 2355 835 2375 eum

134 2389 212 2431 amplius!
233 2391 253 2420 Et
260 2390 349 2420 adinuicem
356 2391 469 2428 loquebantur:
480 2392 484 2408 ⁴
491 2391 533 2427 Quid
540 2392 607 2428 amplius
614 2394 703 2424 moramurl
714 2394 794 2424 trahamus
801 2402 836 2424 eam

134 2445 151 2470 et
158 2441 214 2470 demus
221 2448 256 2468 eam
264 2438 337 2468 Lucifero
342 2437 458 2472 decorandam)
465 2442 482 2467 et
488 2438 511 2467 sic
516 2438 582 2477 [arma]l
587 2439 604 2468 in
609 2449 644 2469 eam
650 2440 730 2471 uibrantes
737 2441 836 2471 minabantur

154 2511 159 2528 ¹
169 2510 189 2541 nl.
198 2510 249 2539 donec
255 2509 311 2540 vicene
317 2509 342 2539 vel
350 2509 409 2540 triceno
414 2509 439 2540 vel
446 2512 519 2540 centone.
559 2509 565 2526 ¹
575 2519 593 2541 so
597 2510 637 2548 VB,
642 2511 679 2542 Sch.
685 2515 731 2542 antea
738 2512 836 2551 inexpertus.

133 2551 139 2568 ³
150 2560 168 2581 so
175 2550 215 2587 VB,
224 2550 260 2580 Sch.
269 2550 394 2588 compelleretur.
434 2548 439 2567 ¹
450 2550 469 2580 al.
477 2550 498 2578 mi
506 2549 574 2581 domine.
613 2552 619 2569 ⁶
630 2561 659 2581 om,
