1762 2803
71 148 72 151 =
105 121 118 163 8
294 119 373 172 utute
389 116 505 180 bracata
521 117 614 181 analio.
663 100 664 103 '

127 238 213 281 Demum,
221 245 240 275 vt
251 239 315 284 paucis
326 240 438 283 concludam,
450 246 512 276 tantus
523 240 569 286 ipsis
581 241 695 285 temporibus
707 240 806 275 electorum

105 299 145 327 erat
152 304 262 337 numerus,a
270 294 383 337 singulisque
391 300 429 328 tam
437 295 516 329 feruenti
524 295 631 339 ardentique
639 294 700 328 animo
708 295 731 327 ad
740 293 808 328 Christi

106 347 215 390 obsequium
223 348 334 388 currebatur,
339 352 358 381 vt
365 346 446 391 genitam
455 348 567 382 nobilitatem
576 358 641 381 omnes
647 358 680 392 pro
686 346 750 381 maiori
756 352 808 391 parte

106 399 201 434 sanctitate
208 399 320 441 imitarent¹5
333 411 367 433 nec
375 400 435 443 aliqua
443 406 485 435 tunc
494 401 513 435 in
521 400 586 444 quouis
594 401 713 444 reputabatur
723 400 808 434 nobilitas

88 466 96 495 5
106 452 142 486 nisi
150 452 180 485 dei
188 452 276 485 seruitute
283 452 382 485 fulciretur.

129 505 167 539 Sed
182 515 269 548 quorsum
285 505 319 538 hec
334 505 408 539 onmia?
437 505 528 540 Nimirum
543 510 562 541 vt
577 506 627 540 nulla
640 505 711 541 curiosa
723 504 809 549 indagine

106 557 190 591 forenses
198 557 309 600 queritemus
317 557 450 601 longinquasve
462 564 567 593 sanctorum
578 559 700 603 operationes,
708 570 750 592 cum
761 557 809 592 intra

107 622 140 645 nos
151 609 201 652 ipsos
213 609 236 643 sit
245 620 323 653 regnum
334 610 369 651 dei,
381 616 400 644 et
410 616 470 644 tantos
481 611 510 644 hic
521 612 621 645 habeamus
632 617 705 645 sanctos
717 617 809 655 patronos

106 668 125 697 vt
137 673 200 696 eorum
212 662 278 696 merito
290 663 343 698 nobis
355 663 462 698 sufficerent
472 666 495 698 ad
507 664 615 699 imitandum
626 665 718 708 exempla,
730 664 746 698 si
759 664 810 698 nulla

80 730 98 752 ro
107 726 183 760 prorsus
189 715 224 749 alia
230 717 339 750 documenta
345 717 465 759 haberemus;
477 717 534 751 immo
540 723 590 752 tanto
597 717 706 761 diligentiori
712 717 772 751 studio
778 728 809 751 eos

106 768 172 803 imitari
180 769 275 811 debemus,
283 780 319 813 quo
327 770 354 804 eis
362 770 439 804 vicinius
447 781 511 804 sumus
519 770 592 805 annexi.

129 821 204 856 ‘Solent
216 822 266 856 enim
280 822 365 858 homines
377 823 447 867 proprii
459 833 534 868 semper
545 823 596 858 ducis
609 823 668 868 magis
679 821 775 867 prouocari
787 824 810 857 ad

107 876 186 911 bellum’
201 875 228 918 (vt
239 876 301 911 verbis
316 876 427 911 iheronimi²
439 877 492 919 utar),
500 877 566 911 ‘habet
579 883 597 911 et
608 877 752 920 unumquodque
767 886 810 919 pro-

108 927 188 973 positum
200 929 292 972 principes
306 940 354 964 suos.
378 929 438 973 Ergo³
451 929 531 964 Romani
543 931 599 964 duces
612 929 706 963 imitentur
718 927 810 970 Camillos,

81 998 98 1027 15
109 981 207 1023 Fabricios,
224 982 332 1027 Scipionesq
353 983 458 1028 philosophi
475 989 579 1027 proponant
594 983 629 1018 sibi
645 983 754 1028 Pitagoram,
771 983 810 1017 Pla-

108 1042 176 1077 tonem,
187 1036 317 1079 Arestotilem3
333 1037 400 1081 poete⁴
415 1037 518 1071 emulentur
529 1037 638 1079 Homerum,
648 1036 751 1080 Virgilium,
762 1035 810 1069 The·

108 1088 198 1130 rentium,’
206 1094 224 1123 et
236 1088 262 1123 sic
274 1091 297 1124 de
309 1090 380 1124 ceteris.
404 1090 442 1124 Nos
449 1101 494 1124 vero
506 1101 569 1124 eamus
581 1091 604 1124 ad
615 1090 722 1133 exemplum
730 1088 810 1123 turbam·

108 1154 144 1185 que
159 1141 296 1185 anglicanorum
311 1148 427 1184 sanctorum;
447 1143 528 1176 imitetur
539 1142 665 1186 unusquisque
680 1141 769 1185 propositi
783 1142 811 1176 sui

108 1196 175 1229 duces:
194 1194 291 1228 Seculares
303 1195 388 1228 videlicet
402 1195 495 1237 principes
507 1200 526 1227 et
539 1195 608 1227 domini
619 1205 641 1227 ac
652 1194 724 1228 milites.
748 1194 811 1237 Reges

81 1260 99 1281 20
108 1246 234 1280 sanctissimos
254 1246 348 1281 imitentur
369 1247 480 1281 Edwardum
500 1251 518 1280 et
539 1247 651 1281 Oswaldum.
687 1246 748 1280 Sexus
766 1256 811 1279 vero

108 1298 200 1334 semineus
216 1299 309 1333 Helenam
321 1304 404 1333 sanctam
416 1300 504 1342 reginam,
520 1293 636 1343 Sexburgam
645 1298 734 1342 reginam,
747 1303 766 1332 et
777 1298 812 1331 uir-

108 1352 170 1396 ginem
186 1351 215 1385 dei
230 1352 365 1394 Etheldredam‚
378 1364 399 1387 ac
413 1353 485 1387 beatam
499 1352 635 1387 Modwennam.
666 1352 753 1396 Episcopi
767 1362 811 1386 vero

109 1415 172 1440 sacros
187 1406 284 1449 pontifices
297 1406 419 1447 Dunstanum,
431 1406 556 1448 Cuthbertum,
568 1411 587 1439 et
598 1405 702 1447 Aidanum3
721 1405 812 1438 Thomani

109 1468 187 1502 quoque,
196 1457 332 1492 sanctissimum
344 1458 411 1492 Christi
423 1458 514 1500 athletam,
526 1458 562 1502 qui,
574 1469 608 1500 pro
619 1458 659 1491 zelo
670 1457 741 1491 iusticie
753 1457 812 1491 diram

83 1524 101 1554 ²5
109 1521 212 1555 perpessus
230 1510 384 1555 persecutionem,
395 1510 471 1555 proprio
488 1516 517 1545 est
532 1521 597 1544 cruore
611 1511 704 1554 profusus.
727 1510 813 1545 Predica-

111 1569 161 1598 tores
176 1574 225 1606 vero,
237 1563 317 1607 theologi
332 1569 350 1598 et
364 1565 449 1598 doctores
463 1563 592 1608 Augustinum,
604 1562 720 1604 Anselmum,
734 1563 812 1597 Bedam·

111 1627 147 1660 que
165 1616 302 1658 Venerabilem,
317 1617 424 1661 discantque
440 1617 463 1650 ab
482 1617 509 1651 eis
525 1627 563 1650 non
579 1617 635 1649 altum
652 1626 723 1660 sapere,
738 1627 773 1651 nec
790 1618 813 1651 ad

110 1669 225 1704 inflationem
242 1670 295 1712 scire,
310 1672 344 1704 sed
356 1671 379 1703 ad
395 1669 533 1704 edificationem.
565 1668 653 1712 Religiosi
665 1669 739 1713 quidem
751 1670 813 1714 ipsum

112 1735 185 1769 quoque
198 1723 268 1757 Bedam
280 1723 415 1765 Venerabilem,
426 1723 576 1757 Bartholomeum
593 1733 670 1767 quoque,
686 1729 704 1757 et
718 1723 813 1758 Alredum.

83 1788 103 1817 30
113 1778 189 1811 Sacrate
200 1776 278 1819 proinde
292 1776 373 1820 virgines
385 1777 471 1810 Vrsulam
486 1775 580 1809 imitentur
595 1777 672 1818 beatam,
688 1775 813 1821 Osithamque,

113 1830 250 1871 Etheldredam,
272 1841 293 1864 ac
316 1831 388 1864 beatam
410 1830 546 1872 Modwennam,
570 1834 676 1873 ceterasque
694 1839 756 1864 sacras
778 1831 814 1864 vir-

111 1884 168 1929 gines.
202 1883 274 1917 Omnes
293 1883 373 1928 denique
391 1883 474 1928 ipsorum
494 1888 598 1917 sanctorum
617 1882 708 1926 exemplis
724 1883 814 1926 proficere

111 1938 217 1972 studeamus
235 1937 254 1970 in
271 1936 338 1971 melius
357 1937 380 1970 ad
397 1936 464 1971 alciora
480 1936 563 1970 subuehi.
593 1935 613 1970 Si
630 1935 698 1970 etenim
715 1946 814 1979 prauorum

113 2001 158 2035 sepe
174 1989 231 2024 secuti
247 2000 311 2023 sumus
327 1990 418 2033 exempla,
431 2000 464 2024 cur
478 2000 516 2023 non
531 1989 623 2023 imitemur
638 1993 743 2023 sanctorum
760 1989 815 2033 digna

84 2053 102 2082 35
112 2042 172 2077 studia
186 2046 204 2076 et
219 2042 254 2075 deo
269 2042 349 2085 placita?
376 2042 400 2076 Et
414 2042 430 2075 si
446 2048 483 2076 tam
498 2041 536 2086 apti
549 2052 614 2076 sumus
627 2041 694 2075 imitari
706 2041 779 2086 iniquos
792 2043 814 2076 ad

112 2096 185 2137 malum,
194 2106 226 2129 cur
236 2094 284 2139 pigri
293 2105 357 2128 sumus
367 2095 424 2129 iustos
436 2094 502 2129 imitari
513 2094 532 2128 in
544 2096 625 2129 bonum?
647 2094 753 2129 Timeamus
765 2105 815 2139 ergo,

112 2150 219 2193 bonumque
237 2149 299 2182 facere
317 2153 426 2192 satagamus,
442 2159 466 2183 ne
483 2148 529 2183 vicia
548 2154 610 2183 nostra
626 2148 703 2182 aliorum
718 2147 814 2183 virtutibus

112 2196 194 2244 noceant,
203 2212 227 2235 ne
238 2201 315 2235 aliorum
327 2201 423 2235 sanitatem
436 2201 509 2235 nostra⁶
520 2200 617 2235 infirmitas
629 2205 739 2244 corrumpat,
747 2211 771 2234 ne
783 2201 814 2235 ali-

113 2265 167 2290 orum
177 2255 319 2298 pulcritudinem
328 2254 393 2288 feditas
405 2259 468 2288 nostra
479 2254 595 2296 contaminet,
603 2264 626 2287 ne
635 2253 712 2287 aliorum
720 2252 815 2297 lampades

85 2318 104 2347 40
113 2307 254 2352 extinguamus⁶
265 2308 357 2350 ardentes,
369 2307 385 2341 si
397 2313 469 2342 nostras
481 2307 584 2342 illuminare
596 2318 633 2341 non
645 2317 754 2351 possumus;
771 2307 815 2351 quin

114 2361 172 2403 magis
185 2361 323 2405 unusquisque⁷
335 2361 440 2405 proximum
452 2371 506 2394 suum
521 2365 584 2394 sancte
600 2359 744 2393 conuersationis
759 2361 815 2395 odore

113 2418 155 2458 post
170 2424 191 2449 se
205 2414 265 2449 trahat
278 2419 296 2449 et
309 2425 347 2449 nox
362 2413 410 2449 nocti
425 2413 494 2449 indicet
507 2412 608 2457 scientiam,
619 2417 638 2447 vt
651 2412 682 2457 qui
695 2412 755 2447 audiat
768 2413 816 2448 dicat

134 2535 139 2553 ¹
150 2533 163 2563 E
170 2533 247 2564 imitarint.
328 2534 334 2551 ²
344 2534 411 2565 Hieron.
419 2534 449 2572 Op,
457 2535 476 2564 ed
483 2534 547 2564 Verona
555 2533 567 2563 l.
576 2543 610 2570 3²⁰·
687 2532 693 2550 ³
704 2533 721 2563 E.
729 2543 766 2571 ergo
774 2543 816 2564 suos.

113 2574 203 2611 ¹E.pocti.
264 2573 380 2605 ⁵E.nostram.
441 2574 587 2611 “seiungamus
651 2573 796 2612 'avnusquique
