1762 2803
47 158 185 198 assonare]
206 147 510 210 memorationem
522 150 671 210 enorme.
703 151 745 192 611

47 271 111 305 dictum
124 268 220 302 Manen'um
232 269 254 302 de
264 268 357 302 Werketor'r
369 279 408 302 cum
419 258 499 302 omnibns
510 269 620 312 pertinenciis
631 268 667 301 suis
677 266 749 301 ecclesie

47 321 102 358 sancti
116 319 205 354 Edmundi
220 319 345 363 imperpetuum
360 321 480 360 donauerunt;
498 319 555 364 populi
570 320 625 354 eciam
641 319 686 353 intra
700 324 750 362 septa

47 372 125 407 eiusdem
135 370 240 412 monasterii,
248 371 306 414 quoad
315 371 398 412 uixerunt,
406 371 423 404 in
433 373 508 414 quadarn
518 373 558 405 aula
565 371 617 405 veteri
627 382 660 415 que
668 369 750 403 Bradield

47 423 135 457 dicebatur
142 428 278 463 permanserunt.
295 423 325 455 Set
332 422 390 455 obstat
396 423 442 464 quod
450 421 468 455 in
475 421 547 456 cronicis
555 422 634 455 scribitur
640 421 684 462 aliis,
692 430 751 463 regem

47 473 152 507 Willelmum
164 471 243 514 primum,
254 472 282 504 vel
295 472 372 514 reginam
385 472 476 505 Matildem
486 482 556 506 vxorem
569 472 610 515 eius,
621 472 691 506 dedisse
704 472 767 510 idem5

47 522 142 557 manerium
149 528 210 555 sancto
218 523 317 555 Edmundo.
335 522 364 555 Ad
372 523 418 565 quod
425 523 564 565 respondendum
574 529 607 564 est,
614 523 660 566 quod
668 522 714 556 idem
721 531 750 555 rex

48 573 144 608 Willelmus
155 573 236 614 Angliam
248 572 300 606 annis
310 572 343 606 sibi
352 573 450 616 adquisiuit,
462 573 535 607 comites
546 573 649 616 subiugauit,
660 573 751 607 comitatus

48 623 141 665 inuestiuit,
154 623 245 666 indigenas
256 623 372 665 exheredatum,
382 623 488 667 alienigenas
500 623 600 665 intendant,
612 630 634 664 et,
645 630 663 659 ut
676 624 752 658 breuiter

48 674 129 717 replicem
134 672 145 713 ¹,
153 673 182 717 qui
190 679 245 707 totum
252 673 351 717 adquisiuit,
359 679 418 716 partes
427 673 483 707 tocius
490 673 519 707 vbi
527 681 544 708 et
551 674 639 717 quomodo
650 681 667 708 et
678 674 701 708 ed
708 683 752 717 quos

48 724 101 759 voluit
120 723 220 764 distribuit;
237 724 282 757 adeo
297 729 315 756 vt
334 733 369 757 non
388 724 430 758 nulli
449 729 540 766 magnates
558 724 654 767 angligene,
669 723 751 765 grauibus
760 739 779 762 ιο

48 774 127 817 expensis
138 785 149 808 a
160 784 201 816 rege
212 774 311 816 flagitabant
323 781 341 808 vt
352 773 430 808 dominia
441 785 475 817 que
487 774 581 820 antiquitus
593 775 628 809 iure
640 774 753 819 possidebant

49 825 156 866 hereditario,
168 827 201 859 sub
212 836 258 859 nouo
271 836 311 868 rege
324 826 432 869 possiderent
444 834 526 870 tanquam
539 836 570 870 per
582 836 646 860 nouum
660 836 718 869 regem
730 826 753 859 de

49 887 95 911 nouo
102 877 172 911 feodati.
193 877 244 911 Vnde
252 876 314 920 quibus
324 877 341 911 in
353 877 386 911 ints
398 877 459 911 diebus
466 888 496 911 rex
503 877 599 912 Willelmus
607 878 635 911 vel
646 877 682 911 eius
694 876 753 919 regina

49 927 106 969 aliqua
113 926 190 968 donauit,
198 927 284 961 concessit
291 928 318 961 vel
326 927 440 969 confirmauit,
448 928 497 970 quasi
504 928 545 961 noui
553 927 642 961 donatoris
649 934 753 970 acceperunt

49 977 166 1011 fundamenta.
186 977 284 1010 Manerium
297 987 338 1019 ergo
351 978 373 1011 de
383 978 479 1011 Werketoir
494 979 558 1011 donum
573 978 618 1020 regis
629 977 711 1011 Willelmi
726 977 754 1010 vel
762 992 780 1023 15

49 1027 108 1069 regine
119 1026 156 1061 eius
167 1026 233 1066 dicitur,
242 1038 276 1061 non
284 1028 332 1069 quasi
340 1033 423 1061 antenor
431 1029 496 1069 datum,
504 1035 530 1062 set
541 1028 574 1062 sub
585 1027 643 1071 specie
652 1027 753 1061 donacionis

49 1079 72 1112 de
79 1088 124 1111 nouo
132 1078 257 1112 confirmatum.
279 1077 308 1111 Ad
318 1077 369 1111 huius
380 1078 404 1111 rei
416 1079 560 1113 manifestandam
571 1079 653 1113 noticiam
664 1079 754 1113 sciendum

50 1129 127 1171 estquod
134 1128 180 1162 idem
187 1139 216 1162 rex
221 1128 301 1170 spoliauit
306 1128 429 1162 monasterium
436 1129 458 1162 de
464 1130 557 1163 Rameseia
561 1130 583 1163 de
589 1130 636 1163 mille
642 1128 754 1173 septingentis

49 1179 115 1212 libratis
122 1184 172 1219 terre,
180 1189 223 1220 quas
230 1178 275 1212 inter
281 1178 345 1212 milites
350 1189 391 1212 suos
397 1181 440 1221 qu'os
446 1179 464 1211 in
471 1180 552 1221 Angliam
559 1180 631 1213 duxerat
637 1180 736 1223 impertiuit.

57 1272 165 1305 Consrntnn
174 1278 292 1306 nnnncunun
301 1279 381 1305 nnnnnr
389 1272 432 1306 Ooo
440 1279 467 1305 oa
474 1279 589 1307 srnsnronn
596 1279 618 1307 rn
627 1278 750 1306 sennonteus

119 1333 161 1359 sors
168 1333 230 1359 sunan
238 1333 308 1359 nono:
320 1328 402 1359 ‘axinus
410 1333 464 1360 nesus
472 1333 498 1359 on
506 1332 583 1360 rrnrnus
590 1327 642 1366 r1n1,'
649 1332 689 1360 arc.

54 1398 92 1473 IN
105 1396 167 1430 Maiori
180 1396 268 1429 Britannia
278 1396 305 1429 vir
316 1403 334 1429 et
345 1407 386 1429 vxor
396 1396 439 1436 eius,
450 1397 510 1437 spiritu
523 1396 594 1429 tristicie
606 1397 703 1438 instigante,
715 1406 754 1439 pro-
764 1411 784 1432 no

97 1451 190 1489 posuerunt
201 1457 220 1480 se
231 1446 343 1489 suspendere;
355 1452 372 1479 et
383 1456 422 1479 cum
434 1457 452 1479 se
464 1445 482 1478 in
493 1445 567 1490 quadam
580 1445 631 1479 domo
642 1445 756 1486 inclusissent,

51 1505 68 1531 et
79 1505 98 1530 ut
109 1499 189 1539 laqueum
200 1495 233 1529 sibi
244 1496 345 1539 inponerent
355 1496 410 1539 parati
422 1504 491 1530 essent:
503 1497 581 1530 dixerunt
592 1497 615 1529 ad
627 1496 712 1529 inuicem:
724 1496 755 1528 ‘ln

52 1550 103 1582 domo
115 1554 174 1581 nostra
185 1547 282 1590 frequenter
292 1546 400 1580 cantauimus
411 1547 523 1589 antiphonam
533 1546 588 1580 sancti
599 1546 688 1579 Edmundi
700 1546 756 1589 regis:

52 1599 104 1632 semel
119 1609 160 1640 ergo
173 1597 251 1631 dicamus
265 1608 304 1630 earn
319 1603 411 1641 antequam
425 1597 552 1630 moriamur¹-
562 1597 644 1640 quoniam
661 1598 756 1630 secundum

52 1659 117 1682 morem
128 1648 182 1690 patrie
193 1647 240 1681 beati
252 1648 347 1688 Edmundi,
355 1647 387 1689 ipsi
399 1647 438 1680 laici
449 1647 562 1689 antiphonam
570 1647 615 1680 beati
626 1647 715 1680 Edmundi
724 1656 757 1688 que
766 1657 784 1687 ²5

53 1697 112 1741 incipit
121 1697 168 1731 ‘Aue
179 1708 208 1730 ren
219 1696 286 1740 gentis¹
298 1696 343 1730 circa
354 1696 411 1739 ignem
421 1696 460 1730 loco
468 1696 568 1730 Benedicite
575 1696 689 1740 frequentant.
712 1697 757 1730 Cum

53 1753 110 1781 autem
125 1747 228 1781 cantilenam
242 1746 374 1780 terminassent:
393 1746 416 1780 ad
431 1746 504 1781 inuicem
520 1746 639 1790 erubuerunt²‚
652 1746 757 1781 admirantes

53 1799 126 1842 qualiter
132 1804 168 1831 tam
176 1807 246 1830 enorme
253 1797 360 1840 propositum
371 1797 388 1831 in
397 1798 449 1831 corde
460 1807 519 1831 eorum
530 1798 636 1831 ascenderet.
658 1798 682 1831 Et
691 1797 716 1831 sic
727 1807 758 1840 per

53 1849 157 1883 cantilenam
165 1847 234 1891 gloriosi
241 1847 315 1881 martiris
321 1846 409 1881 Edmundi
418 1848 440 1881 ab
448 1846 524 1882 horribili
531 1853 587 1881 morte
595 1847 662 1882 liberati
669 1854 715 1881 sunt.

69 1936 84 1973 il
95 1937 126 1969 Dn
137 1944 225 1970 numana
236 1942 292 1968 nrurn
302 1943 315 1967 n
326 1942 455 1974 nnrrvrrnrn;
468 1942 493 1967 nr
503 1941 530 1966 oa
540 1942 614 1967 annana
626 1936 739 1968 Lrorsrnno

345 1991 464 2017 conrnncro.

65 2076 151 2119 Sarrqtson
166 2074 230 2108 athad.
304 2098 308 2105 .
331 2098 335 2106 .
405 2097 409 2104 .
452 2097 458 2129 l
605 2099 609 2107 ,

303 2108 371 2140 msrgne
386 2108 488 2131 rmracuum
502 2099 549 2141 quod
565 2098 586 2132 de
605 2106 703 2142 incorrupta
721 2110 760 2133 cor·

54 2149 100 2191 poris
115 2148 211 2191 integritate
225 2151 271 2192 regis
282 2156 300 2182 et
313 2148 386 2182 martiris
400 2149 488 2181 Edmundi
500 2148 559 2182 diuina
572 2149 676 2191 propiciacio
689 2149 760 2190 dignata

55 2203 81 2231 est
88 2199 183 2241 propalare.
205 2200 291 2242 Tempore
299 2197 350 2241 igitur
357 2197 444 2230 Leoistani
452 2196 525 2238 abbatis,
530 2198 605 2241 quedam
612 2198 692 2232 muliera
700 2198 760 2232 natiui-

55 2255 90 2282 tate
98 2256 152 2291 muta,
158 2250 180 2282 de
188 2259 233 2293 pago
241 2248 354 2289 wintoniensi,
363 2253 441 2282 sanctum
449 2247 507 2281 inuisit
515 2249 634 2290 Edmundum,
640 2247 760 2292 incom[m]odi

56 2300 82 2332 sui
93 2301 116 2333 ab
126 2310 147 2333 eo
155 2299 269 2343 flagiltahura
280 2298 380 2333 remedium.
404 2300 447 2340 Hec,
460 2298 500 2341 quia
513 2309 555 2332 voce
567 2309 602 2332 non
615 2305 686 2342 poterat,
700 2299 760 2333 intimo
768 2306 788 2338 35

56 2351 112 2383 cordis
123 2345 185 2383 aflectu
197 2357 295 2384 constanter
310 2350 361 2383 deum
378 2349 448 2390 eiusque
462 2349 549 2382 martirem
567 2349 653 2383 exorabat.
676 2351 760 2392 Denique,

55 2406 176 2440 perseuerante
183 2398 212 2432 illa
219 2399 266 2432 iuxta
274 2400 371 2441 sepulcrum
377 2398 453 2431 martiris
459 2398 478 2430 in
485 2398 550 2440 gemitu
555 2405 572 2431 et
580 2399 685 2432 contricione
692 2400 760 2433 cordis:

56 2448 146 2482 soluuntur
157 2449 194 2482 eius
205 2449 262 2491 lingue
269 2450 355 2492 repagula,
366 2447 413 2481 vocis
425 2459 490 2491 organa
498 2448 593 2482 formantur
604 2449 626 2483 ad
637 2460 683 2483 noua
692 2449 761 2483 famina.

57 2499 98 2533 Post
113 2509 179 2533 annosa
194 2500 263 2533 demum
278 2499 349 2534 sileneia
363 2498 381 2532 in
393 2505 453 2542 aperta
467 2499 543 2542 prorupit
556 2500 614 2540 verba,
627 2510 667 2532 cum
681 2499 761 2533 omnibus

57 2548 85 2591 qui
99 2550 171 2583 aderant
186 2549 276 2583 saluatoris
287 2549 367 2583 virtutem
381 2548 476 2583 laudanda
498 2549 564 2592 itQue
577 2560 616 2583 cum
632 2549 664 2584 sibi
676 2550 761 2594 loquelam
769 2561 790 2593 4o

117 2620 123 2638 ¹
134 2621 168 2651 MS.
175 2622 254 2660 replicem.
333 2621 339 2638 ²
350 2621 384 2652 MS.
391 2621 481 2651 exibueruut.
556 2620 562 2639 ³
572 2621 596 2651 Cf.
603 2621 634 2651 Tn.
643 2621 669 2651 tot
677 2627 702 2660 97.

391 2674 404 2700 R
412 2676 437 2700 r2

281 2048 324 2081 Pere
335 2046 412 2090 precium
424 2054 450 2082 est
463 2047 545 2081 memorie
560 2046 613 2082 titulis
625 2054 703 2082 eternare
716 2049 758 2082 illud
767 2058 787 2087 30
847 2085 848 2088 Ἴ
