1762 2803
313 170 359 226 bc
373 169 473 223 eonon
488 170 591 222 isstttno.
761 187 803 228 119

101 296 201 335 reparatur.
247 284 393 336 Euangelizante
408 292 469 336 itaque
484 292 515 326 illo
529 292 548 326 in
563 292 634 337 prefata
649 292 749 337 prouincia,
762 303 803 327 cum

101 355 135 379 rex
148 344 254 390 Kinegilsus
267 346 389 379 cathezizatus
400 345 450 380 sonte
461 345 545 390 baptismi
557 357 598 380 cum
611 356 644 380 sua
655 351 710 390 gente
721 346 804 381 abluere·

101 403 136 438 tur,
149 399 224 442 contigit
239 403 283 431 tunc
298 404 382 432 sanctum
397 408 460 441 regem
476 398 680 433 Northanhumbrorum
697 398 804 433 Oswaldum

101 450 181 491 affuisse,
196 461 276 494 eumque
291 451 314 485 de
328 450 414 484 lauachro
431 456 529 486 exeuntem
549 451 665 496 suscepisse:
685 462 706 486 ac
723 452 749 486 sic
764 452 804 497 pul·

102 504 192 537 cherrimo
203 504 280 546 prorsus
288 509 306 537 et
314 504 349 537 deo
357 504 412 547 digno
420 505 517 544 consortio,
525 506 576 537 cuius
584 511 623 538 erat
631 505 687 537 filiam
696 510 804 547 accepturus
813 519 822 548 5

101 555 120 589 in
129 556 230 599 coniugem,
238 554 299 599 ipsum
307 556 357 600 prius
365 556 446 591 secunda
454 557 593 601 regeneratione
602 557 637 591 deo
648 556 758 599 dedicatum,
770 557 804 591 sibi

76 646 78 650 ¹
102 609 172 652 accepit
183 608 202 642 in
215 609 278 642 filium.
301 609 421 643 Donauerunt
432 615 494 643 autem
506 610 560 643 ambo
575 620 629 653 reges
644 610 705 644 eidem
717 611 805 655 episcopo

102 661 194 695 ciuitatem
209 672 245 704 que
259 662 346 696 vocatur¹
362 662 438 704 Dorcio,
453 662 472 695 id
487 668 515 696 est
531 662 647 704 Dorcestrc²,
663 664 686 697 ad
702 663 804 698 faciendam

102 714 146 747 inibi
158 715 221 749 sedem
231 715 360 759 episcopalem.
411 708 470 749 Anno
482 721 543 750 autem
555 716 712 750 tricesimooctauo
724 722 766 760 post
777 715 805 750 in-

102 777 187 810 gressum
195 768 253 801 sancti
258 768 357 812 Augustini
365 768 384 802 in
392 768 485 811 Angliam,
490 768 585 810 predicare
593 769 641 812 cepit
649 774 723 803 sanctus
731 768 805 804 Birinus
814 784 833 806 10

102 819 389 864 Westsaxonibus‚ctbaptizare.
427 813 805 855 Annodominisexcentesimotricesimo-

103 873 171 915 quinto,
183 878 267 917 tempore
280 873 329 916 regis
344 872 440 916 Kinegilsh
452 871 550 905 canonicos
563 872 657 907 seculares
668 872 745 907 instituit
757 874 805 918 apud

103 925 207 969 Dorcestre,
216 927 239 960 ab
250 926 322 960 Oronia
333 925 434 959 miliaribus
445 930 517 969 septem
529 925 634 967 distantem,
641 926 672 960 vbi
683 926 724 970 ipse
735 931 753 961 et
765 937 806 961 suc·

103 990 187 1013 cessores
194 978 234 1013 eius
239 978 304 1022 viginti
312 983 330 1011 et
338 984 410 1021 septem
421 977 502 1022 episcopi
510 984 618 1012 manserunt
627 989 661 1023 per
668 989 727 1012 annos
735 979 807 1013 circiter

103 1032 247 1074 quadringentos
258 1031 467 1075 quinquagintaseptem.
489 1030 581 1075 Tempore
596 1030 647 1076 regis
658 1031 747 1065 Willelmi
760 1032 833 1076 Con-15

103 1085 199 1127 questoris,
207 1095 241 1128 per
255 1084 359 1127 Remigium
370 1084 476 1128 episcopum
488 1084 537 1127 apud
549 1083 663 1118 Lincolniam
674 1085 728 1119 sedes
736 1084 806 1128 episco-

103 1137 149 1179 palis
157 1137 246 1170 translata
253 1136 318 1170 extitit.
332 1137 423 1180 Tempore
428 1146 472 1170 vero
480 1137 529 1179 regis
538 1136 633 1179 Stephani,
640 1146 674 1180 per
679 1138 806 1170 Alexandrum

103 1188 211 1231 episcopum
219 1189 267 1231 apud
276 1188 374 1221 Dorcestre
382 1189 464 1221 canonici
472 1189 567 1230 regulares
574 1189 651 1220 instituti
660 1195 708 1221 sunt.
754 1183 807 1222 Beda

103 1251 147 1273 vero
156 1241 179 1273 de
187 1240 244 1284 gestis
252 1239 355 1282 Anglorum
367 1240 413 1273 libro
421 1240 474 1274 tertio
482 1240 561 1283 capitulo
569 1240 648 1283 septimo
656 1241 725 1277 scribit,
733 1242 807 1274 beatum

105 1292 188 1325 Birinum
204 1291 256 1326 iactis
271 1292 395 1335 dedicatisque
411 1291 498 1333 ecclesiis,
513 1291 612 1335 multisque
627 1293 650 1326 ad
666 1293 761 1327 dominum
776 1293 807 1336 pio
816 1308 835 1329 ro

104 1345 144 1378 eius
157 1345 219 1378 labore
231 1344 304 1389 populis
317 1344 416 1386 aduocatis,
429 1346 518 1388 migrasse
532 1345 555 1378 ad
568 1345 668 1386 dominum,
682 1350 700 1380 et
711 1345 730 1379 in
742 1346 806 1380 eadem

105 1398 177 1432 ciuitate
190 1397 283 1441 sepultum
296 1409 344 1438 esse,
356 1403 427 1440 etpost
439 1398 507 1431 multos
521 1408 586 1439 annos,
600 1397 668 1432 Hedda
681 1399 807 1442 episcopatum

104 1456 176 1494 agente,
184 1461 226 1484 eum
238 1451 281 1485 inde
292 1451 311 1484 in
323 1450 411 1484 Wentam
423 1450 520 1492 ciuitatem,
532 1450 550 1483 id
563 1455 591 1484 est
601 1450 721 1493 Wintoniam,
729 1451 807 1485 transla-

105 1509 148 1544 tum,
158 1508 175 1538 et
187 1505 206 1538 in
216 1503 294 1538 ecclesia
306 1504 401 1538 beatorum
413 1503 537 1547 apostolorum
551 1502 601 1537 Petri
614 1508 632 1538 et
646 1502 697 1538 Pauli
708 1503 808 1538 honorifice

105 1557 218 1591 collocatum.
270 1550 419 1591 Dorcestrenses
434 1556 516 1590 canonici
531 1556 622 1599 scripture
638 1556 688 1591 Bede
707 1557 808 1598 obuiantes,
817 1570 835 1598 ²5

105 1620 153 1653 pape
161 1609 244 1644 Honorio
252 1610 390 1653 suggestionem
398 1608 490 1652 quandam
498 1608 587 1650 fecerunt,
594 1609 643 1642 vnde
651 1614 669 1643 et
678 1609 719 1652 ipse
730 1610 808 1643 litteram

105 1662 147 1696 talis
160 1662 230 1696 tenoris
243 1662 262 1696 in
277 1662 364 1706 Angliam
380 1661 492 1696 transmisit:
511 1660 617 1695 ‘Honorius
632 1661 730 1706 episcopus
743 1672 809 1696 seruus

106 1725 202 1749 seruorum
211 1716 246 1756 dei,
254 1715 354 1750 venerabili
367 1715 418 1748 fratri
428 1714 523 1758 Stephano
532 1714 670 1758 archiepiscopo
682 1715 809 1756 cantuariensi,

106 1773 170 1803 sancte
185 1778 261 1802 romane
276 1767 354 1802 ecclesie
369 1767 461 1808 cardinali,
474 1773 491 1802 et
505 1765 576 1801 dilectis
591 1767 633 1801 filiis
648 1767 776 1801 archidiacono
791 1772 810 1801 et

106 1820 179 1853 officiali
195 1821 322 1860 cantuariensi,
336 1820 413 1853 salutem
432 1825 451 1853 et
468 1819 587 1862 apostolicam
606 1819 757 1853 benedictionem.
781 1819 809 1853 Ex
818 1832 838 1861 3⁰

106 1877 158 1915 parte
171 1872 278 1908 dilectorum
291 1872 370 1906 filiorum
383 1872 454 1906 abbatis
464 1877 482 1906 et
495 1875 597 1906 conuentus
611 1872 635 1906 de
650 1871 765 1906 Dorcestria³
777 1871 809 1905 suit

106 1924 159 1959 nobis
167 1924 259 1959 humiliter
266 1924 389 1969 supplicatum
397 1930 416 1958 vt
425 1936 491 1968 corpus
499 1924 557 1958 sancti
568 1924 630 1965 Birini‚
639 1925 669 1968 qui
678 1925 721 1958 olim
731 1936 742 1959 a
753 1924 810 1959 felicis

106 1977 810 2021 recordationisHonoriopapapredecessorenostroinAngliamdestinatus,

107 2029 155 2063 clare
167 2029 257 2064 memorie
267 2040 331 2075 regem
339 2029 407 2075 Anglie
416 2030 438 2064 ab
448 2029 531 2064 idolatria
543 2039 584 2063 cum
595 2034 649 2073 gente
659 2040 692 2064 sua
700 2040 810 2065 conuersum

108 2083 210 2125 baptizauit,
219 2089 237 2116 et
248 2084 312 2117 multis
323 2084 436 2116 choruscans
446 2082 547 2124 virtutibus,
556 2082 634 2116 feliciter
641 2083 702 2116 officio
713 2083 810 2127 legationis
819 2094 838 2123 35

107 2135 189 2178 impleto,
204 2135 301 2168 defunctus
315 2140 333 2168 et
345 2136 439 2178 sepultus⁴
452 2135 471 2168 in
483 2145 517 2169 suo
532 2136 644 2168 monasterio
659 2136 677 2168 in
693 2136 733 2168 loco
746 2135 810 2168 humili

108 2187 173 2229 extitit,
181 2197 223 2221 cum
233 2198 302 2221 nomen
313 2187 354 2220 eius
364 2187 383 2221 in
391 2193 497 2221 sanctorum
505 2187 601 2231 cathalogo
609 2187 702 2229 habeatur,
708 2187 811 2221 faceremus

108 2240 127 2274 in
141 2240 181 2274 loco
196 2239 255 2284 magis
268 2240 334 2273 idoneo
347 2240 437 2272 collocari.
460 2240 499 2273 Nos
514 2239 574 2284 igitur,
587 2240 611 2273 de
625 2245 687 2273 vestra
700 2238 811 2274 discretione

108 2293 183 2337 plenam
195 2292 279 2327 fiduciam
291 2292 401 2333 obtinentes,
410 2292 514 2326 discretioni
522 2298 584 2327 vestre
595 2303 628 2336 per
636 2292 735 2336 apostolica
742 2293 811 2336 scripta

109 2347 224 2388 mandamus,
236 2346 327 2390 quatinus
338 2344 354 2380 si
367 2355 407 2379 rem
418 2344 527 2379 inueneritis
538 2346 563 2378 ita
575 2355 622 2384 esse,
634 2344 710 2389 prefatis
721 2346 781 2381 abbati
793 2352 811 2382 et
820 2357 840 2387 4⁰

109 2399 213 2440 conuentui,
221 2405 240 2433 vt
249 2410 316 2443 corpus
323 2399 382 2433 sancti
392 2398 469 2442 predicti
481 2398 504 2432 acl
514 2398 574 2432 locum
581 2397 694 2432 transferant
703 2398 812 2443 digniorem,

109 2453 215 2485 auctoritate
231 2458 294 2486 nostra
310 2452 400 2486 licentiam
416 2451 525 2484 concedatis.
555 2449 622 2483 Datum
636 2450 722 2486 Lateran.
734 2451 812 2496 septimo

111 2504 152 2538 idus
160 2505 228 2544 marcii,
236 2504 353 2549 pontificatus
360 2504 418 2538 nostri
426 2514 475 2537 anno
483 2504 556 2537 octauo.¹
595 2495 744 2549 Archiepiseopo
751 2510 812 2540 autem

120 2614 250 2645 ¹T.vocabatur.
299 2614 333 2645 1Τ.
342 2614 438 2644 dorchestre.
483 2613 494 2648 ,³
505 2613 523 2644 T.
531 2612 633 2645 dorkeestria.
684 2613 803 2651 ⁴E.supultus.
