1762 2803
236 166 281 222 Bt
296 164 396 219 &annu
413 164 532 228 clotten.
694 169 736 224 383

34 288 206 333 contristarisiquid
212 293 249 323 tam
254 287 342 332 lugubres
348 292 424 333 questus
429 287 560 333 lachrymando
566 287 665 323 effundis¹t
678 287 738 333 Surge

34 353 52 381 et
65 344 148 388 Elphego
161 342 222 376 abbati
236 352 311 375 manum
324 341 400 385 impone
413 347 431 375 et
444 341 552 386 episcopum
565 341 648 375 desolate
661 341 739 375 ecclesie

34 398 128 435 constitue.
152 395 190 429 Nec
204 400 222 429 te
235 394 337 439 aliquorum
352 394 433 439 potentia
447 395 556 439 prohibeat:
569 394 655 439 quoniam
666 405 704 428 non
716 394 739 428 ab

34 450 113 490 homine,
121 449 154 481 sed
165 458 176 480 a
185 448 220 480 deo
229 447 264 480 hec
273 448 296 480 de
307 447 337 480 illo
347 447 438 480 sententia
447 448 542 491 processit.
565 448 593 481 Ne
603 453 665 480 autem
676 448 699 480 de
708 457 739 479 me

34 511 52 538 te
65 500 173 536 sollicitum²
185 501 268 540 reddam,
282 511 316 543 ego
327 510 368 533 sum
379 500 465 534 Andreas
477 500 508 533 filii
520 500 549 534 dei
561 500 660 545 apostolus,
671 505 756 543 tueque5

35 555 97 592 salutis
112 552 272 597 diligentissimum
286 553 381 587 custodem
392 563 422 587 me
434 563 476 587 esse
489 554 578 588 noueris!
601 553 669 597 Sicque
680 551 740 587 letus³

36 611 92 645 sactus
106 607 220 648 Dunstanus,
236 606 345 650 Elphegum,
356 611 375 640 vt
388 606 450 640 iussus
463 607 527 649 suerat,
540 607 559 641 in
575 606 682 651 episcopum
695 617 739 640 con-

36 662 118 702 secrauit,
125 665 144 694 et
151 660 244 693 adsedem
251 669 303 693 suam
309 670 351 693 cum
357 659 427 694 honore
433 659 507 694 remisit.
542 653 639 704 Elphegus
647 665 708 694 autem
714 658 740 693 ita

36 726 56 750 se
71 713 153 748 omnium
166 711 248 746 moribus
263 711 387 754 conformauit,
399 717 419 747 vt
434 718 452 747 et
467 713 552 747 omnibus
567 713 634 747 charus
649 718 705 755 esset,
720 717 739 746 et

36 766 161 809 nemo-quod
169 776 231 798 rarum
239 769 268 798 est
275 764 323 798 inter
329 765 476 799 homines-eius
483 766 540 809 glorie
547 766 649 800 inuideret:
661 766 739 799 Summe
750 777 768 798 ro

37 821 55 854 in
69 829 133 852 omnes
147 817 206 851 extitit
221 816 350 858 misericordie,
363 817 382 851 in
396 828 417 852 se
429 817 498 862 impius
511 818 611 862 apparebat
624 823 642 852 et
655 817 740 852 crudelis.

38 874 59 907 ln
68 870 147 916 hyemali
160 871 209 904 enim
219 871 287 915 frigore
296 876 314 904 et
323 870 386 915 glacie,
394 881 435 904 cum
446 881 536 916 sompnus
548 882 613 905 omnes
623 876 676 905 nocte
687 881 741 904 occu-

37 929 93 970 paret,
101 924 141 968 ipse
149 924 196 958 clam
204 924 258 958 nudis
266 924 350 967 pedibus,
357 924 419 959 tunica
427 924 466 958 sola
473 924 553 965 indutus,
561 925 585 958 de
593 929 650 959 stratu
658 933 741 968 surgere,

38 979 85 1012 soras
93 977 148 1018 exire,
156 982 175 1011 et
182 987 240 1020 usque
248 977 271 1010 ad
280 987 365 1011 auroram
376 977 487 1011 orationibus
495 987 560 1011 vacare
571 978 672 1011 consueuit.
694 977 741 1011 Cum

38 1029 109 1065 autem⁴
117 1040 218 1073 pransurus
228 1030 252 1063 ad
261 1040 344 1063 mensam
352 1030 434 1071 intraret,
443 1034 480 1063 tam
488 1040 557 1064 vacuus
564 1029 604 1064 sere
611 1041 622 1064 a
629 1040 694 1065 mensa
702 1040 741 1064 sur·
751 1038 769 1070 15

38 1083 89 1124 rexit,
98 1093 152 1127 quam
162 1082 243 1117 accessit.
266 1082 320 1116 Vnde
329 1093 396 1126 corpus
405 1082 453 1116 illius
462 1088 512 1117 tanta
519 1088 632 1117 attenuatum
641 1088 670 1117 est
678 1083 742 1125 macie,

37 1141 56 1170 vt
71 1146 112 1169 cum
128 1145 193 1168 manus
211 1145 252 1168 curn
269 1140 385 1168 sacramento
399 1140 462 1169 tensas
479 1135 498 1169 in
512 1135 569 1169 altum
586 1134 693 1179 porrigeret,
708 1146 743 1179 per

39 1188 108 1223 medias
123 1188 225 1231 palmarum
240 1188 333 1222 iuncturas
349 1188 421 1223 claritas
436 1188 484 1223 aeris
498 1188 578 1234 perspici
594 1193 661 1232 posset.
684 1188 741 1224 Omni

39 1242 101 1284 generi
114 1241 209 1274 hominnm
222 1252 276 1274 suum
289 1241 342 1275 sciuit
355 1247 494 1284 contemperare
507 1252 613 1275 sermonem
625 1247 643 1274 et
654 1241 742 1275 animum.

40 1294 113 1328 Nullum
136 1293 288 1337 parochianorum
311 1304 386 1328 suorum
404 1293 477 1338 publice
494 1293 599 1329 mendicare
620 1293 689 1338 [siuit]⁵
707 1305 770 1330 necro

39 1346 112 1382 alterius
118 1346 152 1382 loci
159 1358 259 1391 pauperem
265 1358 342 1382 vacuum
348 1347 399 1382 abire
404 1346 495 1391 permisit;
506 1347 587 1383 immane
593 1347 742 1392 horrendumque

40 1400 111 1443 nephas
121 1405 210 1443 reputans
220 1401 293 1444 siquod
304 1406 369 1433 natura
378 1410 475 1433 commune
485 1400 583 1442 constituit,
591 1401 625 1434 hoc
632 1401 676 1434 velit
686 1402 742 1434 homo

39 1463 128 1495 usurpare
141 1451 242 1495 proprium.
266 1452 383 1496 Quapropter
395 1464 429 1487 nec
443 1452 529 1487 dominici
542 1452 625 1497 corporis
638 1454 742 1488 membrum

40 1515 81 1538 esse
89 1504 119 1549 qui
127 1516 230 1548 pauperum
237 1504 343 1549 indigentiis
351 1505 407 1539 nollet
415 1505 520 1548 subuenire,
525 1505 621 1550 vigilanter
629 1506 742 1550 disputabat:

41 1557 92 1598 Nam,
104 1559 125 1600 si,
133 1557 214 1601 patiente
225 1569 262 1592 vno
271 1557 353 1602 corporis
363 1558 453 1600 membro,
463 1559 598 1603 compatiuntur
609 1564 674 1600 cetera,
686 1559 743 1594 mani·
752 1570 771 1601 ²5

40 1610 106 1644 festum
117 1616 145 1645 est
155 1610 238 1645 eiusdem
247 1611 330 1654 corporis
341 1611 444 1646 membrum
454 1622 491 1646 non
500 1622 548 1653 esse,
556 1612 605 1655 quod
614 1612 695 1656 patiente
703 1613 744 1655 alio,

41 1664 172 1706 compassionis
184 1664 268 1697 affectum
280 1664 339 1698 nescit
350 1664 424 1698 habere.
446 1665 482 1698 Vbi
492 1676 537 1698 vero
548 1665 579 1698 illa
590 1666 695 1699 defecerunt
708 1678 745 1710 que

42 1726 65 1749 ex
73 1715 113 1749 iure
119 1715 196 1750 ecclesie
203 1715 304 1750 ministerio
310 1727 413 1760 pauperum
422 1721 527 1761 competere
535 1716 642 1761 potuissent,
647 1717 744 1752 thesauros

42 1769 123 1810 ecclesie,
131 1780 178 1813 quos
189 1769 230 1813 ipse
238 1769 348 1814 multiplices
357 1775 459 1813 parauerat,
468 1769 518 1805 iubet
527 1770 621 1813 distribui3
633 1772 702 1806 docens
710 1771 745 1807 αἵθ

42 1821 75 1855 hoc
90 1822 206 1856 ornatissima
221 1833 293 1866 queque
308 1822 395 1857 ecclesias
410 1823 506 1866 possidere
520 1829 540 1857 vt
554 1829 639 1868 tempore
654 1824 745 1859 felicitatis
753 1837 773 1866 30

42 1873 78 1908 sint
85 1874 182 1916 honestati,
190 1880 274 1919 tempore
281 1885 325 1909 vero
334 1875 449 1910 necessitatis
456 1875 492 1909 sint
500 1875 575 1911 vtititati.
621 1869 671 1912 Cum
682 1883 744 1912 autem

42 1925 148 1962 Dunstanus
162 1927 231 1962 obitum
244 1928 278 1961 sibi
291 1928 387 1962 imminere
401 1928 520 1971 conspiceret,
531 1934 549 1962 et
560 1929 656 1963 ecclesiam
668 1930 698 1964 dei
709 1940 744 1974 per

42 1980 131 2013 malorum
146 1980 283 2014 successionem
299 1980 369 2013 turbari
384 1985 479 2022 metueret,
492 1981 573 2015 sollicitis
588 1982 744 2016 obsecrationibus

42 2040 96 2067 aures
111 2032 173 2067 diuine
186 2031 310 2067 misericordie
325 2032 386 2077 pulsat
401 2031 486 2077 quatinus
500 2032 603 2078 Elphegum
618 2044 745 2069 successorem

42 2084 111 2119 habere
118 2091 186 2129 posset.
209 2086 243 2120 Cui
251 2087 312 2120 statim
321 2086 406 2121 exaudito
411 2087 459 2131 quod
464 2087 543 2130 postulat
549 2087 669 2131 promittitur;
681 2098 745 2131 quam·
754 2102 773 2133 35

43 2136 71 2172 uis
86 2148 122 2173 non
138 2139 199 2174 statim
214 2140 262 2183 quod
278 2138 389 2183 promissum
402 2139 461 2174 suerat
474 2139 590 2185 adimpletur.
619 2140 672 2183 Quod
687 2151 710 2176 ea
724 2151 745 2175 re

44 2190 118 2227 dilatum
133 2192 191 2228 fuisse
205 2192 284 2227 arbitror
295 2198 314 2227 ut
328 2198 346 2228 et
359 2193 445 2228 omnibus
458 2193 576 2228 manifestum
591 2194 644 2229 fieret
657 2200 745 2238 quantum

44 2243 89 2278 deus
100 2245 216 2279 Dunstanum
225 2246 314 2289 diligeret,
322 2245 351 2280 cui
360 2247 409 2290 quod
416 2246 485 2281 uiuenti
495 2252 532 2281 tam
542 2247 621 2291 benigne
630 2247 745 2290 promiserat,

44 2294 78 2330 hoc
89 2298 175 2333 defuncto
186 2299 241 2342 longe
250 2304 293 2342 post
304 2304 341 2333 tam
350 2300 441 2333 veraciter
451 2299 559 2341 exhibebat,
573 2305 591 2334 et
601 2300 704 2344 Elphegum
715 2300 746 2334 illa

44 2352 127 2393 tempora
134 2352 239 2386 inuenirent
247 2363 283 2396 que
291 2363 333 2386 eum
341 2353 364 2386 ad
374 2352 457 2396 martyrii
466 2352 542 2396 gloriam
552 2353 654 2396 prouehere
663 2360 746 2397 possent.
754 2372 775 2403 4⁰

44 2393 102 2437 Anno
119 2409 180 2438 autem
200 2404 268 2438 domini
285 2404 382 2439 millesimo
400 2410 458 2446 sexto,
473 2405 496 2439 ab
512 2405 592 2439 aduentu
606 2405 710 2449 Anglorum
727 2407 747 2440 in

45 2452 159 2490 Britanniam
178 2457 324 2501 quingentesimo
343 2457 479 2501 septuagesimo
496 2463 564 2500 octauo,
580 2458 681 2502 Elphegus‚
697 2469 747 2494 anno

45 2506 98 2541 etatis
119 2519 152 2543 sue
171 2509 323 2553 quinquagesimo
342 2510 428 2550 secundo,
447 2509 596 2553 archiepiscopus
614 2511 748 2546 cantuariensis

64 2569 70 2587 ¹
80 2570 121 2602 Boll.
130 2572 187 2603 effaris,
226 2572 233 2590 ²
243 2573 284 2603 Boll.
291 2573 385 2611 ambiguum.
425 2572 431 2590 ³
441 2573 459 2604 T.
466 2573 507 2603 letus
512 2583 516 2611 ;
527 2573 545 2604 E.
552 2573 601 2612 leuis;
609 2574 748 2607 Bollletissimus.

45 2606 78 2640 ¹13.
87 2616 129 2644 ante.
170 2613 313 2653 ³T.E.per1uisit.
352 2612 420 2644 tatae
