1762 2803
239 158 285 213 bt
299 157 400 211 &aaut
414 157 543 217 attracto.
714 170 741 214 57

39 279 143 322 oratorium,
149 279 167 313 in
174 290 210 323 quo
218 279 329 314 orationibus
336 278 402 322 iugiter
406 285 498 318 vacarent,
503 283 650 313 construxerunt.
667 277 743 311 lndrac-

39 342 68 369 tus
75 343 119 367 vero
127 333 212 366 baculum
220 331 373 375 peregrinationis
383 343 417 367 sue
428 332 495 366 ibidem
506 332 525 365 in
536 337 604 365 terram
613 331 663 363 fixit:
675 335 693 363 et
701 330 741 363 sine

40 397 91 420 mora
99 384 175 424 radices,
184 385 259 418 frondes
267 390 286 417 et
295 384 343 424 folia,
350 384 369 418 in
378 388 477 427 conspectu
485 384 573 424 omniurn,
581 382 668 426 produxit
674 382 685 424 ¹,
693 387 711 416 ct
723 381 741 416 in

40 437 138 472 maximam
146 447 233 480 quercum
245 442 263 470 et
271 437 376 470 vmbrosam
388 447 476 481 processu
485 438 573 481 temporis
582 434 668 470 excreuit,
692 434 742 469 Fecit

40 501 112 535 quoque
124 495 209 534 stagnum
217 489 308 535 quoddam
320 490 424 535 paruulum,
432 490 456 525 de
464 501 500 536 qno
512 491 572 535 pisces
583 491 633 524 iuxta
645 495 760 526 numeruntt

26 588 28 591 ,
40 551 109 579 certum
120 544 200 589 quotidie
213 544 304 588 sumpsit3
316 549 335 578 et
348 555 382 578 nee
394 545 457 588 plures
469 555 503 578 nec
516 544 617 588 pauciores,
629 543 662 578 sed
672 542 743 586 absque

40 598 111 632 numeri
120 596 240 631 diminutione
252 597 313 641 pisces
325 597 343 631 in
355 603 421 640 stagno
432 607 508 641 semper
515 596 590 631 inuenit.
613 596 684 630 Accidit
693 595 742 629 enirn

40 656 59 685 vt
66 661 113 684 vnus
124 651 215 684 sociorum
228 660 302 684 snorum
314 650 428 692 temptationi
440 649 528 683 diabolice
539 651 662 693 acquiescens,
673 648 743 691 piscem

40 714 96 736 vnum
109 704 186 745 quadam
199 702 229 735 die
238 702 293 735 furari
306 707 433 745 presumeret:
446 707 464 736 et
476 701 548 735 offenso
559 701 639 741 domino,
647 710 744 745 quousque

41 755 101 799 pisces
113 764 179 789 omnes
192 754 309 795 defecissent,
320 765 368 788 vnus
381 755 461 797 quotidie
473 755 496 788 de
508 764 584 789 numero
598 752 698 788 diminutus
710 759 744 788 est,
754 765 772 788 ιο

42 808 82 850 Quo
89 808 129 841 viso
137 807 165 842 v1r
173 806 202 842 dei
211 806 307 842 indractus
318 809 416 851 obstupuit,
425 813 443 842 et
451 817 521 842 moram
530 818 582 842 suam
590 808 609 841 in
618 808 657 841 loco
668 807 699 841 illo
708 806 744 841 deo

41 861 117 895 vlterius
130 871 166 894 non
183 860 256 904 placere
272 861 345 901 timens,
356 860 437 895 vnanirni
448 861 524 895 fratrum
537 870 628 895 consensu
640 860 698 894 sorori
710 870 744 894 sue

41 913 129 956 valefecit,
137 918 155 947 et
164 912 242 947 Romam
251 923 292 948 cum
301 913 355 948 sociis
362 914 447 948 celeriter
457 913 566 957 properauit.
590 913 673 947 Rediens
682 918 744 947 autent

42 967 60 1000 in
69 966 187 1007 Britanniam,
193 977 258 1001 versus
267 966 379 1001 Glastoniam
388 966 411 1001 ad
421 972 504 1001 sanctum
513 966 610 1001 Patricium
618 967 645 1000 ire
653 972 671 1000 et
679 976 745 1010 preces

42 1021 76 1053 deo
87 1019 164 1053 fundere
176 1019 271 1063 disposuit.
295 1019 333 1053 Illis
345 1020 394 1054 enim
406 1020 471 1053 diebus
479 1018 519 1052 Yne
530 1030 563 1052 rex
571 1018 717 1052 Westsaxonum
725 1018 744 1051 in
754 1028 772 1060 ¹5

42 1073 84 1105 villa
92 1072 166 1104 nomine
175 1073 241 1106 Pedret
250 1071 318 1106 curiam
326 1081 378 1105 suant
387 1071 451 1114 tenuit,
459 1071 510 1106 cuius
520 1071 598 1105 ministri
609 1071 628 1104 in
636 1070 703 1104 villulis
712 1081 745 1114 per

43 1124 136 1158 circuitum
149 1124 228 1167 dispersi
240 1130 297 1158 erant.
321 1123 371 1158 Inter
382 1134 429 1167 quos
442 1129 481 1158 erat
492 1123 566 1168 quidam
580 1122 679 1167 iniquitatis
691 1123 745 1165 iilius,

43 1178 116 1210 nomine
124 1176 189 1211 Hona:
198 1175 243 1221 [qui]
251 1177 257 1196 ²
265 1176 370 1211 Indractum
377 1177 435 1211 virum
444 1177 473 1211 dei
481 1183 499 1211 et
506 1177 565 1211 socios
571 1176 745 1211 aGlastoniadisce·

43 1231 108 1264 dentes
115 1230 220 1273 explorans,
228 1240 282 1274 peras
291 1240 354 1264 eorum
364 1230 441 1274 pecunia
449 1230 529 1274 repletas
537 1230 616 1264 crudelis
624 1230 676 1264 lictor
683 1228 745 1264 existi·

44 1284 109 1317 mabat.
134 1283 218 1327 Cumque
226 1294 263 1317 non
271 1283 334 1327 procul
342 1294 353 1316 a
361 1283 454 1317 Glastonia
462 1283 511 1317 serui
519 1283 549 1317 dei
554 1284 663 1317 recedentes
668 1282 686 1315 in
693 1281 745 1315 lectis
754 1294 774 1314 πο

44 1336 98 1379 (apud
104 1335 218 1378 Shapwike)³
224 1335 513 1378 quiescerent,ministersathane
518 1334 600 1379 prefatus
605 1345 647 1369 curn
652 1334 691 1368 suis
696 1341 747 1368 corn-v

43 1388 120 1430 plicibus
128 1388 209 1429 domum,
220 1387 239 1421 in
251 1399 287 1432 qua
298 1387 406 1422 innocentes
416 1388 537 1429 dormiebant,
544 1387 635 1422 violenter
644 1387 746 1430 ingressus,

43 1439 129 1474 extractis
136 1440 201 1484 gladiis
208 1440 249 1475 illos
258 1440 339 1484 iugulare
348 1450 384 1474 uon
393 1441 492 1476 timebant:
505 1446 523 1475 et
531 1440 631 1485 assumptis
639 1440 746 1485 corporibus

44 1493 117 1535 sanctis,
125 1494 143 1527 in
152 1493 242 1538 profunda
250 1494 328 1537 quadarn
337 1493 395 1533 fouea,
403 1504 426 1528 ne
437 1493 514 1538 reperiri
525 1498 608 1538 possent,
615 1493 646 1528 illa
656 1493 746 1528 abscond-

44 1552 101 1582 erunt⁴
125 1546 168 1581 Rex
178 1551 239 1581 autem
247 1546 288 1581 Yne
300 1552 353 1581 nocte
361 1548 439 1591 quadam
451 1547 508 1580 nimio
515 1547 585 1581 ventris
593 1546 655 1581 dolore
663 1552 746 1588 vexatus,
755 1559 774 1591 ²5

44 1600 69 1641 (vt
77 1600 141 1633 noxias
150 1599 245 1633 deliniret⁴
255 1610 276 1633 ac
284 1599 330 1633 forte
338 1599 428 1643 mitigaret
436 1599 537 1643 angustias)
546 1610 637 1634 cameram
649 1599 716 1634 exiuit:
729 1604 747 1634 et

45 1652 146 1697 respiciens
153 1652 172 1685 in
180 1652 246 1695 celum,
254 1652 299 1687 vidit
307 1653 425 1697 columpnam
433 1653 485 1696 quasi
496 1652 544 1697 ignis
554 1654 678 1696 perspicuam,
685 1663 696 1685 a
707 1652 747 1685 loco

44 1706 63 1738 in
71 1716 107 1748 quo
115 1716 192 1748 corpora
203 1711 266 1738 sancta
277 1706 382 1739 abscondita
393 1710 445 1739 erant
456 1704 475 1739 in
486 1705 546 1739 celum
553 1705 683 1748 tendentem⁵3
695 1705 747 1740 cuius

46 1757 133 1800 splendor
143 1768 187 1791 suos
194 1759 262 1801 oculos,
270 1768 379 1801 quocunque
387 1768 419 1792 eos
425 1763 505 1792 verteret
511 1758 523 1799 θ,
528 1759 643 1803 sequebatur.
664 1758 747 1803 Cumque

44 1821 78 1853 per
85 1816 123 1845 tres
131 1816 195 1845 noctes
203 1811 281 1846 eandem
289 1810 380 1846 visionem
389 1812 522 1856 perspexisset,
530 1812 639 1856 quibusdam
648 1823 711 1846 secum
719 1822 746 1845 as·
755 1826 775 1854 30

45 1866 129 1908 sumptis,
136 1865 187 1898 venit
193 1865 216 1898 ad
222 1865 287 1905 locum,
293 1871 311 1898 et
316 1864 398 1898 inuentis
406 1865 501 1898 martirum
509 1865 622 1908 corporibus,
630 1875 672 1899 cttm
680 1875 747 1908 magno

46 1915 115 1950 honore
120 1917 168 1961 apud
175 1916 287 1951 Glastoniam
296 1927 317 1952 ea
323 1916 398 1962 sepeliri
403 1916 450 1952 fecit.
465 1917 569 1952 indractum
574 1929 619 1952 vero
624 1918 647 1952 ad
652 1918 747 1951 sinistrum

46 1980 101 2003 cornu
114 1970 181 2011 altaris,
193 1980 217 2003 ex
230 1970 314 2013 opposito
326 1969 389 2003 feretri
401 1970 450 2004 beati
460 1969 539 2011 Patricil,
551 1975 569 2005 et
583 1969 642 2004 socios
655 1979 699 2004 suos
713 1979 748 2013 per

45 2021 145 2063 pauimenti
156 2021 251 2055 circuitum
262 2027 338 2066 ponunt.
362 2022 491 2057 Interfectores
503 2026 564 2057 autem
574 2021 698 2057 innocentium
706 2032 747 2057 cum

46 2074 111 2108 ceteris
124 2073 192 2108 ibidem
206 2080 294 2115 astantes,
306 2085 317 2109 a
330 2074 439 2109 demonibus
450 2074 524 2118 arrepti,
536 2081 574 2110 tam
587 2076 692 2110 immaniter
705 2081 748 2110 sunt
756 2088 775 2119 35

46 2127 124 2168 cruciati,
136 2127 185 2172 quod
198 2137 264 2162 carnes
279 2127 364 2172 proprias
375 2128 434 2162 adbuc
446 2129 483 2162 viui
497 2129 608 2170 lacerabant,
619 2139 661 2163 eum
676 2130 748 2173 magnis

46 2179 154 2213 clamoribus
166 2185 208 2223 post
223 2180 315 2214 modicum
330 2180 458 2216 miserabiliter
470 2181 524 2215 vitam
539 2181 631 2217 finientes.
676 2174 749 2216 Mulier

46 2234 124 2275 quedam
135 2232 196 2277 ydolis
207 2232 230 2267 ab
241 2232 318 2267 infantia
329 2233 418 2276 seruiens,
428 2234 484 2269 nullis
495 2234 651 2278 predicationibus
664 2236 687 2269 acl
698 2236 747 2269 viam

46 2284 81 2319 vite
89 2287 170 2320 conuerti
177 2286 248 2326 valens,
256 2296 298 2319 cum
309 2287 425 2330 columpnam
435 2298 446 2320 a
458 2297 501 2331 rege
508 2288 567 2321 visam
579 2298 636 2331 super
643 2292 747 2322 sanctorum

46 2346 121 2382 corpora
132 2339 213 2380 vidisset,
223 2339 247 2373 ad
258 2349 334 2383 corpora
346 2345 450 2374 sanctorum
463 2340 611 2384 appropinquare
622 2351 659 2374 non
672 2341 747 2382 audens,
755 2355 776 2383 40

47 2400 87 2425 cum
100 2392 189 2426 confessis
201 2392 291 2426 sacerdoti
304 2392 384 2436 peccatis
396 2392 435 2426 suis
448 2392 533 2436 baptismi
545 2392 622 2436 gratiam
635 2398 748 2434 consequuta

48 2441 115 2485 fuisset,
127 2445 150 2478 ad
162 2445 222 2478 locum
234 2449 338 2477 sanctorum
349 2454 391 2478 curn
403 2454 470 2487 magna
482 2444 579 2478 deuotione
591 2445 712 2488 properabat:
729 2451 748 2479 et

48 2493 88 2538 ibi⁷,
97 2497 145 2541 quod
153 2495 229 2540 viderat,
236 2496 297 2540 palam
307 2498 376 2531 cunctis
388 2507 483 2537 enarrans,
490 2497 582 2542 octoginta
589 2497 683 2542 utriusque
691 2507 748 2532 sexus

65 2564 183 2604 ¹E.perduxit.
227 2566 273 2597 lom.
310 2566 606 2604 ³apudSb.om.inT.;cf.loit.Gl.
637 2566 749 2606 ¹E.deleret;

46 2600 63 2631 T·
71 2604 149 2636 deliniret.
185 2607 219 2637 5Ε.
227 2607 316 2638 tendentes.
357 2605 485 2637 ‘Rverterent
525 2605 647 2639 iuncturi.
