1762 2803
123 119 167 161 224
311 104 392 157 teoto
407 102 524 164 toronus
539 101 632 164 analio.

122 230 182 269 caput,
193 224 243 259 iubet
255 235 320 259 sanum
332 235 443 269 consurgere
455 230 473 259 et
484 225 519 259 deo
531 223 628 258 saluatori¹
640 233 673 257 suo
685 224 753 267 gratias
764 236 823 269 agere.

123 279 164 321 Quo
191 279 301 312 abscedente
323 277 401 321 [quasi]l
423 279 447 311 de
467 277 518 321 graui
540 287 618 320 sompno
639 276 728 319 euigllans
749 289 824 327 pauper,

123 331 207 366 membra
215 330 285 376 singula
293 332 316 365 ad
324 331 363 365 loca
371 330 459 365 naturalia
468 330 515 364 facili
526 335 576 364 motu
587 335 685 374 retorquet.
708 330 824 376 Recuperato

123 397 166 419 vero
174 386 298 418 membrorum
310 384 374 425 officio,
385 383 474 427 temporis
484 394 573 426 processu
584 388 667 418 attonsus
679 383 698 417 in
709 383 795 419 clericum
806 392 824 421 et

106 448 114 477 5
124 439 147 472 ad
158 437 279 473 sacerdotium
291 442 390 480 promotus
402 436 421 469 in
433 436 491 470 sancti
503 436 577 470 Niniani
589 435 683 480 obsequiis
694 435 749 470 vitam
761 437 824 474 finiuit.

125 484 170 526 Duo
178 490 245 535 leprosi
256 491 279 524 ad
290 490 359 523 iontem
368 488 426 523 sancti
438 489 512 523 Niniani
524 489 637 531 accedentes,
648 499 695 532 aqua
707 500 727 523 se
739 490 823 527 abluunt:

123 548 141 578 et
149 553 191 578 caro
199 552 263 577 eorum
271 543 359 577 mundata
366 542 413 577 sicut
421 553 463 577 caro
471 542 543 586 paruuli
551 542 635 575 restituta
643 547 676 576 est.

143 626 190 671 [MS.
199 627 239 662 Tib.
247 627 304 663 adds:
423 626 507 662 Narratio
512 627 523 662 ³.

146 685 229 736 Quidam
237 702 303 735 magne
314 691 351 724 uite
361 692 462 725 monachus
473 697 513 725 erat
524 691 629 725 ortolanus:
641 696 659 725 et
670 691 699 725 fur
708 691 772 725 uenire
783 704 824 726 con·

124 749 209 778 sueuerat
218 749 235 777 et
243 755 277 787 per
287 754 352 787 sepem
363 744 462 778 ascendere
473 749 491 778 et
500 744 569 777 occulte
581 744 631 777 olera
642 743 718 778 auferre.
742 744 824 788 Cumque

97 809 115 834 10
124 797 153 831 ille
170 798 226 831 multa
241 798 331 841 plantaret
345 803 364 832 et
379 798 414 831 alia
428 797 506 841 pedibus
521 797 631 840 conculcata,
646 797 681 831 alia
697 797 767 841 direpta
782 810 824 833 con-

124 852 208 894 spiceret,
223 856 281 885 totum
296 857 356 884 ortum
369 850 465 891 circuiens,
476 850 546 884 inuenit
562 851 596 884 lter
607 851 656 883 unde
668 851 697 883 sur
708 851 772 884 uenire
783 863 824 885 con-

124 908 222 939 sueuerat:
239 909 257 939 et
271 904 346 938 inuento
359 904 439 948 quodam
454 909 546 948 serpente,
563 904 619 939 dixit:
639 903 671 938 ‘ln
691 904 766 938 nomine
782 904 824 939 lesu

124 957 206 1000 precipio
219 956 252 991 tibi
264 962 284 991 ut
297 957 366 991 aditum
378 957 433 991 istum
444 957 535 991 custodias
548 968 569 991 ac
584 957 643 991 furem
658 956 694 991 huc
705 957 776 1001 ingredi
788 969 824 992 non

124 1009 230 1054 permittas!
264 1010 348 1043 Protinus
367 1020 444 1053 serpens
465 1021 486 1044 se
505 1010 524 1043 in
543 1008 607 1044 itinere
626 1015 753 1044 transuersum
768 1015 824 1045 teten-

98 1073 115 1103 ¹5
124 1063 155 1105 dit,
171 1063 226 1096 etad
242 1062 306 1096 cellam
323 1064 423 1097 monachus
431 1063 489 1097 rediit.
519 1063 602 1106 Cumque
622 1062 723 1098 meridiano
741 1068 824 1107 tempore

124 1114 183 1149 cuncti
194 1115 259 1149 fratres
271 1115 392 1158 quiescerent,
403 1126 454 1149 more
466 1115 519 1149 solito
530 1115 559 1149 fur
571 1116 650 1157 aduenit,
662 1126 726 1159 sepem
737 1118 824 1150 ascendit.

124 1168 147 1201 Et
160 1169 204 1202 dum
217 1166 236 1201 in
250 1173 309 1201 ortum
323 1168 390 1211 pedem
402 1172 484 1211 poneret,
498 1167 542 1201 uidit
555 1167 615 1201 subito
631 1172 704 1202 tensum
719 1173 824 1212 serpentem

124 1221 210 1256 claudere
225 1221 284 1256 uiam:
299 1226 317 1255 et
328 1221 446 1256 tremefactus
460 1226 503 1264 pust
518 1220 639 1265 semetipsum
652 1220 735 1264 concidit,
749 1221 824 1266 eiusque

124 1286 157 1318 pes
176 1274 195 1308 in
214 1275 260 1308 sude
278 1275 329 1318 sepis
347 1275 423 1308 adhesit.
445 1274 501 1309 Venit
517 1275 616 1316 ortolanus‚
635 1275 748 1318 pendentem
766 1275 824 1309 iurem

96 1338 115 1359 20
124 1327 210 1371 repperit,
224 1332 242 1361 et
258 1328 340 1370 serpenti
353 1327 409 1361 dixit:
426 1327 512 1361 ‘Gracias
527 1338 561 1370 ago
575 1327 610 1361 deo
622 1338 669 1369 meo,
683 1327 763 1371 implesti
776 1329 824 1372 quod

124 1380 180 1421 iussi;
197 1381 262 1413 recede
282 1380 347 1413 modo.5
370 1379 406 1421 Qui
424 1378 472 1413 illico
490 1379 590 1422 abscessit;
606 1384 625 1413 et
640 1379 669 1413 uir
683 1380 713 1414 dei
728 1381 751 1414 ad
767 1380 824 1414 iurem

124 1433 201 1467 ueniens
211 1432 247 1468 ait:
260 1432 319 1475 ‘Quid
331 1439 364 1475 est,
372 1432 433 1475 frater,
443 1432 517 1467 tradidit
528 1438 547 1466 te
557 1431 612 1467 michi
621 1433 678 1468 deus?
691 1443 747 1477 quare
758 1433 825 1468 furtum

123 1487 194 1521 tociens
205 1486 266 1521 facere
278 1486 431 1530 presumpsistit'
454 1485 477 1520 Et
488 1486 522 1520 hoc
534 1486 587 1527 dicto,
597 1487 665 1530 pedem
676 1485 716 1521 eius
728 1497 738 1521 a
750 1498 795 1531 sepe
806 1486 824 1521 in

125 1551 161 1584 qua
180 1540 254 1574 heserat
273 1540 332 1583 soluit,
348 1541 388 1574 sine
405 1540 475 1574 lesione
495 1539 585 1583 deposuit,
604 1545 622 1573 et
641 1540 691 1573 olera
709 1551 745 1584 que
764 1540 825 1574 furtim

98 1603 116 1633 25
125 1594 223 1638 appetebat
234 1592 311 1635 auferre,
322 1592 339 1627 ei
350 1604 391 1627 curn
404 1603 470 1636 magna
481 1593 577 1626 dulcedine
588 1593 665 1637 prebuit,
676 1593 751 1628 dicens:
764 1594 825 1627 ‘Vade

125 1652 144 1680 et
154 1652 195 1690 post
208 1646 242 1680 hoc
253 1644 321 1679 furtum
333 1657 369 1679 non
382 1645 443 1688 facias,
456 1650 484 1679 set
497 1657 539 1678 cum
550 1657 627 1679 necesse
639 1647 702 1688 habes,
714 1647 749 1680 huc
760 1647 783 1679 ad
795 1657 825 1680 me

124 1698 233 1743 ingredere:
246 1703 264 1733 et
276 1709 311 1742 que
322 1703 341 1732 tu
352 1708 393 1732 cum
405 1702 480 1743 peccato
492 1698 563 1733 laboras
575 1699 646 1741 tollere,
658 1699 736 1743 egotibi
748 1700 825 1734 deuotus

117 1750 119 1754 ⁴
125 1753 172 1787 dabo
177 1751 202 1795 ⁴3]

187 1847 201 1883 ἹῙ
213 1838 259 1880 ⁵DE
271 1856 341 1880 SANCTO
353 1839 424 1881 Ououl:
435 1847 594 1881 ΑΙὶΕΗΙΕΡΙΞΕΟΡΟΕ
606 1858 628 1880 ΕΤ
640 1858 762 1882 CONFESSORE.

167 1924 269 1958 Encrabilis
278 1923 345 1958 Christi
354 1924 449 1966 consessor
457 1924 504 1967 Odo,
512 1924 603 1959 nobilibus
615 1926 648 1959 sed
659 1925 735 1969 paganis
746 1922 825 1970 parenti·

98 1986 117 2015 30
188 1978 222 2011 bus
233 1977 326 2019 oriundus,
334 1978 380 2012 sicut
389 1989 430 2012 rosa
439 1980 462 2012 de
470 1979 529 2022 spinis
539 1979 606 2020 floruit,
614 1979 643 2013 vel
652 1978 703 2022 quasi
711 1979 795 2023 preciosa
803 1978 825 2011 de

125 2031 191 2066 vilibus
204 2030 283 2065 vasculis
296 2036 377 2065 aromata
390 2032 485 2075 processit.
512 2032 559 2065 Nam
571 2042 595 2065 ex
608 2031 665 2075 impia
676 2031 707 2065 illa
720 2029 825 2066 Danorum⁷

145 2104 150 2121 ¹
160 2102 192 2132 Vit.
200 2103 275 2133 sanatori.
353 2103 359 2120 ²
369 2112 387 2132 so
394 2104 421 2139 T.;
432 2114 462 2134 om.
469 2104 485 2133 in
495 2103 512 2134 E.
592 2104 598 2121 ³
609 2104 633 2134 Cf.
640 2104 684 2135 Vinc,
692 2104 732 2134 Bell.
741 2103 794 2134 XXII.
802 2104 825 2132 60.

145 2144 151 2162 ¹
162 2142 222 2171 Collect
229 2143 246 2171 in
252 2142 280 2172 T.:

147 2181 211 2228 (A>lme
221 2187 274 2222 presul
285 2186 358 2223 Niniane,
370 2186 408 2216 cleri
419 2187 448 2217 llos
458 2187 534 2217 Albanie:
546 2187 580 2216 Nos
590 2196 676 2217 conserues
682 2191 708 2216 tue
718 2187 767 2221 laudi,
779 2186 826 2216 assis-

125 2233 178 2258 tentes
188 2226 240 2265 refice‚
249 2226 303 2255 Noxas
313 2230 363 2263 terge,
370 2236 422 2256 mores
430 2236 474 2263 auge,
483 2230 499 2256 et
509 2227 575 2255 uirtutes
586 2227 645 2263 insere,
654 2227 693 2256 Cum
700 2226 751 2256 beatis
761 2226 785 2255 lac
792 2234 825 2262 reg·

125 2279 164 2297 nare
171 2267 187 2295 in
195 2271 250 2296 eterna
257 2265 316 2302 requie.
339 2266 356 2296 V.
369 2266 401 2295 Ora
408 2275 437 2302 pro
445 2267 495 2296 uobis.

147 2307 163 2346 F
164 2314 256 2351 ragllitatem
269 2317 337 2342 nostram
350 2322 439 2351 quesumus,
452 2313 522 2349 domine,
535 2317 612 2351 perpetuo
624 2317 696 2343 sustenta
708 2312 799 2349 munimine,
810 2314 826 2340 et

125 2367 154 2394 per
163 2354 258 2384 sanctissimi
269 2352 364 2382 contessoris
375 2354 397 2382 tui
407 2358 455 2390 atque
465 2354 544 2390 pontificis
555 2354 618 2383 Niniani
629 2354 690 2390 merita,
701 2354 774 2391 quicquid
786 2353 826 2382 iusto

125 2395 219 2434 petierimus
226 2393 310 2428 desiderio,
318 2397 344 2422 tua
351 2393 397 2422 nobis
404 2393 479 2423 concedat
486 2393 571 2423 miseracio.

145 2436 151 2453 ⁵
161 2435 242 2471 Abridgcd
252 2434 291 2462 from
303 2433 330 2461 the
337 2432 373 2461 Vita
383 2432 405 2469 by
415 2432 483 2461 Eadmcr
493 2433 528 2470 (not
539 2433 614 2468 Osbernl,
625 2433 674 2463 edin
683 2433 762 2463 erarton
774 2432 794 2462 ΙΙ.
802 2431 826 2467 78,

125 2476 144 2505 A.
158 2475 187 2505 SS.
199 2474 239 2503 Bou.
251 2474 286 2510 luly
296 2472 318 2509 ll,
329 2481 357 2509 73;
368 2472 442 2501 lllabillou
454 2472 490 2501 V11.
503 2474 537 2510 287.
557 2472 572 2500 A
583 2473 653 2511 mistalre,
662 2473 678 2502 in
689 2473 755 2510 reading
764 2471 827 2505 Edwin,

125 2514 187 2546 instead
199 2513 217 2543 of
226 2513 286 2551 Alfred,
299 2512 342 2542 leads
355 2516 371 2541 to
382 2521 430 2549 grave
442 2512 516 2542 blunders
527 2512 624 2542 afterwards.
699 2511 706 2530 ⁶
716 2512 734 2542 T.
746 2512 826 2550 episcopo.

125 2555 131 2573 ⁷
141 2557 161 2584 al.
169 2558 265 2583 senatorum.
