1762 2803
122 131 164 174 124
312 118 391 171 muta
407 114 630 178 tremutantia.

119 239 237 273 delubrorum
252 239 318 283 phanis
333 243 351 273 et
366 237 453 272 extructis
468 237 556 280 ecclesiis,
572 237 642 281 prefato
661 238 747 280 pontifice
765 237 823 282 opitu·

119 292 173 335 laute,
189 292 291 335 adquisiuit.
322 292 405 334 Cumque
419 290 512 334 ingentem
529 289 603 324 domino
618 290 706 334 populum
721 290 769 325 inter
785 290 824 324 Fri-

120 356 176 379 sones
187 346 296 388 adquireret,
308 345 353 378 alias
368 343 467 378 Germanie
480 343 587 387 predicandi
600 353 655 376 causa
669 348 731 386 partes
745 344 793 385 adiit,
806 348 824 377 et

120 399 180 432 locum
201 399 298 440 quendam,
321 397 349 430 cui
370 396 439 439 gemini
461 401 548 439 preerant
565 395 653 438 germani,
672 396 707 428 deo
726 396 824 429 auxiliante

103 449 201 492 5obtinuit,
217 460 285 493 eosque
300 460 311 484 a
326 448 415 492 sacrilega
433 449 523 482 idolorum
543 458 625 490 censura,
638 457 674 492 qua
692 449 726 482 sub
745 449 825 492 quodam

121 502 255 536 christianitatis
278 503 352 535 nomine
373 502 421 535 male
437 502 489 535 abusi
508 506 556 543 sunt,
575 501 667 542 euocauit;
688 510 708 535 ac
727 502 825 545 plurimam

120 554 183 598 populi
192 554 268 596 turbam,
279 559 328 588 recte
340 554 387 587 facta
396 552 515 596 intelligentie
524 552 558 594 via,
570 552 654 596 deposito
665 563 728 587 errore
739 552 825 594 retraxit3

120 606 258 650 monasterinm,
283 607 359 641 collecta
393 616 489 640 seruorum
518 605 548 639 dei
572 605 692 648 multitudine,
719 605 826 640 construxit.

121 660 209 693 Similiter
224 666 242 694 et
258 660 309 693 iuxta
323 660 370 693 fines
389 658 489 699 Saxonum,
507 657 611 691 Hessorum
626 657 715 701 populum
732 657 826 702 paganicis

94 713 179 748 roadhuc
195 712 259 747 ritibus
275 713 397 754 oberrantem,
412 722 423 745 a
438 710 565 745 demoniorum
581 710 684 754 captiuitate
699 721 732 745 sua
744 711 826 755 predica-

121 767 170 800 tione
182 765 276 808 liberauit;
300 766 398 808 multisque
413 764 486 798 milibus
505 763 600 796 hominum
619 770 720 807 expurgata
738 763 827 807 paganica

121 823 211 852 vetustate
226 817 327 862 baptizatis,
342 818 430 850 nuncium
445 827 499 850 suurn
515 815 589 849 nomine
605 815 683 849 Binnam
702 815 781 850 Romam
800 817 827 849 di-

122 872 180 907 rexit:
198 882 234 914 que
246 872 293 905 circa
306 871 358 904 illum
370 869 444 904 domino
456 870 535 903 donante
546 868 651 912 factasunt,
663 879 735 903 summo
746 869 827 914 pontifici

122 936 156 968 per
170 934 213 958 suas
228 924 298 958 litteras
313 923 416 957 declarauit.
439 923 476 956 Sed
492 928 510 956 et
523 923 546 955 de
562 923 617 955 rebus
633 933 668 965 que
683 923 706 956 ad
719 923 827 956 cotidianam

96 991 113 1020 15
123 976 199 1011 ecclesie
215 976 245 1010 dei
259 976 387 1010 necessitatem
402 975 501 1019 populique
516 979 626 1018 prouentum
640 974 763 1018 pertinebant,
775 975 828 1019 plura

122 1030 157 1063 ad1
171 1028 268 1063 consilium
283 1028 332 1063 sedis
350 1028 449 1071 apostolice
463 1027 593 1070 interrogando
608 1027 721 1070 conscripsit.
745 1027 828 1071 Cumque

123 1092 233 1126 responsum
245 1082 345 1115 litterarum
359 1091 434 1115 suarum
446 1079 558 1123 accepisset3
577 1090 598 1113 se
609 1078 704 1113 inuitatum
715 1080 738 1113 ad
749 1079 828 1113 Romam

123 1135 232 1177 intelligens,
248 1134 325 1169 festinus
344 1133 407 1167 limina
425 1133 549 1176 apostolorum
566 1131 622 1175 petiit,
638 1137 656 1166 et
674 1132 697 1166 ad
716 1132 828 1176 presentiam

124 1186 207 1230 Gregorii
220 1197 268 1230 pape
280 1186 360 1229 benigne
372 1185 472 1227 admissus;
491 1186 513 1218 de
527 1184 604 1217 simbolo
617 1189 635 1217 et
646 1184 689 1217 fidei
707 1185 828 1218 ecclesiastice

96 1253 115 1273 20
123 1239 219 1272 traditione
227 1238 278 1271 illurn
286 1238 347 1282 [papa]
354 1237 360 1257 ²
367 1236 467 1281 inquisiuit.
485 1236 519 1270 Cui
526 1236 554 1270 vir
562 1236 591 1269 dei
599 1246 643 1269 mox
651 1236 746 1279 respondit
753 1237 816 1270 dicens
824 1247 828 1271 ε

123 1290 213 1325 ‘Domine
228 1292 332 1335 apostolice,
348 1290 391 1328 noui
407 1301 437 1323 me
450 1289 566 1333 imperitum,
585 1288 622 1322 iam
637 1289 753 1332 peregrinus,
767 1295 829 1323 vestre

123 1343 249 1378 familiaritatis
264 1354 350 1377 sermone
365 1342 430 1376 fruitus
445 1341 508 1377 sum³:
528 1342 562 1376 sed
581 1351 638 1385 queso
656 1347 676 1375 vt
695 1342 755 1376 ocium
774 1342 829 1376 michi

123 1395 223 1440 temporis*
242 1396 374 1430 conscribende
393 1396 436 1429 fidei
455 1395 551 1437 concedas,
570 1399 589 1428 et
608 1399 658 1428 muta
677 1398 747 1428 tantum
769 1395 830 1429 littera

124 1461 184 1483 meam
195 1449 326 1482 rationabiliter
338 1450 394 1482 fidem
408 1449 487 1491 aperiat.¹
518 1447 553 1489 Qui
568 1458 610 1480 cum
623 1447 675 1480 hilari
689 1449 740 1481 vultu
752 1459 830 1481 consen-

98 1516 116 1545 ²5
125 1502 171 1544 tiret‚
179 1506 205 1539 ret
220 1503 248 1535 vir
263 1502 293 1535 dei
306 1502 362 1535 fidem
376 1511 428 1534 suam
440 1500 527 1543 scriptam
540 1499 660 1532 determinato
671 1504 755 1543 tempore
770 1500 830 1533 eidem

126 1554 210 1595 offerret3
229 1554 310 1598 perlecta
325 1558 379 1594 carta,
394 1553 413 1586 in
427 1563 463 1596 qua
477 1553 548 1595 integra
563 1557 581 1585 et
596 1551 701 1596 incorrupta
715 1553 758 1586 fidei
773 1553 830 1597 patuit

125 1606 198 1647 veritas
213 1611 231 1640 et
247 1605 340 1640 Bonifacio
354 1605 429 1646 reddita,
441 1616 484 1639 eum
499 1605 599 1639 consedere
611 1604 653 1639 fecit
665 1610 683 1639 et
699 1605 773 1640 salutari
788 1617 830 1640 eum

126 1657 256 1692 admonitionis
271 1658 353 1690 doctrina
367 1658 466 1699 instruens,
479 1662 499 1690 vt
513 1657 569 1690 fidem
583 1658 630 1690 hanc
643 1657 683 1690 sine
695 1658 831 1691 intermissione

126 1716 248 1752 conseruaret,
260 1716 278 1745 et
287 1710 327 1745 aliis
339 1710 429 1744 instanter
440 1706 547 1754 predicaret,
559 1709 658 1744 admonuit.
690 1709 747 1745 Multa
759 1721 831 1754 quoque

99 1777 118 1805 30
126 1764 161 1797 alia
176 1763 199 1797 de
215 1763 303 1806 religione
318 1762 418 1796 sanctitatis
433 1767 451 1796 et
464 1762 507 1795 fidei
520 1762 589 1796 vnitate
604 1762 713 1796 sciscitando
727 1763 801 1807 profert,
813 1769 832 1797 et

126 1816 144 1849 in
160 1814 266 1859 episcopum
282 1826 324 1849 eum
339 1825 448 1849 consecrare
467 1814 553 1848 decreuit.
580 1814 661 1858 Accepto
680 1815 741 1859 itaque
760 1815 832 1859 pontifi-

126 1869 160 1902 cali
175 1868 238 1912 gradu,
253 1869 276 1902 ad
292 1868 396 1902 Hessorum
411 1867 498 1911 populum
512 1867 571 1910 rediit,
582 1874 660 1911 quorum
672 1868 755 1902 nonnulli
772 1868 831 1902 adhuc

125 1920 218 1964 paganicis
238 1921 330 1954 erroribus
350 1920 418 1954 detenti
439 1925 497 1962 erant,
518 1920 602 1963 quamuis
622 1931 688 1963 magna
707 1932 771 1955 eorum
788 1931 832 1964 pars

125 1974 188 2017 iugum
204 1973 273 2007 domini
284 1985 340 2008 suaue
352 1978 370 2007 et
381 1973 472 2016 baptisma
484 1973 601 2016 suscepisset.
625 1972 705 2007 Consilio
715 1978 777 2007 autem
786 1974 831 2008 fide-

99 2041 117 2070 35
126 2027 176 2069 lium,
188 2027 273 2060 roborem
284 2026 377 2070 quendam
388 2026 435 2060 mire
446 2025 582 2069 magnitudinis,
595 2025 625 2069 qni
641 2026 702 2070 prisco
718 2037 831 2070 paganorum

125 2079 213 2114 vocabulo
230 2079 307 2112 ‘Robur
327 2078 385 2112 Iouis'
402 2079 500 2119 dicebatur,
519 2078 579 2112 seruis
596 2078 626 2113 dei
643 2088 706 2113 secum
725 2079 832 2121 astantibus,

126 2138 200 2166 sanctus
218 2131 323 2165 Bonifatius
338 2130 433 2165 succidere
449 2130 556 2175 temptauit:
580 2136 704 2175 presenteque
719 2142 832 2175 paganorum

126 2185 183 2228 copia,
201 2184 273 2218 roboris
289 2184 348 2218 moles
364 2184 456 2218 immensa
471 2184 490 2218 in
507 2190 584 2227 quatuor
600 2189 663 2227 partes
679 2185 754 2226 equales
771 2184 832 2219 diuina

126 2239 192 2272 virtute
209 2248 297 2271 corruens
313 2237 395 2281 disrupta
411 2242 444 2271 est.
478 2237 519 2279 Quo
536 2237 581 2280 viso,
598 2247 711 2281 paganorum
730 2238 833 2279 multitudo,

99 2304 119 2334 40
126 2291 196 2325 abiecta
208 2290 296 2333 idolatria,
308 2290 407 2324 christiane
420 2290 463 2324 fidei
475 2301 508 2323 sua
520 2290 565 2323 colla
577 2289 707 2323 submiserunt.
730 2290 832 2333 Episcopus

126 2354 170 2376 vero
182 2353 206 2375 ex
217 2343 265 2376 dicte
276 2343 347 2376 arboris
358 2342 435 2376 materia
446 2343 507 2385 ligneo
519 2347 623 2375 constructo
635 2341 720 2383 oratorio,
731 2342 750 2374 in
763 2343 833 2376 honore

128 2394 185 2430 sancti
205 2394 254 2429 Petri
270 2394 365 2430 dedicauit.
396 2394 469 2429 Deinde
486 2395 509 2428 ad
527 2393 648 2438 Thuringiam
668 2394 766 2438 profectus,
785 2394 832 2429 seni-

128 2458 170 2481 ores
181 2448 241 2490 plebis
252 2448 352 2491 populique
363 2454 448 2489 rectores,
459 2448 522 2481 relicta
533 2446 635 2490 ignorantie
648 2446 729 2489 cecitate,
738 2454 831 2491 acceptam

128 2500 197 2534 dudum
217 2498 285 2534 Christi
304 2500 360 2534 fidem
379 2506 397 2535 et
414 2499 509 2541 abiectam,
526 2510 559 2533 sua
578 2498 660 2533 doctrina
673 2504 692 2533 et
710 2499 834 2544 predicatione

158 2561 240 2593 ¹Vitob.
292 2562 339 2594 ιοιιι.
389 2562 603 2593 ³truitussun10m.invit.
658 2562 803 2602 ‘vitettempus
