1762 2803
116 118 144 201 a
221 199 225 211 χ
308 156 388 207 rauna
403 153 519 215 aaran
534 153 627 216 annun

117 278 187 311 Eadem
198 281 259 310 autem
270 281 323 310 nocte
332 275 417 320 apparuit
426 276 444 310 ei
454 281 528 310 sanctus
539 275 642 319 episcopus,
652 274 725 309 dicens:
743 273 818 317 ‘Surge¹

116 329 179 372 inquit,
188 340 243 371 surge
251 328 365 372 quantotius:
378 338 421 362 nam
429 339 464 371 ego
472 328 502 361 ille
511 338 565 371 quem
576 334 595 362 tu
606 333 687 362 sutorem
696 326 818 367 subsannasti,
864 333 865 336 ’

117 394 181 416 ocreas
188 381 220 415 tibi
229 381 321 415 durabiles
329 381 403 425 paraui:
415 380 450 415 hiis
459 381 547 422 indueris,
555 379 590 415 hiis
600 380 675 414 domum
684 379 703 413 in
711 378 819 414 memoriam

118 438 154 470 mei
162 435 262 480 equitabis)
279 435 349 470 Ocreas
358 435 473 469 strictissime
482 434 521 468 eius
531 433 616 467 informat
625 433 714 473 cruribus,
723 437 743 467 vt
753 432 819 467 sedere

100 501 109 530 5
118 490 225 523 viderentur
232 488 312 522 facetius.
328 488 359 522 Sic
367 488 428 531 itaque
436 498 537 522 concussus
545 487 623 530 euigilat,
631 492 649 520 et
657 485 759 520 artissimus
767 485 819 519 dolor

118 542 172 576 tibias
186 542 226 575 eius
239 541 373 585 constringens,
387 540 446 575 standi
458 539 634 583 progrediendique¹
648 538 751 572 facultatem
764 538 820 572 dene-

118 596 182 639 gabat:
195 599 214 628 et
225 594 328 637 quindecim
339 593 393 627 annis
404 593 422 626 in
434 592 554 636 compedibus
565 592 623 626 sancti
634 592 691 636 patris
703 590 767 625 debilis
778 601 820 634 per*

119 647 190 681 mansit.
214 647 297 690 Septimo
304 656 348 680 vero
356 645 385 678 die
393 650 435 679 ante
445 645 514 678 obitum
526 646 565 678 eius
576 644 660 688 apparuit
670 645 687 677 ei
698 650 772 677 sanctus
780 643 821 676 Yuo

119 699 215 744 splendido
227 700 278 733 vultu
292 704 309 733 et
321 698 388 740 habitu,
400 698 475 731 dicens:
492 697 542 731 ‘Iam
553 702 627 741 tempus
638 697 694 731 instat
710 703 729 732 vt
744 696 821 731 verbera

93 763 112 784 ιο
120 753 185 797 quibus
198 758 216 786 te
230 752 308 795 corripui
321 753 340 785 in
354 743 456 785 remedium
471 756 564 784 transeant
577 750 675 794 sospitatis,
689 755 707 784 et
720 761 754 794 pro
767 751 821 793 longa

120 812 172 840 nocte
184 805 352 848 incomlm]oditatis
364 803 473 838 letissimum
482 804 531 837 diem
542 804 639 847 possideas
650 808 713 838 eterne
725 802 821 838 felicitatis.

120 859 203 902 Septimo
216 858 294 891 abhinc²
307 857 336 890 die
349 863 424 900 paratus
438 862 488 898 esto;
504 856 577 889 veniam
590 862 608 889 te
622 856 716 900 suscipere
728 857 751 889 ad
762 857 822 889 lucem

120 913 143 945 de
151 910 211 945 carnis
219 910 253 943 hoc
261 910 363 954 ergastulo.¹
387 910 409 943 Et
417 909 483 942 factum
491 914 519 942 est
526 910 556 942 ita.
606 901 664 942 Facta
675 914 703 942 est
716 907 823 952 [ἱηυειῑῑίο]Β

120 964 177 999 sancti
189 963 259 997 Yuonis
270 973 319 997 anno
331 962 400 997 domini
412 962 509 997 millesimo
521 962 585 1006 primo,
596 968 660 996 octauo
670 962 759 996 kalendas
769 962 822 1005 maii,

95 1019 197 1062 15diesque
215 1016 338 1051 translationis
355 1016 395 1051 eius
412 1021 476 1060 quarto
491 1016 532 1050 idus
547 1015 591 1049 iunii
608 1021 718 1058 consecrata,
733 1020 822 1060 perpetuo

121 1070 206 1105 indicitur
217 1070 331 1104 celebranda.
354 1070 435 1103 Venerat
451 1074 513 1102 autem
526 1070 549 1102 ad
566 1068 678 1102 Britanniam
691 1068 739 1102 circa
754 1079 822 1102 annum

121 1123 190 1158 domini
203 1123 362 1157 sexcentesimum.
385 1123 418 1156 Est
430 1127 491 1156 autem
503 1122 565 1166 Slepe,
573 1122 616 1155 villa
626 1122 724 1165 antiquitus
735 1122 761 1155 sic
770 1123 823 1163 dicta,

121 1175 152 1210 vbi
167 1185 233 1218 corpus
251 1175 361 1209 sanctissimi
378 1174 488 1208 confessoris
506 1180 600 1217 repertum
618 1174 674 1208 fuisse
692 1174 797 1215 dinoscitur,
813 1186 823 1208 a

123 1227 222 1262 Rameseie
232 1227 342 1261 monasterio
353 1231 393 1261 octo
404 1226 474 1260 distans
484 1226 589 1269 miliaribus,
598 1237 608 1260 a
617 1227 675 1269 burgo
685 1226 824 1271 Huntingdonie

95 1299 114 1321 20
122 1282 184 1322 tribus,
198 1292 254 1325 super
265 1282 341 1315 fluuium
353 1282 427 1314 nomine
439 1280 500 1315 Ouse⁴
512 1280 556 1314 sita:
574 1280 628 1315 modo
639 1291 683 1315 vero
696 1280 748 1314 ‘villa
762 1281 824 1315 Sancti

123 1334 202 1369 Yuonis'
216 1340 244 1368 est
257 1340 365 1378 nuncupata¹
408 1326 476 1368 Abbas
488 1345 561 1378 quoque
573 1334 668 1368 Ednothus
680 1335 698 1367 in
710 1334 749 1368 loco
761 1335 824 1369 inuen-

123 1388 177 1422 tionis
190 1387 247 1422 sancti
263 1388 344 1431 episcopi
360 1386 457 1422 ecclesiam
470 1386 581 1422 construxit:
600 1386 661 1431 lpsius
675 1399 748 1432 quoque
761 1388 824 1422 tumbe

123 1441 184 1476 media
195 1452 238 1485 pars
250 1441 297 1475 infra
310 1441 404 1484 parietem,
417 1446 436 1475 et
447 1440 507 1474 media
520 1446 573 1475 extra
584 1440 682 1484 protensa⁶
694 1446 727 1483 est,
739 1442 825 1484 quatinus

124 1493 269 1535 aduentantibus,
281 1499 318 1527 tam
329 1493 434 1526 obserrata⁸
446 1493 500 1526 ianua
512 1504 566 1535 quam
580 1498 648 1535 aperta,
660 1503 707 1536 aque
719 1495 775 1536 gratia
788 1505 824 1527 non

96 1562 114 1593 25
124 1548 203 1588 deesset,
216 1557 251 1589 que
262 1546 327 1590 iugiter
338 1546 357 1580 in
371 1546 436 1580 eodem
448 1546 488 1579 loco
501 1546 602 1588 abundans,
616 1545 686 1579 meritis
699 1546 753 1579 huius
768 1547 825 1580 sancti

126 1599 186 1634 multis
195 1599 283 1633 beneficia
291 1598 361 1633 confert
369 1598 471 1632 sanitatum.
511 1598 518 1617 ⁷
526 1592 572 1632 Duo
579 1598 648 1642 leprosi
656 1600 721 1632 eadem
729 1609 776 1643 aqua
784 1610 825 1643 per·

124 1653 164 1696 fusi,
176 1652 256 1696 perfecte
269 1657 362 1693 sanantur,
375 1657 393 1686 et
405 1652 443 1686 ceci
454 1657 493 1685 tres
505 1651 598 1685 oculorum
610 1651 645 1685 luci
657 1651 826 1686 restituuntur.—

124 1699 242 1740 Adolescens
257 1707 281 1739 de
299 1705 382 1746 Venetia,
400 1705 502 1739 consularis
520 1705 617 1748 dignitatis
632 1705 721 1739 diabolico
739 1706 825 1740 instinctu

124 1769 207 1792 sororem
219 1759 313 1801 grauidam
324 1758 424 1791 interfecit:
437 1759 466 1791 et³
478 1757 579 1801 penitentia
588 1759 663 1792 ductum
673 1759 738 1793 ferreis
748 1759 826 1793 nexibus

97 1827 116 1856 30
125 1812 223 1855 episcopus
234 1810 301 1855 alligat,
312 1821 323 1844 a
333 1810 413 1854 scapulis
423 1811 446 1844 ad
459 1820 515 1843 renes
526 1810 575 1844 ferro
588 1810 701 1855 constringit,
713 1816 796 1845 ventrem
809 1818 827 1847 et

125 1864 199 1899 brachia
214 1865 262 1897 ferro
275 1864 361 1907 accingit:
379 1865 442 1908 sicque
456 1863 528 1897 vinctus
544 1863 607 1897 mundi
623 1870 734 1908 peruagatur
749 1866 827 1907 climata,

125 1924 230 1952 sanctorum
238 1919 331 1961 poscendo
339 1917 430 1961 suffragia.
450 1917 485 1950 ΕΗ
493 1919 542 1960 apud
550 1923 633 1951 sanctum
642 1918 744 1952 Dionisium
753 1920 827 1954 tandem

126 1972 231 2013 deneniens,
237 1971 329 2006 vinculum
337 1981 394 2005 vnum
402 1970 460 2004 sancti
467 1981 522 2014 prece
529 1972 629 2015 rumpitur:
642 1982 728 2015 mareque
736 1972 828 2006 transiens

126 2030 144 2058 et
152 2025 175 2059 ad
183 2025 265 2058 tumbam
272 2024 330 2057 sancti
336 2023 406 2057 Yuonis
414 2025 532 2067 perueniens,
538 2034 580 2058 cum
589 2024 737 2067 ‘Magnificat'in
744 2027 828 2069 vesperis

99 2090 118 2119 ³5
127 2082 235 2117 cantaretur,
253 2082 271 2110 et
289 2087 356 2111 versus
374 2077 408 2112 iste
424 2076 458 2109 ‘Et
476 2077 602 2110 misericordia
620 2078 660 2111 eius
676 2089 687 2111 a
705 2079 793 2121 progenie
810 2080 828 2112 in

127 2129 234 2174 progenies’
245 2130 341 2170 diceretur,
351 2128 437 2162 inuisibili
448 2128 515 2162 virtute
527 2128 628 2172 corripitur,
637 2134 685 2163 totus
698 2140 708 2163 a
720 2135 769 2165 terra
779 2130 828 2164 leua-

127 2189 162 2225 tur,
170 2187 255 2225 terreque
263 2181 315 2215 citius
323 2183 431 2226 deponitur:
443 2188 554 2226 rumpuntur
562 2182 622 2216 ferrea
633 2183 724 2226 ligamina,
732 2190 750 2218 et
757 2184 829 2219 vincula

127 2235 199 2281 longius
212 2240 255 2269 sunt
267 2245 350 2269 excussa.
399 2228 439 2269 Alii
451 2246 524 2279 quoque
537 2241 614 2279 quatuor
626 2235 674 2271 ferro
686 2247 720 2281 per
731 2238 829 2282 episcopos

128 2290 147 2324 in
155 2288 255 2334 penitentia
263 2288 336 2331 astricti,
344 2289 367 2322 ad
377 2289 459 2335 tumbam
470 2289 527 2323 sancti
538 2288 608 2323 Yuonis
618 2301 629 2323 a
637 2290 712 2324 vinculis
722 2298 765 2326 sunt
776 2291 829 2325 abso*

100 2343 166 2389 4oluti,
195 2341 291 2375 Mulierem
307 2347 382 2386 propter
396 2342 476 2376 cecitatis
493 2342 566 2386 plagam
584 2353 594 2376 a
608 2343 648 2377 viro
663 2344 774 2388 derelictam,
789 2344 829 2379 visu

129 2394 200 2430 reddito
212 2394 325 2428 confortauit.
355 2395 498 2429 Adolescentem
511 2396 598 2430 miracula
613 2397 671 2431 sancti
685 2397 767 2442 episcopi
782 2398 829 2432 deri·

129 2450 204 2483 dentem
214 2453 314 2490 sanctoque
323 2448 455 2490 detrahentem,
464 2449 543 2481 curuatis
550 2450 628 2491 genibus
639 2454 656 2482 et
664 2451 733 2493 rigidis,
740 2461 799 2494 vsque
807 2450 830 2483 ad

149 2543 154 2564 ¹
167 2542 184 2572 E.
192 2541 324 2580 progriendique;
335 2551 366 2580 que
373 2551 403 2571 om,
411 2541 427 2570 in
434 2542 452 2572 T.
509 2541 515 2558 ²
526 2542 543 2572 E.
551 2543 613 2573 adhinc.
674 2544 680 2561 ³
690 2544 708 2574 T.
716 2545 734 2575 E.
742 2544 830 2575 translacio.

128 2584 215 2614 ⁴Ronse.
255 2583 379 2620 tuprotense.
419 2583 453 2612 ll).
463 2582 538 2615 obserata
583 2583 831 2617 'FromhereedinActSS

129 2624 169 2653 Boll.
177 2623 219 2659 Jnne
227 2622 247 2653 ll.
255 2633 269 2661 p.
278 2623 311 2652 288.
352 2622 358 2640 ⁸
368 2632 399 2653 om.
406 2623 422 2651 in
430 2623 471 2653 Boll.
