1762 2803
221 109 266 165 Dr
281 108 368 162 aaron
384 109 438 167 bri
454 109 566 162 onorico.
699 125 744 169 479

43 228 162 263 fructificasse
170 230 266 273 tripliciter
273 230 370 264 videretur.
393 232 434 265 Hoc
447 231 509 265 rustici
516 232 606 271 videntes,
615 231 649 264 sibi
657 230 686 264 vel
694 237 743 264 terre

43 292 76 313 sue
84 281 163 324 amplius
170 293 237 316 nocere
245 293 282 315 non
289 284 426 326 presumebant.
470 276 521 318 Cum
529 295 539 317 a
547 284 612 328 spiritu
621 283 744 316 fornicationis

43 344 109 377 graues
122 335 213 377 perferret
224 334 308 376 insultus,
321 335 421 380 lachrymis
432 347 453 370 ae
465 336 537 372 ieiuniis
550 336 652 376 insistebat,
664 334 695 369 vt¹
707 346 744 369 non

44 385 103 419 solum
111 386 166 421 biduo
174 388 204 425 vel
214 387 279 429 triduo,
286 398 351 422 verum
361 389 471 434 plerumque
479 400 513 434 per
520 401 554 424 sex
565 389 605 424 dies
614 388 714 423 abstineret
720 389 745 422 ²a

44 439 96 474 cibo:
108 441 181 484 Vigiliis
192 442 305 476 inserviebat
315 443 399 484 assiduis,
407 448 426 477 et
437 444 480 477 dum
492 444 536 478 luna
546 444 621 485 luceret,
629 444 652 478 ab
664 443 745 477 oratione
754 451 763 482 5

44 546 118 580 aculeus
130 558 167 581 non
179 553 264 590 cessaret,
273 559 341 592 corpus
352 549 421 582 nudum
432 549 520 593 vepribus
531 550 639 584 immittebat
651 555 669 584 et
681 549 745 595 spinis

44 604 62 633 vt
70 600 182 643 voluptatem
189 607 269 635 verteret
276 601 295 635 in
303 601 390 636 dolorem.
413 602 457 636 Post
465 602 517 637 fortia
529 604 600 637 luxurie
608 608 745 646 temptamenta,

44 663 78 696 per
85 654 176 688 variarum
184 656 256 698 species
264 654 344 688 ferarum
352 659 428 689 conatus
436 660 464 688 est
475 665 517 689 eum
526 661 595 690 terrere
603 655 687 689 diabolus
695 668 699 690 :
711 655 745 690 sed

45 705 80 747 ille,
86 705 138 740 fortis
146 706 163 741 in
172 708 214 750 fide,
222 707 284 741 omnia
291 709 439 752 contempnebat.
457 707 482 742 Vt
490 708 575 743 incendia
582 709 642 743 earnis
650 707 746 753 extingue·
756 719 774 740 10

45 763 78 799 ret,
94 759 151 792 cilicio
166 771 233 804 corpus
248 761 344 794 edomabat
360 760 468 804 asperrimo,
483 767 501 795 et
515 761 589 795 loricam
605 762 654 795 nudo
669 772 746 806 corpore

45 811 137 852 induebat,
148 824 182 855 per
193 825 251 847 annos
264 813 303 847 sere
314 813 451 857 quinquaginta.
480 814 526 855 Hec,
540 820 602 857 preter
613 813 688 847 duritiei
700 825 747 857 pon-

45 864 132 908 derisque
145 866 243 906 molestias,
255 865 274 899 in
285 865 344 900 estiuo
356 867 423 900 sudore
439 865 533 910 pediculos
548 866 656 911 procreauit,
668 878 746 910 quorum

45 917 179 953 multitudinem
187 919 258 953 hirsuta
270 919 351 962 desuper
361 919 414 954 cilicii
424 919 512 953 villositas
522 919 617 954 nutriebat.
640 919 687 954 Tres
697 920 746 954 enim

45 970 110 1004 loricas
130 982 153 1005 ex
172 972 261 1016 temporis
277 972 396 1007 diuturnitate
411 971 530 1017 consumpsit,
545 972 603 1007 cilicia
617 983 661 1007 vero
676 972 747 1007 infinita
757 984 775 1014 ¹5

45 1024 123 1057 detriuit.
159 1018 270 1060 Construxit
278 1027 352 1060 tandem
359 1026 449 1059 modicam
458 1036 519 1060 casam
525 1027 547 1059 de
554 1026 607 1069 lignis
613 1025 721 1060 informibus
729 1032 748 1060 et

45 1076 125 1120 virgulis,
134 1082 151 1110 et
160 1078 260 1122 ‘capellam
270 1078 324 1112 beate
336 1078 404 1112 Marie’
413 1077 512 1123 appellauit
524 1078 598 1120 illam³3
613 1083 631 1112 et
642 1079 716 1113 domum
725 1079 748 1113 ab

46 1129 139 1163 occidente
147 1131 241 1173 maiorem,
249 1131 268 1165 in
276 1143 312 1175 qua
320 1132 387 1166 molam
394 1131 401 1150 ⁴
408 1131 473 1173 erexit,
481 1136 499 1165 et
509 1131 527 1165 in
538 1131 569 1165 illa
578 1143 635 1175 grana
643 1131 661 1165 in
670 1131 747 1165 farinam

46 1183 158 1224 comminuit,
166 1196 221 1227 quam
229 1184 248 1217 in
256 1195 314 1227 panes
325 1185 359 1218 hoc
371 1186 425 1218 modo
436 1185 544 1227 composuit.
567 1185 637 1218 Ramos
649 1189 667 1217 et
677 1185 748 1218 radices

46 1234 144 1268 herbarum
155 1235 174 1269 in
186 1235 258 1270 cineres
269 1235 344 1279 redegit,
356 1247 403 1280 quos
414 1231 474 1269 t'aliter
484 1246 526 1270 cum
537 1235 594 1270 farina
607 1235 717 1280 permiscuit,
729 1241 748 1270 vt
758 1245 777 1267 zo

45 1288 117 1322 tertiam
129 1295 200 1332 partem
214 1290 285 1323 cineres
298 1289 411 1331 obtinerent;
427 1295 445 1323 et
457 1299 516 1334 panes
528 1290 571 1323 inde
583 1289 637 1329 coxit,
648 1300 695 1333 quos
706 1291 748 1323 ‘de-

47 1341 104 1375 litias'
112 1343 219 1376 nominauit.
242 1342 302 1376 Panes
313 1342 353 1377 illos
363 1355 397 1388 per
406 1354 440 1376 sex
451 1353 526 1377 menses
536 1342 621 1376 obdurari
630 1341 719 1387 permisit,
729 1349 749 1377 vt

46 1394 102 1428 nimia
117 1396 226 1440 quandoque
241 1395 321 1429 siccitate
337 1402 355 1431 et
374 1396 442 1430 duricie
461 1395 530 1430 horridi
548 1406 625 1440 prorsus
641 1401 658 1429 et
673 1396 749 1441 insipidi

47 1449 172 1483 redderentur.
195 1449 252 1483 Erant
263 1454 324 1483 autem
336 1461 359 1484 ex
371 1450 427 1484 ordeo
439 1449 480 1483 sacti
491 1450 521 1483 vel
533 1460 596 1491 auena,
605 1449 646 1493 quia
658 1455 700 1484 tunc
712 1450 749 1484 lru-

47 1506 129 1533 mentum
148 1507 222 1543 gustare
241 1502 303 1535 noluit.
334 1502 404 1544 Quodsi
424 1501 504 1534 mucidi³
519 1508 595 1546 propter
613 1502 749 1535 diuturnitatem
759 1514 777 1543 ²5

47 1558 110 1586 essent
120 1556 213 1598 temporis,
222 1565 258 1588 non
270 1555 349 1589 curabat.
394 1547 497 1590 Siluestres
508 1554 580 1595 herbas,
588 1554 649 1598 lapide
660 1555 689 1588 vel
700 1556 750 1599 ligno

47 1606 138 1647 contritas,
146 1605 165 1640 in
173 1618 220 1650 aqua
228 1606 268 1640 sine
276 1606 314 1640 sale
322 1607 400 1647 decoxit,
406 1612 424 1641 et
430 1612 472 1650 post
478 1613 556 1649 quatuor
561 1607 590 1641 vel
597 1618 630 1641 sex
637 1606 750 1650 septimanas

48 1659 66 1691 in
74 1659 121 1702 pilas
129 1670 196 1702 paruas
204 1661 292 1693 rotundas
301 1660 409 1704 composuit,
417 1660 461 1694 etin
470 1660 534 1693 eadem
545 1670 592 1703 aqua
600 1659 668 1693 fetente
677 1659 750 1701 dimisit,

48 1713 106 1745 donec
118 1723 149 1745 eas
161 1713 200 1746 loco
212 1712 315 1756 leguminis,
327 1713 381 1747 samis
394 1713 455 1747 inedia
468 1718 550 1755 cogente,
564 1713 673 1746 comederet.
696 1714 750 1747 Hanc

48 1771 138 1799 cocturam
147 1767 231 1800 seruabat
243 1776 339 1809 quousque
351 1777 397 1807 earn,
405 1766 453 1800 natis
465 1765 508 1799 inde
517 1765 627 1807 vermiculis,
635 1765 750 1801 abhorrebat.
759 1779 778 1809 30

49 1819 70 1852 ln
80 1818 163 1852 cubiculo
174 1819 254 1863 lapidem
263 1819 319 1853 latum
328 1819 390 1853 habuit
398 1830 432 1863 pro
444 1829 514 1861 mensa,
522 1819 553 1853 vbi
565 1819 620 1853 nichil
628 1819 677 1863 quod
686 1820 750 1854 mortis

49 1872 120 1916 legibus
129 1873 210 1906 subiacet
218 1873 325 1906 comedebat
332 1885 335 1914 ;
348 1879 366 1907 et
374 1873 426 1916 quasi
434 1884 476 1906 cum
484 1873 542 1906 altero
550 1873 661 1916 loqueretur,
667 1873 749 1917 seipsum

49 1924 154 1958 multotiens
162 1925 273 1969 obiurgabat,
282 1925 345 1959 dicens
353 1938 357 1959 z
369 1927 373 1943 ⁴
381 1926 397 1959 O
405 1930 470 1959 venter
478 1930 552 1958 exactor
560 1925 646 1969 pessime,
655 1935 687 1958 cur
695 1926 750 1960 michi

48 1983 73 2011 tot
89 1978 126 2011 vite
141 1978 212 2021 irrogas
227 1978 341 2019 detrimenta,
354 1984 372 2012 et
384 1984 410 2012 tot
423 1977 506 2021 nequicie
518 1977 602 2021 suggeris
614 1978 750 2013 blandimenta?

49 2031 98 2064 Dum
110 2030 142 2064 tibi
154 2031 254 2073 consentio,
266 2043 296 2065 me
307 2033 385 2074 seduco3
398 2030 505 2065 insatiabilis
516 2037 534 2064 et
545 2041 617 2072 auarus,
629 2036 697 2074 quanto
708 2032 750 2075 plus
759 2043 778 2074 35

48 2084 120 2126 accipis,
126 2089 176 2117 tanto
182 2085 224 2127 plus
230 2084 312 2128 appetis3
325 2091 343 2118 et
351 2085 406 2119 michi
414 2095 489 2127 semper
497 2083 584 2127 ingratus,
591 2095 626 2117 non
634 2083 668 2117 nisi
677 2086 752 2119 causas*

48 2135 116 2169 doloris
125 2141 142 2169 et
154 2136 254 2179 penitentie
266 2148 307 2170 meo
319 2136 407 2181 rependis
418 2135 517 2179 obsequio’
563 2128 616 2169 Raro
628 2146 648 2169 se
656 2135 751 2171 reficiebat

49 2190 67 2222 in
76 2190 111 2229 die,
119 2190 152 2222 sed
160 2190 221 2233 potius
232 2195 269 2223 tota
277 2189 307 2223 die
315 2201 376 2232 orans,
383 2190 413 2224 vel
421 2195 488 2223 terram
497 2189 568 2222 fodiens
575 2194 594 2222 et
601 2188 692 2230 laborans,
700 2189 751 2223 eibos

50 2248 102 2277 nocte
119 2244 208 2278 sumebat.
237 2243 293 2278 Potus
308 2243 334 2277 illi
349 2244 382 2279 suit
400 2249 465 2288 gustus
480 2253 527 2287 aque
542 2242 664 2287 permodicus,
681 2249 700 2278 et
716 2244 750 2279 nisi

50 2307 116 2340 magna
130 2296 170 2331 sitis
185 2296 268 2330 ariditate
288 2298 400 2341 compulsus,
415 2298 463 2331 hunc
482 2308 519 2331 non
539 2297 627 2330 sumebat.
650 2297 750 2342 Nunquam
759 2309 779 2339 4⁰

48 2350 117 2383 iacebat
128 2349 147 2382 in
159 2350 212 2391 lecto,
223 2350 257 2383 sed
268 2350 287 2383 in
299 2351 355 2384 humo
367 2352 421 2392 nuda,
430 2355 487 2384 strato
498 2351 578 2393 desuper
589 2350 653 2391 cilicio,
665 2351 751 2395 fatigatus

49 2402 111 2435 labore
122 2402 214 2442 decubuit,
226 2402 286 2445 lapide
297 2403 328 2436 illo
340 2403 394 2446 capiti
406 2402 501 2446 supposito
514 2402 544 2446 qui
558 2412 622 2435 mensa
635 2402 694 2445 ipsius
706 2409 750 2438 erat

49 2456 152 2498 Sompnum
166 2466 203 2488 non
217 2455 290 2489 admisit
303 2455 338 2490 nisi
352 2455 383 2500 qui
397 2455 507 2499 surripiebat
522 2453 584 2495 inuito,
596 2461 614 2488 et
628 2460 671 2489 tunc
687 2456 752 2500 parieti

69 2523 74 2540 ¹
84 2524 102 2553 T.
110 2524 128 2554 E.
136 2527 162 2561 et3
173 2524 194 2554 H.
202 2523 224 2553 ita
231 2527 252 2555 ut.
311 2523 317 2541 ²
327 2533 345 2554 so
352 2524 381 2560 T.;
391 2524 409 2554 E.
417 2523 508 2554 abstinebat.
569 2523 575 2541 ³
586 2523 604 2554 E.
612 2523 652 2554 illam
660 2525 752 2563 appellauit.

48 2563 54 2584 ⁴
65 2564 83 2595 E.
90 2564 152 2595 molem.
203 2566 209 2584 ⁵
219 2564 237 2596 T.
246 2564 316 2595 muscidi.
366 2564 372 2583 ⁶
383 2564 401 2596 E.
409 2574 460 2595 causa.
