1762 2803
131 125 173 179 598
393 92 569 182 'annonari

129 246 210 286 fluxerat3
223 255 254 278 nec
266 244 311 278 enim
321 245 394 278 decebat
402 250 419 277 vt
431 250 498 277 tantum
509 244 567 278 lumen
579 244 677 287 ignorancie
686 245 732 278 nube
741 250 831 287 tegeretur.

131 295 184 330 Cuius
191 295 267 328 aduentu
275 306 305 337 per
313 297 372 328 urbem
380 296 492 334 conclamato,
501 295 728 337 religiosorum,clericorum
737 302 754 328 et
762 306 832 336 magna-

130 352 187 377 torum
200 351 272 384 caterua‚
285 345 337 376 immo
353 344 402 387 quasi
416 349 452 376 tota
467 344 528 376 ciuitas
544 344 561 376 in
574 354 664 377 occursum
677 344 713 377 eius
729 345 831 379 conuolauit.

132 395 178 431 Hinc
186 396 239 428 elatus
248 395 264 427 in
273 395 352 434 humeris,
361 405 420 428 versus
428 394 517 428 ecclesiam
529 394 575 427 beati
584 394 632 427 Pauli
640 394 712 437 apostoli
721 406 759 427 cum
770 406 832 437 magna

114 445 201 487 ¹alaudam
211 444 308 488 trequencta
320 445 423 487 deportatur.
445 444 518 478 ¹Letare
531 445 565 478 iam
575 445 669 486 Londonia,
677 446 717 478 vrbs
726 445 787 488 anglie
799 446 831 481 iam

131 495 265 538 opulentissima,
279 506 343 537 magna
354 495 424 538 quidem
438 495 472 529 tuis
485 496 599 537 magnatibus,
616 502 641 529 set
656 496 711 529 inaior
725 507 746 529 ac
759 496 833 531 maxima

131 546 177 579 beati
186 546 274 580 Edmundi
283 546 436 586 magnitudinibus.
459 546 504 577 Satis
512 552 529 577 et
540 546 635 577 admodum
646 545 738 586 gemuisti²
748 557 788 578 curn
798 557 833 579 non

132 594 209 637 pariente
221 594 285 627 sterili:
297 606 357 627 verum
368 605 408 627 ecce
424 595 486 627 sterilis
497 596 550 627 letare
562 605 595 637 que
607 605 642 627 non
653 595 711 637 paris;
723 606 757 639 que
770 606 833 638 paucos

132 643 206 689 parturis
220 644 247 677 vel
259 645 313 679 habes
327 652 396 688 sanctos
409 652 449 679 ante
462 645 511 679 istius
526 646 614 679 Edmundi
630 645 731 687 ingressum,
747 646 803 679 clama
818 653 834 680 et

107 706 124 729 ιο
132 704 203 737 erumpe
210 695 265 729 laudis
272 696 368 728 exhibendo
377 695 437 736 melos,
445 695 538 738 quiavenit
544 695 575 728 tibi
583 697 685 737 suffragator
693 697 716 729 ab
726 696 816 737 Estanglia
822 696 833 738 Β,

134 743 198 787 [felix]⁴
206 745 232 777 sui
241 745 315 777 nominis
323 746 457 787 nuncupacione.
472 747 573 778 iamsecure
580 746 737 779 zacharizabiscum
744 748 833 780 Zacharia:

134 794 224 830 ‘Visitauit
232 795 288 830 oriens
296 805 316 827 ex
324 796 358 827 alto
366 796 434 827 nostra¹
456 795 479 828 Et
486 800 504 827 vt
512 795 612 828 euideneius
621 795 688 829 noueris
696 796 734 839 quis
741 802 835 838 quantusve

134 852 172 879 tuas
185 844 245 877 subeat
257 851 320 887 portas,
330 844 413 877 miracula
423 855 454 887 per
465 855 504 878 eum
515 845 562 878 facta
573 846 666 879 declarant.
689 846 749 887 Egroti
761 856 836 889 namque

134 895 186 928 variis
197 896 295 937 langoribus
306 901 426 937 aggregantur,
434 897 491 937 platee
502 895 583 929 debilium
594 895 703 930 multitudine
711 896 834 938 constipantur.

109 957 125 986 15
136 948 168 979 Per
179 951 268 978 cuntorum
280 955 310 978 ora
323 944 411 978 Edmundi
424 955 492 984 nomen,
506 946 594 979 Edmundi
608 946 651 986 laus,
664 947 752 979 Edmundi
767 954 835 980 resonat

134 995 238 1038 preconium.
262 996 311 1028 Cecis
320 995 409 1036 peregrina
417 996 477 1028 mundi
486 996 552 1037 species
561 1003 601 1028 tunc
612 996 667 1038 primo
674 997 763 1037 formatur,
772 997 836 1029 claudis

134 1045 181 1077 rudis
187 1045 264 1076 incessus
270 1044 371 1084 innonatur,
380 1045 473 1086 paraliticis
478 1045 523 1077 fluxa
529 1046 645 1082 membrorum
652 1045 720 1078 officina
726 1045 836 1087 restringitur,

134 1094 206 1135 leprosis
222 1104 312 1137 corporum
329 1094 417 1127 mundicia
434 1094 538 1136 restituitur;
558 1095 577 1128 fit
592 1094 655 1128 diserta
670 1094 728 1137 lingua
745 1101 836 1136 mutorum,

135 1150 225 1188 patescunt
244 1155 294 1177 aures
313 1144 408 1177 surdorum.
434 1144 501 1187 Sisque,
521 1145 554 1177 deo
573 1152 680 1187 cooperante,
699 1146 764 1179 meritis
783 1147 837 1178 sancti

108 1206 127 1231 ro
136 1195 223 1229 Edmundi
231 1205 242 1226 a
248 1195 276 1227 via
281 1205 315 1236 que
323 1194 385 1227 dicitur
392 1195 512 1238 Aigatevsque
520 1196 543 1228 ad
551 1196 641 1228 ecclesiam
649 1195 695 1229 beati
704 1195 781 1238 Gregorii
787 1206 837 1239 pape,

135 1246 175 1288 xviij
183 1246 230 1278 varia
239 1245 337 1278 infirmitate
350 1245 414 1278 detenti
427 1246 529 1279 miraculose
541 1252 581 1278 sunt
592 1246 652 1286 curati,
660 1245 723 1287 quibus
732 1246 845 1278 medicorum

136 1296 216 1330 diuturna
224 1295 306 1327 sedulitas
314 1293 405 1327 sanitatem
412 1296 489 1327 conferre
495 1305 530 1327 non
536 1295 593 1328 ualuit.
615 1294 630 1330 ii
637 1295 665 1327 De
672 1294 744 1327 rrrrclirre
751 1298 838 1327 contracta

136 1345 223 1380 Lanuuio
230 1347 299 1377 sanata.
318 1343 383 1377 Audito
391 1344 449 1387 itaque
457 1344 522 1386 uulgari
530 1345 602 1387 plausu:
611 1344 685 1387 quedam
694 1350 747 1378 strato
755 1345 838 1378 recubans

137 1401 225 1432 contracta
232 1395 298 1436 mulier,
307 1406 339 1438 que
347 1405 378 1428 nec
390 1395 470 1428 incedere
481 1405 513 1428 nec
523 1396 595 1437 grabato
604 1396 666 1437 pedem
677 1395 768 1428 extendere
778 1395 838 1438 potuit,

110 1458 127 1486 25
137 1446 236 1479 domesticis
244 1447 278 1478 ait:
291 1445 386 1487 ‘Quisnam
398 1446 426 1477 hic
437 1452 463 1478 est
470 1447 528 1487 fragor
538 1445 651 1478 multitudinis
659 1446 788 1478 vociferantis?’
811 1447 838 1478 Ad

137 1506 189 1539 quam
201 1496 235 1528 illi:
247 1496 285 1527 ‘An
297 1495 371 1536 ignoras,
382 1495 435 1534 aiunt,
448 1501 525 1527 sanctum
536 1496 648 1527 Edmundum
658 1505 715 1535 regem
726 1496 838 1527 Orientalium

137 1545 237 1587 Anglorum,
243 1544 271 1587 qui
278 1544 300 1577 ab
306 1544 403 1576 infidelibus
410 1551 426 1577 et
432 1544 488 1585 impiis
495 1545 566 1586 paganis
573 1544 654 1575 innocens
660 1554 691 1586 pro
698 1544 767 1577 Christo
773 1545 839 1577 occisus

139 1593 205 1640 [est]⁵?
228 1595 255 1626 ilic
268 1595 328 1626 vrbem
339 1595 390 1626 istam
401 1594 489 1636 ingressus
502 1594 585 1637 plurimos
597 1595 667 1635 langore
681 1595 752 1637 depulso
765 1595 839 1628 reddidit

138 1645 226 1689 sospitati!
245 1647 295 1677 Tunc
303 1645 342 1677 illa:
355 1646 407 1677 ‘Heu
414 1644 473 1685 michi,
481 1645 509 1686 ait,
517 1643 579 1687 quam⁰
587 1644 629 1676 deus
637 1654 672 1676 non
679 1644 762 1678 iudicauit
770 1645 840 1686 dignam

110 1707 129 1740 5⁰
138 1697 182 1730 illius
191 1697 266 1728 oblatam
274 1694 363 1737 presencie
371 1694 506 1727 misericordiam
514 1694 605 1736 promereri
614 1697 617 1727 l
635 1696 681 1727 Nam
688 1695 702 1727 si
708 1696 735 1727 vel
742 1695 799 1728 feretri
805 1696 840 1737 pal-

138 1749 172 1781 lam
181 1746 286 1787 attingerem,
295 1746 317 1778 ab
326 1746 359 1777 hoc
367 1743 491 1787 incom[m]od0
499 1745 567 1777 confido
575 1755 602 1776 me
610 1744 691 1777 continuo
698 1755 729 1786 per
736 1745 773 1778 eius
781 1746 841 1778 merita

138 1796 255 1831 liberandam.y
277 1796 301 1828 Et
311 1794 344 1828 hiis
354 1794 414 1828 dietis:
427 1795 516 1828 confestim
525 1794 577 1827 erexit
585 1805 603 1827 se
611 1800 628 1827 et
636 1801 683 1827 stans
692 1806 743 1836 super
750 1796 804 1838 pedes
812 1795 841 1827 diu

139 1847 171 1881 sibi
187 1845 276 1888 peregrine
293 1844 371 1878 sanitatis
387 1856 449 1878 niunus
464 1845 536 1887 excepit,
552 1844 666 1877 nonadecima
682 1845 726 1878 saeta
744 1851 841 1878 curatorum

139 1898 209 1930 virtutes
221 1894 278 1928 dei'in
290 1902 351 1927 sancto
363 1895 390 1927 dei
402 1895 557 1936 magnificandum.
581 1896 619 1935 Que
632 1905 671 1927 cum
682 1905 700 1927 se
712 1895 780 1928 sanitati
793 1897 841 1938 plene

111 1960 130 1990 35
139 1947 224 1981 redditam
235 1946 351 1988 comperisset,
364 1946 409 1979 illico
420 1946 483 1978 cursim
493 1947 561 1978 turbam
571 1945 672 1985 irrumpens,
683 1945 726 1978 fusis
737 1956 767 1987 pre
779 1945 841 1987 gaudio

140 1997 214 2030 lacrimis
222 1997 279 2028 feretri
288 1997 345 2027 velum
353 1996 402 2038 rigat,
411 1995 526 2038 inpressisque
536 1994 588 2027 labris
597 1995 655 2026 oscula
663 2000 723 2028 saneto
731 1995 788 2028 dulcia
795 1995 841 2028 libat.

139 2048 151 2085 il
169 2048 196 2079 De
210 2048 258 2079 Doro
273 2047 342 2078 cecitate
353 2047 423 2087 pauida,
439 2050 455 2078 et
466 2048 593 2087 pertractum
607 2044 722 2076 Edmrrrrdrrm
737 2045 842 2077 illuderinato.

140 2099 234 2139 Postquam
242 2095 292 2138 igitur
300 2095 357 2128 diuine
367 2094 466 2138 largicionis
476 2093 566 2129 miseracio
577 2093 636 2128 famuli
646 2094 673 2128 sui
684 2095 772 2129 Edmundi
780 2105 842 2129 nomen

140 2158 171 2191 per
178 2148 298 2180 miraculorum
306 2146 430 2180 exhibicionem
438 2147 504 2179 celebre
510 2145 612 2178 reddidisset
619 2163 630 2168 κ
635 2146 695 2177 decem
703 2146 748 2178 enim
756 2152 773 2179 et
781 2156 842 2179 nouem

113 2210 132 2239 4⁰
141 2211 151 2232 a
160 2196 231 2230 diuersis
238 2195 368 2239 incom[m]odis
375 2207 397 2229 ea
403 2196 431 2229 die
437 2195 491 2229 curati
499 2196 552 2233 tuisse
559 2200 687 2229 memorantur:
696 2196 714 2228 in
720 2197 792 2229 ecclesia
798 2195 842 2229 beati

142 2246 220 2288 Gregorii
234 2257 283 2289 pape,
295 2257 329 2288 que
343 2246 376 2278 sita
387 2252 413 2279 est
425 2257 479 2288 prope
490 2246 580 2279 basilicam
592 2245 665 2287 apostoli
677 2247 732 2287 Pauli,
741 2245 843 2279 sanctissimi

141 2296 216 2331 martiris
227 2295 323 2337 preciosum
335 2305 396 2337 corpus
405 2296 499 2336 deponitur.
523 2295 555 2328 Vbi
564 2294 605 2327 dum
614 2294 742 2328 Londonienses
750 2307 790 2328 cum
798 2295 843 2327 obla-

142 2346 220 2382 cionibus
228 2344 289 2379 uotiuis
298 2345 368 2378 beatum
375 2345 463 2378 martirem
471 2346 577 2379 excolerent:
590 2345 649 2378 Dacus
658 2345 733 2388 quidam,
742 2343 843 2388 explorans⁷

142 2397 221 2441 quisnam
236 2402 282 2429 esset
298 2396 346 2429 cuius
360 2397 406 2429 sarua
421 2401 487 2429 tantam
502 2396 560 2439 populi
576 2395 692 2438 frequenciam
707 2395 792 2437 inuitaret,
805 2406 843 2429 cum

114 2461 133 2490 45
142 2448 210 2482 deuotis
222 2447 316 2489 ingreditur
327 2446 426 2488 versipellis.
450 2448 473 2479 Et
484 2446 544 2480 ceteris
556 2445 631 2479 oracioni
641 2448 799 2488 procumbentibus,
809 2446 844 2487 ipse

162 2528 315 2565 ¹Cf.Herm.i.35.
376 2527 425 2559 2ΜΒ.
433 2529 502 2566 genuisti.
553 2528 688 2567 ³H.Eastangle.
735 2527 843 2561 ⁴Ms.velnd.

142 2571 148 2589 ⁵
159 2578 189 2600 orn.
250 2569 256 2587 i
266 2567 299 2599 MS.
307 2577 357 2608 quem.
418 2566 423 2585 ⁷
434 2568 465 2599 Tit.
473 2568 550 2608 explorare
557 2574 631 2607 satagens.
