1762 2803
135 182 147 210 2
323 169 403 220 tanna
418 166 534 229 totana
550 165 642 229 antlia

134 288 221 332 gregum’
230 293 269 330 eto,
277 288 321 322 acsi
329 294 392 331 aperte
403 288 470 323 diceret
478 301 481 322 :
494 288 587 323 ‘Pensare
599 288 656 322 debes
666 286 712 321 mira
720 291 738 320 et
746 288 837 330 stupenda

134 351 192 385 opera
199 352 234 385 que
242 340 261 375 in
270 341 310 375 aliis
318 340 414 384 conspicis,
422 347 441 375 vt
449 352 512 375 eorum
521 339 656 384 comparatione
664 350 721 383 parua
731 349 752 373 ac
760 339 837 373 minima

134 394 167 428 tibi
174 394 269 429 videantur
279 395 327 428 bona
337 406 373 437 que
383 399 403 427 tu
410 394 460 436 facis,
468 406 488 428 ac
500 394 526 427 sic
534 395 557 427 ad
565 393 660 427 meliorem
669 393 725 427 vitam
737 404 836 438 capessen-

135 447 189 481 dam¹
204 447 304 481 teruenttus
323 447 602 491 accendaris·,’—attendentes,
620 446 701 491 inquam,
717 446 752 481 hec
770 446 837 485 omnia,

118 501 210 543 5laudare
228 500 278 534 viros
294 510 395 543 generosos
411 500 430 534 in
450 499 598 543 generationibus
616 499 654 533 suis
674 499 796 543 permaxime,
815 510 836 533 ac

135 553 232 596 cupiebant
242 554 287 586 deus
295 562 350 595 quam
358 553 381 585 sit
390 552 478 586 mirabilis
488 553 507 586 in
516 552 584 586 sanctis
592 552 630 586 suis
638 552 691 586 latius
701 553 804 586 ostendere.

157 604 267 639 Mathathias
281 615 330 647 vero,
346 609 420 638 sanctus
436 605 578 639 Machabeorum
594 606 631 638 dux
647 609 664 639 et
679 605 772 649 princeps,
787 604 836 639 vlam

134 658 219 694 vniuerse
232 657 292 692 carnis
306 669 350 692 mox
365 658 492 702 ingressurus3
510 658 579 693 vocatis
594 658 643 701 filiis,
654 659 698 693 dum
712 670 745 693 eos
758 659 781 693 ad
795 670 837 702 pre-

134 712 215 745 liandum
228 711 285 755 prelia
297 710 365 745 domini
376 711 439 745 fortius
451 712 546 754 animaret,
554 711 640 745 omissis²
650 717 737 756 tanquam
749 711 838 746 minime?³

107 775 126 796 10
134 764 244 798 necessariis
259 764 320 798 diuine
334 764 379 808 legis
393 763 522 798 densissimis*
537 763 594 806 siluis,
607 769 712 798 sanctorum
726 765 804 799 virtutes
818 770 837 799 et

134 817 219 861 exempla
225 816 319 852 deuotius⁵
324 816 421 859 recensuit,
427 817 524 851 imitandos
531 818 620 861 quosdam
627 817 723 861 proferens
730 817 748 851 in
755 817 836 852 medium

134 871 165 915 qui
179 875 221 905 ante
234 871 294 914 legem
305 870 383 913 fuerunt,
394 875 413 905 vt
425 870 469 912 Noe,
478 870 578 911 Abraham,
587 875 605 905 et
615 870 662 904 Loth
674 870 767 914 ceterique
778 870 837 905 sancti

135 923 243 964 Patriarche,
252 923 309 968 quiin
318 924 378 958 medio
389 923 466 958 nationis
478 934 535 968 praue
547 924 595 958 bona
602 923 675 967 operari
684 934 721 958 non
729 923 837 958 cessabantfl

135 983 158 1018 et,
167 977 211 1010 dum
219 977 278 1010 adhuc
290 977 320 1010 lex
329 987 366 1009 non
378 982 428 1011 esset
436 977 483 1019 data,
491 976 527 1019 ipsi
538 982 599 1011 tamen
609 976 650 1011 sine
659 976 700 1020 lege
710 987 747 1010 non
759 977 836 1017 fuerunt,

109 1038 126 1069 15
135 1030 168 1065 sed
177 1028 296 1073 sibimetipsis
307 1028 348 1063 facti
360 1034 402 1063 sunt
410 1029 445 1070 lex,
454 1034 518 1063 cuncta
526 1029 585 1064 future
593 1029 638 1073 legis
646 1028 755 1074 perfectiora
763 1033 837 1064 strenue

135 1083 258 1125 adimplentes
269 1093 290 1116 ac
302 1083 336 1116 deo
348 1082 384 1115 fide
396 1082 502 1115 firmissima
511 1088 529 1116 et
538 1082 644 1125 operatione
656 1082 764 1125 dignissima
771 1082 837 1124 iugiter

135 1134 234 1178 placentes
243 1145 321 1178 quorum
329 1133 448 1167 inuictissima
455 1135 546 1178 pacientia
556 1134 725 1178 sublimissimaque
734 1134 837 1168 obedientia

135 1192 185 1221 tanta
193 1192 300 1221 meruerunt
307 1187 356 1231 apud
364 1187 424 1229 deum,
429 1192 448 1222 vt
454 1187 524 1229 ceteris,
532 1197 595 1221 eorum
602 1188 655 1231 culpa
661 1187 752 1231 exigente,
758 1197 837 1231 pereun-

135 1240 188 1282 tibus,
201 1251 212 1274 a
225 1250 313 1283 pressura
325 1239 399 1274 flamme
412 1245 430 1274 et
442 1241 465 1274 de
478 1240 573 1284 profundis
589 1251 682 1284 aquarum,
695 1240 771 1284 insuper
783 1246 801 1274 et
814 1242 837 1275 de

108 1304 127 1325 κο
135 1293 219 1328 manibus
231 1293 347 1336 querentium
358 1292 429 1327 animas
443 1304 512 1335 eorum,
524 1293 587 1328 diuina
600 1293 721 1327 liberarentur
732 1294 804 1335 virtute,
816 1306 837 1328 ae

135 1346 212 1381 seminis
225 1357 289 1381 eorum
302 1346 471 1390 multiplicationem
483 1347 506 1381 ad
518 1346 576 1381 instar
587 1347 682 1381 stellarum
693 1346 727 1381 celi
739 1358 838 1390 conseque-

135 1404 210 1433 rentur:
230 1400 319 1441 quosdam
330 1410 380 1440 vero,
392 1399 423 1441 qui
436 1404 454 1431 et
465 1401 499 1433 sub
511 1400 552 1442 lege
564 1399 664 1432 floruerunt
676 1405 694 1432 et
708 1398 768 1433 eidem
781 1399 837 1432 veluti

135 1451 245 1495 quibusdam
252 1450 296 1484 loris
304 1450 372 1484 arctius
379 1450 448 1485 astricti
456 1455 504 1493 sunt,
513 1452 547 1485 sub
555 1451 607 1485 cuius
614 1450 656 1494 iugo
664 1450 784 1485 libentissime
793 1452 838 1485 coila

136 1503 279 1546 inclinauerunt;
297 1503 377 1537 Phinees
390 1514 464 1547 quoque
476 1505 562 1537 sacerdos
573 1504 592 1537 in
604 1504 710 1547 exemplum
723 1504 837 1548 proponitur,

109 1566 127 1596 25
137 1556 173 1601 qui,
185 1557 224 1590 zelo
236 1556 266 1590 dei
277 1566 382 1597 succensus,
395 1555 513 1590 Madianitam
525 1567 566 1590 cum
578 1557 695 1591 concubitore
706 1556 807 1599 transfodit,
818 1557 837 1592 in

136 1608 223 1645 ultionem
232 1608 293 1643 diuine
301 1607 366 1653 legis⁷;
381 1619 436 1653 porro
444 1614 462 1642 et
470 1609 540 1652 Daniel,
548 1609 577 1643 vir
584 1609 717 1644 desideriorum
729 1620 837 1654 summeque

137 1662 258 1704 abstinentie;
274 1667 328 1705 atque
338 1661 369 1694 alii
377 1662 501 1705 quamplures,
510 1663 532 1695 de
542 1662 609 1704 quibus
620 1662 705 1696 omnibus
716 1663 790 1706 longum
801 1663 837 1697 iam

137 1719 187 1750 esset
194 1713 365 1748 enarrare—Cuius
376 1718 394 1748 et
406 1714 432 1747 rei
444 1714 511 1748 seriem
520 1714 595 1759 sapiens
606 1713 635 1749 ille
647 1714 677 1759 qui
688 1715 838 1750 Ecclesiasticus⁸

137 1767 208 1810 dicitur,
219 1767 299 1801 imitatus
309 1771 350 1808 est;
365 1766 401 1811 qui,
412 1771 455 1811 post
466 1767 523 1801 multa
534 1778 586 1802 sacra
596 1768 711 1803 hortamenta
722 1768 838 1813 salubriaque

109 1831 129 1859 30
137 1824 251 1862 documenta,
263 1821 282 1853 in
294 1820 322 1853 sui
335 1821 384 1854 calce
399 1821 496 1854 voluminis
509 1821 635 1864 cathalogum⁹
648 1827 752 1855 sanctorum
765 1827 837 1865 patrum

136 1873 218 1907 studiose
226 1872 310 1914 retexuit,
318 1877 425 1906 cunctorum
432 1872 508 1906 virtutes
519 1873 622 1916 singulares
632 1873 678 1906 mira
685 1872 776 1918 replicans
784 1875 838 1909 sedu-

136 1927 191 1968 litate,
199 1931 218 1960 vt
228 1925 308 1969 posteris
320 1926 394 1958 daretur
405 1925 505 1959 sanctitatis
517 1926 628 1969 exemplum,
637 1932 654 1960 et
666 1937 702 1969 qua
711 1926 837 1970 vnusquisque

136 1978 251 2023 potissimum
259 1978 327 2022 polleat
334 1977 400 2011 virtute
409 1977 475 2012 clarius
483 1978 606 2014 innotesceret
612 1979 691 2021 ;-sicuti
702 1979 722 2013 in
730 1979 837 2013 Habraham

136 2031 258 2067 obedientiam
271 2042 374 2073 summam,
389 2030 408 2064 in
420 2031 485 2074 Moyse
497 2032 592 2067 mititatem
604 2037 622 2066 et
633 2033 803 2075 mansuetudinem
819 2033 838 2066 in

109 2094 126 2125 35
137 2084 215 2120 Phinees
220 2084 281 2120 zelum
288 2089 305 2118 et
311 2084 409 2127 iusticiam3
418 2084 527 2119 inSamueie
532 2085 642 2130 pacientiam
647 2091 665 2120 et
670 2085 837 2131 longanimitatem

136 2139 155 2173 in
169 2138 229 2172 Dauid
244 2137 389 2171 misericordiam
404 2143 422 2171 et
437 2138 568 2181 humilitatem3
590 2139 609 2173 in
622 2139 723 2173 Mathathia
736 2140 838 2183 ceterisque

137 2190 242 2225 Machabeis
250 2191 269 2224 in
277 2190 405 2234 persecutione
413 2191 536 2226 constanciam
545 2198 563 2226 et
571 2192 728 2236 perseuerantiam
735 2204 740 2234 ς
755 2199 773 2226 et
781 2193 807 2226 sic
814 2195 838 2227 de

136 2244 214 2287 ceteris;
233 2249 252 2278 vt
264 2243 289 2277 hii
303 2255 373 2286 omnes,
386 2255 423 2277 vna
436 2249 454 2277 et
467 2256 547 2279 consona
562 2245 614 2289 quasi
628 2256 678 2287 voce,
691 2256 733 2278 cum
748 2245 838 2289 apostolo

136 2298 247 2331 clamarent:
264 2296 378 2331 ‘Imitatores
390 2296 447 2330 nostri
456 2303 519 2338 estote,
528 2298 574 2332 sicut
582 2298 614 2332 filii
622 2296 724 2332 charissimi
729 2296 753 2332 ¹⁰!

109 2361 129 2390 40
158 2350 259 2393 Apostolus
264 2361 342 2394 quoque,
349 2355 367 2384 et
375 2350 391 2383 is
399 2351 478 2384 eundem
487 2351 581 2385 insecutus
588 2350 672 2385 ordinem
678 2349 697 2383 in
703 2361 736 2384 suo
743 2351 837 2396 cathalogo

138 2403 161 2437 ad
169 2402 278 2446 Hebreos¹¹,
286 2403 371 2446 antiquos
379 2408 446 2447 patres,
455 2403 536 2438 seriatim
544 2404 653 2447 procedens,
662 2410 803 2447 commemorat;
815 2405 838 2439 ab

138 2456 202 2489 Enoch
213 2456 309 2500 incipiens,
321 2456 400 2500 septimo
411 2457 434 2490 ab
446 2456 513 2499 Adam,
525 2456 562 2500 qui,
574 2457 609 2490 deo
623 2460 686 2490 sancta
699 2458 839 2492 conuersatione

157 2535 162 2552 ¹
173 2534 192 2564 E.
199 2537 316 2572 capescendam.
369 2536 375 2554 ²
387 2536 404 2565 E.
410 2536 477 2566 emissis.
534 2535 539 2553 ³
551 2535 569 2565 E.
577 2536 624 2565 mine.
677 2535 683 2554 ¹
691 2535 708 2567 E.
716 2537 837 2568 densissimimis.

137 2574 143 2592 ⁵
154 2574 171 2604 E.
180 2575 258 2605 deuosius.
319 2575 325 2592 ⁶
335 2575 352 2605 Ε,
360 2576 447 2605 cessabunt.
516 2574 522 2591 ⁷
533 2576 579 2604 Num,
586 2584 622 2605 xxv.
630 2576 644 2606 6.
704 2576 710 2592 ⁸
721 2576 761 2607 Eccl.
769 2577 805 2608 xliv.
814 2587 838 2616 49.

136 2614 142 2633 ⁰
153 2614 171 2645 Ε.
179 2614 282 2651 cathologum.
343 2615 355 2633 ¹⁰
366 2616 424 2653 Ephes.
431 2625 446 2645 v.
455 2625 472 2652 1;
484 2615 551 2652 Philipp,
560 2615 579 2644 iii.
589 2624 611 2652 17.
672 2614 683 2633 ¹¹
694 2616 742 2647 Hebr.
751 2618 774 2647 xi.
