1762 2803
167 194 213 250 Dr
228 190 328 245 sanctu
343 190 451 254 borona
466 189 583 252 mittum.
699 204 726 246 41

30 319 116 356 dominus
128 316 220 351 lohannes
231 313 313 358 perituro
324 311 426 357 suflragari.
451 311 505 346 Nunc
517 310 602 346 omnibus
616 310 669 346 vobis
682 311 730 346 veri-

29 380 83 409 tatem
91 370 176 415 pandam.
196 367 251 402 Morti
259 366 312 401 huius
320 366 378 410 pueri,
386 367 409 400 de
417 376 453 410 qua
460 365 608 409 calumpnientur
619 364 676 406 ludei,
687 375 730 399 con-

29 424 132 461 sentiebant
143 431 209 456 omnes
217 420 256 455 sere
268 418 319 454 ludei
327 419 383 453 totius
391 418 465 462 Angue,
473 423 491 452 et
502 417 598 452 cuiuslibet
609 417 648 452 lere
653 417 731 451 ciuitatis

30 478 102 523 quidam
110 476 169 516 electi,
176 474 200 508 ad
207 472 261 518 pueri
272 472 321 506 illius
330 471 475 506 immolationem
484 470 535 515 quasi
547 471 570 504 atl
581 470 667 515 paschale
675 471 730 505 sacri·

29 531 90 566 ficium
102 527 261 562 conuocabantur.'
285 525 308 558 Et
317 535 358 558 cum
367 525 401 558 hoc
410 530 429 558 et
438 524 474 558 alia
481 523 602 558 deliramenta
609 524 671 567 palam
679 533 731 557 enar·
740 536 748 566 5

30 588 93 622 resset,
101 581 124 614 ad
132 580 209 614 caudam
216 578 259 621 equi
270 578 341 620 ligatus,
349 577 372 610 ad
380 576 481 619 patibulum
491 576 569 609 trahitur
576 582 594 609 et
601 576 671 610 aereis¹
680 586 731 609 caco·

30 632 138 669 demonibus
149 631 169 665 in
181 641 259 674 corpore
271 634 289 663 et
300 629 362 663 anima
370 634 492 673 presentatur.
515 628 552 662 Alii
559 639 604 666 vero
613 628 670 670 Iudei,
678 628 732 662 huius

30 686 113 721 facinoris
131 683 237 729 participes,
253 688 318 727 quater
335 681 399 726 viginti
418 686 436 716 et
454 680 539 716 vndeeim
558 680 664 716 Londonias
682 680 731 715 ducti

31 738 114 775 carcerali
123 737 205 771 custodie
219 736 343 770 tradebantur.
367 734 422 769 Facta
433 736 508 769 demum
519 745 553 779 per
564 733 672 769 iusticiarios
683 735 732 778 regis

30 790 146 835 inquisitione
154 788 241 834 diligenti,
249 789 314 823 decem
322 793 341 822 ct
349 793 389 822 octo
399 788 422 822 de
432 787 551 822 nobilioribus
560 787 622 822 Iudeis
628 788 679 822 vrbis
687 787 731 821 Lin-
741 799 761 821 1ο

30 843 88 878 eolnie
99 842 151 886 pueri
162 840 244 875 martirio
254 841 417 880 consentientibus,
422 839 475 885 equis
482 841 505 874 ad
513 839 613 884 patibulum
627 844 671 875 sunt
679 839 732 874 tracti

31 902 49 930 et
56 901 119 939 postea
127 893 219 938 suspensi,
226 894 293 928 ceteris
301 893 320 927 in
328 893 389 928 arcta²
396 892 478 928 custodia
487 893 592 928 reseruatis.

53 973 96 1015 [Ms.
104 972 125 1005 T.
132 972 179 1005 adds
186 983 190 1005 :
325 970 439 1005 Incidenda&

53 1028 149 1069 Presbiter
163 1033 238 1079 quidam
253 1033 371 1070 commissam
388 1033 423 1070 sibi
441 1043 483 1069 cum
502 1044 569 1078 magno
584 1033 649 1069 timore
663 1035 732 1069 domini

31 1089 104 1132 regebat
110 1087 218 1123 ecclesiam:
230 1088 261 1132 qui
269 1099 279 1122 a
288 1093 373 1132 tempore
381 1087 451 1122 ordinis
462 1087 532 1132 accepti
544 1088 666 1132 presbiteram
678 1099 731 1122 suam

32 1147 51 1175 ut
58 1152 140 1175 sororem
147 1140 230 1185 diligens,
239 1146 267 1175 set
275 1141 327 1184 quasi
335 1141 408 1174 hostem
418 1151 491 1180 cauens,
499 1142 523 1175 ad
531 1151 551 1174 se
559 1140 636 1185 propius
644 1141 732 1176 accedere
742 1150 748 1172 1
751 1151 760 1182 ⁵

31 1204 123 1238 nunquam
139 1193 215 1228 sinebat.
237 1194 294 1228 Anno
308 1193 450 1238 quadragesimo
466 1193 588 1228 ordinacionis
604 1204 638 1228 sue
651 1194 733 1239 grauiter

31 1246 81 1281 febre
90 1252 189 1291 correptus,
197 1247 220 1281 ad
229 1253 312 1281 extrema
320 1247 409 1281 deductus
421 1252 455 1281 est.
478 1247 512 1281 Set
523 1257 565 1280 cum
576 1257 619 1281 eum
629 1247 732 1290 presbitera

32 1309 64 1332 sua
74 1299 188 1341 conspiceret
199 1299 263 1333 solutis
274 1299 311 1332 iam
323 1298 412 1332 membris
422 1298 476 1332 morti
486 1298 577 1341 uicinum;
591 1300 607 1332 si
615 1299 664 1343 quod
672 1299 732 1333 adhuc

32 1350 48 1384 ei
56 1350 109 1384 uitale
120 1352 213 1396 spiramen
223 1351 299 1394 inesset,
307 1351 382 1385 naribus
393 1351 433 1385 eius
442 1351 526 1395 apposita
538 1350 607 1385 curauit
616 1362 660 1386 aure
672 1351 733 1385 dinos-

32 1413 78 1436 cere.
100 1403 153 1445 Quod
165 1403 195 1438 ille
205 1403 297 1445 senciens,
313 1403 341 1437 cui
352 1403 472 1438 tenuissimus
483 1403 543 1438 inerat
555 1403 615 1444 ssatus,
621 1410 690 1448 quanto
701 1405 733 1438 ad·
742 1415 761 1437 20

32 1455 84 1488 nisu⁴
92 1456 147 1490 ualuit
158 1457 219 1501 erupit
228 1457 302 1492 dicens:
315 1456 401 1492 ‘Recede
411 1467 422 1491 a
432 1467 467 1498 me,
478 1456 556 1492 mulier:
571 1457 631 1491 adhuc
643 1457 734 1502 igniculus

32 1508 80 1549 uiuit,
88 1510 159 1552 paleam
168 1510 220 1544 tolle.¹
238 1510 270 1545 llla
278 1511 383 1553 recedente,
389 1515 520 1545 concrescente
525 1510 593 1545 uirtute
599 1511 686 1555 corporis
691 1521 733 1545 cum

33 1571 99 1605 magna
106 1562 154 1606 cepit
159 1563 219 1597 leticia
227 1564 307 1597 clamare
313 1563 387 1597 dicens:
397 1563 459 1597 ‘Bene
467 1563 554 1597 ueniunt⁶
559 1562 629 1598 domini
635 1563 682 1598 mei:
690 1564 734 1608 quid

32 1615 54 1647 ad
69 1614 158 1648 tantillum
173 1615 268 1650 seruulum
285 1621 369 1650 uestrum
388 1616 433 1650 estis
448 1615 517 1661 dignati
533 1616 644 1651 conuenire?
668 1616 734 1659 Venio,

33 1666 102 1708 gracias
109 1669 152 1711 ago.⁵
170 1667 193 1702 Et
199 1669 306 1710 astantibus,
313 1669 356 1713 quid
363 1669 398 1703 hoc
404 1673 455 1703 esset
461 1669 586 1713 querentibus,
593 1670 628 1704 ait:
637 1670 696 1704 ‘Num
704 1670 734 1704 hic
744 1680 762 1711 ²5

34 1724 105 1753 sanctos
112 1722 206 1763 apostolos
212 1722 312 1756 conuenire
318 1722 370 1766 [non]
377 1722 456 1758 uidetis?
468 1722 543 1757 Petrum
552 1727 570 1757 et
578 1722 655 1757 Paulum
661 1728 735 1768 aposto-

33 1769 90 1805 lorum
98 1773 192 1818 principes
203 1786 266 1809 nonne
273 1775 376 1820 aspicitis?'
387 1781 406 1810 et
414 1775 449 1810 hiis
457 1775 510 1810 dictis
518 1775 602 1820 spiritum
611 1775 671 1810 emisit
676 1775 696 1820 ⁶.]

122 1872 179 1916 llDE
190 1891 262 1916 SANCTO
274 1874 361 1916 HUGONE
372 1892 460 1917 Errscoro
471 1892 495 1916 ΕΤ
506 1881 641 1917 CONFESSORE7.

36 1945 138 2020 SAnctus
145 1948 201 1992 Hugo
207 1950 306 1993 genetricis
313 1950 377 1983 solatio
385 1960 426 1984 cum
436 1949 522 1993 [11111111]Β
529 1950 608 1984 necdum
616 1949 669 1983 etatis
676 1954 736 1984 metas

79 2000 189 2036 excessisset
198 2002 273 2037 orbatus
282 2002 337 2045 [est]l
344 2002 456 2047 collegioque
464 2002 575 2048 regularium
584 2003 691 2038 clericorum
699 2014 736 2038 vna

35 2058 74 2083 cum
79 2051 161 2095 genitore
167 2054 261 2098 sociarint,
268 2067 289 2091 ac
294 2056 332 2092 iere
338 2056 420 2091 octennis
425 2062 464 2091 erat
469 2067 511 2091 cum
516 2056 579 2091 militie
584 2056 682 2101 spiritualis
687 2063 736 2102 tyro·
745 2068 764 2099 3⁰

34 2112 161 2187 ὗὲῗὲἒίἣῖεῐήι
212 2120 291 2151 l'latta
346 2120 562 2158 ¹chGregor.Dial.iv.rr.
610 2120 736 2152 ΙΤ.1111111111111.

53 2190 58 2207 ⁰
68 2193 128 2226 Collect
135 2197 151 2227 in
158 2198 186 2229 T.:

77 2239 91 2266 ic
98 2240 163 2278 insignis
169 2243 221 2272 hostia
226 2253 266 2281 puer
271 2243 365 2281 immolatus,
371 2244 420 2281 l-lugo
427 2243 457 2273 ccli
463 2244 514 2282 gloria
519 2245 562 2274 celse
567 2248 656 2280 coronatus,
662 2244 677 2274 Α
683 2245 737 2275 Iudeis

35 2276 97 2322 perfidis
104 2282 157 2310 martir
163 2282 246 2320 cruciatus,
253 2284 321 2314 Nostros
328 2284 384 2313 reddat
390 2284 457 2322 placitos
465 2285 529 2314 Christo
535 2284 622 2315 famulatus.
642 2284 661 2314 V.
668 2284 736 2315 Posuisti

35 2314 96 2346 domine
102 2327 151 2356 super
157 2330 170 2351 c
179 2322 217 2353 etus,

56 2353 101 2392 Deus
109 2365 135 2401 qui
142 2365 205 2397 beatum
212 2377 278 2406 puerum
287 2368 372 2406 llugouem
381 2369 460 2399 martirem
470 2373 518 2404 tuum,
526 2378 535 2398 a
542 2369 595 2398 ludcis
603 2369 618 2398 in
626 2369 737 2399 contumeliam

36 2402 51 2426 et
58 2400 156 2437 obprobrium
164 2406 224 2437 Christi
233 2409 287 2437 dilecti
296 2409 324 2437 filii
333 2408 356 2438 tui
365 2408 462 2446 crucifixum,
469 2408 531 2438 indiciis
539 2408 648 2439 miraculorum
657 2408 737 2439 honorare

36 2438 106 2487 1¹⁰¹¹¹l521t
117 2446 187 2476 concede
194 2447 242 2477 nobis
247 2448 307 2478 meritis
314 2448 348 2478 cius
357 2452 374 2478 et
383 2449 455 2486 precibus
465 2453 565 2486 pcccatorum
575 2448 638 2479 ueniam
647 2452 663 2478 et
671 2449 737 2486 gloriam

36 2483 149 2521 sempiternam,
156 2495 189 2523 per.

55 2516 60 2533 ⁷
67 2520 106 2565 'Aba
114 2523 154 2553 from
160 2526 188 2555 the
195 2527 253 2564 Magna
258 2528 294 2556 Vita
301 2528 322 2565 by
328 2528 385 2564 Adam,
393 2537 403 2557 a
409 2533 535 2565 contemporary,
542 2527 559 2556 in
566 2527 600 2557 1115,
609 2527 697 2565 Digby165
705 2528 736 2557 and

37 2552 80 2620 gaus
88 2559 127 2604 l31bl.
134 2571 178 2601 5575,
187 2566 211 2596 ed.
220 2566 241 2604 by
249 2567 260 2597 1.
270 2567 287 2597 F.
296 2567 368 2604 Dimock,
376 2567 426 2597 Rolls'
434 2569 469 2597 Ser.
477 2568 521 2604 1864,
528 2576 548 2597 an
556 2567 662 2598 abbreviation
672 2567 690 2597 ol
698 2567 709 2597 it
720 2567 736 2597 in

50 2603 66 2624 ez
76 2597 114 2631 Bibl.
124 2604 191 2635 ascetiea
199 2605 259 2637 Ratisb.
269 2608 494 2645 1733,K389,hligne153;
504 2608 572 2637 another
581 2607 608 2637 lise
617 2608 633 2636 in
642 2607 698 2637 Sun'us
707 2607 737 2638 Vl.

6 2652 7 2655 ¹
37 2634 472 2686 3⁸75ametritallilewasedbyDimock,Linc.rl360.
513 2647 559 2678 u«rur.
600 2647 731 2679 'Vitsociatus
