1762 2803
328 157 408 210 moue
423 154 539 217 treenta
555 152 648 216 auctir.

240 346 255 378 ii
268 336 301 378 Dr
312 352 382 376 seuero
395 335 495 376 Euwnnno
507 352 555 375 nane
567 352 589 375 ar
601 350 717 375 conrassona
722 340 734 374 ¹.

178 440 249 476 Loriosi
264 451 285 475 ac
300 440 335 474 deo
351 438 411 475 dilecti
428 440 485 484 Regis
499 439 586 475 Edwardi
601 439 656 475 vitam
672 437 737 474 litteris
750 437 838 480 tradituri,

120 491 122 494 ’
199 505 223 527 ex
238 493 300 528 verbis
315 493 417 527 beatissimi
434 493 484 527 Petri
498 493 623 537 apostolorum
638 491 727 537 principis
743 501 838 526 sumamus

137 547 243 590 exordium3
261 547 292 591 qui
305 546 416 580 centurionis
428 546 542 581 vocationem
556 546 654 588 admirans,
670 545 705 580 ait:
718 545 750 579 ‘In
762 544 839 579 veritate

137 600 218 643 comperi
226 601 269 643 quia
278 610 315 634 non
326 604 355 634 est
365 610 486 643 personarum
496 604 581 643 acceptor
591 600 642 641 deus,
651 599 684 633 sed
692 598 711 632 in
719 598 769 632 omni
777 603 839 642 gente,

119 652 168 696 aqui
181 652 233 687 timet
248 654 303 686 deum
317 657 335 686 et
348 657 436 696 operatur
447 651 542 692 iusticiam,
557 657 642 696 acceptus
655 656 683 686 est
695 651 732 685 illi)
755 651 777 685 In
789 650 839 684 omni

137 705 187 738 enirn
198 711 258 748 gente,
270 705 340 746 ordine,
351 706 409 748 gradu
421 709 439 738 et
451 704 539 748 dignitate
549 705 601 737 nouit
609 705 694 737 dommus
702 704 732 747 qui
741 709 783 737 sunt
793 703 838 744 eius,

137 764 155 790 et
171 758 268 792 miseretur
283 758 312 792 cui
326 758 410 800 voluerit,
424 763 442 791 et
457 757 602 790 misericordiam
617 762 687 801 prestat
701 756 719 789 in
733 767 788 801 quem
804 757 839 790 sibi

137 810 230 854 placuerit.
253 811 318 854 Neque
330 810 379 843 enirn
391 820 415 843 ex
426 809 455 843 sui
466 809 524 854 ipsius
536 814 600 843 natura
611 810 641 843 vel
652 815 752 853 paupertas
764 814 838 853 prestat,

136 862 166 897 vel
183 863 266 897 adimunt
283 861 351 905 diuitie,
367 862 493 905 sanctitatem3
513 873 547 896 nec
565 861 667 906 perfectum
683 861 789 905 obscuritas,
805 873 839 896 nec

111 932 129 953 10
137 917 236 958 reprobum
249 916 321 950 claritas
337 916 389 958 sacit;
404 927 438 949 nec
451 915 518 949 claudit
530 916 610 957 libertas,
623 926 656 949 nec
670 920 740 949 reserat
754 915 838 955 seruitus,

138 969 249 1012 paradisum.
280 968 353 1002 Primus
374 968 478 1012 patriarcha
496 968 591 1001 Abraham
610 973 628 1002 et
647 967 699 1001 diues
718 968 803 1002 scribitur
820 973 839 1001 et

137 1021 236 1064 perfectus,
249 1021 278 1054 cui
293 1022 340 1054 fides
352 1021 464 1054 admirabilis
477 1026 495 1054 et
508 1021 611 1053 obedientia
626 1020 731 1053 imitabilis⁹
742 1020 761 1053 in
777 1031 839 1054 rerum

138 1074 220 1108 omnium
236 1075 288 1119 copia
304 1074 412 1118 predicatur.
442 1074 514 1117 Ioseph,
530 1074 615 1108 dominus
631 1073 692 1118 Egipti
708 1073 839 1108 constitutusa

138 1137 186 1171 rege,
194 1127 280 1162 uniuerso
288 1127 328 1162 orbi
335 1127 408 1171 prebuit
416 1126 503 1161 castitatis
513 1127 624 1171 exemplum.
647 1128 726 1162 Sanctus
737 1127 769 1161 Iob
780 1127 839 1171 qualis

111 1180 156 1226 15tn
166 1180 233 1214 diuitiis
245 1180 304 1223 fuerit,
315 1191 378 1213 earum
388 1180 472 1223 probauit
483 1180 587 1223 adempti03
599 1191 655 1224 quem
665 1180 741 1214 morbus
752 1180 838 1224 corporis,

137 1233 232 1275 temptatio
244 1233 312 1274 uxoris,
324 1232 424 1266 amicorum
436 1232 549 1276 exprobatio,
557 1233 651 1276 spectabili
663 1232 749 1276 patientia
760 1233 839 1267 reddidit

137 1284 238 1318 clariorem.
262 1286 304 1318 Rex
316 1285 381 1325 Dauid,
393 1296 429 1328 quo
441 1296 496 1318 nemo
508 1284 566 1326 ditior,
578 1286 611 1318 sed
623 1295 677 1318 nemo
689 1285 790 1327 sanctior³3
802 1296 844 1328 quo.

138 1337 199 1371 nullus
207 1337 307 1378 sublimior,
316 1338 349 1371 sed
358 1337 444 1371 humilior
455 1337 526 1379 nullus,
539 1342 557 1372 et
567 1337 616 1372 inter
623 1338 720 1372 thezauros
731 1337 839 1373 innumeros

137 1390 231 1433 sepelitur,
246 1394 264 1424 et
279 1390 327 1424 inter
341 1390 371 1423 dei
386 1390 455 1424 amicos
470 1389 536 1424 ceteris
554 1390 621 1434 gratior
636 1395 756 1434 computatur.
780 1390 839 1425 Nemo

111 1461 130 1483 20
138 1443 216 1488 proinde
226 1443 302 1477 miretur
311 1442 327 1476 si
337 1449 401 1477 noster
411 1444 514 1477 Edwardus
522 1448 540 1477 et
547 1455 581 1477 rex
593 1444 663 1478 dicatur
671 1449 688 1477 et
696 1449 775 1486 sanctus,
784 1456 838 1488 quem

138 1496 230 1530 cernimus
242 1502 260 1530 et
270 1496 301 1530 in4
313 1496 381 1530 diuitiis
392 1507 477 1540 egenum,
488 1501 507 1530 et
518 1496 537 1530 in
549 1497 619 1531 deliciis
630 1497 718 1539 sobrium,
728 1497 746 1530 in
757 1508 839 1541 purpura

137 1548 232 1591 humilem,
242 1554 260 1583 et
269 1550 303 1584 sub
314 1560 381 1583 corona
392 1560 448 1583 aurea
459 1549 523 1583 mundi
535 1555 685 1594 contemptorem.
730 1543 780 1585 Cum
789 1551 839 1586 enim

138 1613 171 1637 rex
180 1602 290 1636 Etlrelredus
299 1613 322 1636 ex
330 1602 367 1636 filia
375 1603 446 1636 comitis
451 1603 527 1636 Thoreti
534 1603 592 1637 filiurn
600 1603 713 1647 suscepisset
721 1604 839 1638 Edmundum

139 1660 261 1697 cognomento
280 1654 430 1695 Ferreum-latus,
449 1665 473 1687 ex
491 1654 554 1697 regina
569 1660 631 1688 autem
646 1655 712 1688 Emma
730 1655 839 1699 Aluredum,

112 1720 130 1749 ²5
139 1707 203 1740 beatus
215 1707 317 1740 Edwardus
327 1706 375 1739 intra
381 1707 452 1740 viscera
462 1713 545 1740 materna
555 1708 651 1741 conclusus
663 1707 755 1750 prefertur
762 1708 840 1753 Vtrique,
860 1738 862 1741 .

139 1765 205 1803 agente
217 1771 238 1793 eo
250 1760 281 1803 qui
292 1760 353 1793 omnia
365 1765 451 1803 operatur
461 1761 563 1794 secundum
577 1760 674 1794 consilium
687 1760 785 1794 voluntatis
801 1773 839 1803 sue,

138 1812 170 1856 qui
182 1813 285 1846 dominatur
295 1813 314 1846 in
326 1823 384 1856 regno
396 1813 496 1853 hominum,
508 1818 526 1846 et
538 1813 639 1857 cuicunque
653 1813 735 1854 voluerit,
747 1814 778 1848 dat
790 1814 839 1849 illud.

140 1865 169 1898 Fit
177 1866 226 1899 enim
236 1876 297 1900 coram
309 1876 353 1909 rege
363 1876 441 1910 magnus
452 1876 549 1910 procerum
561 1872 579 1900 et
590 1867 719 1910 episcoporum
732 1872 839 1908 conuentus,

139 1923 157 1952 et
165 1918 207 1962 quia
217 1919 253 1952 ianr
264 1919 324 1953 future
333 1919 393 1953 cladis
400 1919 478 1953 indiciafi
487 1930 532 1953 seua
541 1924 674 1962 precesserant,
684 1919 743 1962 agitur
750 1919 799 1954 inter
807 1932 840 1955 eos

111 1985 130 2014 30
139 1972 162 2005 de
176 1972 228 2015 regni
240 1977 288 2005 statu
299 1976 392 2006 tractatus.
414 1972 452 2005 Alii
464 1983 508 2006 vero
525 1972 648 2015 Edmundum,
662 1972 685 2006 ob
699 1972 840 2009 inuictissimum

139 2024 194 2057 robur
202 2024 288 2068 corporis,
301 2024 387 2057 estimant
398 2025 538 2068 preferendum
551 2025 586 2067 alii,
598 2026 620 2057 ob
631 2025 717 2058 virtutem
726 2025 840 2060 Normanno-

140 2087 186 2118 rum,
199 2076 301 2111 Aluredum
317 2077 463 2120 promouendum
478 2076 535 2112 tutius
548 2076 663 2112 arbitrantur.
687 2076 724 2111 Sed
738 2077 840 2114 futurorum

139 2129 221 2163 omnium
229 2130 318 2174 prescius,
327 2129 393 2173 prioris
401 2129 529 2165 breuissimam
537 2130 599 2173 vitam,
607 2129 681 2171 alterius
689 2135 768 2165 mortem
776 2130 840 2166 imma-

138 2188 198 2217 turam
217 2184 336 2227 prospiciens,
352 2183 371 2216 in
386 2194 465 2227 puerum
480 2185 559 2217 necdum
576 2189 640 2217 natum
655 2184 784 2218 uniuersorum
798 2190 840 2219 vota

111 2249 129 2279 35
139 2236 233 2269 conuertit.
256 2236 313 2270 Vtero
328 2237 387 2270 adhuc
400 2236 490 2270 clauditur
505 2241 523 2270 et
538 2236 557 2270 in
572 2247 636 2280 regem
648 2246 695 2281 puer
707 2236 789 2280 eligitur:
802 2249 840 2272 non

138 2294 198 2331 natus,
213 2289 261 2323 natis
280 2288 377 2333 prefertur,
389 2295 408 2324 et
424 2301 479 2334 quem
496 2291 575 2324 necdum
594 2296 644 2324 terra
662 2295 773 2334 susceperat,
791 2296 840 2326 terre

139 2343 224 2375 dominus
239 2343 357 2386 designatur:
375 2348 393 2376 et
408 2343 439 2376 leti
454 2354 541 2387 proceres
557 2348 692 2377 sacramentum
707 2343 800 2377 fidelitatis
813 2345 840 2378 illi

138 2394 204 2431 iurant,
220 2395 251 2438 qui
265 2400 327 2429 vtrum
342 2400 449 2430 nasceretur
461 2396 552 2440 ignorant.
576 2396 632 2430 Paulo
648 2397 709 2439 itaque
721 2401 762 2439 post
776 2397 840 2431 natiui-

139 2453 195 2481 tatem
207 2448 265 2481 sancti
276 2448 362 2481 Edwardi
372 2449 484 2482 irruentibus
492 2449 510 2481 in
518 2449 605 2493 Angliam
615 2449 702 2490 barbaris,
711 2449 840 2489 etmaximam

159 2531 164 2549 ¹
174 2532 215 2561 This
221 2532 234 2561 is
241 2533 269 2562 the
274 2533 310 2562 Vita
315 2533 379 2562 written
386 2533 407 2570 by
414 2533 470 2563 Ailred
478 2534 587 2571 Rieuallensis,
595 2535 644 2564 edin
653 2533 708 2563 Surius
716 2533 762 2572 (from
770 2533 840 2574 Capgr.),

138 2570 173 2601 Act.
182 2572 210 2602 SS.
219 2572 260 2602 Boll.
273 2573 305 2602 lan.
317 2573 329 2603 1.
341 2582 356 2610 p.
369 2583 404 2610 293,
415 2574 446 2603 and
457 2574 474 2603 in
485 2574 566 2611 Twysden
576 2575 614 2605 Dec.
627 2574 684 2610 Script.
691 2574 721 2610 369
732 2573 785 2612 (fuller
793 2576 839 2614 text).

139 2610 145 2628 ²
155 2610 190 2640 Sur.
199 2611 299 2643 inimitabilis.
351 2619 356 2628 “
367 2612 383 2642 S.
392 2617 408 2642 et
414 2622 427 2643 s.
478 2613 483 2631 ¹
494 2623 524 2643 om.
533 2614 549 2642 in
557 2614 574 2644 S.
634 2615 640 2631 ⁵
650 2614 668 2643 E.
677 2613 738 2645 iudicia.
