1762 2803
103 124 166 177 -654
385 120 508 180 stupentia
526 122 557 166 ΙΙ.

121 242 165 286 sinit,
175 243 233 276 locum
243 253 317 276 vacuum
326 242 406 286 repperit,
414 255 433 277 se
445 243 519 278 derisum
530 244 609 279 intumuit
622 256 643 279 ac
654 247 718 280 doluit:
732 249 824 292 statimque

122 293 201 327 clientem
216 293 295 326 iuuenem
311 303 355 336 equo
367 294 473 327 velocissimo
488 305 519 336 pro
535 295 607 329 veritate
622 295 693 329 scienda
708 298 730 330 ad
745 305 824 333 sanctum

122 344 234 376 Edmundum
247 343 305 384 dirigit
314 349 331 375 et
343 343 448 376 transmittit.
472 345 506 386 Qui
517 345 587 377 veniens
599 346 622 378 acl
636 346 692 378 locum
705 352 722 378 et
734 348 823 383 ecclesiam

122 392 192 432 intrans,
204 391 280 426 vinctum
295 392 360 425 ibidem
371 399 397 425 set
412 393 486 426 solutum
501 395 529 427 dei
544 395 606 437 gracia,
619 395 702 438 conspicit
717 401 734 429 et
748 397 823 438 miratur,

104 451 112 481 5
121 444 211 477 laudantes
216 441 348 487 circumquaque
353 443 400 478 audit
406 449 424 477 et
431 443 483 485 uidet,
492 450 509 478 et
517 445 584 479 vincula
591 445 645 478 ferrea
654 445 747 487 cognoscit.
767 447 823 482 Timet

122 494 206 537 siquidem
221 499 239 527 et
253 493 297 535 silet,
312 492 449 538 verecundiaque
464 496 541 538 repulsus
556 495 627 528 domum
643 495 692 537 redit,
705 502 767 540 etque
782 498 824 532 vidit

122 544 193 578 domino
201 554 232 577 suo
239 549 303 577 narrat.
326 544 402 578 Clericus
413 544 465 588 igitur
474 546 499 579 sic
507 546 600 587 conuictus,
607 546 635 579 dei
643 546 700 588 gracia
707 546 752 580 redit
759 548 781 580 ad
790 557 824 588 cor,

123 595 194 636 exurgit,
202 605 265 636 equum
276 595 359 636 ascendit,
368 601 385 627 et
394 596 427 627 hac
438 601 455 627 et
463 596 501 627 illac
509 596 569 628 amicis
578 596 614 628 eius
624 596 731 638 coeuntibus,
739 596 824 630 oracionis

122 643 155 677 iter
162 643 269 686 aggreditur;
281 649 297 677 et
306 644 394 687 presencie
402 644 504 678 sanctissimi
513 645 558 687 regis
567 645 655 679 Edmundi
663 644 760 688 appropiat,
768 656 824 687 genua

95 703 114 724 10
122 694 180 734 flectit,
192 695 242 728 offert
254 701 271 728 et
284 700 326 727 orat.
348 695 428 727 Tandem
440 701 518 737 patenter
531 695 572 728 satis
582 706 601 728 se
617 694 708 727 humilians
720 701 737 727 et
750 696 824 730 rehumi-

122 744 171 785 lians,
180 753 214 776 una
222 754 261 777 curn
269 744 370 776 homunculo
379 744 435 776 soluto
442 750 460 776 et
467 754 507 776 cum
514 750 551 777 tota
556 745 628 778 ecclesia
639 754 690 788 super
697 744 756 778 audito
763 750 780 778 et
787 745 824 779 viso

122 793 204 827 miraculo
211 795 309 835 gratulatur,
317 800 335 827 et
342 794 428 838 deumque
435 794 495 828 suum¹
503 795 615 829 Edmundum
625 796 685 829 laudat
696 801 713 829 et
721 796 824 838 magnificat.

124 844 243 888 Magnificetur
255 844 305 888 igitur
317 850 334 878 et
346 844 467 887 multiplicetur
479 846 534 880 sancti
546 846 635 879 Edmundi
646 846 706 889 gloria,
716 847 759 887 laus,
771 846 824 880 virtus

123 902 140 929 et
147 895 234 936 memoria,
242 895 260 928 in
268 895 326 928 secula
333 896 432 928 seculorum.

123 1024 154 1055 DE
164 1030 233 1055 MORTE
244 1030 378 1064 PREDANCIUM,
386 1030 411 1055 ET
422 1030 447 1056 DE
455 1029 532 1056 DUOBUS
541 1030 680 1057 lnenneuuarls
688 1030 725 1057 PER
734 1032 824 1058 SANCTUM

173 1073 293 1107 EDMUNDUM
303 1080 327 1106 ET
337 1080 427 1107 SANCTUM
438 1075 526 1106 THOMAM
536 1081 549 1106 A
561 1081 652 1107 UINCULIS
662 1082 769 1107 LIBERATIS.

97 1153 114 1184 15
128 1147 165 1222 H
172 1147 230 1180 Enrici
235 1148 280 1189 regis
288 1154 365 1189 tempore
373 1146 463 1180 dimicacio
469 1157 533 1188 magna
539 1153 556 1180 et
562 1146 640 1179 miranda
646 1145 690 1179 inter
696 1146 752 1189 ipsum
759 1153 775 1180 et
781 1148 824 1180 filios

186 1207 231 1238 suos,
235 1208 285 1239 reges
290 1198 346 1230 Gallie
351 1204 368 1230 et
374 1197 439 1238 Scocie,
446 1197 526 1229 comitem
531 1196 617 1237 Flandrie,
623 1202 639 1229 et
647 1196 726 1230 comitem
733 1197 824 1238 Hugonem

124 1246 193 1289 Bigoth,
205 1252 222 1279 et
237 1248 280 1280 alios
292 1247 362 1281 comites
375 1253 392 1280 et
403 1247 477 1279 barones
489 1252 547 1279 exorta
558 1246 594 1286 fuit,
608 1252 624 1280 et
636 1253 696 1280 exacta
708 1246 768 1289 patuit.
791 1248 825 1280 Hic

125 1297 183 1341 itaque
190 1307 219 1330 rex
224 1297 309 1331 Henricus
318 1298 364 1331 solus
372 1303 431 1331 contra
439 1308 498 1331 omnes
506 1297 591 1341 predictos
598 1302 615 1331 et
623 1297 712 1331 dimicauit
720 1303 737 1331 et
746 1297 823 1332 conuicit.

126 1349 182 1382 Huius
194 1347 312 1382 dimicacionis
324 1349 393 1382 exordio
404 1348 439 1382 iam
450 1348 542 1391 pululante,
552 1349 603 1391 Hugo
616 1348 667 1391 Bigot
676 1348 735 1383 comiti
744 1349 825 1385 Flandrie

98 1400 195 1433 renuncies
207 1399 258 1439 misit,
267 1410 329 1442 rogans
340 1410 379 1432 eum
387 1398 468 1442 quatinus
479 1398 525 1432 uiros
536 1399 633 1439 bellatores,
643 1395 743 1441 predatores
754 1411 825 1440 rapaces

124 1456 141 1481 et
148 1450 240 1490 maleficos,
249 1450 281 1481 sibi
289 1450 374 1481 remittere
381 1450 484 1488 dignaretur.
508 1449 570 1480 Comes
578 1447 629 1490 igitur
636 1448 692 1490 populi
700 1449 825 1481 multitudinem

124 1498 176 1532 cicius
189 1499 205 1532 ei
218 1499 317 1533 transmisit.
341 1499 375 1540 Qui
388 1498 468 1541 Angliam
483 1498 561 1540 ingressi,
574 1498 606 1531 sub
621 1498 729 1541 proteccione
746 1499 825 1541 Hugonis

124 1548 187 1591 Bigoth
195 1550 228 1582 hac
235 1555 252 1583 et
260 1550 299 1582 illac
306 1551 376 1590 irruunt,
384 1550 457 1591 rapiunt,
465 1550 564 1592 predantur,
572 1556 588 1582 et
597 1550 681 1583 occidunt.
705 1550 752 1583 Inter
760 1555 825 1583 tantam

125 1598 251 1633 multitudinem
259 1600 354 1643 iniquorum
366 1610 422 1633 comcs
431 1600 500 1643 quidam
509 1600 602 1633 Leicestrie
612 1599 719 1642 preminebat
729 1606 747 1633 et
754 1604 825 1642 preerat,

99 1665 116 1694 25
126 1651 154 1693 qui
162 1651 190 1683 die
198 1651 273 1691 quodam
284 1650 375 1691 inportuno
387 1660 426 1682 cum
436 1649 483 1681 omni
494 1651 569 1682 exercitu
581 1660 611 1682 suo
618 1650 728 1692 rapidissima
738 1651 826 1683 ferocitate

125 1710 156 1741 per
166 1705 224 1741 portas
236 1700 290 1732 sancti
300 1699 387 1731 Edmundi
396 1699 441 1741 regis
450 1699 504 1731 incliti
512 1700 583 1731 transire
594 1700 658 1731 studuit
668 1706 685 1732 et
696 1700 767 1740 ingredi,
775 1699 826 1731 mali·

124 1759 191 1792 gneque
199 1749 293 1792 temptauit.
317 1749 348 1782 Cui
356 1748 387 1781 viri
396 1748 451 1782 sancti
459 1748 547 1781 Edmundi
555 1759 594 1782 cum
602 1749 654 1782 armis
662 1755 774 1792 occurrentes,
788 1759 826 1793 per·

125 1801 198 1841 cuciunt,
206 1800 301 1841 vulnerant,
309 1800 384 1844 capiunt,
392 1805 410 1833 et
421 1800 506 1832 occidunt.
529 1800 592 1842 Sicque
600 1800 627 1834 vix
634 1801 676 1834 hore
684 1800 733 1834 unius
741 1801 826 1834 breuitate

125 1852 192 1885 comitis
204 1857 221 1884 et
232 1851 278 1884 mille
289 1852 391 1884 bellatorum
402 1857 419 1884 et
431 1850 540 1892 predatorum
551 1861 623 1892 corpora
634 1861 674 1884 eum
685 1862 706 1883 eo
717 1856 757 1883 ante
769 1856 825 1893 portas

98 1917 118 1944 30
126 1903 180 1934 sancti
191 1901 279 1933 Edmundi
290 1901 379 1941 cecidere,
390 1900 450 1942 reliqui
461 1910 506 1942 vero,
518 1901 580 1943 quibus
592 1901 626 1933 vita
638 1901 694 1934 breuis
705 1901 779 1938 fauebat,
790 1898 825 1941 qui·

125 1952 166 1983 dam
180 1951 230 1993 capti,
243 1951 312 1992 quidam
325 1951 349 1983 ad
361 1952 441 1983 feretrum
453 1950 507 1983 sancti
521 1950 609 1984 Edmundi
623 1950 741 1993 confugientes
754 1954 826 1983 mortem

125 2001 189 2036 vitasse
201 2002 312 2044 congratulati
324 2007 368 2035 sunt.
390 2002 429 2035 Hec
440 2000 529 2035 audientes
540 2006 558 2035 et
569 2000 684 2043 intelligentes
692 2002 744 2034 deum
752 2007 769 2034 et
777 2011 827 2033 sanc-

125 2058 161 2085 tum
171 2052 282 2085 Edmundum
292 2052 366 2093 laudent,
374 2051 479 2085 admirantes
489 2056 525 2084 tam
536 2062 600 2094 paucos
610 2057 668 2084 tantos
679 2057 697 2085 et
708 2057 733 2085 tot
744 2050 827 2094 superbos

126 2103 143 2136 in
151 2109 238 2136 momento
245 2102 348 2136 destruxisse
356 2108 373 2134 et
381 2102 495 2135 adnichilasse
502 2105 505 2135 t
523 2104 543 2134 ln
551 2102 634 2144 sanguine
642 2102 693 2145 igitur
701 2103 827 2135 interfectorum

99 2167 118 2195 35
126 2153 209 2194 profundo
221 2153 252 2184 sub
260 2163 351 2194 corporum
359 2159 416 2193 strage
424 2152 495 2193 quidam
502 2152 586 2184 vulnerati
597 2157 614 2184 et
625 2151 735 2191 semimortui,
743 2156 761 2183 vt
772 2147 826 2182 timidi

126 2207 199 2234 mortem
210 2201 332 2243 confingentes,
344 2212 397 2244 vsque
408 2202 431 2234 ad
442 2202 497 2234 noctis
508 2202 626 2243 crepusculum
637 2203 727 2234 latuerunt.
751 2200 827 2241 Quorum

127 2253 160 2285 duo
168 2257 208 2285 vota
220 2251 257 2292 deo,
270 2257 329 2285 sancto
341 2253 434 2285 Edmundo
446 2257 463 2285 et
475 2257 535 2286 sancto
547 2252 613 2285 Thome
624 2250 753 2294 archiepiscopo
765 2250 827 2283 deuote

127 2301 217 2334 uouentes²
225 2302 304 2343 quatinus
312 2313 322 2334 a
330 2303 388 2335 mortis
399 2303 474 2344 periculo
485 2302 604 2342 liberarentur,
612 2300 756 2344 peregrinacionis
764 2305 781 2333 et
789 2308 827 2331 ora·

127 2352 180 2386 clerus
195 2351 227 2384 iter
239 2362 289 2384 suurn
304 2352 414 2393 arripuerunt,
428 2353 508 2394 viamque
523 2358 569 2384 terra
583 2352 639 2384 aliena
655 2357 672 2384 et
686 2350 746 2383 odibili
760 2349 828 2391 penitus

98 2413 118 2441 40
126 2403 229 2444 ignorantes,
240 2401 371 2442 hominibusque
382 2400 479 2443 propalari³
490 2401 646 2441 contremiscentes,
657 2400 749 2433 errabundi
761 2404 778 2431 et
788 2395 828 2438 vagi

125 2451 244 2494 a[rn]bierunt.
267 2450 379 2493 Tandemque
390 2450 441 2492 capti,
449 2450 521 2482 vinculis
531 2450 590 2483 ferreis
602 2450 708 2493 grauioribus
720 2449 793 2482 inierunt
802 2446 827 2488 (l),

126 2503 204 2546 fameque
214 2506 231 2535 et
243 2500 301 2535 inedia
311 2502 388 2543 corporis
398 2500 527 2543 ingrauescente
539 2511 578 2534 cum
589 2511 658 2534 carcere
671 2502 744 2533 obscuro
757 2498 800 2531 duro
811 2501 828 2529 et

176 2589 181 2607 ¹
195 2601 208 2615 ε
218 2589 264 2619 deum
271 2598 348 2628 suumque.
437 2588 444 2608 ²
455 2588 488 2618 MS.
496 2588 567 2619 ioueutcs.
635 2589 641 2606 ³
651 2588 685 2618 MS.
692 2586 777 2627 propalare.
