1762 2803
85 145 87 151 ,
108 114 151 170 596
371 108 494 170 detenuit
512 110 544 154 ΙΙ.

106 234 157 267 inicia
165 232 268 274 premiorum
276 233 298 265 de
305 242 358 264 manu
366 231 431 263 domini
439 231 525 272 dupplicia
531 230 607 272 [sortitus
615 229 655 273 est],
661 232 723 264 stolam
730 231 808 268 videlicet

107 281 197 326 duplicem,
209 281 266 315 anime
276 281 398 315 beatitudinem
408 287 425 314 et
438 281 514 323 corporis
526 280 683 324 incorrupcionem3
697 291 729 324 que
740 281 809 322 quidem

106 333 134 368 hic
148 332 227 368 in‘ciatur
240 338 266 367 set
279 332 364 366 insutum
378 331 528 374 consummabitur,
540 331 580 375 quia
592 331 620 366 hic
632 333 661 366 dat
675 332 717 365 deus
731 339 809 368 sanctum

106 394 156 418 suum
169 384 280 417 Edmundum
288 393 322 416 non
331 383 388 416 videre
398 383 531 425 corrupcionem,
539 382 562 416 ibi
572 383 643 416 daturus
650 382 708 416 videre
718 382 809 425 gloriosam

89 440 97 468 5
106 440 123 468 et
130 434 246 477 plenissimam
253 433 290 467 eius
297 434 387 466 visionem.

137 523 167 555 DE
178 522 266 555 AILthto
279 526 374 555 MONACHO
388 528 414 553 AD
427 528 537 555 CUSTODIAM
550 528 617 555 sancii
630 522 727 554 EDMUNDI
741 528 778 554 PER

338 578 446 606 EPISCOPUM
458 579 583 606 CONSTITUTO.

128 667 238 699 Fxmmm
246 666 266 699 de
273 667 310 699 Hel
350 643 463 717 pRocessu
483 643 566 685 temporis
587 642 632 676 circa
651 642 739 675 martirem
757 644 810 685 tepuit

135 693 145 700 ⁴
305 677 324 709 y*
407 693 506 725 clericorum
518 692 594 731 deuocio,
602 702 634 724 nec
644 692 685 726 satis
697 692 760 732 debite,
768 692 810 727 sicut

108 744 191 784 solebant,
198 742 251 784 ipsius
258 742 313 774 sancti
319 743 406 776 beneficiis
414 742 550 785 respondebant:
562 748 579 775 et
586 742 648 775 iccirco
656 741 746 785 episcopus
754 741 810 777 dioce-

108 804 160 827 sanus
170 793 256 835 quendam
267 793 316 826 valde
324 793 422 835 religiosum
433 799 450 826 et
462 794 533 826 honeste
543 793 578 825 vite
588 793 692 825 monachum
700 793 811 837 Aeylwynum

82 848 100 871 10
109 843 176 877 nomine
184 842 201 876 in
210 843 292 885 obsequio
300 842 403 876 sanctissimi
411 843 456 885 regis
463 849 481 877 et
489 842 563 876 martiris
576 842 669 883 Edtnundi,
677 842 727 885 quasi
735 853 766 875 suo
774 844 811 876 loco

109 900 126 928 et
136 895 173 927 vice
185 894 242 934 ipsius,
254 893 350 925 ministrum
364 895 427 926 bonum
439 899 491 934 atque
506 894 596 925 custodem
610 893 695 924 ordinauit
706 899 723 924 et
735 892 811 933 instituit,

108 943 154 976 circa
161 952 225 975 annum
233 942 290 974 dcccc.
296 941 337 975 xcix.
353 943 439 984 Sanspson
446 942 481 974 abb.
488 941 493 960 ¹
513 942 547 974 Hic
552 942 574 974 ob
580 942 658 974 ardorem
666 941 729 974 amoris
736 942 810 983 precipui

108 1004 142 1036 quo
154 998 200 1025 totus
211 991 228 1024 in
240 996 318 1024 sanctum
330 992 357 1025 dei
369 991 462 1034 flagrabat:
475 992 519 1024 circa
530 993 627 1034 sepulcrum
639 991 675 1025 eius
688 991 715 1024 die
726 998 811 1034 noctuque

109 1044 177 1077 sedulus
192 1042 292 1076 excubabat,
315 1042 346 1075 Cui
362 1043 416 1076 eciam
431 1054 469 1076 mos
484 1042 577 1076 inoleuerat
592 1049 611 1076 vt
625 1043 654 1084 pia
669 1047 725 1075 motus
740 1043 811 1076 audacia

82 1098 100 1129 Ι5
109 1094 228 1127 intemeratum
241 1103 302 1134 corpus
316 1093 352 1125 eius
364 1093 414 1125 certis
426 1093 491 1126 vicibus
503 1104 548 1135 aqua
559 1093 636 1135 dilueret,
648 1092 717 1135 pectine
729 1093 811 1126 cesariem

109 1149 230 1186 componeret;
247 1143 341 1176 defluentes
354 1144 424 1185 capillos
439 1144 456 1176 in
468 1143 526 1185 pixide
539 1144 640 1184 diligencius
653 1143 753 1175 recondens.
777 1143 811 1176 Hic

109 1195 179 1235 insuper
185 1197 235 1225 tanta
242 1192 333 1225 dulcedine
341 1192 440 1226 dileccionis
452 1204 462 1225 a
473 1198 533 1225 sancto
542 1193 632 1225 fouebatur
639 1193 733 1225 Edmundo
744 1198 812 1235 propter

109 1244 152 1276 mire
162 1241 260 1275 deuocionis
270 1241 391 1282 sinceritatem,
399 1249 418 1275 ut
425 1253 455 1285 per
466 1250 567 1275 noctumam
577 1243 708 1283 reuelacionem,
717 1254 760 1286 pene
771 1253 811 1287 quo-

110 1294 157 1327 ciens
164 1294 220 1333 vellet,
226 1292 241 1325 ei
250 1293 393 1335 confabularetur,
398 1295 487 1336 presertim
494 1294 563 1337 quando
571 1304 601 1335 pro
609 1294 736 1327 calamitatibus
741 1293 812 1327 diuersis

83 1351 102 1371 ²⁰
110 1355 149 1378 eum
157 1344 264 1385 interpellare
272 1343 365 1376 consueuit.

149 1427 179 1457 Du
189 1431 336 1457 Tnnnsnnctonn
348 1431 414 1456 sineri
426 1425 522 1457 EDMUNDI
534 1430 561 1456 ns
572 1425 778 1457 Broomcrssuuonrnn

371 1482 398 1506 m)
410 1473 551 1516 Lonnoulmnl

305 1544 346 1577 Nno
361 1544 383 1577 ab
398 1542 518 1577 incarnacione
533 1543 598 1577 domini
615 1544 712 1578 Millesimo.
727 1548 757 1583 x⁰.,
773 1549 813 1578 eta

328 1593 813 1638 passionesanctiEdmundicxl'.‚comesquidamnobilis
854 1628 856 1634 ,

112 1646 201 1677 Danorum
213 1644 299 1677 Turkillus
312 1645 387 1684 nomine,
399 1645 452 1678 multo
465 1645 537 1686 stipatus
549 1644 617 1685 agmine
629 1646 675 1687 apud
688 1645 813 1687 Gippeswicum

111 1694 197 1737 applicuit,
202 1699 219 1726 et
227 1703 258 1736 per
264 1699 318 1727 totam
325 1693 432 1736 Estangliam
439 1693 538 1733 discurrere,
544 1694 606 1735 predas
614 1705 669 1736 agere,
675 1694 724 1728 villas
733 1704 813 1733 cremare,

68 1767 69 1770 η
84 1753 102 1784 25
111 1751 127 1779 et
142 1744 220 1778 homines
235 1744 325 1778 crudeliter
339 1754 374 1777 non
389 1744 467 1778 cessabat
482 1744 571 1778 trucidare.
598 1745 667 1778 Deinde
682 1745 704 1778 ad
716 1745 772 1778 locum
786 1743 813 1787 qui

111 1796 172 1829 dicitur
185 1794 293 1837 Ringemere,
302 1794 330 1827 vbi
338 1794 448 1828 Vlfketellum
460 1796 521 1828 ducem
533 1796 622 1837 Estanglie
632 1796 712 1837 cognouit
723 1795 814 1829 exercitum

111 1846 193 1879 aduersus
208 1844 255 1878 illum
270 1855 389 1887 congregasse,
402 1844 479 1887 perrexit,
493 1852 510 1879 et
525 1846 586 1878 durum
601 1856 641 1879 cum
656 1856 677 1879 eo
689 1845 762 1888 prelium
778 1844 815 1887 ,iijs

111 1895 161 1928 nonis
174 1894 216 1927 Maii
228 1895 319 1928 commisit.
349 1895 409 1928 Tercio
421 1895 513 1936 congressi,
524 1895 598 1928 maxima
609 1901 666 1937 strage
679 1894 765 1937 profligati
777 1900 814 1927 sunt

111 1946 168 1985 Angli.
190 1944 292 1976 Vlsstetellus
300 1954 340 1975 vero
348 1944 369 1976 de
380 1945 417 1976 loco
428 1944 445 1975 in
456 1945 512 1976 locum
523 1944 604 1984 fugiendo
615 1944 723 1984 delitescens,
731 1955 761 1986 spe
769 1953 814 1977 vana

85 2000 104 2030 32
112 1993 162 2027 celari
170 1992 266 2034 suspicatus
274 1998 304 2034 est,
313 2003 353 2026 nam
363 1998 482 2035 perscrutatus,
491 1999 597 2035 prosecutus,
606 2000 622 2026 et
634 1996 767 2038 comprehensus
777 2004 814 2037 per-

111 2049 179 2087 emptus
190 2048 221 2077 est.
244 2043 292 2077 Adeo
304 2054 371 2087 quoque
382 2042 413 2078 fuit
424 2042 452 2077 illa
463 2043 562 2086 persecucio
572 2047 662 2087 generalis,
670 2052 688 2078 vt
697 2057 729 2079 nec
740 2043 815 2078 cenobiis

113 2094 181 2135 quidem
196 2104 228 2127 nec
243 2093 296 2127 sacris
311 2094 372 2127 edibus
384 2094 441 2137 aliqua
452 2094 538 2136 religionis
553 2096 700 2139 contemplacione
713 2100 815 2139 parceretur.

113 2145 163 2185 Quod
171 2143 268 2185 Aeyluinus
276 2144 370 2177 monachus
378 2144 521 2184 animaduertens,
528 2152 544 2177 et
552 2146 666 2179 attrocitatem
673 2146 753 2179 indomite
760 2144 815 2186 gentis

113 2192 202 2235 pauitans:
215 2193 304 2234 presertim
313 2203 352 2225 cunt
360 2198 376 2226 et
384 2192 428 2226 ³hoc
436 2199 506 2227 sanctus
512 2194 613 2235 hortaretur,
620 2207 690 2238 capsam
697 2207 736 2228 cum
745 2204 815 2237 corpore

85 2249 104 2280 55
113 2241 187 2276 martiris
193 2247 289 2275 reuerenter
295 2241 380 2284 excipiens
386 2248 403 2275 et
409 2253 459 2284 super
464 2242 521 2284 bigam
526 2254 598 2285 ponens,
603 2256 635 2287 per
639 2246 725 2279 anfractus
731 2250 815 2277 tortuosos

113 2298 130 2326 et
143 2292 194 2325 calles
206 2291 266 2325 deuios
277 2303 336 2325 versus
349 2292 456 2326 Londoniam
468 2294 554 2335 profectus
565 2300 601 2336 est3
617 2296 674 2329 clerici
685 2303 743 2330 tamen
754 2294 772 2328 in
785 2303 815 2325 suo

113 2346 151 2377 loco
159 2348 293 2385 permanserunt.
316 2342 327 2372 l
338 2343 416 2385 Cumque
424 2343 455 2376 iter
462 2349 521 2386 ageret
533 2345 591 2387 sepius
598 2356 609 2378 a
616 2351 664 2388 tergo
674 2345 772 2388 respiciens,
780 2343 816 2376 sole

112 2400 172 2427 ruente
183 2393 258 2435 quadam
271 2392 298 2425 die
311 2393 334 2425 ad
345 2393 416 2425 domum
429 2393 519 2426 cuiusdam
532 2395 621 2436 presbiteri
636 2396 706 2429 nomine
719 2392 815 2431 Eadbrihti,

112 2444 166 2487 patris
177 2443 245 2475 Alsuini
257 2442 324 2476 abbatis
336 2443 422 2485 Ramesie,
433 2444 507 2486 diuertit,
519 2451 536 2478 ct
549 2445 613 2478 ibidem
627 2446 723 2488 hospicium
735 2454 774 2477 cum
785 2452 815 2475 sna

132 2515 138 2532 ¹
149 2515 172 2545 Cf.
182 2514 215 2545 MS⁴
223 2514 254 2545 Tit.
262 2514 288 2545 sol.
296 2513 320 2544 86.
413 2514 419 2533 ²
430 2515 453 2545 Cf.
463 2515 496 2546 MS.
504 2516 534 2547 Tit.
542 2516 569 2546 sol.
576 2516 608 2557 89¹²,
616 2518 666 2548 where
673 2518 703 2548 this
711 2517 771 2547 follows
778 2514 815 2544 aster

112 2554 175 2586 Sivein's
181 2555 245 2584 murder.
305 2553 312 2574 ⁸
323 2553 353 2583 Tit.
361 2554 386 2584 ad.

115 1569 201 1611 Sanusne
208 1565 271 1601 abbas.²
