1762 2803
101 158 103 164 '
143 164 188 216 674
409 157 533 218 duumuir
550 159 582 204 ll.

142 279 223 314 abbatem
231 285 248 313 et
256 281 350 314 monachos
358 280 375 314 in
383 286 455 324 utraque
463 281 510 314 curia
518 278 603 322 angli[c]a
610 285 627 314 et
635 279 652 313 in
660 279 707 313 curia
715 290 786 313 romana
794 280 846 314 variis

143 330 228 372 dampnis,
235 330 364 373 grauaminibus
371 337 388 365 et
397 332 477 375 expensis
485 342 537 374 supra
548 331 618 365 modum
626 330 733 373 inquietauit.
757 330 846 373 (Primam

140 380 245 424 graaamea)
258 382 316 415 Primo
329 382 375 416 enim
389 383 437 416 finxit
448 383 530 416 abbatem
543 389 560 416 et
572 388 676 415 conuentum
689 381 743 415 sancti
756 382 845 416 Edmundi

143 433 160 464 in
176 433 242 473 synodo
259 433 306 474 apud
323 432 421 466 Nornicum
441 439 457 465 et
477 433 594 476 Gippewicum
613 432 703 473 celebrato,
719 442 765 465 anno
782 433 845 466 domini

126 495 134 524 5
144 485 172 515 ΜΘ.
180 488 219 515 ccc,
226 481 277 524 xliiij„
290 482 378 525 quoddam
391 483 488 516 subsidium
501 494 533 515 sex
543 482 655 516 denariorum
667 483 688 515 de
699 482 776 524 qualibet
787 494 847 516 marca

143 532 227 565 bonorum
238 543 313 575 suorum,
322 532 372 566 simul
384 545 423 566 cum
434 533 472 567 aliis
483 533 523 567 viris
535 532 654 567 ecclesiasticis
665 543 696 566 sue
707 532 785 573 diocesis,
793 534 846 575 gratis

143 582 175 616 sibi
187 583 299 624 concessisse,
307 594 328 616 ac
338 584 356 616 in
368 584 425 626 ipsum
436 590 453 617 et
465 595 514 618 suam
525 583 668 623 iurisdiccionem,
676 583 733 625 quoad
743 583 847 617 ecclesiasti·

143 643 202 666 carum
218 643 329 667 censurarum
342 635 488 674 iulminacionem,
500 635 517 668 in
529 633 607 676 personis
619 633 714 666 eorundem
727 633 744 666 in
758 644 799 667 casu
812 645 846 677 quo

143 683 209 716 dictum
220 684 316 717 subsidium
327 685 360 718 sibi
372 696 407 717 non
419 686 534 727 persoluerent
548 684 566 716 in
579 683 656 715 terminis
669 685 691 716 ad
703 684 735 715 hoc
748 684 846 726 assignatis,

118 746 136 767 10
145 733 264 767 consensisse:
273 734 362 777 ipsamque
371 735 475 767 solucionem
481 732 632 776 contemptibiliter
637 733 715 766 omisisse
721 739 738 765 et
744 734 846 774 retardasse,

144 789 161 817 et
175 783 238 817 iecisse
253 786 275 818 ab
290 785 328 818 aliis
342 786 425 818 retardari
432 795 564 828 ;—quamquam
577 784 643 816 nullum
656 783 779 826 premissorum
791 785 846 818 iuerat

144 844 203 867 verum
213 839 239 867 set
249 835 296 868 omni
307 841 384 869 caruerat
394 836 469 869 veritate.
494 833 636 878 (afflgraaamen)
648 834 717 867 Deinde
729 834 818 868 mandauit
828 842 846 870 et

144 884 210 917 moneri
218 884 257 918 iecit
265 887 345 919 abbatem
354 893 370 919 et
378 893 481 920 conuentum
489 886 543 919 sancti
550 885 638 918 Edmundi
644 895 665 918 ac
671 885 746 928 singulos
754 886 846 920 officiarios

145 935 221 968 eiusdem
229 935 273 968 insra
279 936 402 969 monasterium
410 947 464 976 suum,
472 943 490 969 et
498 942 557 969 contra
567 935 657 977 priuilegia
667 946 703 975 sua,
711 936 734 967 ad
744 937 849 970 soluendum

118 983 176 1024 15sibi
191 984 213 1026 xij
227 984 306 1017 denarios
322 986 343 1018 de
358 985 434 1028 qualibet
452 996 511 1018 marea
527 984 604 1017 omnium
618 985 704 1017 bonorum
718 994 788 1018 suorum
802 986 847 1019 infra

144 1033 266 1067 norwicensem
275 1035 357 1069 diocesim
365 1035 483 1078 existentium,
491 1035 535 1069 inira
543 1036 613 1068 breuem
621 1035 717 1078 terminum,
726 1036 758 1069 sub
765 1036 846 1079 grauibus

144 1085 193 1128 penis
207 1091 224 1118 et
236 1086 311 1118 censuris
316 1096 321 1127 ς
338 1092 415 1128 pretextu
431 1087 520 1120 cuiusdam
536 1085 605 1124 alterius
620 1086 695 1128 pretensi
708 1086 785 1127 subsidii,
800 1088 846 1130 quod

143 1141 201 1169 tamen
212 1146 244 1169 nec
255 1146 332 1170 summus
341 1137 418 1179 pontifex
430 1137 451 1171 de
462 1136 551 1178 exemptis,
559 1146 592 1169 nec
602 1135 640 1178 ipse
651 1136 705 1169 abbas
712 1137 740 1169 vel
752 1143 847 1171 conuentus

144 1195 226 1227 vmquam
236 1185 268 1219 sibi
280 1187 403 1220 concedebant.
425 1187 455 1229 (3¹¹¹
460 1186 567 1230 graaumaa)
576 1186 637 1219 Tercio
644 1186 709 1219 moneri
717 1186 757 1219 iecit
765 1187 846 1221 abbatem

117 1246 136 1268 20
144 1236 199 1269 sancti
208 1236 295 1280 Edmundi
307 1237 339 1269 sub
348 1247 393 1279 pena
402 1236 589 1276 excommunicacionis,
598 1235 675 1269 similiter
686 1241 746 1270 contra
757 1236 846 1280 priuilegia

144 1297 179 1326 sua,
188 1286 235 1329 quod
246 1286 263 1319 in
275 1287 378 1320 monasterio
389 1297 425 1329 suo,
433 1287 503 1331 capellis
514 1293 531 1321 et
542 1286 618 1321 ecclesiis
630 1283 754 1331 parochialibus
766 1287 847 1321 abbatem

145 1338 225 1371 Ramesie
244 1338 355 1372 denunciaret
375 1337 559 1380 excommunicatum¹‚
578 1337 666 1380 ipsiusque
686 1345 791 1372 conuentum
811 1350 846 1373 sus·

144 1396 222 1430 pensum,
234 1393 251 1421 et
263 1389 384 1422 monasterium
397 1389 511 1429 interdictum¹
525 1394 594 1431 propter
609 1387 704 1422 subsidium
718 1399 753 1421 non
766 1389 847 1423 solutum.

146 1439 185 1478 Quo
196 1444 279 1470 renuente
291 1444 309 1471 et
321 1438 422 1480 appellante,
434 1434 607 1481 excempcionemque
619 1438 741 1480 pretendente:
753 1439 799 1471 idem
810 1440 847 1481 epi-

118 1499 136 1530 25
145 1497 212 1530 scopus,
222 1486 252 1530 (4¹¹¹
257 1488 363 1532 graaaraea)
373 1488 456 1531 Quartum
464 1498 558 1531 grauamen
566 1487 647 1529 adiciens,
653 1487 718 1522 monuit
726 1489 795 1523 clericos
803 1499 847 1533 quos

144 1539 199 1572 abbas
212 1539 272 1571 habuit
284 1538 390 1572 consiliarios
404 1545 420 1573 et
434 1540 546 1579 comensales,
559 1540 576 1572 in
592 1538 669 1572 ecclesiis
684 1539 719 1572 suls
734 1540 847 1573 residenciam

144 1590 200 1623 iacere
208 1590 320 1631 personalem,
326 1595 345 1622 ut
353 1589 424 1623 consilio
430 1590 486 1622 nudus
494 1589 529 1623 suis
536 1588 606 1622 monitis
611 1588 692 1622 obediret.
707 1588 712 1631 (
715 1595 737 1631 5111
740 1591 847 1633 grauatum>

144 1640 184 1673 Alia
192 1639 229 1672 vice
240 1640 326 1681 predictus
338 1641 427 1683 episcopus
435 1641 516 1674 abbatem
526 1647 543 1674 et
554 1645 657 1673 conuentum
669 1640 717 1673 citari
729 1641 818 1675 mandauit
829 1647 846 1675 et

144 1689 185 1722 fecit
197 1690 263 1721 moneri
276 1700 307 1731 per
319 1690 389 1722 clericos
401 1690 453 1731 ipsius
466 1690 534 1722 abbatis
547 1690 565 1721 in
578 1689 680 1721 monasterio
693 1691 747 1723 sancti
759 1691 847 1724 Edmundi

117 1751 137 1780 50
145 1745 205 1780 contra
216 1739 306 1782 priuilegia
313 1750 349 1780 sua,
357 1740 386 1773 vbi
393 1741 458 1773 nullam
466 1740 525 1773 habuit
533 1739 674 1780 iurisdiccionem,
682 1741 704 1773 ad
713 1743 847 1784 comparendum

145 1801 202 1824 coram
217 1790 254 1832 ipso
269 1796 286 1823 et
301 1791 324 1823 ad
343 1791 459 1824 exhibendum
474 1796 490 1824 et
505 1790 630 1824 ostendendum
645 1790 677 1823 sibi
695 1791 784 1834 priuilegia
797 1803 848 1835 super

144 1840 256 1883 exemptione
266 1852 297 1874 sua
307 1846 324 1874 et
334 1841 433 1874 monasterii
443 1841 474 1874 sui.
497 1841 528 1883 (6111
536 1840 642 1883 gratiarnm)
660 1841 708 1874 Idem
720 1842 810 1884 episcopus
821 1844 847 1886 vjt

144 1891 182 1924 vice
194 1891 262 1934 propria
276 1901 329 1925 manu
342 1902 373 1925 sua
386 1892 473 1934 quoddam
486 1890 622 1934 procuratorium
635 1892 749 1934 procuratoris
762 1892 847 1926 dictorum

144 1941 211 1974 abbatis
223 1946 240 1974 et
253 1947 352 1982 conuentus,
364 1942 386 1974 de
398 1953 451 1974 manu
464 1941 517 1983 ipsius
529 1941 648 1983 procuratoris,
661 1941 679 1974 in
692 1942 769 1975 manerio
781 1953 812 1975 suo
824 1945 847 1976 de

116 2001 135 2030 35
145 1990 222 2023 Baketon
230 1992 313 2032 quasdam
321 1991 447 2033 appellaciones
458 1996 551 2032 conceptas
561 2001 613 2031 super
623 1990 673 2023 dictis
685 1991 813 2032 grauaminibus
824 1993 847 2026 ad

143 2040 203 2074 sedem
210 2039 322 2084 apostolicam
329 2041 362 2073 sibi
372 2041 447 2084 legitime
457 2041 566 2083 notificantis‚
574 2041 657 2074 violenter
667 2041 736 2075 abstulit
744 2049 761 2076 et
768 2052 821 2086 penes
829 2054 847 2077 se

144 2090 224 2132 retinuit3
242 2092 299 2132 palam
313 2092 405 2132 ostendens
418 2092 459 2135 quid
471 2093 528 2126 iacere
539 2091 620 2125 voluisset
631 2091 649 2125 in
661 2102 701 2125 casu
713 2102 747 2134 quo
759 2093 847 2135 priuilegia

144 2141 258 2184 exempcionis
272 2141 348 2184 predicte
360 2142 392 2175 sibi
405 2141 479 2176 exhibita
494 2141 594 2176 extitissent.
617 2141 647 2184 (7111
657 2143 763 2185 gravamen)
784 2144 847 2177 lterum

144 2191 192 2225 citari
204 2190 244 2224 iecit
257 2193 326 2224 eosdem
338 2193 420 2225 abbatem
431 2199 449 2225 et
462 2199 565 2225 conuentum
580 2192 597 2224 in
612 2193 716 2225 monasterio
731 2193 808 2235 predicto
824 2195 846 2227 ad

117 2255 137 2285 40
145 2240 259 2274 exhibendum
271 2248 288 2274 et
301 2243 426 2275 ostendendum
442 2242 531 2284 priuilegia
543 2254 574 2274 sua
586 2241 731 2284 appellationibus
743 2254 801 2276 eorum
813 2256 846 2277 non

144 2291 259 2332 obstantibus;
269 2292 334 2324 eisdem
340 2292 357 2325 in
364 2291 475 2335 huius[modi]
482 2293 569 2326 mandatis
575 2303 595 2325 ac
600 2291 724 2326 monicionibus
731 2293 765 2327 suis
772 2295 847 2337 grauiter

144 2342 271 2382 comminando,
279 2350 297 2376 vt
307 2353 337 2376 eos
346 2344 371 2377 sic
382 2344 491 2386 compulisset
501 2344 590 2377 recessisse
602 2343 703 2377 a.remediis
711 2345 847 2386 appellacionum

144 2403 218 2427 suarum.
242 2392 272 2435 (8111
277 2392 383 2436 gratiarnm)
397 2395 440 2427 Item
452 2404 491 2427 cum
503 2393 589 2435 predictus
600 2393 655 2427 abbas
666 2399 683 2426 et
697 2393 758 2435 singull
770 2395 795 2429 sui
809 2407 846 2438 pre-

144 2445 242 2476 decessores
253 2443 350 2475 fuissentin
364 2444 469 2486 possessione
481 2443 553 2485 pacifica
566 2442 606 2475 iuris
618 2442 718 2476 licenciandi
731 2454 846 2488 quoscumque

116 2504 136 2534 45
144 2493 234 2537 episcopos
247 2492 341 2526 catholicos
356 2494 378 2526 ad
393 2494 514 2526 conferendum
529 2503 587 2526 sacros
599 2493 669 2526 ordines
681 2499 698 2527 et
711 2504 746 2527 non
759 2505 817 2529 sacros
829 2496 847 2529 in

144 2544 248 2577 monasterio
258 2543 314 2577 sancti
326 2543 414 2576 Edmundi
423 2549 441 2577 et
450 2543 467 2576 in
478 2543 553 2576 ecclesiis
564 2543 598 2576 suis
608 2543 651 2576 inira
661 2554 719 2578 cruces
730 2547 817 2580 monachis
829 2552 845 2580 et

319 2634 323 2650 ¹
336 2634 369 2664 MS.
376 2633 513 2664 excommunicaret
520 2634 671 2666 excommunicatum.
