1762 2803
253 95 299 153 mr
314 93 415 149 sanor
431 96 551 157 parton.
712 110 755 154 315

54 215 129 262 capillos
141 222 242 253 retrorsum
254 222 311 252 tracta
322 216 449 261 repellebatur,
462 222 481 252 et
493 227 505 252 a
515 221 579 253 sancto
590 217 630 251 loco
641 215 757 252 inuisibillter

54 271 189 305 excludebatur.
211 269 295 305 Tandem
308 270 364 306 adse
377 270 451 306 rediens
464 276 482 306 et
495 276 566 313 reatum
579 281 633 305 suum
647 280 756 315 agnoscens,

54 328 96 357 ante
104 324 166 366 altare,
174 324 223 368 quod
231 323 256 357 ibi
264 329 308 364 erat,
316 323 364 358 flens
375 329 393 358 et
403 324 474 358 eiulans
483 334 504 358 se
515 323 597 368 proiecit,
605 329 623 358 et
633 323 680 357 sacta
687 322 756 357 ibidem

54 377 141 419 oratione,
149 376 230 411 surrexit
239 381 257 410 et
265 376 365 411 monachos
372 376 455 418 ecclesie,
463 381 482 410 vt
490 386 524 420 pro
532 377 607 410 domino
617 387 651 410 suo
661 387 682 409 ac
691 386 725 419 pro
735 386 757 409 se

55 429 78 461 ad
86 429 141 462 deum
154 439 219 472 preces
231 429 335 469 funderent,
345 428 460 463 lachrimosis
471 426 581 471 singultibus
592 426 680 462 exorauit.
703 427 756 470 Quod
766 438 775 469 5

54 490 97 514 curn
112 480 204 523 iecissent,
219 480 288 524 pietas¹
302 480 364 514 diuina
378 482 437 515 virum
453 481 531 516 eiusde
546 482 616 516 obiecto
631 480 665 515 sibi
680 480 757 514 crimine

54 531 111 567 nimis
122 536 239 577 perterritum
252 534 330 568 liberum
343 533 408 568 effecit.
431 533 539 579 Propulsato
552 544 597 569 vero
612 534 677 569 timore
691 532 758 569 mulier

54 586 91 620 leta
99 587 163 622 effecta
173 588 256 622 redditur
265 598 336 630 secura,
344 587 444 633 vitiumque
452 589 481 622 cui
490 589 521 623 diu
532 588 646 623 subiacuerat
655 598 692 622 non
701 586 757 622 relin-

55 639 121 683 quitur,
134 641 191 675 immo
206 641 312 684 frequenter
327 641 451 683 committitur,
464 651 499 675 nec
514 641 538 676 de
552 641 619 676 violata
634 640 757 686 promissione

55 692 158 728 concutitur
163 704 197 729 nec
203 692 454 730 omniavidenti²confitetur.
468 694 584 739 Quapropter
591 693 668 729 immani
675 694 757 738 corporis
767 706 786 729 ιο

55 747 160 782 infirmitate
168 746 203 782 deo
210 749 283 782 volente
291 748 397 791 percutitur,
403 753 421 781 et
429 749 452 781 ad
458 753 541 781 extrema
548 748 658 791 perducitur.
673 747 717 780 Vite
724 757 758 780 sue

55 797 147 842 desperat,
155 800 245 842 gemebat,
252 800 336 844 pauebat,
344 800 399 845 longa
409 800 488 844 suspin'a
499 800 593 842 educebat,
601 805 619 835 et
630 800 673 845 quid
685 799 757 840 iaceret,

54 861 91 894 quo
102 862 123 886 se
134 858 214 888 verteret
226 854 324 888 nesciebat.
346 853 396 888 Vidit
407 853 454 888 hanc
465 854 496 898 qui
508 853 569 888 omnia
580 852 635 895 videt,
646 858 665 888 et
676 852 758 897 respexit

55 913 102 946 earn,
114 916 159 949 sepe
171 911 287 950 contemptus
300 907 323 941 ab
335 917 362 941 ea.
385 907 449 950 ltaque
459 911 523 941 vocato
534 905 621 950 episcopo
633 905 693 940 scelus
704 915 758 939 suum

55 956 139 991 consessa
147 963 186 1000 est;
198 958 229 1003 qui
237 958 273 994 ait:
286 959 318 993 ‘ln
325 959 388 994 vltimo
395 960 432 994 vite
443 958 518 993 articulo
527 959 587 1003 posita
594 968 629 1003 per
636 957 757 1003 penitentiam
768 971 784 1001 ¹5

55 1009 161 1045 satisfacere
172 1022 209 1045 non
217 1012 281 1046 vales:
293 1017 391 1055 propterea
402 1012 437 1045 deo
448 1011 534 1055 promitte
546 1012 594 1055 quod
606 1016 701 1054 peccatum
712 1010 758 1044 illud

55 1061 135 1104 amplius
149 1073 187 1096 non
202 1064 309 1107 committas,
325 1071 343 1098 et
358 1065 407 1109 quod
423 1064 540 1108 sepulchmm
556 1063 614 1099 sancti
630 1062 700 1097 Paulini
715 1072 757 1097 curn

56 1114 147 1150 oblatione
159 1116 225 1151 deuote
236 1117 305 1152 adibis!
328 1117 361 1152 Illa
372 1117 479 1161 respondit:
491 1116 555 1159 ‘Quod
566 1115 652 1161 precipis,
660 1126 731 1157 mones,
738 1121 757 1151 et

55 1165 140 1209 hortaris,
155 1177 185 1202 me
200 1167 316 1213 impleturam
330 1168 428 1213 promitto:
444 1174 463 1203 et
477 1167 493 1203 si
507 1168 572 1202 beatus
588 1167 675 1202 Paulinus
689 1177 757 1201 munus

55 1228 117 1252 meum
126 1222 232 1263 susceperit,
240 1221 313 1255 veniam
324 1232 335 1255 a
345 1222 380 1255 deo
391 1231 421 1256 me
431 1221 533 1266 promereri
543 1230 600 1265 posse
610 1230 729 1264 cognoscam
741 1219 757 1254 si
766 1230 786 1251 ιο

55 1282 100 1305 vero
112 1273 206 1316 suscipere
218 1274 304 1317 renuerit,
312 1274 369 1308 sciam
380 1274 425 1308 mihi
436 1273 533 1308 imminere
544 1283 612 1316 penam
624 1278 705 1307 eternam
717 1271 758 1306 sine

56 1324 103 1357 fine!
126 1326 222 1359 Conualuit
229 1327 300 1367 mulier,
307 1326 382 1369 pallium
390 1335 447 1360 vnum
455 1326 503 1369 quod
511 1325 590 1359 habebat
598 1323 686 1368 optimum
694 1330 758 1358 sancto

55 1376 119 1412 obtulit
134 1382 152 1411 et
167 1378 286 1421 sepulchrum
301 1378 341 1413 eius
355 1378 399 1413 inde
414 1377 490 1422 operuit.
520 1376 589 1411 Munus
607 1378 658 1412 enim
676 1376 759 1410 mulieris

56 1433 131 1463 sanctus
138 1431 224 1475 suscepit,
230 1430 261 1476 qui
269 1431 320 1476 prius
328 1430 422 1476 suscipere
430 1429 520 1476 desperit.
543 1430 585 1465 Non
592 1430 642 1465 enim
649 1429 759 1465 munerum³

56 1482 138 1517 distinxit
160 1484 285 1527 quantitatem,
303 1485 337 1519 sed
359 1485 452 1520 diuersam
471 1483 547 1519 attendit
565 1483 620 1518 vnius
638 1482 758 1527 eiusdemque
767 1492 785 1523 ²5

55 1535 137 1570 mulieris
148 1536 259 1581 qualitatem.

344 1635 358 1672 11
370 1633 470 1668 Narratuto‘.

78 1697 123 1740 Fuit
132 1704 151 1740 in
159 1705 272 1741 Alexandria
279 1707 330 1752 virgo
338 1707 413 1742 nomine
422 1707 531 1742 Euirosina:
543 1717 598 1752 quam
608 1716 650 1741 curn
658 1711 712 1752 pater
719 1705 758 1742 eius

55 1759 111 1793 vellet
125 1759 194 1804 nuptiis
208 1761 287 1802 tradere,
302 1760 332 1795 illa
350 1761 460 1794 monachum
477 1760 569 1804 quendam
586 1760 651 1794 adiens
668 1759 719 1803 petiit
737 1770 758 1794 se

55 1811 117 1846 doceri
125 1822 190 1856 eaque
198 1812 228 1847 dei
235 1818 283 1847 sunt.
305 1812 339 1847 Cui
346 1812 388 1847 ille:
400 1813 431 1848 ‘Si
439 1817 492 1857 potes
500 1817 631 1857 temptamenta
637 1811 757 1855 carnisserre,

56 1864 138 1909 relinque
153 1865 215 1899 omnia
230 1871 248 1900 et
261 1866 314 1909 fuge,’
326 1871 344 1899 et
358 1866 456 1900 abscidens
471 1865 532 1900 crines
547 1866 593 1906 eius,
604 1864 663 1899 induit
677 1864 757 1898 tunicam
766 1871 786 1900 30

55 1917 95 1957 viri,
110 1922 128 1951 et
142 1917 284 1960 ‘Snraragdum’
297 1927 337 1951 eam
350 1917 426 1952 uocauit.
449 1917 490 1959 Que
506 1916 595 1951 simulans
610 1927 631 1951 se
647 1916 758 1958 eunuchum,

55 1970 188 2005 monasterium
195 1970 274 2005 intrauit.
297 1969 385 2005 Diabolus
392 1980 437 2005 uero
447 1969 515 2004 multos
525 1969 626 2004 concitabat
637 1970 660 2004 ad
672 1969 757 2005 decorem

55 2023 117 2058 vultus
125 2023 165 2058 eius
172 2034 207 2068 per
214 2023 271 2058 malas
279 2023 404 2067 cogitationes,
408 2023 433 2057 ita
438 2029 458 2057 vt
466 2033 531 2057 omnes
539 2023 612 2057 molesti
620 2029 684 2058 essent
691 2023 758 2066 abbati,

56 2076 86 2120 qul
104 2076 160 2111 talem
175 2076 330 2121 pulchritudinem
344 2076 364 2111 in
379 2076 511 2112 monasterium
527 2075 664 2112 introduxisset.
692 2075 716 2112 Et
733 2076 758 2112 ait

55 2130 125 2164 abbas:
137 2130 266 2165 ‘Pulchritudo
275 2136 307 2164 tua
316 2129 403 2164 iratribus
412 2129 491 2163 infirmis
500 2128 533 2163 firi
540 2128 604 2164 ruina:
615 2130 657 2163 volo
664 2134 683 2163 te
692 2130 758 2165 sedere
766 2139 785 2167 ³5

56 2181 75 2215 in
87 2182 133 2215 cella
143 2186 174 2215 tua
185 2181 246 2226 ibique
257 2181 338 2225 psallere
350 2182 382 2225 [et]
394 2181 511 2222 manducare,
523 2191 617 2225 nunquam
630 2183 758 2225 egressurum!

57 2233 170 2278 Smaragdos
189 2245 233 2278 ergo
246 2233 343 2279 ingressus
359 2234 429 2277 cellam,
441 2234 514 2278 vigiliis,
525 2233 604 2275 ieiuniis,
615 2239 634 2269 et
646 2233 759 2269 orationibus

55 2288 135 2322 vacabat.
157 2287 240 2332 Cumque
248 2289 320 2332 quesita
327 2293 378 2322 esset
385 2298 419 2332 per
426 2292 483 2322 totam
490 2286 630 2328 Alexandriam,
638 2291 656 2321 et
666 2297 758 2331 nusquam

55 2341 171 2376 inuenientes
183 2351 229 2381 eam,
241 2340 328 2384 lugebant
341 2340 393 2385 quasi
405 2345 495 2375 mortuam
507 2350 588 2385 sponsus
600 2349 695 2384 sponsam,
705 2345 759 2384 pater

55 2394 116 2428 filiam.
139 2393 194 2428 Pater
204 2403 249 2428 vcro
260 2403 297 2428 non
309 2393 372 2428 serens
382 2393 465 2428 dolorem
476 2403 536 2436 suum,
547 2392 598 2429 venit
609 2393 632 2427 ad
643 2393 728 2428 abbatem
740 2398 758 2427 et
766 2404 786 2433 4⁰

55 2448 123 2483 cadens
131 2447 154 2481 ad
162 2447 220 2492 pedes
228 2445 268 2481 eius
275 2446 331 2482 dixit:
344 2446 400 2483 ‘Peto
407 2457 431 2482 ne
439 2457 503 2482 cesses
511 2457 564 2482 orare
572 2446 667 2482 dominum
677 2456 712 2491 pro
721 2445 758 2480 filia

75 2509 110 2538 ¹T.
118 2509 136 2538 E.
145 2513 183 2544 etp.
236 2507 343 2537 'Eviuenti
396 2508 430 2538 'R
438 2516 525 2538 numerum.
579 2505 758 2537 *Ethnc.Belt.xv.

54 2548 79 2586 75.
120 2546 257 2579 tuntinfirmis.
