1762 2803
322 109 402 162 laona
418 105 535 170 tarmus
549 106 642 170 flantia

253 316 266 349 ll
276 307 310 349 DE
321 324 391 348 sancto
404 306 500 347 Kahntio
512 324 561 348 REGE
573 324 596 348 ET
608 313 715 348 MARTYREI.

176 399 215 433 Ex²
227 398 337 433 Merciorum
349 398 464 442 Kenulphus,
473 409 521 432 anno
533 397 602 432 domini
613 398 765 443 octingentesimo
776 408 835 432 nono-

197 452 272 493 decimo,
281 451 333 495 regni
341 451 369 485 sui
377 451 464 499 vicesimo
472 456 536 496 quarto
544 452 633 485 mundum
645 452 756 496 relinquens,
765 446 835 486 Kenel-

133 515 182 539 mum
195 505 282 539 heredem
294 504 371 548 reliquit,
384 504 412 538 cui
424 506 460 539 due
474 510 527 538 erant
538 515 622 539 sorores:
635 505 746 547 Quendreda
758 510 776 539 et
788 504 835 538 Bur-

132 557 209 602 genilda.
240 557 295 590 Hunc
310 558 359 590 enim
376 557 487 590 Kenelmum
503 563 551 591 etate
566 558 669 600 paruulum,
686 559 719 592 sed
734 557 795 591 animo
814 569 835 592 ac

115 624 123 653 5
132 611 200 653 pietate
211 610 334 653 magnificum,
342 610 361 643 in
373 621 437 653 regem
448 611 529 654 elegerat
540 621 591 643 amor
602 610 666 654 populi
678 610 717 644 sui:
730 610 763 643 sed
772 610 834 652 Quen-

132 663 190 697 dreda
201 673 245 697 seuo
257 662 314 696 liuore
326 667 345 696 et
356 663 445 706 regnandi
457 662 556 696 ambitione
568 663 665 705 stimulata,
673 663 793 697 insidiabatur
804 663 834 696 illi.

132 716 192 758 Quem
204 727 245 750 cum
257 726 330 750 veneno
341 715 449 759 extinguere
461 726 499 749 non
510 719 574 760 posset
580 714 592 758 ³,
603 715 643 750 eius
655 715 752 750 nutricium
763 721 782 751 et
793 726 833 761 pro-

133 775 240 811 curatorem,
247 769 321 803 nornine
328 769 480 809 Aschebertum*‚
488 768 593 813 ingentibus
599 769 676 812 premiis
681 774 699 803 et
705 779 739 813 spe
745 769 835 804 consortis

132 822 204 867 imperii
212 822 231 855 in
239 822 339 856 fraternum
347 821 429 866 iugulum
437 833 508 856 armare
516 833 554 856 non
564 821 629 856 timuit.
644 821 684 856 Tali
692 823 747 856 modo
754 821 834 858 inuicem

106 888 124 909 ιο
133 875 221 909 conciliati
226 876 237 917 ⁵,
245 881 356 919 parauerunt
364 876 439 919 sagittas
448 886 496 917 suas,
504 881 523 910 vt
532 875 639 920 sagittarent
648 874 667 909 in
676 876 754 909 obscuro
762 881 832 910 rectum

133 929 193 962 corde.
223 928 250 962 Ea
264 932 374 972 tempestate
388 927 434 962 vidit
449 928 552 961 Kenelmus
567 938 601 971 per
616 927 722 971 sompnium
738 928 834 968 visionem,

133 993 188 1025 quam
204 980 269 1016 nutrici
285 993 318 1015 sue
333 980 432 1015 Wlwenne
447 980 530 1015 referens
543 980 598 1016 dixit:
617 980 692 1015 ‘Visum
707 985 735 1015 cst
749 980 835 1024 michi,o

132 1039 192 1069 mater
201 1035 302 1075 karissima,
314 1035 362 1078 quod
373 1040 416 1068 ante
427 1034 530 1069 cubiculum
540 1044 602 1067 meum
612 1034 667 1067 arbor
677 1033 766 1068 altissima
775 1045 833 1078 vsque

132 1089 156 1121 ad
164 1088 225 1122 sidera
232 1088 302 1128 stabam
314 1098 344 1120 me
352 1098 396 1121 vero
403 1088 489 1121 videbam
500 1093 549 1121 stare
559 1087 578 1120 in
588 1086 627 1121 eius
638 1088 695 1121 arduo
703 1086 777 1130 vertice,
785 1089 834 1122 vnde

106 1149 124 1179 15
132 1141 168 1174 late
183 1146 267 1184 poteram
282 1141 343 1175 omnia
358 1140 471 1184 conspicere.
494 1139 538 1175 Erat
553 1144 614 1174 autem
629 1139 753 1182 pulcherrima
765 1145 784 1174 et
799 1140 834 1175 late

133 1193 196 1227 effusis
207 1193 264 1227 ramis
275 1192 364 1236 speciosa,
372 1194 395 1226 ab
407 1194 443 1227 imo
455 1194 478 1227 ad
490 1202 583 1226 summum
595 1193 680 1226 omnibus
691 1192 767 1227 ssoribus
778 1193 835 1227 refer-

132 1246 208 1279 tissima.
222 1245 313 1279 Videbam
318 1256 390 1289 quoque
397 1245 499 1280 innumeris
504 1245 625 1279 luminaribus
630 1249 687 1279 totam
695 1246 770 1279 ardere:
779 1246 834 1279 michi

132 1309 176 1332 vero
188 1303 226 1332 tres
237 1303 299 1342 partes
311 1298 364 1331 huius
375 1303 424 1331 terre
435 1309 494 1341 prona
505 1298 577 1331 curuati
589 1297 691 1332 deuotione.
715 1298 797 1342 Cumque
811 1300 834 1332 de

132 1354 182 1382 tanta
194 1350 269 1392 specula
282 1349 360 1382 mirarer
370 1350 466 1390 visionem,
479 1348 553 1392 quidam
567 1359 651 1381 meorum
664 1348 728 1381 subter
743 1349 835 1384 irruentes

106 1414 125 1436 ιο
133 1401 248 1436 succiderunt
256 1402 346 1443 arborem,
354 1406 372 1436 et
379 1401 410 1435 illa
417 1402 486 1445 ingenti
494 1405 547 1436 ruina
554 1400 623 1435 cecidit.
647 1400 686 1445 Ego
696 1411 740 1435 vero
751 1402 835 1445 protinus

133 1456 226 1489 efficiebar
236 1454 308 1488 auicula
319 1454 401 1495 candida,
413 1459 432 1487 et
442 1454 500 1488 libero
512 1454 574 1488 volatu
586 1454 650 1488 ethera
664 1455 771 1497 penetraui!
798 1455 834 1490 Vix

108 1535 110 1537 .
133 1507 215 1541 elocutus
223 1507 282 1540 suerat
289 1508 384 1549 visionem,
393 1517 435 1540 curn
445 1508 507 1540 nutrix
517 1512 582 1549 pectus
592 1507 672 1540 tundens
683 1507 738 1540 talem
748 1508 807 1550 erupit
815 1508 834 1541 in

132 1570 208 1595 vocem:
225 1559 277 1593 ‘Heu
289 1570 325 1601 me,
337 1559 401 1603 inquit,
413 1559 439 1593 fili
451 1560 476 1593 mi
488 1558 598 1601 dulcissime,
610 1559 646 1593 heu
658 1558 730 1593 lactatio
743 1564 762 1594 et
776 1560 834 1594 nutri-

133 1618 215 1647 mentum
233 1623 295 1646 meum
312 1616 382 1646 suaue!
405 1622 473 1656 ergone
488 1611 554 1646 insidie
573 1616 651 1654 tuorum,
668 1622 736 1656 ergone
754 1613 834 1657 maligna

106 1678 124 1708 25
133 1664 209 1699 consilia
219 1665 288 1699 sororis
296 1669 314 1697 et
323 1663 395 1697 nutricii
405 1664 431 1697 tui
441 1664 562 1708 preualebunt
574 1665 673 1698 aduersum
680 1668 711 1698 te?
723 1665 771 1707 Heu,
780 1676 834 1708 quarn

133 1719 194 1758 timeo,
209 1718 293 1751 arborem
309 1716 358 1750 illam
373 1716 463 1751 succisam
479 1716 546 1751 indolis
561 1722 592 1750 tue
607 1717 715 1761 presignare
734 1717 834 1752 iacturam!

133 1775 260 1805 verumtamen
268 1768 287 1804 in
295 1768 369 1812 auicula,
378 1780 414 1814 qua
421 1769 533 1813 penetrabas
544 1769 612 1812 ethera,
620 1770 726 1814 intelligitur
736 1780 835 1805 ascensuro

133 1831 163 1859 tue
178 1824 240 1858 anime
252 1823 321 1868 gloria!
343 1823 470 1857 Aschebertus
483 1823 565 1866 tandem,
577 1823 639 1857 habita
651 1824 747 1859 occasione
760 1825 835 1859 sceleris

133 1874 240 1918 maturandi,
261 1874 373 1909 Kenelmum
391 1874 464 1908 abducit
481 1874 500 1908 in
520 1874 585 1908 siluam
602 1875 661 1917 gratia
679 1874 764 1916 venandi,
783 1875 835 1920 quasi

105 1942 125 1970 50
132 1928 261 1960 oblectandum
276 1937 339 1960 amore
353 1927 408 1961 studii
423 1929 500 1969 paterni.
523 1927 606 1969 Cumque
621 1928 668 1960 silue
681 1929 835 1971 approximarent,

133 1980 211 2016 tenellus
220 1985 292 2024 septem
304 1990 394 2013 annorum
405 1990 451 2024 puer
463 1990 541 2024 sompno
552 1984 673 2022 pregrauatus
683 1990 731 2023 equo
739 1980 835 2023 delabitur,

133 2033 194 2075 ibique
209 2033 299 2066 recubans
315 2042 391 2066 securus
405 2033 494 2066 malorum
510 2038 559 2066 totus
574 2038 676 2075 soporatur.
703 2033 755 2066 Tunc
770 2033 835 2067 crude-

133 2083 225 2119 lissimusl
235 2083 323 2118 nutricius
334 2084 406 2119 foueam
417 2090 474 2128 parat,
481 2085 500 2117 in
510 2094 565 2128 quam
577 2094 619 2118 eum
630 2084 683 2118 citius
694 2085 763 2119 obruat.
787 2086 836 2120 Puer
863 2101 866 2104 ⁴

133 2140 207 2172 tandem
216 2138 346 2182 expergiscens
355 2138 462 2182 prophetica
473 2138 531 2172 fertur
540 2149 586 2172 voce
596 2136 665 2172 dixisse
674 2150 677 2172 ς
691 2138 778 2173 ‘Frustra
788 2138 834 2173 hanc

106 2202 125 2233 55
134 2191 189 2226 michi
197 2191 270 2225 molitus
278 2201 299 2225 es
309 2190 426 2235 speluncam:
438 2202 475 2224 non
487 2190 537 2225 enim
548 2190 583 2233 hic,
591 2195 611 2225 vt
619 2190 693 2234 cogitas,
701 2192 734 2226 sed
742 2191 835 2227 remotiori

133 2245 178 2285 loco,
185 2244 216 2278 vbi
224 2245 270 2277 deus
278 2244 362 2287 prouidit,
371 2245 482 2277 occumbam.
505 2243 559 2277 Vnde
567 2244 599 2277 tibi
608 2249 677 2278 certum
685 2246 734 2279 dabit
742 2246 777 2280 hec
784 2246 835 2290 virga

133 2297 212 2341 signum,
218 2296 234 2331 si
242 2297 297 2330 modo
305 2297 385 2340 plantata
393 2296 487 2338 frondeat,’
493 2301 511 2330 et
518 2295 589 2340 virgam
598 2307 652 2340 quam
660 2308 716 2332 manu
724 2298 781 2342 gessit
786 2303 835 2333 terre

133 2350 196 2383 affixit.
220 2350 260 2382 Hec
271 2360 293 2383 eo
305 2349 383 2391 dicente,
394 2349 456 2382 statim
468 2348 547 2383 radicata
559 2350 610 2393 virga
621 2349 670 2394 cepit
681 2350 805 2394 frondescere,
817 2356 835 2385 et

153 2444 158 2461 ¹
169 2443 193 2473 Ed
206 2444 222 2473 in
229 2443 249 2473 A.
257 2443 286 2473 SS.
295 2443 334 2473 Boll.
342 2443 380 2480 July
388 2443 413 2473 IV.
421 2452 438 2480 p.
445 2452 480 2479 300,
488 2443 528 2472 from
535 2453 544 2472 a
552 2443 585 2471 itis,
594 2444 634 2473 Rub.
640 2444 694 2474 Vallis.
716 2445 752 2474 Abr.
761 2445 800 2474 from
808 2444 834 2472 the

132 2484 170 2518 Vita
177 2485 192 2513 in
201 2484 233 2515 ltlS.
242 2483 297 2513 Douce
305 2484 339 2520 368,
348 2483 395 2521 Corp.
404 2484 441 2514 Chr.
449 2483 489 2513 Coti,
498 2483 557 2513 Cambr.
566 2484 601 2521 367,
609 2484 655 2514 Budl,
662 2486 701 2522 285;
711 2485 730 2515 cf.
739 2486 772 2515 Sar.
780 2486 807 2514 ΒΓ.

99 2524 105 2532 ”
153 2524 186 2555 2Τ.
195 2524 288 2562 Kenulphus
296 2533 323 2553 rex
331 2523 429 2553 merciorum.
488 2523 630 2561 ³Eipossetnon.
687 2524 835 2558 ⁴T.aseebertum;

133 2565 150 2595 E.
159 2565 276 2594 aschebercum
343 2563 349 2581 ⁵
360 2564 377 2593 E.
385 2563 467 2593 consiliati.
531 2564 537 2581 ⁰
547 2563 564 2594 E.
574 2564 694 2597 credulissimos.
