1762 2803
269 132 315 189 vt
330 130 432 185 &ancta
446 131 589 194 &abacta
734 145 777 190 ³55

76 254 99 288 ad
114 264 170 299 pasca
184 253 220 289 illis
235 253 265 289 dei
279 253 346 289 virtute
358 253 455 289 victitabat.
478 253 500 288 ln
515 252 562 288 Dolo
577 252 651 288 tandem
667 254 779 288 monasterio

76 305 143 351 corpus
151 307 218 350 seculo,
226 307 306 342 animam
314 307 393 342 reddidit
401 307 446 349 celo,
454 306 518 351 quinto
525 306 560 341 kal.
568 306 653 351 Augusti.

99 435 262 478 [Msriuaaum
365 417 502 456 llncdmcia‘·

99 496 197 539 Diaconus
205 504 278 550 quidam
285 504 428 549 aLongobardis
434 510 499 551 captus
505 509 523 540 et
529 503 596 550 ligatus
602 509 641 540 erat
648 516 652 539 :
661 515 672 538 a
679 504 746 549 quibus
751 503 781 540 uir

77 557 107 592 dei
117 557 214 592 Sanctolus
226 558 280 603 peciit
288 564 307 593 ut
315 558 350 593 sibi
358 569 401 593 eum
412 559 435 593 ad
446 558 587 594 custodiendum
595 559 694 593 traderent.
717 557 781 600 ‘Tibi’

77 611 166 654 inquiunt,
173 613 222 644 ‘eum
231 613 296 645 damus
303 612 326 645 ad
334 611 480 651 custodiendum,
486 617 514 645 set
522 621 544 645 ea
552 611 659 646 condicione
666 610 780 654 interposita,
789 620 798 651 d

77 669 97 697 ut
104 664 120 697 si
128 664 168 707 ipse
176 661 248 706 fugerit,
256 663 296 707 ipse
304 663 388 697 moriaris
398 673 432 707 pro
442 664 475 698 e0.¹
498 663 552 706 Quod
564 663 593 697 uir
603 663 633 697 dei
644 663 723 697 libenter
734 663 781 696 acci-

77 715 137 760 piens,
145 715 242 751 diaconum
253 716 272 751 in
284 727 318 751 sua
328 715 411 751 custodia
421 716 515 762 suscepit:
528 723 546 751 et
554 717 615 751 media
622 723 682 759 nocte,
690 718 781 761 soporatis

77 767 161 812 inimicis,
173 769 207 804 ait:
220 770 291 814 ‘Surge
303 775 321 805 et
332 770 414 805 concitus
425 770 473 815 suge,
484 770 550 805 liberet
561 776 580 805 te
591 770 710 814 omnipotens
721 771 779 805 deus?

79 822 103 855 Et
110 822 151 856 ille:
164 822 252 866 ‘Fugere
260 828 318 868 pater,
325 833 363 857 non
370 833 452 867 possum,
460 822 503 868 quia
512 823 528 857 si
539 833 575 868 ego
581 822 653 868 sugero,
660 833 696 867 pro
703 832 733 858 me
741 822 782 857 sine

79 875 134 909 dubio
149 874 244 909 morieris!
266 876 342 919 ‘Surge‚
357 876 416 919 inquit
431 876 460 910 uir
472 876 509 916 dei,
522 881 541 910 et
556 876 604 910 uade
618 875 711 915 uelociter,
722 875 782 909 omni·
790 889 810 911 ιο

78 931 145 970 potens
155 931 173 961 te
181 926 267 961 dominus
274 927 351 971 eripiet;
363 937 406 962 narn
417 938 451 972 ego
462 928 482 961 in
493 937 549 962 manu
558 927 597 962 eius
605 937 652 962 sum.
674 926 755 961 Tantum
762 925 781 960 in

79 989 109 1014 me
118 985 195 1024 possunt
203 980 263 1016 iacere
270 985 359 1025 quantum
367 978 407 1025 ipse
414 979 529 1024 permiserit.¹
553 979 607 1025 Fugit
618 979 680 1025 itaque
689 980 782 1022 diaconus,

79 1039 98 1067 et
105 1033 158 1077 quasi
165 1033 254 1077 deceptus
263 1033 282 1068 in
292 1034 353 1068 medio
364 1034 463 1068 fideiussor
471 1033 565 1068 remansit.
588 1033 643 1068 Facto
654 1039 715 1068 autem
727 1044 782 1068 mane

79 1096 121 1122 cum
129 1087 158 1122 uir
165 1086 195 1122 dei
203 1087 299 1123 diaconum
307 1086 377 1133 fugisse
386 1086 518 1132 respondisset,
526 1086 611 1123 omnibus
621 1086 689 1132 placuit
697 1092 716 1122 ut
724 1087 782 1123 Sane-

80 1140 128 1174 tolus
134 1146 242 1175 moreretur.
257 1141 280 1175 Et
286 1141 382 1185 impetrato
387 1141 419 1176 uix
425 1141 489 1176 orandi
494 1141 557 1186 spacio
563 1152 605 1175 cum
611 1141 705 1185 paululum
710 1141 782 1175 diucius
790 1156 809 1188 ¹5

81 1198 147 1237 oraret,
162 1192 232 1228 electus
250 1193 335 1238 iuguius²
350 1204 393 1230 eum
408 1194 457 1230 calce
472 1193 552 1239 pulsauit
566 1200 586 1228 ut
601 1199 691 1238 surgeret,
705 1193 781 1229 dicens:

80 1246 151 1290 ‘Surge
162 1251 181 1281 et
192 1246 241 1280 flexo
250 1257 300 1290 genu
310 1247 366 1281 tende
375 1247 477 1281 ceruicem)
500 1247 524 1280 Et
532 1258 574 1281 cum
582 1253 637 1280 tenso
644 1247 690 1280 collo
698 1247 782 1280 eductam

80 1303 144 1332 contra
155 1308 176 1332 se
188 1303 259 1342 spatam
271 1298 347 1341 uideret,
359 1298 416 1334 dixit:
433 1300 512 1333 ‘Sancte
526 1299 624 1340 lohannes,
636 1298 710 1343 suscipe
721 1298 783 1333 illam!

80 1351 132 1385 Tunc
147 1351 229 1386 carnifex
244 1352 339 1386 brachium
354 1361 477 1397 percussurus
492 1352 565 1395 leuauit,
580 1356 609 1387 set
624 1352 717 1396 deponere
732 1349 783 1386 nullo

81 1405 136 1439 modo
147 1405 210 1449 potuit,
218 1410 237 1439 et
248 1405 327 1450 obriguit
338 1416 359 1440 ac
370 1405 471 1440 inflexibile
482 1405 576 1440 remansit.
598 1405 651 1439 Tunc
661 1404 722 1439 omnis
730 1405 784 1439 turba
792 1424 811 1445 20

81 1458 129 1500 cepit
144 1459 204 1492 uirum
216 1458 245 1492 dei
261 1467 302 1492 cum
318 1459 384 1492 timore
396 1458 486 1501 uenerari,
500 1463 519 1493 et
531 1456 607 1493 brachio
618 1456 710 1492 carnificis
721 1462 784 1493 curato

81 1512 138 1546 boues
149 1517 167 1546 et
177 1511 259 1546 iumenta
266 1511 377 1555 depredata³
385 1511 403 1546 ei
410 1512 476 1546 offerre
484 1512 580 1545 uolebant:
592 1516 621 1545 set
628 1511 658 1544 uir
664 1510 694 1544 dei
702 1521 784 1545 renuens

82 1564 118 1599 ait:
131 1563 162 1598 ‘Si
171 1563 228 1598 michi
236 1564 305 1607 aliquid
313 1564 369 1598 uultis
377 1565 485 1606 concedere,
493 1574 558 1598 omnes
565 1564 648 1607 captiuos
656 1574 703 1608 quos
712 1564 785 1599 hahetis

82 1616 137 1651 michi
149 1617 229 1660 tribuite,
240 1622 261 1651 ut
275 1618 353 1651 habeam
367 1617 418 1652 unde
432 1628 467 1663 pro
481 1617 536 1652 uobis
550 1617 621 1662 possim
634 1618 698 1653 orare'
721 1617 745 1653 Et
759 1617 785 1653 ita

81 1670 148 1706 lactum
156 1672 208 1715 est⁴.]
793 1687 811 1718 ²5

172 1809 187 1846 ti
198 1801 245 1844 lDi:
256 1819 328 1844 snncrn
340 1800 448 1845 ernunon
459 1818 530 1843 unsina
541 1818 565 1842 nr
575 1808 694 1843 naunrrssnl.

85 1890 176 1968 SAncta
184 1891 285 1935 Sexburga,
292 1902 336 1925 vera
344 1890 457 1936 imperatrix,
462 1890 530 1925 diuitiis
537 1890 645 1935 imperabat,
653 1901 687 1926 nec
696 1891 731 1927 hiis
738 1903 785 1936 quas

137 1946 211 1979 tenebat
223 1945 281 1979 teneri
295 1949 371 1989 poterat.
395 1944 454 1978 Nemo
468 1943 498 1978 illa
511 1943 560 1979 inter
571 1943 646 1979 delicias
658 1944 785 1990 continentior,

82 2006 137 2032 nemo
148 1998 167 2032 in
180 1998 231 2042 regio
243 1999 291 2032 fastu
303 1998 389 2032 humilior
402 2008 436 2031 nec
449 1997 515 2041 spiritu
526 1998 630 2041 pauperior.
653 1997 694 2032 Fuit
706 2009 787 2043 namque

83 2049 117 2084 hee
123 2051 176 2085 beata
184 2050 233 2096 regis
238 2050 294 2086 Anne
299 2049 429 2095 Estanglorum
436 2050 479 2092 filia,
485 2049 580 2094 generosis
588 2049 671 2084 moribus
677 2056 694 2085 et
700 2052 787 2087 omnibus

83 2103 168 2139 amabilis
179 2115 200 2138 ac
212 2105 295 2149 gratiosa.
318 2104 366 2138 Cum
376 2104 425 2138 enim
437 2102 553 2146 adoleuisset,
561 2103 681 2138 Ercomberto
692 2105 731 2148 regi
739 2105 786 2140 Can·
795 2121 815 2150 ³0

83 2156 142 2190 tuarie
154 2156 283 2199 aparentibus
294 2157 371 2190 traditur
381 2156 400 2189 in
411 2166 495 2197 vxorem,
506 2156 581 2200 natique
594 2161 637 2190 sunt
650 2156 675 2190 illi
689 2156 720 2190 filii
732 2168 787 2201 reges

103 2264 109 2282 ¹
120 2265 201 2297 Ex-Vinc.
212 2266 252 2297 Bell.
263 2266 317 2298 XXll.
329 2267 358 2304 83;
368 2267 386 2298 cs.
399 2266 447 2305 Greg.
458 2265 499 2297 Dial.
511 2266 540 2297 lll.
551 2276 575 2305 37.
631 2265 637 2285 ²
647 2266 681 2298 VB.
691 2266 788 2299 interfector.

84 2303 336 2377 luctantium*

105 2381 216 2429 Omnipotens
224 2391 321 2430 sempiterne
331 2392 376 2427 deus,
383 2391 434 2421 tribue
444 2391 490 2422 nobis
499 2400 529 2429 per
537 2391 668 2422 intercessionem
675 2393 726 2422 sancti
733 2392 788 2430 Samp-

85 2431 129 2458 sonis
140 2432 210 2468 episcopi
220 2431 321 2468 poscentibus
331 2434 431 2468 peccatorum
442 2431 509 2467 ueniam,
520 2431 621 2468 querentibus
632 2431 688 2461 salutis
699 2432 744 2466 uiam,
754 2432 789 2469 put-

85 2469 157 2498 santibus
162 2470 232 2509 aperi(re
237 2470 301 2500 celestis
308 2470 352 2508 regni
359 2470 415 2507 aulam,
421 2474 438 2500 ut
444 2470 465 2500 ad
472 2474 543 2501 eternam
548 2470 634 2502 maiestatis
640 2475 667 2502 tue
674 2470 788 2501 habitacionem

85 2511 101 2535 te
109 2509 193 2539 adiuuante
199 2511 285 2548 peruenire
291 2519 385 2547 mereamur,
392 2511 433 2549 per).
455 2510 478 2541 cf.
486 2510 532 2541 Brev.
540 2510 575 2542 Sar.

105 2546 112 2565 ⁶
122 2547 151 2578 Ed.
158 2549 175 2579 in
182 2550 217 2581 Act.
225 2551 255 2581 SS.
263 2550 303 2581 Boll.
310 2550 341 2587 Jut.
349 2550 370 2580 ll.
377 2560 392 2588 p,
400 2560 435 2588 349.
456 2550 494 2580 Abr.
502 2551 541 2580 from
550 2552 577 2581 the
584 2551 668 2581 Lectiones
674 2552 690 2581 in
698 2551 733 2583 nis.
739 2551 788 2589 Calig.

85 2585 105 2616 A.
113 2587 157 2618 Vlll.
165 2589 192 2620 sol.
199 2591 224 2628 89,
232 2591 281 2628 corp.
289 2590 326 2619 Chr.
334 2591 373 2621 Coll.
381 2590 418 2620 Cbr.
428 2599 463 2626 393.
503 2589 509 2606 ⁴
518 2595 534 2620 et
541 2591 576 2620 abb.
583 2600 614 2620 om.
622 2592 638 2620 in
645 2592 663 2621 T.

413 2657 463 2682 ΑΜ
