1762 2803
138 155 166 209 36
206 203 208 206 .
329 154 409 207 tauto
425 151 541 214 batnon
556 151 649 214 finalia

137 273 206 307 tionem
214 274 284 308 abbatis
291 274 372 315 Roberti,
379 273 485 307 Alexander
490 285 537 318 papa
543 274 607 308 tertius
612 274 671 308 tribus
676 273 744 317 Anglie
749 272 841 318 episcopis

138 327 207 360 litteras
213 327 284 368 direxit,
290 332 309 361 vt
315 327 361 360 sacta
368 326 574 370 diligentiinquisitione
582 328 605 361 de
614 326 694 370 reliquiis
701 338 746 371 quas
755 338 813 371 penes
820 337 842 361 se

138 379 196 414 sancti
212 379 279 414 Albani
295 378 388 414 helienses
403 378 487 413 monachi
503 378 577 413 recondi
592 379 674 413 iactando
690 384 799 421 assererent,
815 379 841 413 rei

137 432 233 468 veritatem
242 436 367 476 agnoscerent.
389 431 427 466 Illis
438 437 498 466 autem
510 434 533 467 ad
543 432 602 467 locunt
610 433 744 474 accedentibus,
756 432 841 467 monachi

120 494 129 523 5
138 486 234 519 duodecim
242 486 329 527 seniores,
337 485 413 528 prestito
421 486 444 518 de
451 486 528 519 veritate
536 486 613 519 dicenda
621 492 740 528 sacramento,
746 486 841 529 protestati

138 543 180 572 sunt
192 549 212 571 se
221 538 278 571 fuisse
287 538 318 583 pio
327 538 369 571 dolo
380 539 472 580 deceptos,
485 537 612 571 nichilominus
623 538 703 581 grauiter
713 538 812 581 dquuisse
823 543 841 573 et

137 590 251 634 sacrilegium
259 596 382 635 perpetrasse,
391 596 409 625 et
416 591 456 626 veri
464 592 550 635 martyris
558 590 639 636 reliquiis
647 591 733 627 caruisse.
757 591 785 625 De
793 603 841 625 cara·

137 643 181 678 calla
192 654 214 678 se
225 644 309 679 similiter
323 646 410 689 deceptos
422 644 480 679 fuisse
492 645 613 687 erediderunt,
626 656 662 689 que
674 646 715 690 ipso
726 645 809 690 tem'pore
822 646 841 678 in

137 708 198 732 rerum
214 704 278 731 natura
290 699 370 731 creditur
383 709 419 731 non
432 698 493 731 fuisse.
517 699 558 732 Non
571 698 620 732 enim
634 699 704 732 inuenit
715 709 756 732 earn
768 704 842 732 sanctus

110 758 129 779 ¹0
138 751 240 785 Germanus
252 751 271 785 in
281 752 379 795 sepulchro
387 751 478 795 martyris
490 752 523 785 sed
531 762 574 785 ossa
581 751 600 785 in
609 753 687 795 quadarn
696 751 745 795 palla
755 751 841 794 inuoluta,

137 803 183 838 sicut
196 803 266 838 inuenit
279 803 357 848 reliquit.
403 797 425 838 ln
438 804 514 837 cenobio
527 804 604 838 heliensi
618 805 706 848 scriptum
718 804 781 838 inueni
793 805 842 848 qnod

137 868 179 891 cum
188 857 287 901 stigandus
297 857 447 902 archiepiscopus
456 857 588 891 cantuariensis
595 868 606 892 a
614 868 657 901 rege
666 857 760 892 Willelmo
768 864 786 892 et
793 869 841 902 pape

138 910 197 952 legato
205 911 326 953 deponendus
331 916 385 951 esset,
392 911 449 944 abbas
456 910 519 944 Sancti
524 910 591 944 Albani
596 910 677 945 Alsricus
684 911 706 944 ab
712 922 734 944 eo
740 916 841 954 promotus,

138 962 172 998 sibi
182 962 254 1007 timens,
265 975 307 998 cum
317 963 383 998 litteris
390 962 547 1000 commendaticiis
555 963 638 1008 Stigandi
649 963 672 997 ad
680 963 764 997 abbatem
772 963 841 997 helien-

111 1025 129 1055 15
138 1027 178 1052 sem
187 1017 312 1051 Thurstanum
322 1018 406 1060 confugit,
414 1029 456 1051 cum
465 1019 536 1052 duobus
544 1018 635 1059 fratribus,
642 1018 736 1061 Symanno
748 1023 765 1051 et
773 1016 841 1057 olrico.

138 1077 156 1106 et
166 1070 254 1105 scrinium
265 1081 307 1105 eum
319 1071 400 1115 reliquiis
411 1070 469 1105 saneti
477 1071 544 1103 Albani
555 1082 576 1103 ae
588 1070 628 1104 aliis
642 1070 718 1104 ecclesie
728 1069 841 1103 ornamentis

137 1135 200 1159 secum
210 1123 279 1157 detulit.
302 1122 390 1167 Deposito
400 1124 474 1157 tandem
485 1124 578 1166 stigando,
586 1129 604 1157 et
616 1123 713 1157 substituto
727 1124 841 1164 Lamfranco,

139 1187 210 1210 necnon
221 1177 286 1210 abbate
296 1176 352 1210 Paulo
363 1176 386 1210 ad
397 1176 493 1210 ecclesiam
504 1176 566 1210 Sancti
575 1176 643 1210 Albani
654 1176 742 1216 ordinato,
750 1175 842 1209 Alfricus¹

137 1229 193 1263 abbas
206 1228 234 1262 ira
246 1234 354 1269 commotus,
367 1228 428 1262 habito
441 1240 482 1263 cnm
496 1228 600 1263 Thurstano
616 1229 681 1263 abbate
696 1228 777 1271 consilio,
792 1228 842 1261 iuxta

109 1289 128 1309 ²0
137 1293 203 1326 corpus
212 1282 265 1315 beate
273 1282 384 1316 Etheldrede
392 1281 478 1326 reliquias
486 1282 544 1317 sancti
552 1283 620 1317 Albani
629 1283 699 1327 posuit;
714 1289 732 1317 et
740 1282 759 1317 in
770 1282 842 1317 confra-

136 1341 184 1369 trem
192 1340 282 1377 receptus,
287 1335 336 1369 diem
345 1341 448 1369 extremum
455 1334 523 1369 ibidem
528 1335 597 1369 clausit.
620 1335 699 1369 Gauisus
704 1346 748 1379 ergo
752 1335 841 1368 Thursta-

137 1387 305 1431 nus,translationis
310 1387 368 1422 sancti
373 1387 440 1421 Albani
446 1387 494 1421 diem
500 1392 564 1432 quarto
569 1387 610 1422 idus
617 1388 659 1422 maii
666 1388 754 1422 celebrari
759 1388 842 1422 instituit.

137 1441 226 1476 Instinctu
237 1443 312 1475 tandem
323 1441 393 1475 abbatis
405 1441 461 1483 Pauli,
472 1447 549 1484 cogente
561 1440 610 1485 regis
621 1441 709 1475 Willelmi
721 1442 786 1483 edicto,
799 1453 841 1475 cum

137 1494 222 1529 monachi
230 1493 322 1528 helienses
330 1504 373 1527 ossa
381 1493 439 1528 sancti
447 1493 514 1527 Albani
523 1504 564 1527 curn
571 1493 637 1527 scrinio
642 1495 720 1528 reddere
726 1500 841 1537 vrgerentur,

109 1556 128 1586 25
137 1547 202 1582 ablatis
213 1546 295 1591 reliquiis
307 1558 349 1581 cum
361 1546 453 1587 caracalla,
461 1557 502 1580 eum
512 1557 547 1590 qua
558 1546 654 1590 capitalem
664 1547 719 1580 subiit
731 1547 840 1582 sententiam

138 1605 212 1635 sanctus
218 1600 308 1641 Albanus,
313 1610 385 1633 necnon
391 1599 472 1642 reliquiis
477 1600 601 1643 apostolorum
606 1611 652 1643 quas
658 1606 732 1634 sanctus
738 1600 841 1634 Germanus

137 1663 179 1687 cum
187 1654 214 1687 eis
222 1652 328 1694 recondidit,
335 1651 370 1685 alia
378 1662 420 1685 ossa
427 1652 446 1685 in
455 1652 521 1685 scrinio
528 1658 649 1697 reposuerunt
655 1658 673 1686 et
681 1654 704 1686 ad
710 1653 841 1687 monasterium

138 1706 271 1742 SanctiAlbani
277 1705 401 1739 remiserunt
414 1705 482 1739 Iudicia
487 1705 620 1749 premissorum
625 1705 738 1740 discutienda
743 1706 841 1740 lectoribus

138 1758 201 1802 peritis
210 1759 326 1802 relinquens3
339 1769 375 1801 que
383 1758 462 1792 diuersis
469 1758 488 1791 in
496 1758 541 1792 locis
550 1765 623 1793 exarata
634 1759 713 1802 repperi,
723 1759 763 1792 sine
773 1759 842 1793 inuidia

110 1822 129 1850 3⁰
138 1811 235 1845 scribendo
241 1810 376 1845 communicare
383 1810 461 1845 decreui.
507 1804 590 1856 Quidam
597 1811 693 1845 tribunicie
701 1811 802 1855 potestatis,
809 1822 841 1845 no-

137 1865 187 1899 mine
193 1865 313 1906 Thurstanus,
320 1864 412 1908 quendam
420 1863 499 1898 viculum
508 1864 585 1899 ecclesie
593 1864 656 1899 Sancti
662 1863 729 1898 Albani
738 1864 772 1898 sub
780 1875 841 1898 annuo

137 1929 194 1954 censu
202 1929 213 1952 a
221 1918 315 1952 monachis
323 1917 403 1962 accepit:
415 1923 433 1951 et
438 1928 527 1961 processu
532 1918 621 1961 temporis
627 1929 703 1952 censum
709 1918 782 1952 soluere
787 1929 841 1952 renu-

137 1982 176 2013 ens,
184 1976 253 2005 terram
259 1971 308 2005 illam
313 1977 332 2005 vt
337 1982 389 2005 suam
396 1971 489 2015 propriam
495 1971 603 2006 vendicauit.
627 1971 650 2004 Et
655 1983 698 2005 ecee
703 1983 760 2015 eques
766 1972 840 2015 quidam

137 2024 224 2057 terribilis
236 2023 255 2057 in
267 2035 314 2066 equo
325 2024 366 2057 albo
377 2023 449 2057 obuiam
461 2024 478 2057 ei
488 2023 570 2066 veniens,
582 2029 601 2057 et
612 2024 668 2057 armis
680 2024 741 2057 aurcis
753 2024 841 2064 renitens,

110 2085 129 2115 35
138 2087 180 2112 eum
189 2077 242 2110 hasta
250 2076 347 2119 percussit,
355 2082 373 2110 et
381 2076 447 2110 elisum
455 2076 474 2109 in
482 2082 550 2109 terram
558 2075 667 2110 semiuiuum
676 2076 782 2119 relinquens
793 2077 841 2110 abiit,

138 2128 241 2173 Resumpto
249 2130 324 2163 tandem
332 2139 395 2172 sensu,
403 2135 464 2163 reatus
474 2129 502 2163 sui
511 2129 602 2173 penitens,
613 2140 687 2163 omnem
698 2129 841 2163 satisfactionem

137 2183 226 2227 promisit.
250 2183 287 2216 Sed
299 2182 430 2216 conualescens
442 2184 465 2216 ad
476 2183 536 2216 scelus
547 2193 600 2216 suurn
611 2193 652 2216 cum
662 2182 735 2223 rediret,
749 2182 768 2214 in
780 2182 841 2216 medio

138 2235 273 2270 conuinantium
282 2240 323 2269 cetu
331 2235 390 2269 subito
399 2235 434 2269 duo
441 2235 475 2269 viri
480 2235 567 2280 incogniti
572 2236 595 2269 ad
602 2246 644 2269 eum
649 2234 752 2268 festinando
758 2246 841 2278 prorum·

137 2293 187 2333 punt,
196 2293 214 2322 et
222 2288 331 2333 arripientes
339 2299 381 2322 eum
390 2288 460 2322 fortiter
467 2288 485 2321 in
494 2294 562 2322 terram
571 2287 692 2332 precipitant:
705 2287 736 2330 qui
745 2287 841 2322 confractis

110 2355 130 2383 40
138 2341 239 2375 ceruicibus
254 2352 315 2375 coram
330 2341 415 2375 omnibus
427 2341 522 2385 expirauit.
546 2341 569 2374 Et
582 2340 667 2384 protinus
679 2339 713 2373 viri
727 2340 752 2373 illi
765 2341 841 2384 egressi,

138 2404 228 2437 nusquam
241 2399 388 2438 comparuerunt.
433 2387 484 2429 Cum
498 2395 573 2427 domum
588 2393 680 2436 quandam
695 2403 753 2427 vorax
766 2394 841 2427 flamma

138 2446 238 2488 inuaderet,
252 2447 337 2481 monaehi
349 2447 437 2480 feretrum
450 2446 522 2490 ignibus
535 2451 641 2489 opponunt:
654 2450 672 2478 et
683 2445 751 2479 sedatis
762 2446 841 2480 flammis

139 2504 157 2533 et
169 2499 258 2541 extinctis,
272 2499 342 2534 edificia
352 2501 375 2534 ab
388 2500 468 2534 incendii
483 2498 564 2543 periculo
576 2498 680 2532 liberantur.
702 2498 754 2533 Multi
768 2499 841 2540 infirmi,

138 2550 194 2595 variis
209 2551 325 2595 languoribus
337 2552 427 2597 oppressi,
443 2552 501 2586 sancti
516 2551 584 2585 Albani
599 2551 705 2594 suffragium
721 2552 840 2595 postulantes,

178 2609 184 2627 ¹
192 2610 209 2640 E.
217 2610 291 2641 Alfridus.
391 2610 397 2628 ²
407 2611 441 2640 The
448 2610 532 2647 following
537 2610 551 2639 is
559 2610 583 2640 ed.
591 2609 607 2639 in
614 2609 649 2640 Aet.
657 2610 686 2640 SS.
695 2610 735 2640 Boll.
742 2620 757 2648 p.
766 2619 799 2647 144.
