1762 2803
128 168 171 219 164
242 181 244 186 ·
317 163 397 217 oua
412 160 528 231 raom
543 160 636 223 rome.

126 284 290 330 archiepiscopum,
309 285 368 319 virum
387 285 449 328 vtique
470 282 575 328 episcopatu
594 281 674 326 dignum,
693 286 712 316 et
730 280 753 315 ad
773 291 825 316 suam

127 339 243 383 parochiam¹
260 338 319 374 rediit.
374 329 425 373 Cum
445 343 505 372 autem
522 336 601 371 Romam
620 335 702 372 venisset
721 332 826 376 malachias,

127 392 244 427 Innocentius
257 403 305 436 papa
316 402 358 426 eum
370 389 470 426 honorilice
481 390 590 435 suscipiens,
602 389 675 424 mitram
687 389 710 423 de
722 389 780 432 capite
792 399 826 422 suo

126 445 213 488 imposuit
227 445 281 488 capiti
296 445 340 486 eius,
356 446 389 478 sed
405 449 423 478 et
438 444 503 478 stolam
519 453 560 477 cum
579 443 672 487 manipulo
687 442 737 477 dedit
754 441 790 476 illi:
809 447 827 476 et

109 498 224 538 5salutatu1n
236 497 255 530 in
268 497 330 530 osculo
345 496 395 540 pacis
408 495 477 529 dimisit
489 506 537 529 eum.
561 495 584 529 Et
595 496 672 529 veniens
684 494 789 529 Clareuallis
804 495 827 528 ad

126 555 210 583 sanctum
226 549 340 583 Bernardum
355 549 445 590 abbatem,
461 554 479 583 et
494 549 529 583 alta
544 548 623 592 suspiria
635 549 711 582 trahens
724 547 773 591 quod
789 558 826 581 non

125 603 188 637 liceret
201 601 236 636 sibi
250 611 283 646 pro
298 612 332 636 suo
345 601 436 636 desiderio
449 611 557 636 remanere:
570 602 619 644 thos,
631 601 693 645 inquit,
706 601 780 634 interim
792 611 826 644 pro

126 667 156 690 me
171 666 203 690 oro
218 661 237 689 vt
252 655 357 689 retineatis:
371 654 402 698 qui
417 665 428 689 a
442 654 494 689 vobis
509 654 580 689 discant
595 653 644 698 quod
659 664 693 689 nos
709 654 827 698 postmodum

126 709 208 743 doceant
228 707 286 742 Erunt
293 709 343 742 enim
350 708 403 742 nobis
409 708 415 726 ²
422 708 441 741 in
448 717 518 750 semen,
524 713 542 741 et
550 707 569 740 in
577 707 648 741 semine
653 707 688 741 isto
694 707 826 741 benedicentur

99 773 118 794 ro
126 768 196 805 gentes,
204 766 222 795 et
230 761 261 795 ille
270 761 360 804 [gentes]³
368 761 489 804 queadiebus
497 760 576 804 antiquis
582 760 667 795 monachi
673 759 748 804 quidem
758 770 826 793 nomen

126 815 228 857 audierunt,
244 814 353 848 monachum
370 824 406 847 non
422 814 517 847 viderunt.'
540 813 563 847 Et
576 812 657 848 dimissis
669 813 738 847 ibidem
751 818 828 857 quatuor

126 868 202 910 clericis,
216 867 308 911 profectus
320 873 353 901 est.
377 866 412 909 Qui
424 866 495 911 probati
509 872 527 901 et
540 866 590 911 digni
603 866 678 909 inuenti,
689 866 773 900 monachi
786 865 828 900 sacti

127 922 187 955 suntt
231 913 289 955 Venit
304 925 365 955 autem
380 920 479 954 Malachias
492 920 511 954 in
525 920 610 962 Scotiam,
624 925 642 954 et
655 919 758 954 Henricum
771 919 828 953 lilium

127 974 176 1016 regis
185 972 244 1006 Dauid
252 983 310 1016 usque
319 975 342 1007 ad
352 979 430 1007 mortem
441 973 545 1007 infirmitate
556 974 665 1017 depressum
676 984 723 1016 aqua
732 973 827 1007 benedicta

100 1037 118 1067 15
127 1026 211 1069 aspersit,
231 1025 305 1060 dicens:
322 1025 415 1065 ‘Confide‚
430 1025 462 1066 fili,
477 1035 514 1058 non
530 1026 614 1058 morieris
630 1026 664 1058 hac
679 1026 729 1059 vice?
757 1024 780 1057 Et
800 1026 829 1058 die

72 1105 73 1108 ,
127 1078 212 1122 sequenti
222 1078 245 1111 ab
256 1077 305 1110 omni
318 1077 406 1120 languore
417 1077 509 1111 conualuit
519 1082 537 1111 et
547 1078 645 1111 sanitatem
657 1077 731 1121 recepit.
754 1070 828 1111 Orante

127 1136 188 1164 autem
196 1130 235 1164 viro
247 1131 282 1172 dei,
293 1130 373 1164 solutum
384 1135 413 1164 est
423 1129 516 1163 vinculum
527 1129 589 1174 lingue
600 1130 661 1173 puelle
673 1135 728 1171 mute,
737 1135 755 1164 et
767 1131 829 1173 loque-

127 1186 181 1219 batur
191 1189 245 1218 recte.
270 1183 355 1217 Oblatum
365 1182 400 1216 sibi
411 1182 506 1217 mulierem
518 1183 625 1217 freneticam
635 1189 653 1217 et
663 1183 736 1217 funibus
744 1183 829 1224 vinctam,

127 1248 189 1271 coram
197 1237 247 1271 omni
255 1237 323 1280 populo
331 1236 389 1270 crucis
398 1236 450 1280 signo
459 1237 533 1271 curauit.
576 1229 648 1271 Mulier
655 1237 734 1281 quedam
741 1237 760 1270 in
769 1237 830 1271 Scotia

101 1304 119 1324 io
127 1302 169 1325 cum
181 1290 199 1324 in
211 1289 298 1323 cimiterio
310 1300 321 1323 a
332 1289 371 1323 viro
383 1289 411 1323 dei
424 1289 520 1323 benedicto
534 1290 620 1324 orationis
633 1289 692 1334 gratia
707 1295 829 1334 pernoctaret,

127 1345 183 1379 homo
196 1344 284 1378 barbarus
299 1343 349 1377 illam
365 1343 423 1377 solam
439 1342 541 1387 reperiens,
557 1343 632 1378 libidine
644 1353 734 1378 accensus
746 1344 765 1377 in
779 1342 828 1377 illam

127 1398 184 1430 irruit.
215 1396 330 1428 Tremefacta
349 1396 416 1428 mulier
434 1401 452 1428 et
470 1397 570 1430 aduertens
588 1397 639 1430 illum
658 1397 746 1431 diabolico
765 1397 829 1440 spiritu

127 1450 208 1493 plenum¹
226 1447 282 1483 ‘heus
297 1446 334 1489 tufi,
350 1447 413 1491 inquit,
429 1448 490 1490 miser,
506 1447 550 1492 quid
568 1448 618 1492 agis?
641 1448 742 1482 Considera
755 1449 785 1482 vbi
804 1459 829 1489 es,

128 1501 226 1536 reuererel
237 1501 272 1535 hec
282 1505 351 1541 sancta,
362 1500 413 1534 defer
425 1501 460 1534 deo
470 1506 488 1534 et
498 1501 587 1535 Malachie
600 1512 655 1536 seruo
666 1502 711 1544 eius,
720 1507 737 1536 et
749 1502 781 1536 tibi
794 1501 830 1545 ipsi

101 1569 119 1598 ²5
128 1557 193 1600 parce?
217 1555 299 1598 Cumque
306 1554 358 1588 furiis
369 1554 447 1598 agitatus
455 1553 534 1598 iniquisT
542 1565 579 1590 non
588 1555 690 1598 desisteret,
701 1566 743 1590 ecce
751 1566 830 1590 venena·

128 1615 168 1643 tum
183 1613 201 1642 et
214 1608 304 1641 tumidum
317 1608 384 1641 animal
396 1609 444 1651 quod
456 1608 543 1641 bufonem
554 1614 625 1651 vocant,
638 1609 699 1643 visum
712 1613 741 1643 est
754 1614 829 1653 reptans

129 1663 180 1697 exire
188 1663 260 1695 deinter
267 1662 337 1695 femora
345 1661 431 1695 mulieris.
454 1661 579 1696 Tremelactus
588 1662 642 1696 homo
650 1662 713 1705 resilit,
719 1667 737 1697 et
744 1661 830 1697 confusus

130 1715 191 1748 statim
208 1714 312 1747 abscessit⁵.
356 1706 377 1747 Α
392 1714 421 1746 die
436 1713 495 1756 primo
508 1715 634 1748 conuersionis
646 1716 680 1748 viri
693 1715 723 1748 dei
735 1726 794 1758 vsque
807 1715 829 1749 ad

129 1773 233 1802 extremum
240 1767 277 1801 vite
287 1776 321 1800 sue
331 1765 371 1800 sine
379 1765 453 1810 proprio
463 1766 519 1801 vixit:
532 1777 569 1801 non
578 1777 648 1810 seruos,
656 1778 693 1801 non
704 1768 785 1810 ancillas,
793 1779 829 1802 non

101 1822 186 1862 3ovillas,
195 1820 334 1864 necquicquam
345 1820 449 1852 reddituum
460 1819 625 1854 ecclesiasticorum
641 1821 788 1856 seculariumuel
799 1820 829 1855 vel

129 1876 149 1908 in
157 1875 197 1918 ipso
205 1873 267 1907 habuit
275 1873 381 1917 episcopatu
387 1873 411 1914 ¹⁰;
423 1883 457 1906 nec
466 1873 540 1907 domum
549 1873 648 1917 propriam.
671 1872 715 1908 Erat
723 1874 772 1908 enim
780 1884 828 1918 pene

129 1929 244 1961 incessanter
259 1927 348 1960 circuiens
363 1926 459 1970 parochias
474 1937 545 1968 omnes,
561 1927 655 1970 euangelio
675 1928 759 1962 seruiens
774 1933 792 1962 et
808 1927 831 1960 de

129 1979 225 2021 euangelio
243 1980 314 2019 viuens,
332 1980 378 2012 sicut
396 1979 488 2013 coustituit
503 1980 520 2012 ei
535 1980 626 2014 dominus.
651 1979 716 2014 Mense
731 1979 831 2024 episcopali

130 2032 175 2067 nihil
183 2042 259 2077 prorsus
267 2030 385 2065 constitutum
391 2031 420 2064 vel
429 2030 542 2074 assignatum
550 2037 588 2066 erat
595 2033 644 2066 vnde
652 2032 831 2075 episcopusviueret.

103 2098 121 2129 35
131 2086 177 2120 Cum
196 2085 254 2118 exiret
273 2086 296 2118 ad
315 2085 453 2128 predicandum,
468 2096 510 2118 cum
524 2083 617 2128 peditibus
633 2085 690 2128 pedes
705 2085 779 2128 etipse
795 2084 831 2119 ibat

131 2138 229 2184 episcopus
244 2143 262 2172 et
275 2138 350 2181 legatus.
374 2137 440 2171 Forma
455 2138 555 2182 apostolica
567 2138 606 2180 hec,
622 2143 640 2172 et
655 2138 698 2172 inde
713 2138 771 2183 magis
787 2138 832 2172 mira

130 2190 150 2224 in
164 2188 254 2224 Malachia
265 2198 301 2232 quo
313 2188 332 2221 in
346 2187 386 2222 aliis
398 2188 453 2223 nimis
466 2199 512 2222 rara,
536 2188 596 2223 Ceteri
609 2188 674 2232 prelati
685 2189 803 2224 dominantur
813 2189 831 2222 in

132 2243 193 2277 clero:
205 2243 239 2275 iste
253 2242 297 2275 dum
308 2247 358 2275 esset
370 2242 416 2275 liber
429 2253 452 2275 ex
466 2243 556 2284 omnibus,
570 2242 652 2276 omnium
664 2253 685 2277 se
697 2253 772 2277 seruum
785 2241 832 2277 fecit.

132 2294 161 2328 llli
183 2293 231 2327 aut¹¹
251 2304 288 2326 non
311 2293 459 2335 euangelizantes
482 2295 598 2336 manducant,
617 2301 648 2329 aut
666 2296 794 2339 euangelizant
812 2299 832 2328 vt

152 2380 189 2406 ¹sc.
197 2378 255 2413 Down,
263 2377 315 2406 which
323 2387 350 2405 see
358 2377 378 2405 he
386 2377 544 2407 nowseveredsrom
552 2377 621 2409 Connor.
657 2378 747 2410 ²E.vobis.
785 2379 832 2408 ³om¹

131 2419 148 2448 in
156 2418 174 2447 E.
215 2416 221 2433 ⁴
231 2417 248 2446 T.
257 2416 305 2446 adds:
317 2415 374 2444 Postea
381 2424 420 2444 uero
428 2425 462 2445 cum
470 2416 500 2445 iam
508 2421 572 2446 sanctus
578 2422 620 2447 esset
627 2418 643 2447 in
651 2422 731 2456 tcrrasua,
738 2420 781 2448 misit
788 2419 830 2447 alios.

132 2459 163 2495 Qui
175 2467 209 2487 cum
221 2461 301 2494 assumpto
312 2455 366 2486 habitu
376 2455 463 2485 monastico
473 2455 530 2486 eruditi
541 2460 557 2486 et
569 2457 641 2487 instructi
652 2457 723 2496 inissent,
735 2460 771 2488 dato
783 2457 832 2487 eisin

131 2503 191 2537 patrem
199 2501 254 2527 saneto
262 2497 309 2526 fratre
317 2496 407 2526 Christiano
414 2497 440 2533 qui
447 2505 488 2525 unus
495 2506 516 2525 ex
523 2497 560 2534 ipsis
567 2502 601 2526 erat
609 2498 670 2537 [emissi
677 2498 730 2536 south
741 2502 757 2528 et
764 2494 832 2528 adiuncti

131 2543 168 2567 sunt
175 2538 205 2565 illis
212 2537 266 2573 quanti
275 2537 366 2565 sufficerent
375 2537 395 2565 ad
403 2545 483 2565 numerum
490 2536 557 2566 abbacie.
579 2537 614 2574 Quc
621 2539 694 2576 concepit
700 2543 716 2568 et
723 2538 785 2576 peperit
792 2536 833 2566 filios

131 2579 206 2615 quinque,
224 2575 368 2614 (omiuTanner)⁴
414 2575 447 2604 ὕΤ.
455 2576 523 2611 neustu,
532 2576 549 2606 E.
558 2577 589 2605 heu
597 2581 616 2606 te.
657 2577 760 2607 '’E.rcuera.
801 2575 832 2603 7Ε·

131 2619 198 2655 iniquus.
224 2616 258 2646 ll).
266 2616 338 2645 abcessit.
363 2614 529 2645 ”Eseculariumne
560 2616 572 2634 ¹⁰
582 2616 600 2647 E.
609 2617 722 2655 episcopatum.
753 2616 764 2634 ¹¹
775 2619 831 2646 autem.
