1762 2803
125 122 155 173 64
268 146 270 152 ·
317 119 396 171 alono
412 117 528 179 llsssssslfflfl
543 119 636 180 anglio.

247 242 307 281 Sospes
318 242 360 273 enim
370 241 437 272 veniens
447 251 521 281 supremo
532 252 553 272 ex
563 243 601 272 orbe
612 242 684 273 Bn'tanni

267 290 298 319 Per
307 290 358 319 varias
368 295 428 328 gentes,
440 302 469 330 per
479 292 518 320 freta
528 299 588 327 perque
598 289 635 326 nias,

246 334 304 364 Vrbem
315 336 400 366 romuleam
410 338 454 373 vidit,
465 336 571 372 templumque
582 335 668 364 verendum

266 380 334 417 Aspexit
345 382 393 418 Petri,
405 384 466 412 mistica
476 383 518 411 dona
528 390 590 417 gerens.

247 425 327 455 Candidus
338 426 379 456 inter
389 437 427 456 oues
438 426 497 456 Christi
507 424 585 454 sociabilis
596 424 628 462 ibit,

267 470 336 507 Corpore
346 480 382 500 nam
393 472 472 507 tumulum,
483 473 537 498 mente
548 478 616 505 superna
627 473 682 503 tenet5

247 515 356 545 commutasse
367 516 415 553 magis
426 512 549 555 s[c]eptrorum¹
560 513 628 550 insignia
638 514 699 549 credas,

266 558 317 596 Quem
327 569 393 597 regnum
404 561 463 590 Christi
473 559 579 597 promeruisse
589 558 646 597 vides.)

150 622 246 665 Cedmalle
257 634 318 663 autem
329 630 418 664 successit
428 630 447 664 in
458 641 516 674 regno
526 628 568 663 Yne
578 639 612 662 rex
622 629 645 663 de
655 628 713 673 stirpe
722 628 782 672 regia,
798 628 829 673 qui

101 696 120 717 10
128 695 170 718 cum
185 683 258 728 triginta
273 689 344 727 septem
362 683 415 718 annis
433 687 534 728 regnasset,
550 682 613 717 relicto
630 681 707 726 imperio
725 683 747 717 ad
766 681 831 726 limina

128 738 223 771 beatorum
235 738 359 780 apostolorum
372 737 489 781 pontificante
501 737 590 779 Gregorio
601 737 694 780 profectus
706 741 739 778 est,
752 736 829 780 cupiens

128 790 147 823 in
158 790 223 824 vicinia
236 796 340 824 sanctorum
352 791 433 824 locorum
445 792 467 824 ad
480 796 554 833 tempus
565 788 679 833 peregrinari
690 789 709 823 in
721 789 780 831 terris,
792 800 829 834 quo

128 842 234 877 familiarius
248 855 259 877 a
272 844 340 877 sanctis
353 842 410 888 recipi
423 848 525 877 mereretur
536 843 554 875 in
567 842 616 876 celis.
646 842 686 876 luis·
699 842 749 875 enirn
764 843 829 877 diebus

128 896 191 938 plures
205 897 228 930 de
241 901 296 939 gente
309 896 416 939 Anglorum,
428 896 505 937 nobiles,
518 896 613 939 ignobiles,
626 896 672 937 laici,
685 895 750 937 clerici,
763 895 830 929 viriae

102 954 119 985 15
128 947 201 991 semiue,
213 947 295 982 certatim
307 948 391 991 Romam,
404 949 464 983 anime
476 959 509 983 sue
521 948 584 983 salutis
596 948 653 992 gratia
663 949 693 982 vel
705 948 829 982 instructionis

129 1013 188 1044 causa,
199 1002 290 1045 proficisci
300 1007 446 1036 consueuerant:
464 1003 512 1045 quod
524 1012 590 1045 magne
597 1001 670 1036 virtutis
680 1012 701 1035 ac
712 1000 773 1035 meriti
784 1006 830 1034 tem·

128 1060 200 1097 pestate
208 1054 237 1088 illa
245 1054 364 1087 estimabatur
368 1054 378 1088 ².

190 1179 202 1215 il
217 1171 250 1212 Da
262 1188 333 1212 sancro
345 1171 433 1212 louauur
444 1188 468 1211 na
481 1171 623 1212 Barouruorou
636 1178 769 1212 courrssonal.

162 1260 282 1296 Acratissime
289 1261 420 1296 recordationis
429 1261 521 1296 iohannes
527 1261 578 1306 prior
583 1261 773 1306 Brydlyngtoniensis,
779 1263 831 1297 cuius

184 1314 246 1348 votiua
254 1314 350 1347 celebritas
358 1314 430 1346 mirifici
438 1315 542 1357 splendoris
550 1314 606 1347 radiis
613 1315 737 1348 uniuersalem
745 1322 831 1358 perornat

103 1367 225 1413 zolecclesiam
234 1365 337 1408 militarem,
345 1367 395 1400 velut
403 1367 501 1410 columpna
508 1365 614 1400 inflexibilis
621 1366 640 1398 in
651 1366 695 1400 fidei
703 1367 747 1400 base
755 1367 832 1401 tirmiter

130 1420 210 1453 radicata
221 1423 328 1453 cunctorum
340 1418 443 1453 mortalium
454 1420 541 1454 caducam
553 1419 686 1453 flexibilitatem
701 1420 801 1454 consolidat
813 1426 831 1454 et

130 1477 226 1517 supportat
234 1472 307 1516 gratiosi
316 1471 410 1506 solaminis
417 1473 526 1506 interuentu.
546 1471 582 1506 Hic
590 1472 654 1506 floride
661 1473 761 1507 iuuentutis
768 1478 832 1507 exorta

131 1526 231 1569 primordia
242 1537 345 1569 perornans
356 1525 458 1567 virtutibus,
470 1524 554 1559 excussis
565 1524 631 1559 abditis
642 1525 727 1560 vitiorum
738 1525 787 1561 viam
800 1537 832 1570 ag-

130 1589 206 1622 gressus
217 1578 288 1611 timoris
300 1578 364 1619 deifici,
373 1579 447 1611 alterius
458 1578 516 1611 Tobie
528 1579 620 1611 imitabilia
631 1579 740 1622 amplexans
750 1580 832 1623 vestigia,

104 1645 121 1674 25
131 1632 171 1676 spei
179 1637 197 1666 et
205 1631 297 1666 charitatis
305 1630 393 1665 fructibus
401 1635 532 1675 maturescens,
541 1630 588 1665 sacri
596 1630 674 1665 ssaminis
682 1630 778 1675 insigniter
785 1632 832 1666 ccle-

131 1685 195 1718 bratur
202 1684 302 1718 sacrarium
312 1684 409 1728 singulare.
432 1684 531 1719 Crescente
542 1684 603 1728 itaque
613 1685 702 1728 temporis
713 1686 832 1727 interuallo,a

131 1737 219 1781 piissimis
227 1737 332 1781 parentibus
341 1736 429 1770 enutritus
438 1737 538 1780 studiisque
546 1737 627 1771 imbutus
635 1737 746 1779 liberalibus,
754 1739 772 1771 in
780 1739 832 1772 breui

132 1803 198 1825 coeuos
209 1801 320 1834 precurrens
327 1789 386 1824 veloci
394 1801 448 1823 cursu
459 1791 542 1824 brauium
553 1791 630 1833 adeptus
639 1794 667 1824 est
675 1790 758 1825 dialetice
766 1801 833 1835 perop-

131 1849 173 1878 tate.
196 1844 238 1877 Non
251 1844 311 1877 solum
324 1854 368 1877 vero
382 1843 401 1877 in
414 1844 500 1886 amplexu
513 1843 630 1877 scientiarum
643 1843 762 1887 applaudens,
776 1844 832 1877 immo

104 1908 123 1937 30
131 1897 229 1931 celestibus
239 1896 384 1930 intellectualiter
394 1896 490 1939 suspirans
499 1896 575 1938 auidius,
583 1897 627 1929 dum
638 1896 715 1930 Oxoniis
725 1896 833 1939 persisteret

131 1951 229 1992 studiosus,
238 1949 311 1984 omissis
319 1948 577 1993 frequenteraltercationibus
585 1948 718 1992 sophismatum
724 1948 833 1993 inquisitiuis

131 2005 221 2046 templum
233 2004 261 2035 sui
273 2001 348 2045 spiritus
359 2012 446 2044 supremo
458 2002 536 2044 principi
547 2002 642 2042 dedicauit,
654 2002 672 2034 in
684 2003 714 2035 dei
726 2008 744 2035 et
753 2002 832 2045 proximi

152 2082 157 2099 ¹
168 2083 186 2112 E.
193 2085 286 2119 septrorum.
346 2081 353 2097 ²
363 2081 424 2110 Collect
430 2082 446 2109 in
453 2081 480 2110 T.:

152 2121 191 2157 Aue
198 2128 254 2156 doctor
261 2127 316 2156 nobilis
323 2127 376 2164 presul
384 2127 454 2163 Eboraci,
462 2127 499 2156 Dux
508 2127 542 2156 iure
549 2125 635 2162 laudabilis,
643 2130 686 2157 tutor
693 2125 785 2158 Beuerlacl:
796 2125 832 2156 Pre-

133 2169 176 2198 cibus
183 2176 213 2196 nos
219 2175 257 2195 erue
264 2167 283 2195 ab
290 2166 336 2195 hoste
343 2167 398 2203 fallaci,
407 2166 474 2195 Saluans
481 2177 490 2195 a
497 2167 585 2196 carceribus
592 2166 673 2196 infernalis
682 2167 716 2196 laci.
738 2167 757 2196 V.
765 2167 797 2196 Ora
805 2175 833 2203 pro

133 2207 184 2237 nobis.

154 2242 202 2278 Deus
210 2250 253 2277 cuius
260 2249 301 2277 uirtu
312 2270 410 2278 .......
422 2248 508 2287 (ponptrcx
515 2250 623 2279 miraculorum
632 2272 743 2281 ,,,,,,,,
751 2260 789 2287 gare
799 2258 834 2285 sup·

133 2289 227 2328 plicantibus
237 2298 258 2317 no
269 2310 349 2318 ......
357 2288 406 2316 cionis
417 2292 443 2317 tue
454 2288 521 2325 graciam
530 2288 603 2325 petimus,
612 2289 661 2327 ipsius
669 2311 748 2319 ......
759 2290 833 2319 uitiorum

133 2329 251 2367 inquinamento
259 2328 288 2356 cici
299 2348 515 2357 ...............
649 2330 650 2333 ’

154 2371 210 2413 (Deus
222 2373 248 2411 qui
261 2373 306 2401 nobis
317 2373 364 2401 hodie
374 2372 492 2411 migra)cionem
502 2372 544 2401 beati
556 2372 631 2402 iohannis
642 2372 745 2409 con(sessoris
756 2372 778 2403 tui
787 2375 833 2409 atque

133 2413 219 2453 pontilicis)
227 2413 306 2442 celebrare
314 2413 392 2448 concedis,
400 2413 426 2450 (da
433 2413 499 2441 ecclesie
506 2417 532 2441 tue
540 2413 587 2449 digne
595 2414 614 2442 de
620 2412 654 2442 cius
661 2413 758 2452 pre)lacione
766 2412 833 2449 gaudere

133 2460 149 2485 et
157 2452 247 2494 (exemplis)
255 2453 289 2481 eius
296 2456 312 2481 et
319 2452 391 2490 precibus
398 2453 474 2487 adiuuari,
482 2462 511 2489 per
518 2452 544 2489 (es.
553 2453 587 2482 Sar.
595 2453 655 2486 Brevi.

153 2495 158 2511 ³
169 2493 208 2525 This
219 2493 246 2522 lire
257 2492 271 2521 is
281 2492 352 2529 wanting
362 2491 378 2521 in
388 2492 406 2521 T.
432 2491 446 2522 lt
456 2492 469 2521 is
480 2492 505 2522 ed.
516 2492 532 2522 in
543 2492 598 2522 Surius
609 2502 628 2521 10
638 2493 672 2522 Oct.
683 2494 713 2522 ‘cx
723 2492 790 2530 quodam
799 2488 832 2519 MS.

133 2536 187 2564 codice
198 2537 257 2562 mutato
267 2532 308 2569 stylo
318 2533 389 2570 pressius
398 2536 414 2561 et
423 2532 528 2563 contractius)
549 2533 588 2562 Bale
596 2533 638 2563 Vlll.
646 2533 715 2563 ascribes
724 2533 736 2563 it
746 2537 762 2562 to
770 2531 831 2566 George

134 2575 197 2612 Riplay.
217 2573 252 2602 The
258 2577 292 2602 tent
299 2573 313 2601 is
320 2573 402 2609 complete,
410 2573 441 2601 and
448 2577 476 2602 not
483 2583 492 2602 a
500 2582 543 2601 mere
549 2573 652 2610 abridgmeut.
