1762 2803
166 141 211 197 bt
226 139 327 194 bonon
343 138 445 198 utone
461 137 644 201 aculeatarum.
712 141 756 197 337

55 263 142 307 recipere.
165 261 255 296 Nouimus
265 261 316 296 enim
326 267 345 296 te
352 260 411 296 virum
423 261 485 296 multis
495 260 645 305 temptationibus
655 260 758 304 probatum,

55 317 151 362 prouidum
164 320 182 350 et
194 315 298 357 discretum,
310 315 345 349 deo
357 319 376 349 et
387 313 493 348 hominibus
504 314 586 356 charum,
598 313 651 348 nobis
664 319 682 348 et
695 318 762 347 sancte

55 379 131 404 romane
142 367 220 403 ecclesie
233 377 267 412 per
280 368 341 402 omnia
354 367 434 401 fidelem.
457 366 480 401 Et
492 366 538 401 sicut
549 372 613 401 nostre
624 365 759 411 persecutionis

55 423 113 457 lactus
121 432 141 456 es
149 420 242 466 particeps
249 425 268 454 et
276 431 352 454 consors
360 420 471 460 indiuiduus,
478 420 503 454 ita
510 419 589 461 tibi‚deo
597 426 676 462 auctore,
681 421 699 453 in
708 420 758 454 nullo

55 478 122 511 deesse
133 474 241 519 poterimus,
253 473 340 518 quamdiu
354 473 407 508 nobis
422 473 441 507 in
457 473 491 507 hoe
505 484 582 517 corpore
592 473 652 508 vitalis
666 473 778 511 durauerits‘

56 528 137 573 spiritus.
160 527 229 561 Verum
245 527 334 561 hactenus
347 526 418 560 deliciis
433 526 516 567 affluens,
530 526 553 559 de
566 530 628 559 cetero
641 525 702 559 discas
717 536 759 560 esse

56 579 144 615 debilium
154 584 173 613 et
183 590 286 623 pauperum
297 579 412 613 consolator:
424 578 535 623 pauperibus
546 577 596 614 enim
604 578 672 614 Christi
680 583 698 613 te
706 579 760 613 duxl-

56 644 98 668 mus
106 633 278 675 commendandum,
287 631 334 675 huic,
342 632 422 676 inquam,
428 632 488 666 abbati
496 631 701 676 pontiniacensi’-erat
709 632 758 667 enim

56 687 81 722 ibi
95 688 242 731 presens-‘non
258 685 355 730 splendide
370 685 403 720 sed
419 684 527 729 simpliciter
541 686 661 727 educandum,
673 692 693 720 vt
707 687 760 722 decet

57 740 130 775 exulem
139 745 156 774 et
164 739 233 774 Christi
241 739 334 781 athletam,
342 739 401 773 donec
411 739 530 783 aspiraucrit¹
538 740 578 773 dies
588 739 639 783 pacis
650 745 668 774 et
678 740 760 774 consola·
771 749 789 770 ro

57 793 111 826 tionis
123 798 160 826 tue,
183 792 259 826 interim
271 792 312 824 forti
324 791 386 825 animo
397 796 442 831 esto,
454 795 472 824 et
484 791 519 825 hiis
531 790 562 835 qui
575 802 640 835 pacem
654 792 760 836 perturbant

57 844 123 880 resiste
134 844 220 880 viriliter!
265 837 337 881 Sancto
348 843 408 888 itaque
419 843 545 879 Pontiniacum
556 843 641 889 ingresso
652 844 702 879 misit
713 856 761 890 papa

58 900 139 933 habitum
146 897 279 941 monachalem,
287 898 310 932 de
319 897 447 942 lineossvtique
455 908 517 942 panno
528 908 593 943 grosso
604 904 622 933 et
633 899 700 941 crudo3
711 899 761 934 vnde

58 957 76 986 et
88 950 144 986 dixit:
161 951 243 986 ‘Dicite³
258 950 333 986 domino
348 951 476 986 Cantuariensi
491 951 533 996 quia
548 952 629 987 habitum
643 952 660 986 ei
676 951 761 987 misimus

58 1005 130 1050 qualem
141 1004 243 1046 habuimus,
251 1015 288 1038 non
299 1004 372 1049 qualem
379 1004 480 1038 vellemus!
524 998 617 1040 Vtebatur
624 1005 653 1039 vir
663 1005 692 1040 dei
703 1004 762 1040 cilicio
771 1016 788 1047 ¹5

58 1070 69 1092 a
79 1059 128 1092 nudo
140 1057 181 1092 colli
188 1069 247 1102 usque
258 1058 281 1092 ad
292 1057 377 1102 poplites,
385 1064 403 1092 et
414 1058 487 1092 lectioni
498 1063 515 1092 et
527 1059 604 1092 orationi
616 1069 637 1092 ac
647 1058 761 1093 meditationi

59 1117 96 1145 tota
107 1116 170 1144 mente
180 1111 261 1144 vacabat.
307 1103 352 1144 Rex
363 1116 430 1153 autern,
441 1120 482 1144 curn
494 1110 614 1145 redeuntibus
625 1110 697 1146 nunciis
708 1121 730 1146 se
740 1110 759 1145 in

59 1164 98 1197 suis
112 1162 232 1209 petitionibus
248 1162 341 1198 didicisset
356 1163 456 1208 repulsum,
470 1173 500 1198 res
515 1174 580 1199 omnes
595 1163 729 1208 archiepiscopi
742 1171 762 1199 et

59 1227 133 1251 suorum
142 1216 237 1251 confiscari
244 1215 331 1260 precepit,
339 1221 431 1261 totamque
439 1216 566 1261 cognationem
576 1216 616 1252 eius
627 1222 645 1251 et
655 1217 761 1262 omnesqui

59 1281 102 1305 eum
115 1269 235 1304 familiaritate
246 1270 276 1305 vel
289 1269 354 1314 quouis
366 1269 418 1304 titulo
431 1270 566 1315 contingebant,
578 1270 687 1315 proscripsit
700 1270 763 1305 exilio.
770 1281 790 1302 ao

60 1324 99 1357 Nec
110 1323 163 1357 sexui
174 1334 209 1357 nec
219 1323 309 1364 eratineo
319 1323 338 1357 in
349 1323 447 1368 puerperio
454 1322 526 1358 mulieri
534 1323 630 1359 decubanti
642 1324 763 1369 parcebatur;

60 1376 185 1420 compulsique
200 1381 243 1410 sunt
257 1377 317 1409 iurare
332 1377 379 1420 quod
395 1376 514 1410 contristandi
528 1387 582 1410 causa
597 1377 762 1420 archiepiscopum,

60 1429 168 1473 vbicumque
181 1428 301 1472 inueniretur,
312 1434 426 1474 expeterent.
448 1428 598 1474 Prohibitumque
612 1435 641 1466 est
656 1440 680 1465 ne
693 1441 727 1474 pro
740 1441 763 1464 eo

61 1489 121 1517 oraret
133 1482 215 1518 ecclesia.
237 1482 272 1516 Vir
286 1488 347 1517 autem
362 1482 392 1517 dei
406 1481 447 1517 illos
460 1493 494 1527 per
507 1481 591 1518 diuersas
604 1483 708 1527 prouincias
721 1494 763 1518 curn

61 1536 117 1571 literis
133 1537 172 1571 suis
186 1535 332 1571 transmittebat:
352 1536 383 1581 qui
399 1535 479 1582 benigne
495 1536 575 1581 suscepti
593 1543 641 1581 sunt,
656 1543 675 1572 et
689 1537 763 1582 plurimi
773 1551 792 1581 ²5

61 1591 131 1625 felicius
140 1589 159 1625 in
167 1589 221 1625 exilio
229 1601 284 1634 quarn
295 1590 314 1625 in
324 1589 383 1634 patria
393 1590 490 1635 degebant.
536 1583 582 1625 Erat
593 1591 643 1625 enirn
650 1591 680 1626 vir
689 1598 764 1626 sanctus

61 1655 155 1679 sacrarum
167 1644 299 1687 scripturarum
312 1648 383 1676 amator
395 1643 499 1688 precipuus,
508 1644 538 1676 vt*
549 1650 591 1687 post
603 1644 658 1678 horas
670 1644 764 1688 regulares

62 1696 142 1740 quotidie
153 1696 200 1732 sacri
212 1696 284 1731 codices
294 1708 328 1741 per
335 1702 394 1730 totum
401 1696 450 1731 diem
458 1696 489 1732 uix
497 1697 521 1732 de
531 1707 586 1732 manu
596 1696 635 1732 eius
643 1696 764 1732 discederent.

62 1749 115 1785 Vnde
121 1756 140 1786 et
147 1751 166 1786 in
171 1751 223 1785 breui
229 1751 276 1785 adeo
281 1750 364 1794 proiecit,
369 1755 388 1784 vt
395 1750 430 1794 [in]
436 1750 512 1784 nodosis
519 1750 651 1793 scripturarum
658 1751 765 1784 sententiis⁵

62 1803 117 1838 etiam
133 1814 191 1846 super
205 1804 292 1837 docentes
307 1814 328 1837 se
343 1803 407 1847 sepius
421 1802 516 1837 intellexit.
561 1795 637 1838 Direrit
654 1809 715 1839 autern
730 1814 764 1839 rex
773 1816 793 1847 3⁰

63 1854 131 1900 Anglie
146 1856 209 1891 literas
223 1857 246 1890 ad
260 1855 346 1900 generale
361 1856 459 1899 capitulum
472 1856 612 1896 cisterciense⁶‚
625 1856 684 1889 ordini
699 1867 764 1890 eorum

63 1908 161 1952 plurimum
169 1909 296 1949 comminatus,
304 1907 320 1942 si
327 1908 403 1943 ulterius
413 1908 539 1942 aduersarium
549 1918 603 1942 suurn
611 1908 659 1950 apud
668 1919 689 1942 se
697 1907 764 1942 retine-

63 1967 109 1994 rent.
132 1961 186 2004 Quod
198 1971 240 1995 cum
253 1959 390 2004 archiepiscopo
403 1960 508 1995 nunciatum
521 1959 591 2001 luisset,
604 1959 699 2005 respondit
714 1960 765 1995 nulla

63 2014 133 2048 ratione
141 2025 162 2050 se
168 2014 215 2049 velle
221 2014 310 2049 lesionem
315 2013 371 2048 vllam
377 2013 407 2049 vel
415 2013 515 2059 dampnum
522 2013 624 2058 hospitibus
632 2012 671 2049 suis
679 2013 765 2056 euenire;

64 2067 170 2109 ‘Dominus
181 2068 245 2112 inquit,
257 2068 363 2101 coexulibus
374 2067 421 2101 meis
433 2073 451 2101 et
464 2066 508 2101 mihi
520 2066 629 2111 prouidebit‚
640 2066 671 2111 qui
681 2067 766 2102 volucres
775 2080 794 2111 35

64 2120 97 2154 celi
105 2121 163 2164 pascit
171 2126 189 2155 et
197 2121 234 2155 lilia
239 2120 304 2155 vestit!
323 2119 370 2154 Cum
378 2125 439 2155 autem
446 2121 481 2155 hec
489 2120 550 2154 omnia
557 2121 638 2155 audisset
643 2131 676 2155 rex
684 2120 766 2163 Francle,

64 2173 88 2207 ait
96 2185 100 2207 :
112 2174 145 2215 ‘O‚
151 2173 214 2218 inquit,
220 2173 289 2219 religio,
295 2185 306 2207 o
314 2174 417 2217 religio,vbi
424 2184 445 2208 es
452 2175 458 2208 i
481 2173 529 2207 Ecce
536 2174 586 2208 enim
592 2184 639 2217 quos
647 2175 767 2207 credebamus

65 2227 127 2260 seculo
140 2232 228 2269 mortuos,
240 2227 297 2260 seculi
308 2226 368 2261 minas
379 2225 449 2267 timent,
461 2230 479 2260 et
490 2236 525 2269 pro
536 2225 592 2260 rebus
604 2225 677 2260 caducis
688 2236 735 2271 quas
746 2237 766 2261 se

65 2284 141 2323 propter
152 2279 207 2314 deum
219 2278 353 2324 contempsisse
364 2280 499 2325 profitentur,a
511 2278 540 2314 dei
552 2290 609 2325 opere
620 2280 668 2324 quod
680 2285 767 2325 ceperant

65 2339 196 2368 conuertuntur
208 2339 315 2377 retrorsum,
327 2333 356 2369 dei
370 2344 444 2369 causam
458 2339 477 2368 et
489 2344 524 2378 pro
537 2334 566 2368 dei
579 2333 649 2368 iusticia
662 2334 767 2369 exulantem
776 2345 796 2373 40

65 2384 158 2421 eiicientes
171 2397 182 2421 a
195 2388 226 2421 se’
249 2386 272 2421 Et
285 2393 396 2422 conuertens
409 2397 514 2422 sermonem
530 2388 552 2421 ad
566 2397 608 2422 eum
621 2386 652 2432 qui
667 2387 736 2422 missus
751 2386 767 2422 ei

66 2436 128 2480 luerat,
142 2440 177 2476 ait:
195 2440 303 2475 ‘Renuncia
316 2441 390 2475 domino
402 2446 434 2475 tuo
447 2442 501 2485 quod,
514 2441 529 2475 si
543 2442 628 2481 mundus,
639 2446 658 2474 et
669 2441 724 2475 etiam
736 2442 767 2485 qui

86 2552 229 2593 ¹E.expirauerit.
279 2553 315 2586 'al
324 2556 375 2586 laneo.
423 2555 518 2587 ’Rdicito
568 2554 602 2587 ⁴T.
610 2556 740 2594 posterasque
752 2558 768 2585 vt

67 2594 97 2624 orn.
139 2594 145 2613 ⁰
154 2596 181 2627 Ta.
193 2596 262 2627 nodosas
270 2619 274 2626 .
282 2619 285 2626 .
293 2620 297 2627 .
305 2597 397 2627 sententias.
438 2596 444 2614 ⁸
454 2597 473 2627 E.
481 2596 591 2627 cistersiense.

395 2663 443 2687 cc2
