<?xml version="1.0" encoding="UTF-8"?>
<!DOCTYPE html PUBLIC "-//W3C//DTD XHTML 1.0 Transitional//EN"
    "http://www.w3.org/TR/xhtml1/DTD/xhtml1-transitional.dtd">
<html xmlns="http://www.w3.org/1999/xhtml" xml:lang="en" lang="en">
 <head>
  <title>
</title>
<meta http-equiv="Content-Type" content="text/html;charset=utf-8" />
  <meta name='ocr-system' content='tesseract 3.04.00' />
  <meta name='ocr-capabilities' content='ocr_page ocr_carea ocr_par ocr_line ocrx_word'/>
</head>
<body>
  <div class='ocr_page' id='page_1' title='image "./MN5111ucmf_0/MN5111ucmf_0_1141.png"; bbox 0 0 1762 2803; ppageno 0'>
   <div class='ocr_carea' id='block_1_1' title="bbox 235 136 738 196">
    <p class='ocr_par' dir='ltr' id='par_1_1' title="bbox 235 136 738 196">
     <span class='ocr_line' id='line_1_1' title="bbox 235 136 738 196; baseline -0.034 -1"><span class='ocrx_word' id='word_1_1' title='bbox 235 140 281 196; x_wconf 71' lang='lat' dir='ltr'><strong>bc</strong></span> <span class='ocrx_word' id='word_1_2' title='bbox 296 137 396 193; x_wconf 54' lang='lat' dir='ltr'><strong>&amp;auctu</strong></span> <span class='ocrx_word' id='word_1_3' title='bbox 412 136 544 193; x_wconf 68' lang='lat' dir='ltr'><strong>wlstano.</strong></span> <span class='ocrx_word' id='word_1_4' title='bbox 694 147 738 194; x_wconf 80' lang='lat'><strong>525</strong></span> 
     </span>
    </p>
   </div>
   <div class='ocr_carea' id='block_1_2' title="bbox 37 256 778 2524">
    <p class='ocr_par' dir='ltr' id='par_1_2' title="bbox 37 256 778 2524">
     <span class='ocr_line' id='line_1_2' title="bbox 37 256 740 305; baseline -0.016 -4"><span class='ocrx_word' id='word_1_5' title='bbox 37 268 111 305; x_wconf 85' lang='lat' dir='ltr'><strong>valeret,</strong></span> <span class='ocrx_word' id='word_1_6' title='bbox 120 261 240 296; x_wconf 87' lang='lat' dir='ltr'><strong>Lamlraneus</strong></span> <span class='ocrx_word' id='word_1_7' title='bbox 248 259 329 294; x_wconf 89' lang='lat' dir='ltr'><strong>nouitate</strong></span> <span class='ocrx_word' id='word_1_8' title='bbox 337 258 419 294; x_wconf 84' lang='lat' dir='ltr'><strong>miraculi</strong></span> <span class='ocrx_word' id='word_1_9' title='bbox 430 257 544 302; x_wconf 89' lang='lat' dir='ltr'><strong>stupefactus</strong></span> <span class='ocrx_word' id='word_1_10' title='bbox 551 269 588 292; x_wconf 91' lang='lat' dir='ltr'><strong>vna</strong></span> <span class='ocrx_word' id='word_1_11' title='bbox 595 268 637 292; x_wconf 90' lang='lat' dir='ltr'><strong>eum</strong></span> <span class='ocrx_word' id='word_1_12' title='bbox 648 256 740 301; x_wconf 88' lang='lat' dir='ltr'><strong>episcopis</strong></span> 
     </span>
     <span class='ocr_line' id='line_1_3' title="bbox 38 309 740 360; baseline -0.014 -8"><span class='ocrx_word' id='word_1_13' title='bbox 38 326 56 355; x_wconf 76' lang='lat' dir='ltr'><strong>et</strong></span> <span class='ocrx_word' id='word_1_14' title='bbox 70 327 113 360; x_wconf 84' lang='lat' dir='ltr'><strong>rege</strong></span> <span class='ocrx_word' id='word_1_15' title='bbox 124 315 147 348; x_wconf 90' lang='lat' dir='ltr'><strong>ad</strong></span> <span class='ocrx_word' id='word_1_16' title='bbox 158 313 248 347; x_wconf 89' lang='lat' dir='ltr'><strong>tumulum</strong></span> <span class='ocrx_word' id='word_1_17' title='bbox 259 321 367 355; x_wconf 86' lang='lat' dir='ltr'><strong>properans,</strong></span> <span class='ocrx_word' id='word_1_18' title='bbox 378 311 425 345; x_wconf 87' lang='lat' dir='ltr'><strong>lacta</strong></span> <span class='ocrx_word' id='word_1_19' title='bbox 438 310 520 344; x_wconf 88' lang='lat' dir='ltr'><strong>oratione</strong></span> <span class='ocrx_word' id='word_1_20' title='bbox 533 319 608 343; x_wconf 90' lang='lat' dir='ltr'><strong>manum</strong></span> <span class='ocrx_word' id='word_1_21' title='bbox 618 309 706 343; x_wconf 89' lang='lat' dir='ltr'><strong>inuanum</strong></span> <span class='ocrx_word' id='word_1_22' title='bbox 717 309 740 342; x_wconf 91' lang='lat' dir='ltr'><strong>ad</strong></span> 
     </span>
     <span class='ocr_line' id='line_1_4' title="bbox 39 362 741 409; baseline -0.011 -6"><span class='ocrx_word' id='word_1_23' title='bbox 39 369 140 409; x_wconf 82' lang='lat' dir='ltr'><strong>eruendum</strong></span> <span class='ocrx_word' id='word_1_24' title='bbox 153 365 239 400; x_wconf 88' lang='lat' dir='ltr'><strong>baculum</strong></span> <span class='ocrx_word' id='word_1_25' title='bbox 252 363 342 409; x_wconf 79' lang='lat' dir='ltr'><strong>apposuit</strong></span> <span class='ocrx_word' id='word_1_26' title='bbox 370 363 466 397; x_wconf 76' lang='lat' dir='ltr'>Exclamat</span> <span class='ocrx_word' id='word_1_27' title='bbox 478 373 518 405; x_wconf 87' lang='lat' dir='ltr'><strong>rex,</strong></span> <span class='ocrx_word' id='word_1_28' title='bbox 530 368 570 397; x_wconf 91' lang='lat' dir='ltr'><strong>orat</strong></span> <span class='ocrx_word' id='word_1_29' title='bbox 584 362 671 407; x_wconf 81' lang='lat' dir='ltr'><strong>pontifex,</strong></span> <span class='ocrx_word' id='word_1_30' title='bbox 685 366 703 396; x_wconf 88' lang='lat' dir='ltr'><strong>et</strong></span> <span class='ocrx_word' id='word_1_31' title='bbox 718 362 741 395; x_wconf 86' lang='lat' dir='ltr'><strong>ad</strong></span> 
     </span>
     <span class='ocr_line' id='line_1_5' title="bbox 39 416 741 462; baseline -0.014 -3"><span class='ocrx_word' id='word_1_32' title='bbox 39 429 121 461; x_wconf 85' lang='lat' dir='ltr'><strong>sanctum</strong></span> <span class='ocrx_word' id='word_1_33' title='bbox 132 420 168 456; x_wconf 85' lang='lat' dir='ltr'><strong>ait:</strong></span> <span class='ocrx_word' id='word_1_34' title='bbox 180 420 240 454; x_wconf 83' lang='lat' dir='ltr'><strong>‘Vere</strong></span> <span class='ocrx_word' id='word_1_35' title='bbox 250 418 310 453; x_wconf 87' lang='lat' dir='ltr'><strong>iustus</strong></span> <span class='ocrx_word' id='word_1_36' title='bbox 321 418 416 460; x_wconf 83' lang='lat' dir='ltr'><strong>dominus3</strong></span> <span class='ocrx_word' id='word_1_37' title='bbox 428 422 447 452; x_wconf 90' lang='lat' dir='ltr'><strong>et</strong></span> <span class='ocrx_word' id='word_1_38' title='bbox 458 428 499 452; x_wconf 87' lang='lat' dir='ltr'><strong>cum</strong></span> <span class='ocrx_word' id='word_1_39' title='bbox 508 416 622 462; x_wconf 83' lang='lat' dir='ltr'><strong>simplicibus</strong></span> <span class='ocrx_word' id='word_1_40' title='bbox 629 416 715 461; x_wconf 84' lang='lat' dir='ltr'><strong>graditur,</strong></span> <span class='ocrx_word' id='word_1_41' title='bbox 723 420 741 450; x_wconf 92' lang='lat' dir='ltr'><strong>et</strong></span> 
     </span>
     <span class='ocr_line' id='line_1_6' title="bbox 39 469 758 513; baseline -0.011 -4"><span class='ocrx_word' id='word_1_42' title='bbox 39 488 80 513; x_wconf 82' lang='lat' dir='ltr'><strong>cum</strong></span> <span class='ocrx_word' id='word_1_43' title='bbox 92 472 191 508; x_wconf 83' lang='lat' dir='ltr'><strong>humilibus</strong></span> <span class='ocrx_word' id='word_1_44' title='bbox 203 482 264 507; x_wconf 89' lang='lat' dir='ltr'><strong>sermo</strong></span> <span class='ocrx_word' id='word_1_45' title='bbox 280 470 325 506; x_wconf 84' lang='lat' dir='ltr'><strong>eius.</strong></span> <span class='ocrx_word' id='word_1_46' title='bbox 353 470 419 506; x_wconf 92' lang='lat' dir='ltr'><strong>Derisa</strong></span> <span class='ocrx_word' id='word_1_47' title='bbox 430 475 459 505; x_wconf 89' lang='lat' dir='ltr'><strong>est</strong></span> <span class='ocrx_word' id='word_1_48' title='bbox 470 480 481 504; x_wconf 90' lang='lat' dir='ltr'><strong>a</strong></span> <span class='ocrx_word' id='word_1_49' title='bbox 492 469 550 512; x_wconf 87' lang='lat' dir='ltr'><strong>nobis,</strong></span> <span class='ocrx_word' id='word_1_50' title='bbox 562 470 623 512; x_wconf 81' lang='lat' dir='ltr'><strong>irater,</strong></span> <span class='ocrx_word' id='word_1_51' title='bbox 634 474 665 503; x_wconf 89' lang='lat' dir='ltr'><strong>tua</strong></span> <span class='ocrx_word' id='word_1_52' title='bbox 676 473 739 502; x_wconf 89' lang='lat' dir='ltr'><strong>sancta</strong></span> <span class='ocrx_word' id='word_1_53' title='bbox 749 478 758 510; x_wconf 84' lang='lat'><strong>5</strong></span> 
     </span>
     <span class='ocr_line' id='line_1_7' title="bbox 39 520 741 572; baseline -0.009 -11"><span class='ocrx_word' id='word_1_54' title='bbox 39 527 150 572; x_wconf 75' lang='lat' dir='ltr'><strong>simplicitas,</strong></span> <span class='ocrx_word' id='word_1_55' title='bbox 162 526 196 558; x_wconf 87' lang='lat' dir='ltr'><strong>sed</strong></span> <span class='ocrx_word' id='word_1_56' title='bbox 208 523 271 558; x_wconf 84' lang='lat' dir='ltr'><strong>eduxit</strong></span> <span class='ocrx_word' id='word_1_57' title='bbox 286 523 339 567; x_wconf 90' lang='lat' dir='ltr'><strong>quasi</strong></span> <span class='ocrx_word' id='word_1_58' title='bbox 351 524 414 558; x_wconf 90' lang='lat' dir='ltr'><strong>lumen</strong></span> <span class='ocrx_word' id='word_1_59' title='bbox 427 522 516 557; x_wconf 88' lang='lat' dir='ltr'><strong>iusticiam</strong></span> <span class='ocrx_word' id='word_1_60' title='bbox 531 528 593 557; x_wconf 86' lang='lat' dir='ltr'><strong>tuam:</strong></span> <span class='ocrx_word' id='word_1_61' title='bbox 612 521 680 556; x_wconf 91' lang='lat' dir='ltr'><strong>errauit</strong></span> <span class='ocrx_word' id='word_1_62' title='bbox 691 520 710 554; x_wconf 93' lang='lat' dir='ltr'><strong>in</strong></span> <span class='ocrx_word' id='word_1_63' title='bbox 722 526 741 554; x_wconf 89' lang='lat' dir='ltr'><strong>te</strong></span> 
     </span>
     <span class='ocr_line' id='line_1_8' title="bbox 39 575 740 620; baseline -0.013 -4"><span class='ocrx_word' id='word_1_64' title='bbox 39 581 126 617; x_wconf 91' lang='lat' dir='ltr'><strong>iudicium</strong></span> <span class='ocrx_word' id='word_1_65' title='bbox 135 583 223 618; x_wconf 89' lang='lat' dir='ltr'><strong>nostrum,</strong></span> <span class='ocrx_word' id='word_1_66' title='bbox 231 583 249 611; x_wconf 90' lang='lat' dir='ltr'><strong>et</strong></span> <span class='ocrx_word' id='word_1_67' title='bbox 257 575 392 620; x_wconf 88' lang='lat' dir='ltr'><strong>simplicitatem</strong></span> <span class='ocrx_word' id='word_1_68' title='bbox 399 582 450 610; x_wconf 89' lang='lat' dir='ltr'><strong>tuam</strong></span> <span class='ocrx_word' id='word_1_69' title='bbox 458 576 493 610; x_wconf 86' lang='lat' dir='ltr'><strong>deo</strong></span> <span class='ocrx_word' id='word_1_70' title='bbox 503 580 572 619; x_wconf 85' lang='lat' dir='ltr'><strong>gratam</strong></span> <span class='ocrx_word' id='word_1_71' title='bbox 581 575 666 609; x_wconf 87' lang='lat' dir='ltr'><strong>omnibus</strong></span> <span class='ocrx_word' id='word_1_72' title='bbox 673 585 740 618; x_wconf 90' lang='lat' dir='ltr'><strong>propa·</strong></span> 
     </span>
     <span class='ocr_line' id='line_1_9' title="bbox 40 627 740 674; baseline -0.011 -4"><span class='ocrx_word' id='word_1_73' title='bbox 40 635 87 670; x_wconf 91' lang='lat' dir='ltr'><strong>lauit.</strong></span> <span class='ocrx_word' id='word_1_74' title='bbox 110 630 222 666; x_wconf 88' lang='lat' dir='ltr'><strong>Auctoritate</strong></span> <span class='ocrx_word' id='word_1_75' title='bbox 233 629 311 674; x_wconf 88' lang='lat' dir='ltr'><strong>proinde</strong></span> <span class='ocrx_word' id='word_1_76' title='bbox 323 640 359 673; x_wconf 90' lang='lat' dir='ltr'><strong>qua</strong></span> <span class='ocrx_word' id='word_1_77' title='bbox 371 629 469 673; x_wconf 81' lang='lat' dir='ltr'><strong>fungimur,</strong></span> <span class='ocrx_word' id='word_1_78' title='bbox 482 628 539 663; x_wconf 90' lang='lat' dir='ltr'><strong>immo</strong></span> <span class='ocrx_word' id='word_1_79' title='bbox 551 628 613 663; x_wconf 90' lang='lat' dir='ltr'><strong>diuino</strong></span> <span class='ocrx_word' id='word_1_80' title='bbox 625 627 690 662; x_wconf 93' lang='lat' dir='ltr'><strong>iudicio</strong></span> <span class='ocrx_word' id='word_1_81' title='bbox 704 638 740 672; x_wconf 88' lang='lat' dir='ltr'><strong>quo</strong></span> 
     </span>
     <span class='ocr_line' id='line_1_10' title="bbox 40 681 741 727; baseline -0.009 -6"><span class='ocrx_word' id='word_1_82' title='bbox 40 685 170 725; x_wconf 86' lang='lat' dir='ltr'><strong>conuincimur,</strong></span> <span class='ocrx_word' id='word_1_83' title='bbox 182 694 245 717; x_wconf 90' lang='lat' dir='ltr'><strong>curam</strong></span> <span class='ocrx_word' id='word_1_84' title='bbox 258 693 294 727; x_wconf 88' lang='lat' dir='ltr'><strong>qua</strong></span> <span class='ocrx_word' id='word_1_85' title='bbox 306 688 325 716; x_wconf 92' lang='lat' dir='ltr'><strong>te</strong></span> <span class='ocrx_word' id='word_1_86' title='bbox 338 682 458 717; x_wconf 84' lang='lat' dir='ltr'><strong>inconsultius</strong></span> <span class='ocrx_word' id='word_1_87' title='bbox 469 681 560 724; x_wconf 82' lang='lat' dir='ltr'><strong>exuimus,</strong></span> <span class='ocrx_word' id='word_1_88' title='bbox 570 681 636 716; x_wconf 85' lang='lat' dir='ltr'><strong>iterum</strong></span> <span class='ocrx_word' id='word_1_89' title='bbox 648 681 680 716; x_wconf 91' lang='lat' dir='ltr'><strong>tibi</strong></span> <span class='ocrx_word' id='word_1_90' title='bbox 691 692 741 716; x_wconf 88' lang='lat' dir='ltr'><strong>corn·</strong></span> 
     </span>
     <span class='ocr_line' id='line_1_11' title="bbox 40 735 772 779; baseline -0.007 -6"><span class='ocrx_word' id='word_1_91' title='bbox 40 739 129 774; x_wconf 86' lang='lat' dir='ltr'><strong>mittimus</strong></span> <span class='ocrx_word' id='word_1_92' title='bbox 138 743 156 771; x_wconf 88' lang='lat' dir='ltr'><strong>et</strong></span> <span class='ocrx_word' id='word_1_93' title='bbox 163 736 286 779; x_wconf 74' lang='lat' dir='ltr'><strong>imponimus.¹</strong></span> <span class='ocrx_word' id='word_1_94' title='bbox 310 736 343 771; x_wconf 88' lang='lat' dir='ltr'><strong>Ille</strong></span> <span class='ocrx_word' id='word_1_95' title='bbox 352 742 413 770; x_wconf 90' lang='lat' dir='ltr'><strong>autem</strong></span> <span class='ocrx_word' id='word_1_96' title='bbox 425 735 590 778; x_wconf 86' lang='lat' dir='ltr'><strong>impossibilitatem</strong></span> <span class='ocrx_word' id='word_1_97' title='bbox 601 746 659 777; x_wconf 90' lang='lat' dir='ltr'><strong>suam,</strong></span> <span class='ocrx_word' id='word_1_98' title='bbox 667 741 685 769; x_wconf 90' lang='lat' dir='ltr'><strong>et</strong></span> <span class='ocrx_word' id='word_1_99' title='bbox 694 746 742 769; x_wconf 91' lang='lat' dir='ltr'><strong>onus</strong></span> <span class='ocrx_word' id='word_1_100' title='bbox 752 747 772 768; x_wconf 85' lang='lat' dir='ltr'><strong>ro</strong></span> 
     </span>
     <span class='ocr_line' id='line_1_12' title="bbox 41 788 740 836; baseline -0.007 -10"><span class='ocrx_word' id='word_1_101' title='bbox 41 801 96 836; x_wconf 88' lang='lat' dir='ltr'><strong>supra</strong></span> <span class='ocrx_word' id='word_1_102' title='bbox 106 789 156 824; x_wconf 88' lang='lat' dir='ltr'><strong>vires</strong></span> <span class='ocrx_word' id='word_1_103' title='bbox 169 789 288 833; x_wconf 89' lang='lat' dir='ltr'><strong>pretendens,</strong></span> <span class='ocrx_word' id='word_1_104' title='bbox 299 788 365 822; x_wconf 87' lang='lat' dir='ltr'><strong>asserit</strong></span> <span class='ocrx_word' id='word_1_105' title='bbox 377 788 396 821; x_wconf 94' lang='lat' dir='ltr'><strong>in</strong></span> <span class='ocrx_word' id='word_1_106' title='bbox 409 788 449 821; x_wconf 92' lang='lat' dir='ltr'><strong>loco</strong></span> <span class='ocrx_word' id='word_1_107' title='bbox 462 793 526 821; x_wconf 91' lang='lat' dir='ltr'><strong>sancto</strong></span> <span class='ocrx_word' id='word_1_108' title='bbox 541 788 644 821; x_wconf 85' lang='lat' dir='ltr'><strong>ministrum</strong></span> <span class='ocrx_word' id='word_1_109' title='bbox 657 793 740 821; x_wconf 88' lang='lat' dir='ltr'><strong>sanctum</strong></span> 
     </span>
     <span class='ocr_line' id='line_1_13' title="bbox 41 841 742 886; baseline -0.006 -8"><span class='ocrx_word' id='word_1_110' title='bbox 41 843 162 880; x_wconf 90' lang='lat' dir='ltr'><strong>statuendum.</strong></span> <span class='ocrx_word' id='word_1_111' title='bbox 189 841 253 875; x_wconf 87' lang='lat' dir='ltr'><strong>Victus</strong></span> <span class='ocrx_word' id='word_1_112' title='bbox 265 842 339 875; x_wconf 90' lang='lat' dir='ltr'><strong>tandem</strong></span> <span class='ocrx_word' id='word_1_113' title='bbox 353 852 429 886; x_wconf 89' lang='lat' dir='ltr'><strong>precum</strong></span> <span class='ocrx_word' id='word_1_114' title='bbox 441 841 532 882; x_wconf 90' lang='lat' dir='ltr'><strong>instantia,</strong></span> <span class='ocrx_word' id='word_1_115' title='bbox 545 851 607 876; x_wconf 89' lang='lat' dir='ltr'><strong>coram</strong></span> <span class='ocrx_word' id='word_1_116' title='bbox 619 841 704 874; x_wconf 88' lang='lat' dir='ltr'><strong>omnibus</strong></span> <span class='ocrx_word' id='word_1_117' title='bbox 720 841 742 875; x_wconf 90' lang='lat' dir='ltr'><strong>ad</strong></span> 
     </span>
     <span class='ocr_line' id='line_1_14' title="bbox 41 893 741 941; baseline -0.006 -9"><span class='ocrx_word' id='word_1_118' title='bbox 41 895 159 941; x_wconf 84' lang='lat' dir='ltr'><strong>sepulchrum</strong></span> <span class='ocrx_word' id='word_1_119' title='bbox 173 894 256 936; x_wconf 90' lang='lat' dir='ltr'><strong>accessit,</strong></span> <span class='ocrx_word' id='word_1_120' title='bbox 270 894 341 938; x_wconf 85' lang='lat' dir='ltr'><strong>virgam</strong></span> <span class='ocrx_word' id='word_1_121' title='bbox 356 905 412 929; x_wconf 87' lang='lat' dir='ltr'><strong>manu</strong></span> <span class='ocrx_word' id='word_1_122' title='bbox 426 894 496 939; x_wconf 87' lang='lat' dir='ltr'><strong>tetigit:</strong></span> <span class='ocrx_word' id='word_1_123' title='bbox 515 898 533 928; x_wconf 93' lang='lat' dir='ltr'><strong>et</strong></span> <span class='ocrx_word' id='word_1_124' title='bbox 550 905 594 928; x_wconf 84' lang='lat' dir='ltr'><strong>mox</strong></span> <span class='ocrx_word' id='word_1_125' title='bbox 609 905 684 928; x_wconf 90' lang='lat' dir='ltr'><strong>manum</strong></span> <span class='ocrx_word' id='word_1_126' title='bbox 701 893 741 928; x_wconf 92' lang='lat' dir='ltr'><strong>eius</strong></span> 
     </span>
     <span class='ocr_line' id='line_1_15' title="bbox 42 947 742 994; baseline -0.007 -8"><span class='ocrx_word' id='word_1_127' title='bbox 42 954 122 994; x_wconf 89' lang='lat' dir='ltr'><strong>sequuta,</strong></span> <span class='ocrx_word' id='word_1_128' title='bbox 134 959 155 983; x_wconf 91' lang='lat' dir='ltr'><strong>ac</strong></span> <span class='ocrx_word' id='word_1_129' title='bbox 169 947 184 982; x_wconf 92' lang='lat' dir='ltr'><strong>si</strong></span> <span class='ocrx_word' id='word_1_130' title='bbox 196 948 215 982; x_wconf 92' lang='lat' dir='ltr'><strong>in</strong></span> <span class='ocrx_word' id='word_1_131' title='bbox 229 948 278 981; x_wconf 91' lang='lat' dir='ltr'><strong>molli</strong></span> <span class='ocrx_word' id='word_1_132' title='bbox 290 947 328 981; x_wconf 92' lang='lat' dir='ltr'><strong>luto</strong></span> <span class='ocrx_word' id='word_1_133' title='bbox 339 948 404 983; x_wconf 85' lang='lat' dir='ltr'><strong>luisset</strong></span> <span class='ocrx_word' id='word_1_134' title='bbox 416 948 508 993; x_wconf 90' lang='lat' dir='ltr'><strong>impressa</strong></span> <span class='ocrx_word' id='word_1_135' title='bbox 521 947 592 983; x_wconf 89' lang='lat' dir='ltr'><strong>desiliit.</strong></span> <span class='ocrx_word' id='word_1_136' title='bbox 621 947 742 981; x_wconf 88' lang='lat' dir='ltr'><strong>Lamlrancus</strong></span> 
     </span>
     <span class='ocr_line' id='line_1_16' title="bbox 43 1001 771 1047; baseline -0.005 -8"><span class='ocrx_word' id='word_1_137' title='bbox 43 1014 85 1047; x_wconf 85' lang='lat' dir='ltr'><strong>ergo</strong></span> <span class='ocrx_word' id='word_1_138' title='bbox 99 1003 122 1036; x_wconf 93' lang='lat' dir='ltr'><strong>ad</strong></span> <span class='ocrx_word' id='word_1_139' title='bbox 137 1002 195 1046; x_wconf 89' lang='lat' dir='ltr'><strong>pedes</strong></span> <span class='ocrx_word' id='word_1_140' title='bbox 207 1001 247 1035; x_wconf 93' lang='lat' dir='ltr'><strong>eius</strong></span> <span class='ocrx_word' id='word_1_141' title='bbox 260 1001 374 1045; x_wconf 67' lang='lat' dir='ltr'><strong>prouentus,</strong></span> <span class='ocrx_word' id='word_1_142' title='bbox 386 1002 452 1036; x_wconf 87' lang='lat' dir='ltr'><strong>latetur</strong></span> <span class='ocrx_word' id='word_1_143' title='bbox 464 1001 556 1040; x_wconf 84' lang='lat' dir='ltr'><strong>delictum.</strong></span> <span class='ocrx_word' id='word_1_144' title='bbox 567 1001 641 1036; x_wconf 90' lang='lat' dir='ltr'><strong>veniam</strong></span> <span class='ocrx_word' id='word_1_145' title='bbox 653 1001 743 1045; x_wconf 82' lang='lat' dir='ltr'><strong>implorat,</strong></span> <span class='ocrx_word' id='word_1_146' title='bbox 754 1009 771 1039; x_wconf 88' lang='lat'><strong>15</strong></span> 
     </span>
     <span class='ocr_line' id='line_1_17' title="bbox 43 1053 744 1098; baseline -0.001 -10"><span class='ocrx_word' id='word_1_147' title='bbox 43 1056 104 1089; x_wconf 90' lang='lat' dir='ltr'><strong>dicens</strong></span> <span class='ocrx_word' id='word_1_148' title='bbox 113 1054 248 1098; x_wconf 88' lang='lat' dir='ltr'><strong>simplicitatem</strong></span> <span class='ocrx_word' id='word_1_149' title='bbox 256 1054 296 1086; x_wconf 92' lang='lat' dir='ltr'><strong>eius</strong></span> <span class='ocrx_word' id='word_1_150' title='bbox 306 1054 341 1087; x_wconf 87' lang='lat' dir='ltr'><strong>deo</strong></span> <span class='ocrx_word' id='word_1_151' title='bbox 351 1059 446 1098; x_wconf 82' lang='lat' dir='ltr'><strong>acceptam</strong></span> <span class='ocrx_word' id='word_1_152' title='bbox 457 1059 475 1087; x_wconf 91' lang='lat' dir='ltr'><strong>et</strong></span> <span class='ocrx_word' id='word_1_153' title='bbox 484 1054 623 1098; x_wconf 87' lang='lat' dir='ltr'><strong>beneplacitam,</strong></span> <span class='ocrx_word' id='word_1_154' title='bbox 631 1053 661 1098; x_wconf 91' lang='lat' dir='ltr'><strong>qui</strong></span> <span class='ocrx_word' id='word_1_155' title='bbox 670 1053 744 1097; x_wconf 89' lang='lat' dir='ltr'><strong>sapien-</strong></span> 
     </span>
     <span class='ocr_line' id='line_1_18' title="bbox 43 1105 742 1152; baseline -0.006 -8"><span class='ocrx_word' id='word_1_156' title='bbox 43 1108 85 1144; x_wconf 88' lang='lat' dir='ltr'><strong>tiam</strong></span> <span class='ocrx_word' id='word_1_157' title='bbox 99 1106 153 1142; x_wconf 89' lang='lat' dir='ltr'><strong>huius</strong></span> <span class='ocrx_word' id='word_1_158' title='bbox 165 1106 229 1141; x_wconf 88' lang='lat' dir='ltr'><strong>mundi</strong></span> <span class='ocrx_word' id='word_1_159' title='bbox 240 1106 314 1141; x_wconf 84' lang='lat' dir='ltr'><strong>stultam</strong></span> <span class='ocrx_word' id='word_1_160' title='bbox 327 1105 373 1150; x_wconf 83' lang='lat' dir='ltr'><strong>facit,</strong></span> <span class='ocrx_word' id='word_1_161' title='bbox 386 1112 406 1141; x_wconf 88' lang='lat' dir='ltr'><strong>vt</strong></span> <span class='ocrx_word' id='word_1_162' title='bbox 418 1106 470 1141; x_wconf 82' lang='lat' dir='ltr'><strong>fortia</strong></span> <span class='ocrx_word' id='word_1_163' title='bbox 483 1107 582 1141; x_wconf 79' lang='lat' dir='ltr'><strong>confundat</strong></span> <span class='ocrx_word' id='word_1_164' title='bbox 595 1112 613 1141; x_wconf 87' lang='lat' dir='ltr'><strong>et</strong></span> <span class='ocrx_word' id='word_1_165' title='bbox 624 1106 702 1152; x_wconf 84' lang='lat' dir='ltr'><strong>gratiam</strong></span> <span class='ocrx_word' id='word_1_166' title='bbox 715 1106 742 1140; x_wconf 90' lang='lat' dir='ltr'><strong>in·</strong></span> 
     </span>
     <span class='ocr_line' id='line_1_19' title="bbox 43 1152 745 1204; baseline -0.001 -10"><span class='ocrx_word' id='word_1_167' title='bbox 43 1161 105 1194; x_wconf 80' lang='lat' dir='ltr'><strong>tundat</strong></span> <span class='ocrx_word' id='word_1_168' title='bbox 116 1159 220 1194; x_wconf 86' lang='lat' dir='ltr'><strong>humilibus.</strong></span> <span class='ocrx_word' id='word_1_169' title='bbox 263 1152 378 1194; x_wconf 86' lang='lat' dir='ltr'><strong>¹Mulierem</strong></span> <span class='ocrx_word' id='word_1_170' title='bbox 388 1160 479 1204; x_wconf 90' lang='lat' dir='ltr'><strong>quandam</strong></span> <span class='ocrx_word' id='word_1_171' title='bbox 490 1170 501 1193; x_wconf 89' lang='lat' dir='ltr'><strong>a</strong></span> <span class='ocrx_word' id='word_1_172' title='bbox 511 1159 596 1194; x_wconf 89' lang='lat' dir='ltr'><strong>demonio</strong></span> <span class='ocrx_word' id='word_1_173' title='bbox 607 1165 699 1201; x_wconf 86' lang='lat' dir='ltr'><strong>vexatam,</strong></span> <span class='ocrx_word' id='word_1_174' title='bbox 710 1169 745 1203; x_wconf 88' lang='lat' dir='ltr'><strong>per</strong></span> 
     </span>
     <span class='ocr_line' id='line_1_20' title="bbox 44 1211 744 1257; baseline -0.004 -9"><span class='ocrx_word' id='word_1_175' title='bbox 44 1223 149 1257; x_wconf 87' lang='lat' dir='ltr'><strong>camporum</strong></span> <span class='ocrx_word' id='word_1_176' title='bbox 161 1212 216 1247; x_wconf 88' lang='lat' dir='ltr'><strong>deuia</strong></span> <span class='ocrx_word' id='word_1_177' title='bbox 229 1211 305 1256; x_wconf 91' lang='lat' dir='ltr'><strong>spiritus</strong></span> <span class='ocrx_word' id='word_1_178' title='bbox 317 1212 387 1257; x_wconf 89' lang='lat' dir='ltr'><strong>impetu</strong></span> <span class='ocrx_word' id='word_1_179' title='bbox 399 1218 501 1256; x_wconf 87' lang='lat' dir='ltr'><strong>vagantem,</strong></span> <span class='ocrx_word' id='word_1_180' title='bbox 513 1222 547 1246; x_wconf 90' lang='lat' dir='ltr'><strong>sua</strong></span> <span class='ocrx_word' id='word_1_181' title='bbox 559 1212 687 1247; x_wconf 87' lang='lat' dir='ltr'><strong>benedictione</strong></span> <span class='ocrx_word' id='word_1_182' title='bbox 699 1212 744 1246; x_wconf 86' lang='lat' dir='ltr'><strong>vali·</strong></span> 
     </span>
     <span class='ocr_line' id='line_1_21' title="bbox 43 1264 773 1309; baseline 0 -11"><span class='ocrx_word' id='word_1_183' title='bbox 43 1266 100 1299; x_wconf 92' lang='lat' dir='ltr'><strong>tudini</strong></span> <span class='ocrx_word' id='word_1_184' title='bbox 112 1265 190 1308; x_wconf 86' lang='lat' dir='ltr'><strong>pristine</strong></span> <span class='ocrx_word' id='word_1_185' title='bbox 201 1265 290 1306; x_wconf 86' lang='lat' dir='ltr'><strong>restituit;</strong></span> <span class='ocrx_word' id='word_1_186' title='bbox 304 1276 325 1298; x_wconf 91' lang='lat' dir='ltr'><strong>ac</strong></span> <span class='ocrx_word' id='word_1_187' title='bbox 336 1265 418 1309; x_wconf 88' lang='lat' dir='ltr'><strong>precepit</strong></span> <span class='ocrx_word' id='word_1_188' title='bbox 430 1271 450 1299; x_wconf 89' lang='lat' dir='ltr'><strong>vt</strong></span> <span class='ocrx_word' id='word_1_189' title='bbox 462 1276 499 1298; x_wconf 95' lang='lat' dir='ltr'><strong>non</strong></span> <span class='ocrx_word' id='word_1_190' title='bbox 511 1264 629 1299; x_wconf 89' lang='lat' dir='ltr'><strong>Wulstanum</strong></span> <span class='ocrx_word' id='word_1_191' title='bbox 642 1266 676 1299; x_wconf 85' lang='lat' dir='ltr'><strong>sed</strong></span> <span class='ocrx_word' id='word_1_192' title='bbox 689 1265 744 1299; x_wconf 89' lang='lat' dir='ltr'><strong>deum</strong></span> <span class='ocrx_word' id='word_1_193' title='bbox 754 1275 773 1296; x_wconf 74' lang='grc' dir='ltr'><strong>ιο</strong></span> 
     </span>
     <span class='ocr_line' id='line_1_22' title="bbox 43 1317 744 1361; baseline 0 -10"><span class='ocrx_word' id='word_1_194' title='bbox 43 1317 164 1358; x_wconf 76' lang='lat' dir='ltr'><strong>benediceret,</strong></span> <span class='ocrx_word' id='word_1_195' title='bbox 175 1317 253 1350; x_wconf 91' lang='lat' dir='ltr'><strong>virtutes</strong></span> <span class='ocrx_word' id='word_1_196' title='bbox 266 1322 341 1357; x_wconf 87' lang='lat' dir='ltr'><strong>amaret,</strong></span> <span class='ocrx_word' id='word_1_197' title='bbox 353 1317 458 1361; x_wconf 90' lang='lat' dir='ltr'><strong>pudicitiam</strong></span> <span class='ocrx_word' id='word_1_198' title='bbox 471 1328 508 1350; x_wconf 93' lang='lat' dir='ltr'><strong>non</strong></span> <span class='ocrx_word' id='word_1_199' title='bbox 521 1318 613 1360; x_wconf 88' lang='lat' dir='ltr'><strong>perderet,</strong></span> <span class='ocrx_word' id='word_1_200' title='bbox 624 1328 648 1350; x_wconf 90' lang='lat' dir='ltr'><strong>ne</strong></span> <span class='ocrx_word' id='word_1_201' title='bbox 663 1318 744 1352; x_wconf 89' lang='lat' dir='ltr'><strong>deterius</strong></span> 
     </span>
     <span class='ocr_line' id='line_1_23' title="bbox 44 1368 746 1413; baseline 0 -9"><span class='ocrx_word' id='word_1_202' title='bbox 44 1370 60 1404; x_wconf 91' lang='lat' dir='ltr'><strong>ei</strong></span> <span class='ocrx_word' id='word_1_203' title='bbox 72 1368 138 1413; x_wconf 89' lang='lat' dir='ltr'><strong>aliquid</strong></span> <span class='ocrx_word' id='word_1_204' title='bbox 150 1368 269 1413; x_wconf 84' lang='lat' dir='ltr'><strong>contingeret.</strong></span> <span class='ocrx_word' id='word_1_205' title='bbox 292 1368 359 1404; x_wconf 88' lang='lat' dir='ltr'><strong>Mulier</strong></span> <span class='ocrx_word' id='word_1_206' title='bbox 369 1369 419 1404; x_wconf 90' lang='lat' dir='ltr'><strong>enim</strong></span> <span class='ocrx_word' id='word_1_207' title='bbox 430 1369 499 1403; x_wconf 88' lang='lat' dir='ltr'><strong>monita</strong></span> <span class='ocrx_word' id='word_1_208' title='bbox 507 1368 547 1404; x_wconf 88' lang='lat' dir='ltr'><strong>eius</strong></span> <span class='ocrx_word' id='word_1_209' title='bbox 555 1380 641 1413; x_wconf 90' lang='lat' dir='ltr'><strong>sequens,</strong></span> <span class='ocrx_word' id='word_1_210' title='bbox 648 1369 667 1404; x_wconf 92' lang='lat' dir='ltr'><strong>in</strong></span> <span class='ocrx_word' id='word_1_211' title='bbox 679 1369 746 1404; x_wconf 88' lang='lat' dir='ltr'><strong>sancti-</strong></span> 
     </span>
     <span class='ocr_line' id='line_1_24' title="bbox 45 1415 746 1468; baseline 0.001 -11"><span class='ocrx_word' id='word_1_212' title='bbox 45 1422 117 1457; x_wconf 87' lang='lat' dir='ltr'><strong>moniali</strong></span> <span class='ocrx_word' id='word_1_213' title='bbox 129 1422 191 1458; x_wconf 91' lang='lat' dir='ltr'><strong>habitu</strong></span> <span class='ocrx_word' id='word_1_214' title='bbox 205 1422 308 1467; x_wconf 88' lang='lat' dir='ltr'><strong>placentem</strong></span> <span class='ocrx_word' id='word_1_215' title='bbox 321 1422 356 1458; x_wconf 87' lang='lat' dir='ltr'><strong>deo</strong></span> <span class='ocrx_word' id='word_1_216' title='bbox 369 1422 425 1458; x_wconf 86' lang='lat' dir='ltr'><strong>vitam</strong></span> <span class='ocrx_word' id='word_1_217' title='bbox 437 1421 480 1467; x_wconf 89' lang='lat' dir='ltr'><strong>egit.</strong></span> <span class='ocrx_word' id='word_1_218' title='bbox 525 1415 652 1458; x_wconf 90' lang='lat' dir='ltr'><strong>Demoniacus</strong></span> <span class='ocrx_word' id='word_1_219' title='bbox 666 1422 746 1468; x_wconf 89' lang='lat' dir='ltr'><strong>quidam,</strong></span> 
     </span>
     <span class='ocr_line' id='line_1_25' title="bbox 45 1475 747 1520; baseline 0.001 -11"><span class='ocrx_word' id='word_1_220' title='bbox 45 1475 108 1510; x_wconf 80' lang='lat' dir='ltr'><strong>ferreis</strong></span> <span class='ocrx_word' id='word_1_221' title='bbox 127 1476 210 1510; x_wconf 88' lang='lat' dir='ltr'><strong>cathenis</strong></span> <span class='ocrx_word' id='word_1_222' title='bbox 226 1475 275 1520; x_wconf 89' lang='lat' dir='ltr'><strong>posti</strong></span> <span class='ocrx_word' id='word_1_223' title='bbox 294 1475 365 1520; x_wconf 86' lang='lat' dir='ltr'><strong>ligatus,</strong></span> <span class='ocrx_word' id='word_1_224' title='bbox 380 1481 430 1511; x_wconf 88' lang='lat' dir='ltr'><strong>tanta</strong></span> <span class='ocrx_word' id='word_1_225' title='bbox 448 1485 514 1510; x_wconf 89' lang='lat' dir='ltr'><strong>vocum</strong></span> <span class='ocrx_word' id='word_1_226' title='bbox 531 1476 621 1511; x_wconf 89' lang='lat' dir='ltr'><strong>variarum</strong></span> <span class='ocrx_word' id='word_1_227' title='bbox 640 1476 747 1511; x_wconf 81' lang='lat' dir='ltr'><strong>confusione</strong></span> 
     </span>
     <span class='ocr_line' id='line_1_26' title="bbox 45 1528 775 1572; baseline 0.003 -11"><span class='ocrx_word' id='word_1_228' title='bbox 45 1528 128 1570; x_wconf 86' lang='lat' dir='ltr'><strong>loquutus</strong></span> <span class='ocrx_word' id='word_1_229' title='bbox 140 1534 168 1562; x_wconf 89' lang='lat' dir='ltr'><strong>est</strong></span> <span class='ocrx_word' id='word_1_230' title='bbox 180 1534 200 1562; x_wconf 86' lang='lat' dir='ltr'><strong>vt</strong></span> <span class='ocrx_word' id='word_1_231' title='bbox 212 1539 236 1562; x_wconf 85' lang='lat' dir='ltr'><strong>ex</strong></span> <span class='ocrx_word' id='word_1_232' title='bbox 246 1539 283 1562; x_wconf 90' lang='lat' dir='ltr'><strong>vno</strong></span> <span class='ocrx_word' id='word_1_233' title='bbox 295 1539 326 1562; x_wconf 90' lang='lat' dir='ltr'><strong>ore</strong></span> <span class='ocrx_word' id='word_1_234' title='bbox 338 1530 440 1563; x_wconf 84' lang='lat' dir='ltr'><strong>exercitum</strong></span> <span class='ocrx_word' id='word_1_235' title='bbox 451 1528 516 1571; x_wconf 73' lang='lat' dir='ltr'><strong>quasi²</strong></span> <span class='ocrx_word' id='word_1_236' title='bbox 526 1529 576 1572; x_wconf 92' lang='lat' dir='ltr'><strong>loqui</strong></span> <span class='ocrx_word' id='word_1_237' title='bbox 587 1530 679 1563; x_wconf 87' lang='lat' dir='ltr'><strong>crederes.</strong></span> <span class='ocrx_word' id='word_1_238' title='bbox 700 1529 746 1564; x_wconf 88' lang='lat' dir='ltr'><strong>Viso</strong></span> <span class='ocrx_word' id='word_1_239' title='bbox 756 1538 775 1568; x_wconf 81' lang='lat'><strong>²5</strong></span> 
     </span>
     <span class='ocr_line' id='line_1_27' title="bbox 46 1580 747 1624; baseline 0.004 -12"><span class='ocrx_word' id='word_1_240' title='bbox 46 1585 105 1613; x_wconf 92' lang='lat' dir='ltr'><strong>autem</strong></span> <span class='ocrx_word' id='word_1_241' title='bbox 122 1580 215 1623; x_wconf 87' lang='lat' dir='ltr'><strong>pontifice,</strong></span> <span class='ocrx_word' id='word_1_242' title='bbox 230 1580 273 1613; x_wconf 87' lang='lat' dir='ltr'><strong>totis</strong></span> <span class='ocrx_word' id='word_1_243' title='bbox 289 1580 418 1614; x_wconf 90' lang='lat' dir='ltr'><strong>intremiscens</strong></span> <span class='ocrx_word' id='word_1_244' title='bbox 433 1580 526 1620; x_wconf 71' lang='lat' dir='ltr'><strong>membris</strong></span> <span class='ocrx_word' id='word_1_245' title='bbox 541 1581 629 1614; x_wconf 86' lang='lat' dir='ltr'><strong>stridebat</strong></span> <span class='ocrx_word' id='word_1_246' title='bbox 649 1581 747 1624; x_wconf 82' lang='lat' dir='ltr'><strong>dentibus3</strong></span> 
     </span>
     <span class='ocr_line' id='line_1_28' title="bbox 45 1633 748 1678; baseline 0.003 -11"><span class='ocrx_word' id='word_1_247' title='bbox 45 1633 106 1676; x_wconf 87' lang='lat' dir='ltr'><strong>patulo</strong></span> <span class='ocrx_word' id='word_1_248' title='bbox 120 1633 166 1668; x_wconf 89' lang='lat' dir='ltr'><strong>rictu</strong></span> <span class='ocrx_word' id='word_1_249' title='bbox 178 1638 232 1677; x_wconf 90' lang='lat' dir='ltr'><strong>sputa</strong></span> <span class='ocrx_word' id='word_1_250' title='bbox 245 1643 339 1676; x_wconf 88' lang='lat' dir='ltr'><strong>euomens,</strong></span> <span class='ocrx_word' id='word_1_251' title='bbox 352 1644 418 1678; x_wconf 85' lang='lat' dir='ltr'><strong>magno</strong></span> <span class='ocrx_word' id='word_1_252' title='bbox 431 1634 481 1668; x_wconf 90' lang='lat' dir='ltr'><strong>hiatu</strong></span> <span class='ocrx_word' id='word_1_253' title='bbox 494 1634 601 1678; x_wconf 84' lang='lat' dir='ltr'><strong>obstrepere</strong></span> <span class='ocrx_word' id='word_1_254' title='bbox 613 1634 666 1678; x_wconf 88' lang='lat' dir='ltr'><strong>cepit.</strong></span> <span class='ocrx_word' id='word_1_255' title='bbox 688 1634 748 1669; x_wconf 90' lang='lat' dir='ltr'><strong>Tanto</strong></span> 
     </span>
     <span class='ocr_line' id='line_1_29' title="bbox 45 1685 747 1731; baseline 0.003 -12"><span class='ocrx_word' id='word_1_256' title='bbox 45 1685 174 1730; x_wconf 81' lang='lat' dir='ltr'><strong>incom[m]odo</strong></span> <span class='ocrx_word' id='word_1_257' title='bbox 182 1687 269 1721; x_wconf 88' lang='lat' dir='ltr'><strong>sacerdos</strong></span> <span class='ocrx_word' id='word_1_258' title='bbox 276 1686 370 1730; x_wconf 88' lang='lat' dir='ltr'><strong>impalluit,</strong></span> <span class='ocrx_word' id='word_1_259' title='bbox 379 1692 397 1722; x_wconf 91' lang='lat' dir='ltr'><strong>et</strong></span> <span class='ocrx_word' id='word_1_260' title='bbox 404 1686 492 1731; x_wconf 85' lang='lat' dir='ltr'><strong>expansis</strong></span> <span class='ocrx_word' id='word_1_261' title='bbox 498 1686 516 1721; x_wconf 92' lang='lat' dir='ltr'><strong>in</strong></span> <span class='ocrx_word' id='word_1_262' title='bbox 523 1687 582 1722; x_wconf 89' lang='lat' dir='ltr'><strong>celum</strong></span> <span class='ocrx_word' id='word_1_263' title='bbox 589 1687 673 1722; x_wconf 90' lang='lat' dir='ltr'><strong>manibus</strong></span> <span class='ocrx_word' id='word_1_264' title='bbox 678 1687 747 1722; x_wconf 85' lang='lat' dir='ltr'><strong>orauit:</strong></span> 
     </span>
     <span class='ocr_line' id='line_1_30' title="bbox 46 1733 748 1784; baseline 0.003 -12"><span class='ocrx_word' id='word_1_265' title='bbox 46 1744 63 1772; x_wconf 90' lang='lat' dir='ltr'><strong>et</strong></span> <span class='ocrx_word' id='word_1_266' title='bbox 74 1740 159 1774; x_wconf 84' lang='lat' dir='ltr'><strong>infirmus</strong></span> <span class='ocrx_word' id='word_1_267' title='bbox 167 1740 263 1774; x_wconf 85' lang='lat' dir='ltr'><strong>confestim</strong></span> <span class='ocrx_word' id='word_1_268' title='bbox 274 1740 370 1774; x_wconf 89' lang='lat' dir='ltr'><strong>conualuit.</strong></span> <span class='ocrx_word' id='word_1_269' title='bbox 415 1733 513 1784; x_wconf 89' lang='lat' dir='ltr'><strong>Leprosus</strong></span> <span class='ocrx_word' id='word_1_270' title='bbox 524 1741 598 1783; x_wconf 89' lang='lat' dir='ltr'><strong>quidam</strong></span> <span class='ocrx_word' id='word_1_271' title='bbox 606 1740 646 1774; x_wconf 90' lang='lat' dir='ltr'><strong>visu</strong></span> <span class='ocrx_word' id='word_1_272' title='bbox 658 1740 748 1782; x_wconf 89' lang='lat' dir='ltr'><strong>horridus,</strong></span> 
     </span>
     <span class='ocr_line' id='line_1_31' title="bbox 47 1791 777 1837; baseline 0.001 -14"><span class='ocrx_word' id='word_1_273' title='bbox 47 1801 100 1824; x_wconf 89' lang='lat' dir='ltr'><strong>carne</strong></span> <span class='ocrx_word' id='word_1_274' title='bbox 111 1792 220 1834; x_wconf 88' lang='lat' dir='ltr'><strong>maculosus,</strong></span> <span class='ocrx_word' id='word_1_275' title='bbox 230 1802 277 1836; x_wconf 87' lang='lat' dir='ltr'><strong>aqua</strong></span> <span class='ocrx_word' id='word_1_276' title='bbox 284 1791 357 1825; x_wconf 88' lang='lat' dir='ltr'><strong>lotionis</strong></span> <span class='ocrx_word' id='word_1_277' title='bbox 369 1802 457 1825; x_wconf 90' lang='lat' dir='ltr'><strong>manuum</strong></span> <span class='ocrx_word' id='word_1_278' title='bbox 465 1791 523 1825; x_wconf 90' lang='lat' dir='ltr'><strong>saneti</strong></span> <span class='ocrx_word' id='word_1_279' title='bbox 535 1792 569 1826; x_wconf 88' lang='lat' dir='ltr'><strong>vin&#39;</strong></span> <span class='ocrx_word' id='word_1_280' title='bbox 580 1792 599 1825; x_wconf 93' lang='lat' dir='ltr'><strong>in</strong></span> <span class='ocrx_word' id='word_1_281' title='bbox 611 1792 678 1826; x_wconf 90' lang='lat' dir='ltr'><strong>balneo</strong></span> <span class='ocrx_word' id='word_1_282' title='bbox 689 1792 748 1837; x_wconf 88' lang='lat' dir='ltr'><strong>posita</strong></span> <span class='ocrx_word' id='word_1_283' title='bbox 756 1801 777 1832; x_wconf 74' lang='lat'><strong>³0</strong></span> 
     </span>
     <span class='ocr_line' id='line_1_32' title="bbox 46 1844 748 1888; baseline 0.001 -10"><span class='ocrx_word' id='word_1_284' title='bbox 46 1853 66 1877; x_wconf 90' lang='lat' dir='ltr'><strong>se</strong></span> <span class='ocrx_word' id='word_1_285' title='bbox 84 1844 138 1883; x_wconf 84' lang='lat' dir='ltr'><strong>lauit;</strong></span> <span class='ocrx_word' id='word_1_286' title='bbox 155 1850 173 1879; x_wconf 89' lang='lat' dir='ltr'><strong>et</strong></span> <span class='ocrx_word' id='word_1_287' title='bbox 188 1845 302 1888; x_wconf 84' lang='lat' dir='ltr'><strong>pustularum</strong></span> <span class='ocrx_word' id='word_1_288' title='bbox 321 1845 406 1879; x_wconf 89' lang='lat' dir='ltr'><strong>continuo</strong></span> <span class='ocrx_word' id='word_1_289' title='bbox 424 1850 485 1879; x_wconf 91' lang='lat' dir='ltr'><strong>tumor</strong></span> <span class='ocrx_word' id='word_1_290' title='bbox 503 1845 577 1886; x_wconf 88' lang='lat' dir='ltr'><strong>resedit,</strong></span> <span class='ocrx_word' id='word_1_291' title='bbox 592 1845 683 1879; x_wconf 84' lang='lat' dir='ltr'><strong>letiferum</strong></span> <span class='ocrx_word' id='word_1_292' title='bbox 697 1845 748 1880; x_wconf 87' lang='lat' dir='ltr'><strong>virus</strong></span> 
     </span>
     <span class='ocr_line' id='line_1_33' title="bbox 47 1896 748 1941; baseline 0.004 -12"><span class='ocrx_word' id='word_1_293' title='bbox 47 1896 120 1939; x_wconf 83' lang='lat' dir='ltr'><strong>effluxit,</strong></span> <span class='ocrx_word' id='word_1_294' title='bbox 128 1897 225 1941; x_wconf 90' lang='lat' dir='ltr'><strong>omnisque</strong></span> <span class='ocrx_word' id='word_1_295' title='bbox 236 1908 278 1931; x_wconf 92' lang='lat' dir='ltr'><strong>caro</strong></span> <span class='ocrx_word' id='word_1_296' title='bbox 289 1896 308 1930; x_wconf 91' lang='lat' dir='ltr'><strong>in</strong></span> <span class='ocrx_word' id='word_1_297' title='bbox 319 1897 409 1941; x_wconf 89' lang='lat' dir='ltr'><strong>puerilem</strong></span> <span class='ocrx_word' id='word_1_298' title='bbox 420 1897 518 1941; x_wconf 86' lang='lat' dir='ltr'><strong>puritatem</strong></span> <span class='ocrx_word' id='word_1_299' title='bbox 530 1896 549 1931; x_wconf 93' lang='lat' dir='ltr'><strong>in</strong></span> <span class='ocrx_word' id='word_1_300' title='bbox 560 1897 612 1931; x_wconf 92' lang='lat' dir='ltr'><strong>breui</strong></span> <span class='ocrx_word' id='word_1_301' title='bbox 624 1897 717 1939; x_wconf 89' lang='lat' dir='ltr'><strong>relloruit;</strong></span> <span class='ocrx_word' id='word_1_302' title='bbox 730 1903 748 1932; x_wconf 91' lang='lat' dir='ltr'><strong>et</strong></span> 
     </span>
     <span class='ocr_line' id='line_1_34' title="bbox 46 1947 747 1995; baseline 0.007 -13"><span class='ocrx_word' id='word_1_303' title='bbox 46 1947 152 1995; x_wconf 87' lang='lat' dir='ltr'><strong>impetigine</strong></span> <span class='ocrx_word' id='word_1_304' title='bbox 163 1957 181 1986; x_wconf 94' lang='lat' dir='ltr'><strong>et</strong></span> <span class='ocrx_word' id='word_1_305' title='bbox 192 1951 253 1986; x_wconf 91' lang='lat' dir='ltr'><strong>scabie</strong></span> <span class='ocrx_word' id='word_1_306' title='bbox 261 1950 326 1995; x_wconf 89' lang='lat' dir='ltr'><strong>capitis</strong></span> <span class='ocrx_word' id='word_1_307' title='bbox 335 1951 406 1994; x_wconf 88' lang='lat' dir='ltr'><strong>abolita,</strong></span> <span class='ocrx_word' id='word_1_308' title='bbox 419 1950 499 1985; x_wconf 89' lang='lat' dir='ltr'><strong>cesaries</strong></span> <span class='ocrx_word' id='word_1_309' title='bbox 510 1951 580 1995; x_wconf 87' lang='lat' dir='ltr'><strong>capillis</strong></span> <span class='ocrx_word' id='word_1_310' title='bbox 588 1951 747 1987; x_wconf 90' lang='lat' dir='ltr'><strong>succrescentibus</strong></span> 
     </span>
     <span class='ocr_line' id='line_1_35' title="bbox 47 1997 749 2046; baseline 0.006 -12"><span class='ocrx_word' id='word_1_311' title='bbox 47 2002 160 2038; x_wconf 83' lang='lat' dir='ltr'><strong>reformatur.</strong></span> <span class='ocrx_word' id='word_1_312' title='bbox 211 1997 313 2039; x_wconf 86' lang='lat' dir='ltr'><strong>Gunnildis</strong></span> <span class='ocrx_word' id='word_1_313' title='bbox 323 2004 472 2044; x_wconf 89' lang='lat' dir='ltr'><strong>sanctimonialis,</strong></span> <span class='ocrx_word' id='word_1_314' title='bbox 483 2003 532 2046; x_wconf 83' lang='lat' dir='ltr'><strong>regis</strong></span> <span class='ocrx_word' id='word_1_315' title='bbox 545 2004 621 2038; x_wconf 87' lang='lat' dir='ltr'><strong>Haraldi</strong></span> <span class='ocrx_word' id='word_1_316' title='bbox 632 2004 676 2045; x_wconf 92' lang='lat' dir='ltr'><strong>filie,</strong></span> <span class='ocrx_word' id='word_1_317' title='bbox 687 2009 749 2039; x_wconf 89' lang='lat' dir='ltr'><strong>tumor</strong></span> 
     </span>
     <span class='ocr_line' id='line_1_36' title="bbox 47 2052 776 2099; baseline 0.007 -14"><span class='ocrx_word' id='word_1_318' title='bbox 47 2052 124 2088; x_wconf 79' lang='lat' dir='ltr'><strong>infestus</strong></span> <span class='ocrx_word' id='word_1_319' title='bbox 133 2056 195 2089; x_wconf 88' lang='lat' dir='ltr'><strong>oculos</strong></span> <span class='ocrx_word' id='word_1_320' title='bbox 202 2056 275 2096; x_wconf 89' lang='lat' dir='ltr'><strong>inuasit,</strong></span> <span class='ocrx_word' id='word_1_321' title='bbox 283 2060 302 2088; x_wconf 91' lang='lat' dir='ltr'><strong>et</strong></span> <span class='ocrx_word' id='word_1_322' title='bbox 309 2056 369 2089; x_wconf 91' lang='lat' dir='ltr'><strong>moles</strong></span> <span class='ocrx_word' id='word_1_323' title='bbox 377 2056 507 2099; x_wconf 85' lang='lat' dir='ltr'><strong>palpebrarum</strong></span> <span class='ocrx_word' id='word_1_324' title='bbox 512 2054 572 2088; x_wconf 86' lang='lat' dir='ltr'><strong>visum</strong></span> <span class='ocrx_word' id='word_1_325' title='bbox 579 2056 679 2096; x_wconf 87' lang='lat' dir='ltr'><strong>obducens,</strong></span> <span class='ocrx_word' id='word_1_326' title='bbox 687 2066 749 2090; x_wconf 88' lang='lat' dir='ltr'><strong>massa</strong></span> <span class='ocrx_word' id='word_1_327' title='bbox 757 2067 776 2097; x_wconf 81' lang='lat'><strong>3⁵</strong></span> 
     </span>
     <span class='ocr_line' id='line_1_37' title="bbox 47 2106 749 2152; baseline 0.007 -14"><span class='ocrx_word' id='word_1_328' title='bbox 47 2114 111 2141; x_wconf 88' lang='lat' dir='ltr'><strong>carnea</strong></span> <span class='ocrx_word' id='word_1_329' title='bbox 117 2107 203 2152; x_wconf 89' lang='lat' dir='ltr'><strong>oppleuit.</strong></span> <span class='ocrx_word' id='word_1_330' title='bbox 221 2108 311 2151; x_wconf 88' lang='lat' dir='ltr'><strong>Suscepta</strong></span> <span class='ocrx_word' id='word_1_331' title='bbox 317 2107 452 2151; x_wconf 89' lang='lat' dir='ltr'><strong>enimepiscopi</strong></span> <span class='ocrx_word' id='word_1_332' title='bbox 458 2106 516 2141; x_wconf 90' lang='lat' dir='ltr'><strong>sancti</strong></span> <span class='ocrx_word' id='word_1_333' title='bbox 523 2107 654 2149; x_wconf 83' lang='lat' dir='ltr'><strong>benedictione,</strong></span> <span class='ocrx_word' id='word_1_334' title='bbox 661 2108 749 2143; x_wconf 76' lang='lat' dir='ltr'><strong>detectisl</strong></span> 
     </span>
     <span class='ocr_line' id='line_1_38' title="bbox 47 2154 749 2205; baseline 0.004 -13"><span class='ocrx_word' id='word_1_335' title='bbox 47 2163 65 2191; x_wconf 92' lang='lat' dir='ltr'><strong>et</strong></span> <span class='ocrx_word' id='word_1_336' title='bbox 75 2161 141 2195; x_wconf 90' lang='lat' dir='ltr'><strong>erectis</strong></span> <span class='ocrx_word' id='word_1_337' title='bbox 153 2161 246 2205; x_wconf 84' lang='lat' dir='ltr'><strong>palpebris</strong></span> <span class='ocrx_word' id='word_1_338' title='bbox 256 2161 316 2195; x_wconf 90' lang='lat' dir='ltr'><strong>lucem</strong></span> <span class='ocrx_word' id='word_1_339' title='bbox 329 2171 414 2195; x_wconf 89' lang='lat' dir='ltr'><strong>serenam</strong></span> <span class='ocrx_word' id='word_1_340' title='bbox 424 2160 476 2204; x_wconf 85' lang='lat' dir='ltr'><strong>virgo</strong></span> <span class='ocrx_word' id='word_1_341' title='bbox 487 2161 610 2205; x_wconf 87' lang='lat' dir='ltr'><strong>consequitur.</strong></span> <span class='ocrx_word' id='word_1_342' title='bbox 660 2154 749 2196; x_wconf 82' lang='lat' dir='ltr'><strong>Elsinus⁴</strong></span> 
     </span>
     <span class='ocr_line' id='line_1_39' title="bbox 47 2211 750 2259; baseline 0.004 -13"><span class='ocrx_word' id='word_1_343' title='bbox 47 2211 96 2255; x_wconf 80' lang='lat' dir='ltr'><strong>regis</strong></span> <span class='ocrx_word' id='word_1_344' title='bbox 115 2213 201 2249; x_wconf 88' lang='lat' dir='ltr'><strong>Edwardi</strong></span> <span class='ocrx_word' id='word_1_345' title='bbox 217 2215 310 2259; x_wconf 89' lang='lat' dir='ltr'><strong>quondam</strong></span> <span class='ocrx_word' id='word_1_346' title='bbox 330 2214 419 2257; x_wconf 85' lang='lat' dir='ltr'><strong>minister,</strong></span> <span class='ocrx_word' id='word_1_347' title='bbox 437 2214 460 2248; x_wconf 93' lang='lat' dir='ltr'><strong>ad</strong></span> <span class='ocrx_word' id='word_1_348' title='bbox 477 2215 621 2249; x_wconf 88' lang='lat' dir='ltr'><strong>consecrandam</strong></span> <span class='ocrx_word' id='word_1_349' title='bbox 640 2215 750 2250; x_wconf 80' lang='lat' dir='ltr'><strong>eeclesiam⁵</strong></span> 
     </span>
     <span class='ocr_line' id='line_1_40' title="bbox 48 2264 749 2311; baseline 0.007 -13"><span class='ocrx_word' id='word_1_350' title='bbox 48 2264 154 2309; x_wconf 89' lang='lat' dir='ltr'><strong>episcopum</strong></span> <span class='ocrx_word' id='word_1_351' title='bbox 172 2268 258 2311; x_wconf 90' lang='lat' dir='ltr'><strong>precibus</strong></span> <span class='ocrx_word' id='word_1_352' title='bbox 273 2267 372 2302; x_wconf 85' lang='lat' dir='ltr'><strong>aduocauit.</strong></span> <span class='ocrx_word' id='word_1_353' title='bbox 402 2267 446 2302; x_wconf 88' lang='lat' dir='ltr'><strong>Erat</strong></span> <span class='ocrx_word' id='word_1_354' title='bbox 461 2267 533 2302; x_wconf 76' lang='lat' dir='ltr'><strong>autem⁶</strong></span> <span class='ocrx_word' id='word_1_355' title='bbox 552 2268 571 2303; x_wconf 93' lang='lat' dir='ltr'><strong>in</strong></span> <span class='ocrx_word' id='word_1_356' title='bbox 589 2268 677 2303; x_wconf 87' lang='lat' dir='ltr'><strong>cimiterio</strong></span> <span class='ocrx_word' id='word_1_357' title='bbox 695 2269 749 2304; x_wconf 91' lang='lat' dir='ltr'><strong>arbor</strong></span> 
     </span>
     <span class='ocr_line' id='line_1_41' title="bbox 49 2318 778 2364; baseline 0.008 -16"><span class='ocrx_word' id='word_1_358' title='bbox 49 2323 106 2350; x_wconf 91' lang='lat' dir='ltr'><strong>nucea</strong></span> <span class='ocrx_word' id='word_1_359' title='bbox 119 2319 185 2361; x_wconf 91' lang='lat' dir='ltr'><strong>patulis</strong></span> <span class='ocrx_word' id='word_1_360' title='bbox 198 2319 293 2353; x_wconf 82' lang='lat' dir='ltr'><strong>frondibus</strong></span> <span class='ocrx_word' id='word_1_361' title='bbox 306 2320 398 2360; x_wconf 85' lang='lat' dir='ltr'><strong>vmbrosa,</strong></span> <span class='ocrx_word' id='word_1_362' title='bbox 410 2329 446 2362; x_wconf 88' lang='lat' dir='ltr'><strong>que</strong></span> <span class='ocrx_word' id='word_1_363' title='bbox 459 2318 564 2354; x_wconf 85' lang='lat' dir='ltr'><strong>luxuriante</strong></span> <span class='ocrx_word' id='word_1_364' title='bbox 579 2330 672 2354; x_wconf 82' lang='lat' dir='ltr'><strong>ramorum</strong></span> <span class='ocrx_word' id='word_1_365' title='bbox 685 2320 750 2364; x_wconf 87' lang='lat' dir='ltr'><strong>ampli·</strong></span> <span class='ocrx_word' id='word_1_366' title='bbox 758 2332 778 2362; x_wconf 76' lang='lat'><strong>4⁰</strong></span> 
     </span>
     <span class='ocr_line' id='line_1_42' title="bbox 48 2369 751 2408; baseline 0.009 -7"><span class='ocrx_word' id='word_1_367' title='bbox 48 2369 111 2403; x_wconf 89' lang='lat' dir='ltr'><strong>tudine</strong></span> <span class='ocrx_word' id='word_1_368' title='bbox 123 2370 222 2406; x_wconf 92' lang='lat' dir='ltr'><strong>luminibus</strong></span> <span class='ocrx_word' id='word_1_369' title='bbox 232 2372 322 2406; x_wconf 88' lang='lat' dir='ltr'><strong>officiebat</strong></span> <span class='ocrx_word' id='word_1_370' title='bbox 332 2371 415 2406; x_wconf 89' lang='lat' dir='ltr'><strong>ecclesie.</strong></span> <span class='ocrx_word' id='word_1_371' title='bbox 438 2372 513 2406; x_wconf 90' lang='lat' dir='ltr'><strong>Solebat</strong></span> <span class='ocrx_word' id='word_1_372' title='bbox 525 2378 586 2407; x_wconf 89' lang='lat' dir='ltr'><strong>autem</strong></span> <span class='ocrx_word' id='word_1_373' title='bbox 596 2373 625 2407; x_wconf 92' lang='lat' dir='ltr'><strong>vir</strong></span> <span class='ocrx_word' id='word_1_374' title='bbox 635 2372 666 2407; x_wconf 91' lang='lat' dir='ltr'><strong>ille</strong></span> <span class='ocrx_word' id='word_1_375' title='bbox 677 2373 722 2407; x_wconf 89' lang='lat' dir='ltr'><strong>aleis</strong></span> <span class='ocrx_word' id='word_1_376' title='bbox 732 2379 751 2408; x_wconf 90' lang='lat' dir='ltr'><strong>et</strong></span> 
     </span>
     <span class='ocr_line' id='line_1_43' title="bbox 49 2422 751 2470; baseline 0.007 -14"><span class='ocrx_word' id='word_1_377' title='bbox 49 2422 108 2464; x_wconf 87' lang='lat' dir='ltr'><strong>epulis</strong></span> <span class='ocrx_word' id='word_1_378' title='bbox 120 2426 154 2459; x_wconf 89' lang='lat' dir='ltr'><strong>sub</strong></span> <span class='ocrx_word' id='word_1_379' title='bbox 168 2427 233 2460; x_wconf 85' lang='lat' dir='ltr'><strong>eadem</strong></span> <span class='ocrx_word' id='word_1_380' title='bbox 245 2426 311 2460; x_wconf 86' lang='lat' dir='ltr'><strong>arbore</strong></span> <span class='ocrx_word' id='word_1_381' title='bbox 322 2437 398 2460; x_wconf 87' lang='lat' dir='ltr'><strong>vacare:</strong></span> <span class='ocrx_word' id='word_1_382' title='bbox 416 2431 434 2460; x_wconf 91' lang='lat' dir='ltr'><strong>et</strong></span> <span class='ocrx_word' id='word_1_383' title='bbox 449 2437 491 2460; x_wconf 89' lang='lat' dir='ltr'><strong>cum</strong></span> <span class='ocrx_word' id='word_1_384' title='bbox 503 2426 587 2461; x_wconf 90' lang='lat' dir='ltr'><strong>iussisset</strong></span> <span class='ocrx_word' id='word_1_385' title='bbox 599 2438 640 2461; x_wconf 87' lang='lat' dir='ltr'><strong>earn</strong></span> <span class='ocrx_word' id='word_1_386' title='bbox 654 2429 751 2470; x_wconf 88' lang='lat' dir='ltr'><strong>episcopus</strong></span> 
     </span>
     <span class='ocr_line' id='line_1_44' title="bbox 49 2473 751 2524; baseline 0.01 -17"><span class='ocrx_word' id='word_1_387' title='bbox 49 2473 122 2518; x_wconf 84' lang='lat' dir='ltr'><strong>abscidi,</strong></span> <span class='ocrx_word' id='word_1_388' title='bbox 134 2478 198 2513; x_wconf 88' lang='lat' dir='ltr'><strong>maluit</strong></span> <span class='ocrx_word' id='word_1_389' title='bbox 209 2479 306 2513; x_wconf 89' lang='lat' dir='ltr'><strong>ecelesiam</strong></span> <span class='ocrx_word' id='word_1_390' title='bbox 317 2489 354 2513; x_wconf 90' lang='lat' dir='ltr'><strong>non</strong></span> <span class='ocrx_word' id='word_1_391' title='bbox 366 2479 446 2513; x_wconf 91' lang='lat' dir='ltr'><strong>dedicari</strong></span> <span class='ocrx_word' id='word_1_392' title='bbox 458 2489 513 2523; x_wconf 90' lang='lat' dir='ltr'><strong>quam</strong></span> <span class='ocrx_word' id='word_1_393' title='bbox 525 2481 610 2515; x_wconf 88' lang='lat' dir='ltr'><strong>arborem</strong></span> <span class='ocrx_word' id='word_1_394' title='bbox 622 2480 665 2514; x_wconf 87' lang='lat' dir='ltr'><strong>inde</strong></span> <span class='ocrx_word' id='word_1_395' title='bbox 676 2480 751 2524; x_wconf 89' lang='lat' dir='ltr'><strong>penitus</strong></span> 
     </span>
    </p>
   </div>
   <div class='ocr_carea' id='block_1_3' title="bbox 50 2541 750 2624">
    <p class='ocr_par' dir='ltr' id='par_1_3' title="bbox 50 2541 750 2624">
     <span class='ocr_line' id='line_1_45' title="bbox 68 2541 750 2583; baseline 0.004 -9"><span class='ocrx_word' id='word_1_396' title='bbox 68 2541 220 2578; x_wconf 84' lang='lat' dir='ltr'><strong>¹Cs.VltaandH.</strong></span> <span class='ocrx_word' id='word_1_397' title='bbox 271 2546 306 2576; x_wconf 63' lang='grc' dir='ltr'><strong>1Ε.</strong></span> <span class='ocrx_word' id='word_1_398' title='bbox 315 2547 460 2583; x_wconf 83' lang='lat' dir='ltr'><strong>quasiexereitum.</strong></span> <span class='ocrx_word' id='word_1_399' title='bbox 512 2546 649 2578; x_wconf 75' lang='lat' dir='ltr'><strong>³T.E.deiectis.</strong></span> <span class='ocrx_word' id='word_1_400' title='bbox 702 2548 750 2578; x_wconf 67' lang='lat' dir='ltr'><strong>‘vit</strong></span> 
     </span>
     <span class='ocr_line' id='line_1_46' title="bbox 50 2577 750 2624; baseline 0.007 -12"><span class='ocrx_word' id='word_1_401' title='bbox 50 2577 121 2613; x_wconf 83' lang='lat' dir='ltr'><strong>Eielsius.</strong></span> <span class='ocrx_word' id='word_1_402' title='bbox 154 2585 527 2624; x_wconf 80' lang='lat' dir='ltr'><strong>⁵se.invlliasuaLangenesupraSabrinam.</strong></span> <span class='ocrx_word' id='word_1_403' title='bbox 562 2586 596 2617; x_wconf 76' lang='lat' dir='ltr'><strong>⁶T.</strong></span> <span class='ocrx_word' id='word_1_404' title='bbox 604 2587 750 2623; x_wconf 79' lang='lat' dir='ltr'><strong>enim;E.auteu1.</strong></span> 
     </span>
    </p>
   </div>
   <div class='ocr_carea' id='block_1_4' title="bbox 0 0 901 2803">
    <p class='ocr_par' dir='ltr' id='par_1_4' title="bbox 0 0 901 2803">
     <span class='ocr_line' id='line_1_47' title="bbox 0 0 901 2803; baseline 0 0"><span class='ocrx_word' id='word_1_405' title='bbox 0 0 901 2803; x_wconf 95' lang='lat' dir='ltr'><strong> </strong></span> 
     </span>
    </p>
   </div>
  </div>
 </body>
</html>
