1762 2803
244 107 289 163 Bt
304 105 404 160 &aaut
420 102 565 162 cuquam.
712 122 756 164 239

54 234 72 263 et
81 234 156 263 ornatus
166 228 225 273 ipsius
235 229 295 263 omnis
302 233 375 262 texture
383 228 477 263 mundane
485 226 569 271 peritiam
578 227 680 271 superabat.
702 226 756 261 Vnde

54 282 158 326 quicunque
171 283 241 317 vultum
254 281 313 326 ipsius
326 281 451 326 inspexerant,
463 292 497 325 pre
509 280 565 315 nimie
578 280 670 325 cupidinis
683 280 757 314 lasciuia

54 332 103 379 pene
112 336 185 381 seipsos
193 340 317 370 excesserant.
340 334 387 369 Cum
399 333 513 369 festinatione
524 345 568 379 ergo
580 334 679 378 episcopus
690 343 756 378 aquarn

54 389 166 424 benedicens
178 391 197 423 in
209 388 309 433 imaginem
320 388 435 421 fantasticam
447 387 499 422 iecit:
512 394 530 422 et
542 388 603 422 statim
615 388 638 422 ab
649 387 706 421 oculis
718 398 757 422 om-

55 442 107 476 nium
126 443 205 484 euanuit,
224 442 324 486 euulsaque
342 441 423 476 maxima
441 441 515 485 parietis
534 441 612 476 ecclesie
631 445 688 485 parte,
707 445 775 480 tanto5

55 495 114 528 fetore
126 506 181 529 nares
193 495 275 530 omnium
288 494 327 529 suis
338 494 421 529 ludibriis
434 495 552 539 deceptorum
567 495 653 540 perfudit,
665 494 714 539 quod
725 494 757 528 vix

55 548 153 591 quisquam
168 548 268 582 subsistere
282 548 344 582 valuit.
366 548 437 589 Quibus
452 547 549 592 episcopus
564 549 599 582 ait:
616 548 680 590 ‘Ecce,
693 547 758 591 inquit,

55 610 88 634 vos
99 601 223 643 corporalibus
233 600 291 634 oculis
301 601 356 634 modo
363 600 434 634 vidistis
442 611 498 643 quare
506 601 550 634 olim
558 606 595 634 tam
607 600 672 634 crebro
679 599 758 634 feminas

56 653 79 686 ab
87 653 137 686 omni
147 652 204 688 limite
214 652 291 688 ecclesie
299 663 340 688 rnee
350 663 437 697 separare
445 653 523 688 decreui.
546 653 593 687 Nam
605 664 698 697 nunquam
706 652 758 687 virus

56 705 169 749 deceptionis
179 706 232 740 citius
243 706 321 740 infertur
330 718 386 750 quam
397 707 466 741 astuta¹
475 706 584 740 feminarum
592 707 681 750 decipula,
689 716 725 749 que
734 707 758 740 de
768 717 787 739 ιο

57 758 141 802 paradiso
152 759 213 793 Adam
227 758 309 803 fragilem
321 759 431 804 expellebat.
454 759 516 802 Quare
527 769 551 792 ex
562 759 597 792 hoc
610 764 694 802 tempore
706 758 758 793 femi·

57 823 122 847 narum
137 824 222 847 accessus
237 813 256 847 in
272 813 319 847 meis
334 813 400 847 amodo
415 811 499 847 ecclesiis
513 812 608 856 prohibeo,
620 812 663 856 quia
674 812 758 857 spiritum

57 865 153 900 fornicarie
170 866 258 908 falsitatis,
272 876 327 910 quem
342 865 419 907 vidistis,
435 876 495 909 neque
509 874 543 899 vos
561 875 621 909 neque
636 875 688 899 meos
703 875 714 898 a
729 864 759 900 dei

57 919 131 954 seruitio
143 920 236 954 retardare
247 912 486 964 permitto.’-Tempore
497 929 534 963 quo
545 918 604 963 primo
616 924 690 953 sanctus
704 918 760 953 Cuth-

58 973 121 1007 bertus
133 972 199 1016 quietis
212 974 276 1007 sedem
288 973 337 1016 apud
351 972 463 1006 Dunelmum
476 971 561 1015 elegerat,
572 977 671 1006 veteranus
681 971 761 1016 quidam,
771 984 789 1014 ¹5

58 1025 106 1057 bone
118 1024 194 1057 aetionis
204 1024 238 1065 vir,
246 1023 328 1067 corporis
339 1024 397 1057 sancti
409 1023 504 1057 Cuthberti
516 1024 594 1058 habebat
605 1024 711 1064 custodiam,
721 1029 761 1058 tan·

58 1081 113 1121 teque
125 1076 252 1111 familiaritatis
263 1076 312 1120 apud
324 1087 366 1111 eum
378 1075 441 1118 extitit,
453 1076 501 1121 quod
514 1076 589 1120 capillos
600 1086 732 1121 nonnunquam
743 1081 761 1112 et

58 1139 129 1173 vngues
143 1129 160 1163 ei
173 1129 269 1173 precidere
282 1128 347 1164 solitus
360 1128 419 1171 fuerit,
433 1133 450 1163 et
462 1128 550 1164 familiare
563 1128 672 1173 colloquium
684 1140 726 1164 eum
738 1140 761 1164 eo

59 1182 135 1225 habens,
143 1182 162 1215 in
171 1182 233 1216 multis
241 1183 264 1216 ab
272 1193 295 1216 eo
302 1182 411 1217 informatus
419 1182 456 1217 fuit.
500 1174 577 1217 ²Naute
585 1182 664 1226 quidam,
669 1188 761 1217 commota

59 1235 78 1269 in
86 1235 132 1269 mari
140 1240 254 1279 tempestate,
263 1235 359 1270 naualibus
367 1234 429 1269 fractis
438 1234 566 1271 instrumentis
575 1241 593 1270 et
601 1235 702 1270 tabularum
710 1235 761 1271 iunc·
771 1249 791 1271 ro

59 1288 105 1321 turis
119 1299 167 1332 pene
180 1288 279 1330 dissolutis,
291 1288 338 1323 beati
351 1288 446 1323 Cuthberti
459 1287 566 1331 suffragium
581 1287 599 1322 in
613 1292 663 1322 tanto
676 1288 713 1323 vite
725 1288 761 1323 dis·

60 1340 136 1375 crimine
155 1341 221 1375 deuote
240 1351 282 1375 cum
301 1339 401 1385 lachrymis
419 1339 545 1385 implorabant.
575 1340 614 1376 Nec
633 1351 690 1384 mora,
709 1347 762 1386 pater

60 1398 139 1434 sanctus,
157 1393 292 1436 pontificalibus
310 1393 390 1433 indutus,
408 1393 499 1437 corporali
517 1393 579 1437 specie
598 1393 617 1426 in
636 1403 691 1438 prora
709 1393 763 1428 nauis

60 1446 134 1487 sedens,
141 1446 207 1479 baculo
216 1446 304 1489 pastorali
313 1452 391 1489 pontum
401 1445 504 1480 seuientem
513 1445 585 1481 diuisit:
597 1451 686 1489 erantque
697 1446 763 1481 fluctus

60 1498 119 1533 instar
129 1498 218 1532 montium
231 1510 242 1532 a
254 1497 325 1532 dextris
337 1503 356 1532 et
369 1509 380 1531 a
392 1497 477 1540 sinistris,
488 1508 499 1531 a
510 1498 576 1533 semita
587 1502 649 1533 tamen
661 1510 694 1534 sua
705 1499 764 1541 nauis,
774 1511 792 1541 25

60 1556 111 1585 tanto
118 1556 189 1586 rectore
197 1552 275 1594 suffulta,
284 1551 358 1586 deuiare
365 1561 402 1585 non
410 1551 474 1596 potuit.
497 1551 520 1585 Et
532 1551 636 1586 confortans
646 1562 678 1587 eos
690 1557 764 1587 sanctus

61 1604 92 1638 dei
103 1604 137 1639 ait:
149 1604 221 1638 ‘Nolite
232 1605 308 1638 timere!
332 1605 371 1648 Ego
383 1615 425 1638 sum
437 1604 554 1645 Cuthbertus,
565 1615 621 1648 quem
633 1605 701 1639 totiens
712 1605 765 1639 inuo-

61 1656 122 1699 castis,
138 1657 161 1691 ad
176 1656 239 1691 salutis
254 1663 328 1700 portum
343 1658 410 1691 deuote
425 1663 500 1700 rogatus
514 1667 548 1691 vos
563 1658 667 1692 adducens!
697 1658 765 1702 Slcque

61 1710 126 1744 baculo
137 1720 204 1744 nauem
216 1720 288 1754 regens,
300 1714 319 1744 et
330 1710 353 1743 ad
364 1714 438 1753 portum
450 1714 532 1754 optatum
544 1721 576 1745 eos
588 1709 663 1753 ducens,
673 1711 696 1745 ab
707 1710 765 1745 oculis

62 1773 126 1798 eorum
147 1763 243 1798 confestim
262 1763 341 1798 euanuit.
389 1756 485 1808 ³Quidam
502 1763 577 1798 nomine
593 1763 679 1799 Elfredus
694 1763 794 1807 clauem30

62 1815 154 1860 sepulchri
166 1816 224 1849 sancti
236 1816 331 1850 Cuthberti
342 1815 434 1856 deterens,
445 1815 509 1859 capitis
521 1826 592 1850 comam
604 1817 765 1861 supereffluentem

62 1869 156 1902 tondendo
163 1868 274 1912 prescidere,
284 1868 360 1912 capillos
371 1868 444 1911 pectine
451 1869 533 1901 eburneo
541 1868 640 1902 diuidendo
648 1880 765 1913 componere,

62 1921 160 1965 digitorum
174 1931 245 1963 vngues
260 1920 333 1954 decenti
347 1920 458 1954 rotunditate
477 1920 547 1954 solebat
565 1920 657 1955 excidere.
685 1922 765 1966 Contigit

63 1972 113 2007 enim
131 1974 222 2016 quendam
241 1983 313 2006 murem
331 1972 459 2015 permodicum
477 1972 571 2016 sepulchri
589 1972 672 2007 foramen
690 1974 765 2014 intrare,

63 2025 127 2059 nidum
143 2024 208 2065 facere,
221 2029 239 2057 et
254 2029 326 2067 partum
342 2024 361 2058 in
377 2024 443 2069 angulo
455 2025 535 2069 quodam
550 2026 658 2069 producere.
680 2025 734 2060 Vnde
747 2032 765 2060 et
775 2039 793 2069 ³5

63 2083 138 2114 sanctus
152 2077 181 2112 dei
193 2077 258 2113 clerico
271 2077 343 2112 cuidam
358 2077 436 2113 ecclesie
451 2088 549 2124 apparens,
563 2078 620 2115 dixit:
638 2078 688 2123 ‘Dic,
701 2078 765 2124 inquit,

64 2132 144 2175 Elfredo,
156 2138 176 2166 vt
188 2132 273 2166 laciscam
285 2132 345 2173 istam,
358 2143 394 2175 que
407 2132 472 2166 catulis
484 2132 523 2167 suis
536 2133 612 2167 domum
624 2144 685 2167 meam
696 2132 766 2176 polluit,

64 2195 119 2230 quam
134 2184 187 2219 citius
202 2184 286 2229 expellat.
314 2184 394 2218 Domum
410 2184 459 2220 enim
474 2195 535 2220 meam
550 2185 652 2227 maculauit,
667 2191 685 2220 et
700 2184 766 2231 quietis

64 2250 106 2273 mee
119 2238 201 2282 requiem
213 2237 337 2282 perturbauit.'
360 2238 463 2281 Diligenter
478 2250 521 2283 ergo
537 2239 623 2283 inquisita
636 2239 680 2280 fera,
693 2245 711 2273 et
724 2250 766 2273 curn

65 2291 128 2326 catulis
145 2291 225 2333 inuenta,
241 2291 327 2325 Elfredus
343 2291 371 2325 ira
386 2297 488 2326 commotus
505 2302 570 2326 omnes
584 2291 603 2325 in
619 2292 676 2326 frusta
691 2292 796 2338 commi-40

64 2344 141 2387 nuisset‚
154 2345 189 2378 nisi
202 2344 243 2388 pius
255 2344 349 2378 confessor
360 2344 383 2378 ab
395 2344 468 2378 illorum
479 2345 549 2378 lesione
560 2355 636 2389 parcere
647 2344 767 2389 precepisset.

64 2390 124 2431 *Post
133 2398 181 2430 beati
189 2397 284 2431 Cuthberti
292 2396 361 2430 obitum
368 2397 420 2431 locus
428 2397 443 2429 F
443 2408 488 2431 arne
496 2398 515 2431 in
524 2398 605 2431 maximo
614 2398 684 2432 honore
694 2397 768 2433 habitus

64 2454 98 2485 est.
121 2449 175 2484 Vnde
187 2451 266 2494 quodam
279 2455 362 2493 tempore
377 2449 414 2483 duo
428 2450 513 2483 monachi
525 2450 656 2485 dunelmenses
669 2450 688 2485 in
702 2452 768 2487 eadem

85 2555 194 2587 ¹T.hastuta.
234 2557 274 2588 ²Cf.
282 2556 365 2594 Reginald,
373 2565 406 2594 cap.
414 2565 438 2593 23.
478 2557 590 2594 ³Reg.e.26.
630 2558 742 2597 *Rege-58.
