1762 2803
67 140 69 146 ·
127 116 170 183 '572
390 121 514 184 appennis
531 124 562 169 ΙΙ.

127 246 155 278 ilie
163 246 212 288 quasi
220 246 286 278 amicus
293 246 316 277 ad
324 245 398 278 amicum
408 256 463 285 suum,
471 245 560 278 notissima
570 255 611 278 voce
622 244 655 278 sibi
664 245 728 278 emissa
739 245 826 284 humilima

127 294 152 329 ait
163 296 285 338 responsione:
297 295 457 338 ‘Vigi10,domine.’
479 296 556 339 Angelus
566 296 589 329 ad
598 296 641 329 hec:
654 295 734 330 ‘Mature
741 297 803 339 segetis
811 305 827 335 et

127 348 173 382 bone
180 347 234 388 frugis
242 357 293 389 quam
301 347 390 380 seminasti
398 353 465 390 tempus
473 347 526 380 instat
534 347 635 390 colligende.
656 348 680 381 At
688 357 743 390 pauca
750 357 804 389 grana
811 357 827 385 et

128 405 186 431 tamen
200 398 293 430 maturiora
306 397 354 439 quasi
367 397 445 439 primicie
457 408 502 431 noue
514 398 554 431 boni
566 398 636 431 seminis
649 397 701 430 modo
714 396 826 439 accipientur.¹

111 454 120 483 5
130 447 170 481 Hoc
181 452 238 479 autem
248 447 320 480 audiens
332 453 402 481 sanctus
414 448 536 489 Wlnwaloeus,
548 446 647 490 suppliciter
660 453 718 480 exorat
731 457 752 480 ne
764 448 827 491 aliquid

128 496 258 537 inperseccionis
266 497 284 529 in
292 496 325 528 illis
333 497 434 536 inueniatur,
442 507 464 529 ne
476 497 554 529 inimicus
564 498 616 529 homo
628 498 658 538 qui
668 506 756 537 nunquam
767 507 828 532 nocere

128 544 191 578 desinit
196 546 293 587 huicsegeti
299 546 392 578 inuidendo
397 546 462 588 aliquid
467 547 578 588 inperfectum
583 544 666 579 insultet¹.
678 545 755 586 Angelus
760 546 782 579 ad
787 546 826 582 hec:

128 594 194 627 ‘Michi
205 594 256 628 crede
267 594 312 639 quia,
319 595 353 628 nisi
364 595 482 639 preuidissem,
490 606 599 639 nequaquam
610 595 687 629 tollerem
699 595 726 629 uel
737 598 828 632 meterem.¹

128 646 203 680 Sanctus
208 646 274 680 eciam:
287 646 320 680 ‘Vt
328 651 358 680 tua
364 647 449 687 voluntas,
457 645 482 680 sic
489 656 538 688 mea3
550 647 589 679 fiat)
612 647 641 680 Sic
648 645 723 689 denique
730 645 795 680 lactum
802 654 827 682 est

102 704 121 725 10
129 701 147 728 vt
155 696 176 727 de
184 696 276 737 grandeuis
283 697 378 729 senioribus
384 707 427 729 vnus
435 702 555 737 assumeretur,
561 702 579 729 et
586 695 638 730 ceteri
646 696 663 729 in
671 696 716 729 hunc
724 697 795 729 modum
803 707 827 730 se-

129 752 225 789 querentur,
234 746 258 778 ita
265 752 284 778 vt
291 746 407 790 vnusquisque
414 747 458 779 sicut
465 746 522 780 etate²
532 747 640 788 precellebat,
648 746 673 779 sic
682 752 699 780 et
709 746 828 789 assumptione

129 796 311 837 electagauderet,nec
316 796 373 828 minor
378 801 423 828 etate
428 796 511 829 maiorem
516 794 649 838 [precederet]³;
660 800 677 829 et
682 796 710 828 hic
716 795 759 828 ordo
764 795 828 829 tamdiu

129 851 156 878 est
164 845 181 877 in
188 845 250 877 eodem
258 845 360 878 monasterio
369 850 446 879 seruatus
454 855 541 889 quousque
549 855 583 879 non
591 845 642 888 longe
650 844 707 879 adhuc
714 849 754 879 ante
762 850 828 888 tempus

129 901 220 940 permutat.
228 895 235 938 Η
244 896 323 930 Preterea
330 895 364 929 alia
371 906 399 929 res
407 895 461 938 digna
468 896 518 930 laude
526 896 631 939 predicanda
641 902 667 929 est
678 907 710 939 que
718 896 750 929 sub
759 895 828 930 articulo

103 955 121 985 15
129 945 206 979 eiusdem
215 946 298 988 temporis
307 945 373 988 [fiebat]
379 945 390 978 ².
414 946 493 987 Quedam
504 946 565 980 mulier
574 946 681 980 nobilissima
692 951 748 979 mater
757 946 829 980 familias

129 995 185 1029 subita
196 995 268 1029 cecitate
280 1005 361 1037 percussa
372 997 432 1029 iuerat.
455 997 535 1037 Quadam
546 1006 587 1036 ergo
599 1001 649 1029 nocte
660 996 702 1029 dum
713 1006 732 1028 se
743 995 829 1037 paululum

129 1047 173 1079 inter
180 1044 262 1087 plurimas
268 1045 314 1078 fessa
319 1045 386 1087 vigilias
392 1046 449 1089 sopori
456 1045 535 1085 dedisset,
542 1045 621 1088 apparuit
627 1045 642 1079 ei
649 1045 666 1078 in
674 1044 751 1087 sompnis
759 1045 828 1086 angelus

129 1094 194 1130 domini
202 1100 219 1128 et
231 1100 285 1129 totam
296 1095 388 1139 splendore
398 1096 470 1138 repleuit
480 1096 551 1130 domum
563 1096 580 1129 in
592 1106 627 1140 qua
637 1101 674 1129 erat
681 1095 773 1138 dormiens,
781 1101 799 1128 et
806 1095 829 1129 ait

128 1145 155 1180 ei:
173 1146 242 1188 ‘Surge‚
253 1146 298 1179 vade
309 1147 332 1179 ad
344 1151 422 1180 sanctum
433 1146 562 1189 Winwaloeum,
574 1152 591 1180 et
602 1156 633 1189 per
644 1156 683 1180 eum
697 1144 770 1189 recipies
785 1145 829 1178 sani-

102 1209 121 1232 20
129 1197 193 1232 tatem?
209 1198 247 1231 Nec
255 1199 303 1240 plura
308 1198 370 1231 affatus
376 1198 465 1231 confestim
473 1198 551 1232 ascendit
559 1197 576 1231 in
585 1198 646 1231 celum.
661 1198 684 1231 At
691 1197 720 1230 illa
725 1207 828 1238 consurgens

129 1247 204 1281 diluculo
211 1258 245 1279 vna
253 1258 292 1279 cum
300 1247 335 1280 suis
343 1253 360 1279 et
371 1248 406 1280 filio
417 1258 456 1280 eam
466 1249 540 1280 ducente
549 1248 581 1280 iter
591 1248 671 1288 carpebat
681 1257 736 1280 suurn.
759 1247 782 1279 Et
790 1257 829 1278 con-

128 1297 185 1330 testim
197 1296 281 1329 accedens
294 1296 317 1329 ad
328 1296 381 1338 illum,
393 1301 485 1339 postquam
499 1297 593 1337 adorasset,
607 1295 683 1329 narrauit
695 1295 711 1329 ei
726 1295 784 1328 omnia
799 1305 830 1337 que

129 1346 175 1380 dicta
189 1346 256 1379 fuerant
272 1356 303 1389 per
316 1347 401 1389 angelum.
425 1347 456 1380 llle
471 1352 529 1380 autem
544 1345 631 1380 humiliter
643 1346 755 1388 respondens,
766 1350 784 1378 et
798 1345 829 1378 deo

129 1395 196 1439 gracias
200 1407 258 1437 agens,
264 1396 326 1438 inquit:
335 1398 393 1430 ‘Deus
399 1398 432 1430 hoc
439 1396 489 1440 [tide]
496 1396 735 1439 adhibita*prestarepotest)
745 1397 769 1429 Et
773 1395 830 1428 statim

103 1455 121 1486 25
129 1445 192 1489 tergit⁵
203 1448 260 1479 oculos
272 1445 308 1480 eius
320 1457 372 1480 manu
384 1447 459 1489 dextera,
471 1448 541 1480 dicens:
559 1446 604 1488 ‘Qui
616 1446 659 1481 istos
670 1446 705 1480 fixit
710 1444 721 1487 ⁰,
733 1444 761 1480 ille
773 1455 830 1479 curare

129 1496 218 1538 dignetur.¹
241 1497 264 1529 Et
272 1497 352 1530 continuo
361 1498 416 1540 aperti
424 1503 464 1530 sunt
475 1497 520 1530 oculi
531 1496 574 1537 eius,
581 1497 677 1530 clarissimo
684 1497 748 1529 lumine
760 1497 830 1537 desuper

130 1548 176 1579 dato.
202 1547 226 1578 Et
237 1546 273 1579 ibat
284 1546 361 1588 gaudens
371 1552 388 1579 et
399 1547 511 1588 magnificans
521 1547 577 1579 deum.
607 1548 684 1590 Cumque
694 1552 762 1589 tempus
775 1553 830 1587 egres-

131 1594 184 1630 sionis
192 1596 228 1629 eius
235 1606 246 1629 a
256 1606 327 1638 corpore
336 1603 395 1630 sancto
403 1597 498 1640 proximum
508 1597 608 1637 immineret,
616 1607 647 1639 per
654 1605 746 1639 sompnum
754 1594 830 1639 apparuit

130 1645 146 1680 ei
154 1647 226 1688 angelus
233 1646 299 1680 domini
306 1653 323 1680 et
334 1646 375 1681 dixit
385 1648 412 1681 ei:
425 1648 540 1681 ‘Winwaloe¹
563 1649 587 1681 At
598 1648 636 1681 ille:
649 1647 733 1681 ‘Assum’
755 1645 830 1688 Angelus

103 1707 123 1736 30
131 1707 182 1729 vero:
199 1697 225 1729 ‘F
227 1703 276 1736 rater,
284 1697 344 1740 inquit,
352 1698 453 1738 venerande,
465 1698 554 1730 conciuem
565 1697 597 1731 sibi
609 1704 704 1740 exposcunt
715 1696 746 1740 [te]
758 1696 831 1730 celicole.

131 1746 210 1788 Dispone
217 1757 258 1787 ergo
266 1747 324 1779 domui
332 1753 365 1787 tue,
374 1753 392 1779 vt
399 1758 418 1780 se
429 1757 497 1789 semper
507 1748 524 1779 in
535 1747 582 1779 omni
590 1757 641 1788 opere
651 1749 697 1780 bono
708 1745 831 1779 feruentissime

131 1801 231 1829 exerceant:
249 1796 289 1837 quia
302 1795 336 1828 cito
349 1807 370 1828 ex
381 1796 415 1828 hoc
427 1796 489 1838 agonis
501 1795 551 1828 huius
564 1797 623 1829 labore
634 1796 744 1830 liberaberis!
766 1796 789 1828 Et
800 1795 831 1826 hec

131 1846 190 1879 dicens
198 1851 264 1879 erectus
272 1852 299 1880 est
307 1845 324 1879 in
335 1847 399 1880 ethera.
422 1847 496 1880 Sanctus
507 1852 564 1880 autem
574 1846 689 1881 Winualoeus
698 1850 790 1889 postquam
800 1845 831 1878 hec

131 1902 183 1931 cunta
190 1897 270 1930 iratribus
278 1897 367 1935 retulisset,
374 1896 469 1940 gaudentes
480 1897 544 1941 pariter
553 1903 571 1932 et
578 1899 638 1932 flentes
647 1898 737 1931 dicebanta
751 1896 793 1930 ‘Cui
801 1904 831 1928 nos

104 1957 122 1988 55
131 1946 265 1987 commendabis,
273 1954 327 1990 pater,
335 1958 357 1980 ne
365 1947 420 1981 orbati
428 1948 472 1980 sicut
478 1959 519 1981 oues
527 1954 614 1989 pastorem
621 1959 655 1980 non
660 1948 749 1987 habentes
755 1953 772 1979 et
779 1943 831 1978 relicti

131 1996 250 2039 dispergamur
257 2008 288 2039 per
295 1998 363 2030 diuersa
369 1998 384 2030 i’
396 1999 419 2031 At
427 1997 456 2030 ille
464 2000 467 2014 ¹
474 1998 553 2039 Habetis,
561 1997 621 2040 inquit,
626 1997 715 2030 vobiscum
723 1995 831 2039 peritissimos

131 2050 149 2082 in
157 2047 205 2080 omni
212 2047 291 2081 doctrina
299 2047 382 2091 spirituali
390 2048 436 2081 viros
444 2059 448 2082 ι
460 2054 486 2082 set
497 2048 544 2081 illum
555 2049 614 2091 pocius
626 2048 683 2090 eligite
690 2048 739 2081 vobis
746 2051 831 2089 pastorem

125 2098 161 2141 qui
174 2098 198 2131 ita
210 2098 264 2131 dulcis
277 2098 326 2140 quasi
338 2100 377 2140 mel,
388 2104 405 2131 et
416 2098 466 2141 quasi
477 2098 583 2131 absinthium
596 2109 665 2132 amarus
676 2098 737 2131 fuerit!
765 2097 788 2131 Et
801 2097 831 2128 hec

133 2148 196 2190 dicens,
208 2148 269 2181 iterum
281 2148 366 2192 loquitur:
383 2148 489 2191 ‘Preparate
501 2159 531 2183 vos
541 2148 598 2190 hodie,
610 2148 650 2192 quia
661 2154 752 2191 postquam
762 2146 831 2180 missam

104 2208 125 2238 40
133 2204 224 2231 cantauero
236 2204 252 2231 et
264 2199 306 2232 illud
317 2206 446 2233 sacrosanctum
457 2200 533 2241 corporis
546 2198 628 2232 dominici
641 2209 721 2241 recepero
734 2196 831 2231 misterium,

133 2253 181 2281 sexta
190 2248 240 2280 huius
248 2247 281 2281 diei
292 2248 334 2281 hora
343 2248 422 2281 dominus
430 2255 447 2281 et
456 2250 532 2282 saluator
541 2255 600 2282 noster
610 2250 670 2281 ihesus
679 2248 756 2282 Christus
764 2243 832 2286 recipiet

133 2307 162 2330 me
172 2298 195 2329 ab
207 2296 240 2330 isto
250 2303 327 2340 ereptum
339 2299 419 2341 corpore!
441 2299 491 2332 Tunc
502 2298 561 2332 audito
571 2298 621 2341 signo
632 2297 684 2332 tercie
695 2299 742 2339 hore,
751 2293 831 2336 ‘Surgller

133 2347 194 2391 inquit,
202 2357 275 2383 oremus.
298 2350 344 2383 Ecce
351 2349 394 2382 hora
401 2348 463 2392 quietis
471 2348 579 2383 serenissime
587 2347 623 2383 seni
629 2348 664 2382 iarn
672 2347 766 2383 transeunti
774 2354 832 2388 appro-

133 2399 209 2443 pinquat.
230 2399 276 2431 Ecce
284 2399 335 2431 modo
343 2398 378 2431 iarn
385 2399 484 2439 panduntur
491 2400 538 2441 regni
546 2400 620 2432 celorum
628 2406 682 2441 porte,
690 2401 762 2441 trophea
771 2391 831 2429 Christi

105 2458 124 2490 45
134 2449 168 2483 iam
176 2448 246 2489 micant,
254 2454 311 2482 castra
318 2448 388 2491 fulgent,
396 2450 464 2483 etheree
476 2449 510 2483 iam
519 2455 603 2492 apparent
611 2450 674 2493 platee,
685 2449 717 2483 celi
728 2448 775 2483 ciues
782 2452 831 2489 quam

153 2521 262 2552 ¹r.insulceti
308 2520 393 2551 tustra.
439 2519 486 2552 'om
537 2520 750 2559 ‘Msadhtbirmfideom
797 2513 832 2545 ⁵1¹¹·

382 2559 437 2601 tetigit.
497 2559 587 2593 ”alberit¹
