1762 2803
154 130 199 186 oe
214 128 314 183 &aaut
330 108 451 185 bonotto
466 140 524 193 ttae
540 135 563 184 tt
578 131 687 185 mattttt.
730 136 771 178 261

193 293 208 326 ἹῘ
220 284 254 327 DE
265 301 336 327 SANCTO
348 284 446 328 Oswamo
458 302 507 327 REGE
518 303 542 327 ΕΤ
553 293 654 328 MARTIRE‘·

72 376 153 452 ANno
163 382 224 411 autem
234 377 257 410 ab
267 377 393 411 incarnatione
403 377 472 412 domini
480 377 627 422 quingentesimo
634 376 775 422 quadragesimo

132 429 216 473 septimo,
232 431 255 464 ab
274 431 353 464 aduentu
369 430 473 474 Anglorum
487 431 507 465 in
522 430 636 465 Britanniam
655 431 775 475 nonagesimo

73 487 142 524 octauo,
156 483 193 526 ida,
205 483 276 527 primus
289 493 323 516 rex
335 494 359 517 ex
371 484 444 528 Anglis,
456 484 505 528 cepit
517 494 595 528 regnare
606 484 626 518 in
638 484 774 518 Northanhum·

73 535 148 568 brorum
159 535 259 578 prouincia,
269 545 280 569 a
291 546 327 579 quo
338 536 424 579 primitus
435 536 496 570 omnis
507 536 590 570 eiusdem
602 535 696 580 prouincie
707 536 775 580 regalis

73 588 159 632 prosapia
172 588 261 632 originem
274 589 330 623 duxit.
353 588 435 623 Venerat
450 588 500 623 enim
513 589 563 623 idem
576 589 609 623 lda
622 599 664 623 cum
676 594 728 633 patre
741 600 794 634 suo5

73 641 139 675 comite
146 641 221 675 nomine
229 642 294 686 Eoppa
304 653 346 676 cum
354 642 474 686 quadraginta
485 642 563 676 nauibus
573 643 596 676 ad
606 642 717 686 Flamburgh
725 642 776 676 iuxta

73 695 184 738 Scarburgh,
196 695 276 739 indeque
291 696 417 740 progrediens,
429 695 509 730 boriales
522 695 586 740 plagas
599 706 692 740 occupans
706 696 775 730 ibidem

73 759 150 792 regnare
158 748 212 792 cepit,
218 754 237 782 et
245 749 341 783 duodecim
348 749 401 783 annis
407 760 486 792 regnum
494 749 546 783 rexit.
562 749 629 783 Genuit
635 754 696 783 autem
702 749 734 783 lda
740 760 775 783 sex

72 799 151 834 liberos:
163 800 202 833 scil.
209 800 269 842 Adda,
277 800 363 842 Ethelric,
371 800 473 834 Theoderic
478 801 490 841 ²,
498 800 567 842 Ethric,
573 800 673 835 Theotheri
678 800 689 842 ³,
696 801 774 842 Osmer3

73 858 91 886 et
102 864 126 887 ex
137 853 238 887 concubina
251 853 296 887 alios
311 865 350 897 sex,
362 854 401 889 scil.
412 854 459 899 Ogg,
470 854 559 896 Alrieum,
572 854 644 896 Eecam,
656 854 775 898 Osbaldum⁴,
785 870 805 892 ιο

73 906 124 949 Scor,
133 912 151 941 et
162 907 261 941 Steotheri.
284 907 357 942 Mortuo
369 907 408 950 Ida,
419 907 459 942 Elle
471 907 490 942 in
501 918 559 952 regno
571 907 669 942 Deirorum
680 907 775 950 successit,

73 959 176 994 Addavero
181 959 230 994 filius
236 959 268 994 Ide
273 965 344 994 tanturn
350 971 427 1004 regnum
433 959 560 994 Berniciorum
567 961 653 1004 suscepit.
666 960 706 994 Elle
713 966 774 995 tamen

72 1011 107 1047 iste
118 1013 141 1047 de
152 1013 223 1047 semine
236 1013 268 1048 lde
280 1024 317 1047 non
330 1013 430 1055 descendit,
443 1014 477 1048 sed
492 1018 554 1048 tamen
570 1024 594 1048 ex
607 1013 688 1055 Woden,
700 1014 723 1048 de
738 1024 775 1057 quo

73 1065 106 1098 lda
117 1071 135 1098 et
143 1065 183 1107 ipse
192 1066 237 1106 Elle,
245 1065 334 1108 originem
340 1066 400 1099 traxit.
422 1066 508 1108 Regnum
516 1066 566 1098 enim
574 1066 672 1099 Deirorum
680 1076 691 1098 a
698 1066 775 1099 flumine

73 1116 164 1150 Humbrie
172 1128 230 1162 usque
241 1118 264 1151 ad
272 1118 345 1162 Tynam
357 1117 433 1151 fluuium
445 1118 538 1163 quondam
550 1128 571 1151 se
582 1117 675 1160 extendit,
688 1118 774 1163 Regnum
785 1134 803 1165 ¹5

72 1181 116 1204 vero
128 1171 253 1205 Berniciorum
267 1182 278 1205 a
290 1171 366 1205 llumine
377 1171 431 1215 Tyne
443 1182 501 1215 vsque
514 1172 537 1205 ad
550 1171 602 1205 Mare
615 1171 712 1213 Scoticum,
725 1173 773 1216 quod

73 1223 170 1257 Scotorum
181 1223 254 1268 lingua⁶
266 1224 281 1257 F
281 1224 322 1259 orth
334 1224 438 1258 nominatur
443 1224 454 1266 ³,
467 1225 598 1268 porrigebatur.
621 1224 712 1268 Quicquid
724 1225 774 1259 enim

72 1277 121 1312 inter
133 1277 205 1322 Tynam
221 1284 239 1313 et
252 1278 320 1313 Tesam
332 1279 398 1313 fluuios
410 1278 474 1321 eutitit¹
488 1278 527 1313 sola
542 1278 613 1313 heremi
625 1278 717 1313 vastitudo
730 1284 774 1314 tunc

72 1331 160 1375 temporis
168 1331 205 1374 suit,
213 1336 232 1365 et
242 1331 307 1366 iccirco
315 1331 382 1366 nullius
393 1332 456 1366 ditioni
467 1331 548 1374 semiue,
558 1342 580 1366 eo
588 1332 636 1376 quod
647 1331 686 1366 sola
696 1331 774 1367 indomi-

72 1390 130 1418 torum
145 1390 164 1419 et
178 1384 291 1418 siluestrium
304 1385 410 1419 animalium
424 1385 512 1428 spelunca
526 1390 544 1419 et
558 1384 645 1418 habitatio
659 1384 696 1418 suit
719 1385 774 1419 Adda
784 1399 803 1421 ao

72 1435 155 1480 regnauit
163 1436 181 1470 in
190 1436 275 1470 Bernicia
286 1441 326 1470 octo
334 1436 398 1471 annis:
409 1441 513 1481 postquem
521 1436 598 1480 Glappa,
606 1436 674 1478 Hussa,
683 1436 761 1470 Fridwis
763 1436 775 1479 ⁷,

71 1488 202 1530 Theodericus,
216 1488 320 1523 Ethelricus
333 1488 396 1533 viginti
410 1500 444 1523 sex
457 1489 510 1523 annis
525 1488 630 1523 successiue
645 1496 775 1533 regnauerunt.

72 1542 143 1585 Quibus
151 1547 226 1576 octauus
235 1542 348 1576 Ethelsridus
355 1542 419 1587 viginti
427 1548 505 1587 quatuor
512 1542 566 1577 annis
575 1543 594 1577 in
604 1542 689 1577 Bernicia
696 1553 774 1587 regnum

71 1602 138 1631 tenens
146 1595 239 1633 successit.
263 1596 299 1631 llic
307 1596 388 1631 Accam¹³
395 1596 452 1631 filiam
460 1596 500 1632 Elle
508 1597 558 1641 regis
566 1595 665 1631 Deirorum
673 1597 691 1631 in
697 1607 774 1632 vitorem

72 1649 147 1690 ducens,
156 1654 228 1692 septem
238 1649 286 1683 filios
297 1650 371 1693 genuit:
383 1650 422 1683 scil.
431 1649 544 1692 Eansridum,
553 1649 666 1691 Oswaldum,
674 1649 774 1692 Oswiumt,
783 1666 802 1696 ²5

72 1701 164 1742 Oslacum‚
176 1700 314 1743 Osmundumu,
325 1701 421 1746 Osaphum
427 1701 445 1743 ¹¹,
457 1701 523 1736 Offam.
550 1701 633 1744 Quorum
646 1701 744 1736 Eansridus
755 1708 774 1737 et

72 1754 171 1788 Oswaldus
182 1755 206 1788 de
217 1754 266 1798 regis
277 1754 317 1787 Elle
328 1755 365 1788 filia
376 1754 456 1797 suerunt,
464 1755 520 1788 ceteri
527 1766 572 1788 vero
584 1755 607 1788 de
618 1754 724 1788 concubinis
736 1755 774 1789 nati

72 1812 120 1841 sunt.
143 1807 171 1840 De
180 1807 297 1842 successione
306 1807 346 1841 Elle
356 1808 406 1852 regis
416 1808 435 1841 in
443 1808 480 1842 vita
491 1814 596 1842 sanctorum
604 1819 668 1852 regum
677 1807 748 1841 Oswini
756 1814 774 1842 et

73 1860 145 1894 Edwini
158 1860 205 1894 infra
218 1861 276 1895 videri
291 1866 357 1905 potest.
380 1861 446 1895 Occiso
458 1862 533 1895 tandem
546 1861 569 1894 ab
582 1860 659 1894 Edwino
672 1861 773 1895 Ethelsrido

71 1924 121 1956 rege,
127 1914 160 1947 lilii
168 1913 208 1947 eius
217 1924 258 1947 cum
266 1914 316 1947 Acca
324 1919 382 1948 matre
390 1914 451 1956 sugam
457 1915 547 1955 ineuntes,
553 1914 572 1947 in
579 1913 640 1947 Scotia
645 1919 682 1947 toto
689 1919 773 1957 tempore
782 1930 802 1959 3⁰

71 1965 121 2009 regis
133 1965 205 1998 Edwini
217 1965 300 2009 ipsorum
313 1966 373 2009 patrui
388 1966 485 1999 latuerunt.
508 1966 536 1998 lbi
549 1965 598 1998 enirn
610 1965 714 2006 Oswaldus‚
725 1967 773 2000 bone

71 2017 139 2053 indolis
154 2018 267 2060 adolescens,
279 2017 309 2062 pie
324 2017 388 2053 matris
404 2028 437 2053 sue
450 2017 551 2052 doctrinam
563 2017 667 2063 suscipiens
680 2023 698 2053 et
711 2018 773 2062 fidem,

71 2071 158 2116 baptismi
165 2072 241 2116 gratiam
249 2073 355 2116 promeruit.
378 2072 532 2116 Peregrinationis
544 2083 577 2106 sue
584 2077 668 2116 tempore
676 2072 773 2107 Scotorum

71 2125 152 2168 linguam
166 2126 247 2169 perfecte
260 2126 363 2165 addiscens,
374 2126 442 2159 veteris
453 2126 490 2159 vite
503 2126 637 2159 conuersationi
650 2125 731 2169 perfecte
744 2137 774 2160 re·

71 2178 169 2213 nunciauit.
218 2178 231 2197 ¹²
237 2170 337 2214 Interfecto
351 2180 426 2213 tandem
441 2190 484 2224 rege
500 2179 583 2222 Edwino,
598 2179 680 2224 suscepit
695 2190 772 2224 regnum
782 2194 801 2227 ³5

90 2262 96 2281 ¹
107 2263 190 2301 Compiled
197 2264 237 2292 from
248 2264 293 2293 Beda
303 2264 332 2294 111.
345 2273 389 2301 1-13,
396 2264 428 2293 and
435 2264 462 2294 the
468 2264 506 2293 Vita
514 2264 537 2303 (in
545 2264 589 2294 three
599 2264 657 2302 books)
664 2265 686 2302 by
694 2265 773 2302 Reginald

71 2302 87 2330 in
95 2302 129 2332 MS.
136 2303 198 2331 Fairlax
205 2304 216 2331 f>
223 2303 261 2341 (and
268 2303 313 2332 Harl.
318 2303 370 2342 4853),
378 2307 419 2332 most
426 2303 444 2332 ol
448 2303 501 2332 which
509 2303 523 2332 is
530 2304 554 2333 ed.
562 2304 689 2341 byTh.Arnold,
694 2304 774 2336 Simeonis

72 2342 113 2373 Dun.
122 2342 163 2379 Opp.
171 2342 221 2372 Rolls'
229 2342 264 2373 Ser.
273 2344 317 2378 1882,
325 2343 337 2373 l.
345 2352 360 2380 p.
366 2344 402 2380 326.
422 2342 495 2373 Another
501 2343 528 2373 lile
535 2343 549 2373 is
556 2348 610 2373 extant
620 2344 637 2373 at
644 2343 773 2382 Peterborough;

71 2382 99 2410 the
105 2382 145 2410 lives
152 2382 167 2410 in
175 2382 209 2411 MS.
216 2382 259 2412 Trin.
268 2382 307 2412 Coll.
316 2382 373 2411 Dublin
381 2383 395 2411 B
402 2391 431 2420 ²7
439 2383 470 2411 and
477 2383 494 2411 in
500 2382 544 2413 Trin.
553 2383 592 2414 Coll.
597 2383 659 2412 Cambr.
667 2383 706 2412 Gale
713 2385 774 2422 merely

71 2421 107 2459 give
115 2421 172 2451 Bede's
179 2426 218 2458 text,
227 2432 244 2452 as
251 2422 285 2452 also
294 2423 328 2452 that
338 2423 359 2460 by
366 2423 425 2460 Drogo,
434 2423 459 2453 ed.
466 2423 507 2453 Boii.
516 2432 525 2461 5
532 2423 573 2461 Aug.
581 2433 596 2462 p.
603 2433 623 2462 94
630 2423 658 2463 (ex
666 2423 699 2455 MS.
705 2423 774 2454 Winno·

71 2461 161 2499 cibergensi
168 2461 184 2490 in
192 2462 277 2501 Flandria).
298 2462 332 2492 The
339 2463 427 2501 genealogy
434 2463 447 2492 is
454 2462 494 2493 from
502 2463 585 2500 Reginald.
638 2462 773 2495 1Τ,Τ1ιεοᾱοιῐε.

71 2501 199 2536 ³T.Deotheri;
210 2502 321 2532 ETheoderi.
360 2502 389 2532 ¹T.
398 2502 517 2538 Osbaldung.
526 2503 623 2532 Oswaldum.
664 2503 773 2541 ³T.scotice;

71 2540 89 2570 E.
97 2544 176 2570 scotorum
183 2541 231 2579 linga.
291 2541 393 2573 ⁸T.dieitur.
457 2541 603 2580 tRegAEridwuu.
670 2542 773 2575 'Ratun

71 2579 105 2612 'E.
114 2580 203 2613 Oswinurn.
243 2580 255 2600 ¹⁰
264 2581 306 2620 Reg.
315 2581 392 2613 Oswudu.
431 2580 442 2599 ¹¹
452 2581 471 2613 T.
480 2581 549 2614 Osalum.
591 2582 602 2601 ¹²
612 2582 729 2621 enecant.
738 2592 751 2614 r.
