1762 2803
298 109 344 164 De
359 107 459 161 &anco
473 107 621 169 taceamne.
768 123 809 166 133

105 231 165 264 leuato
178 241 255 274 corpore
267 242 330 265 secum
345 232 368 265 ad
383 236 466 265 sanctum
481 230 615 264 Ethelwoldum
627 231 728 274 gaudentes
741 231 811 264 detule-

105 287 153 326 runt,
166 283 202 327 [hic
214 289 274 318 autem
286 284 332 329 regi]
337 284 348 319 ¹.
378 283 414 327 Qui
424 288 478 328 caput
490 283 548 317 sancti
561 282 647 328 Botulphi
660 282 738 317 heliensi
748 284 811 316 annuit

105 337 187 380 cenobio,
203 337 237 371 sibi
252 349 322 383 sueque
341 337 391 371 curie
409 337 526 371 medietatem
541 337 607 381 reliqui
624 336 706 381 corporis
722 336 810 381 regalium

105 389 223 433 reliquiarum
232 392 302 435 recepit
313 391 386 431 scrinio,
394 395 412 424 et
422 391 470 434 quod
482 390 575 423 residuum
585 389 618 423 fuit
627 389 722 423 thornensi
734 389 811 423 ecclesie

105 452 147 475 cum
162 453 239 486 corpore
254 443 302 478 beati
317 442 400 488 Adulphi
417 442 512 477 concessit.
557 435 580 477 ln
594 442 641 477 libro
654 441 732 477 ecclesie
748 441 828 480 Sanctis

106 494 192 538 Botulphi
208 495 258 529 iuxta
273 497 384 540 Aldersgate
401 495 478 529 Londor'r
497 495 575 529 habetur
594 496 643 539 quod
666 506 710 539 pars
729 494 811 537 corporis

105 548 163 580 sancti
184 547 269 592 Botulphi
289 559 323 592 per
343 550 391 582 bone
410 548 499 582 memorie
519 558 582 591 regem
602 548 713 582 Edwardum
733 547 811 581 ecclesie

106 599 153 632 beati
168 599 216 632 Petri
227 600 388 634 Westmonasterii
401 605 430 634 est
442 596 511 634 collata.
539 600 610 633 Eodem
622 600 677 633 etiam
692 605 781 642 tempore,
790 605 810 632 vt

105 650 124 683 in
147 651 256 695 quibusdam
276 652 321 687 locis
343 652 431 697 scriptum
450 652 519 695 inueni,
538 664 574 697 per
593 652 673 686 eundem
693 651 809 692 monachum,

105 703 179 738 iubente
201 705 288 751 episcopo
311 706 431 749 Ethelwoldo,
453 705 540 739 translata
566 711 609 739 sunt
631 705 680 750 apud
707 704 809 739 thornense
818 713 837 735 10

106 759 237 793 monasterium
255 770 298 794 ossa
316 760 411 794 Benedicti
429 759 496 803 Biscop
515 759 586 793 abbatis
602 758 713 793 venerabilis
729 769 810 793 wermu-

105 811 181 852 thensis,
198 812 292 846 nutritoris
308 812 359 846 Bede
377 812 481 856 presbiteri.
525 804 636 846 Construxit
655 816 716 845 autem
735 818 809 846 sanctus

106 863 231 898 Ethclwoldus
245 876 283 898 non
296 865 350 909 longe
365 876 376 899 a
389 864 501 899 monasterio
514 864 617 906 thornensi,
629 864 648 897 in
660 864 701 897 loco
712 863 743 897 vbi
757 864 810 898 beata

105 916 156 960 virgo
172 918 240 951 Christi
255 918 306 952 Toua
321 918 391 951 inclusa
406 918 470 958 suerat,
483 917 575 961 lapideam
590 917 705 951 ecclesiolam
721 916 810 951 delicatis·

106 969 158 1003 simis
182 975 291 1004 cameratam
312 970 422 1011 cancellulis,
440 975 458 1004 et
477 969 544 1013 duplici
562 980 611 1011 area,
629 969 688 1003 tribus
709 969 810 1003 dedicatam
819 978 837 1007 ¹5

105 1021 192 1055 altaribus
207 1021 323 1065 permodicis,
338 1022 419 1066 vndique
433 1033 491 1066 vsque
507 1021 530 1056 ad
545 1021 586 1056 eius
601 1032 664 1056 muros
679 1021 764 1055 vallatam
782 1032 810 1055 ar·

105 1075 179 1108 boribus
199 1075 267 1109 diuersi
284 1075 368 1119 generis:
392 1076 456 1110 sedem
477 1075 501 1109 ibi
517 1075 649 1118 heremiticam,
665 1075 681 1109 si
694 1074 810 1119 permisisset

105 1128 156 1170 deus,
168 1127 203 1162 sibi
214 1128 286 1171 delegit.

128 1195 176 1239 [MS.
182 1196 222 1230 Tib.
230 1196 297 1231 adds²:
412 1196 501 1233 Narratio

128 1247 200 1288 Mulier
207 1256 286 1299 quedam
298 1255 356 1289 filium
364 1266 417 1289 suum
427 1256 487 1289 abbati
496 1255 602 1289 monasterii
610 1254 667 1289 sancti
676 1255 758 1289 Mauricii
767 1267 808 1289 eru-

106 1307 193 1341 diendum
201 1308 280 1348 tradidit,
288 1319 343 1351 quem
353 1308 372 1341 in
383 1308 435 1342 breui
446 1308 553 1342 defunctum
562 1308 691 1342 irremediabili
699 1309 748 1342 luctu
755 1309 808 1352 plan-

105 1360 164 1402 gebat.
184 1359 225 1402 C(ui
233 1360 334 1403 aplparens
342 1360 447 1402 Mauricius,
454 1360 548 1394 curfilium
554 1371 608 1394 suum
615 1360 807 1404 sicllelret),quesiuit.
817 1374 836 1394 zo

107 1412 148 1453 Que
155 1411 190 1445 sibi
198 1412 293 1455 respondit
298 1413 347 1456 quod
352 1413 438 1455 quamdiu
444 1412 515 1446 uiueret
522 1423 532 1446 a
540 1412 619 1446 lacrimis
625 1423 662 1446 non
669 1418 755 1447 cessaret.
774 1413 808 1447 Cui

105 1464 147 1499 ille:
160 1465 212 1499 ‘Noli
222 1465 280 1499 filium
288 1470 339 1499 tuum
349 1465 394 1499 flere
401 1471 421 1499 ut
430 1470 528 1508 mortuum,
536 1471 564 1499 set
572 1465 620 1499 scias
627 1475 671 1499 eum
680 1465 768 1508 (habitare
776 1476 808 1499 no-

106 1518 190 1562 hiscum).
213 1519 266 1560 Quod
278 1518 293 1552 si
305 1519 384 1563 probare
395 1519 500 1553 desideras:
516 1529 557 1553 cras
568 1524 586 1553 et
599 1518 685 1553 omnibus
696 1519 762 1553 diebus
772 1519 809 1554 vite

106 1576 142 1614 tue,
150 1571 166 1605 si
178 1572 200 1605 ad
212 1571 310 1605 matutinas
321 1572 430 1615 surrexeris,
438 1582 503 1605 uocem
512 1571 552 1606 eius
562 1571 610 1605 inter
619 1571 750 1606 monachorum
760 1572 809 1616 psal-

106 1625 185 1658 lencium
193 1636 249 1659 uoces
257 1625 320 1659 audire
328 1625 408 1659 valebis’
431 1625 484 1667 Quod
492 1625 522 1658 illa
532 1636 607 1669 semper
614 1625 655 1660 fecit
664 1626 689 1668 (et
696 1630 768 1668 uocem)
777 1625 809 1659 filii
818 1638 836 1666 25

90 1681 91 1685 ’
107 1677 135 1712 sui
143 1688 185 1711 cum
192 1677 287 1712 monachis
296 1683 399 1712 cantantem
408 1678 490 1722 (semper
497 1678 615 1722 dis)cernens
622 1678 703 1721 audiuit]

188 1781 204 1817 ll
216 1774 250 1814 DE
261 1791 332 1814 sancto
344 1774 449 1814 BREGWINO
461 1792 548 1815 EPISCOPO
559 1792 582 1814 ET
593 1783 727 1815 CONFESSORE³.

109 1842 173 1919 FVit
185 1848 246 1876 autem
258 1843 322 1877 beatus
333 1843 442 1887 Bregwinus
452 1843 471 1877 in
481 1843 545 1876 matris
554 1848 606 1877 vtero
613 1854 624 1877 a
632 1844 668 1877 deo
676 1844 750 1884 electus,
758 1844 809 1880 cuius

164 1899 251 1937 parentes
262 1904 285 1927 ex
295 1899 351 1937 gente
362 1894 448 1928 saxonica
457 1894 512 1927 nobili
521 1893 607 1938 prosapia
617 1894 652 1928 orti
663 1900 711 1929 sunt.
734 1895 808 1939 Regna-

106 1947 137 1980 bat
152 1946 201 1980 enim
218 1946 237 1980 in
253 1946 319 1980 Cancia
337 1946 366 1980 vir
384 1953 470 1981 strenuus
489 1952 507 1980 et
526 1946 591 1981 nobilis
609 1946 710 1981 Wihredus
728 1948 808 1990 nomine,

106 2000 161 2034 deum
170 1999 189 2033 in
198 1998 257 2034 seruis
266 1998 305 2034 suis
312 2010 387 2043 semper
394 1999 497 2042 honorans;
509 1999 560 2034 cuius
567 2005 651 2044 tempore
659 1999 782 2035 Brithwaldus
789 2000 808 2035 in
816 2016 836 2045 50

106 2053 213 2097 episcopatu
231 2052 328 2086 Theodoro
347 2057 410 2087 sancto
429 2053 517 2087 successit
535 2058 553 2087 et
572 2053 627 2097 digne
645 2053 664 2087 in
680 2053 765 2088 omnibus
776 2055 808 2088 ad·

106 2105 221 2139 ministrauit.
244 2105 304 2138 Huius
313 2105 400 2138 instinctu
408 2111 426 2139 et
435 2106 562 2140 exhortatione
569 2107 650 2150 prelatus
658 2118 692 2141 rex
700 2107 718 2140 in
726 2108 807 2151 generali

106 2159 193 2193 concilio¹
206 2164 280 2193 cunctas
295 2158 347 2202 regni
361 2158 390 2193 sui
403 2159 490 2194 ecclesias
504 2160 528 2193 ab
543 2159 593 2194 omni
608 2160 730 2194 dominatione
744 2166 763 2194 et
775 2171 808 2195 ex-

106 2212 177 2246 actione
194 2224 258 2256 regum
273 2211 312 2246 siue
327 2211 423 2246 cuiuslibet
439 2218 513 2246 terrene
530 2212 625 2256 potestatis
639 2213 707 2247 liberas
721 2214 808 2258 inperpe-

106 2270 158 2299 tuum
167 2275 209 2299 esse
219 2264 316 2299 constituit.
361 2257 408 2299 Hiis
418 2264 483 2299 diebus
492 2270 566 2300 sanctus
576 2265 685 2309 Bregwinus
696 2266 715 2300 in
727 2265 808 2302 Saxonia
816 2279 836 2309 35

107 2323 161 2351 natus
175 2324 214 2359 est,
233 2322 252 2351 et
261 2317 353 2351 infantiles
364 2327 422 2351 annos
435 2328 523 2361 egressus
537 2317 594 2353 sacris
606 2318 671 2352 litteris
681 2318 773 2361 eruditur,
790 2325 809 2354 et

106 2371 281 2415 litterarumgratia,
293 2382 351 2415 quea
365 2376 448 2415 tempore
459 2372 552 2406 Theodori
563 2372 583 2405 in
595 2372 663 2416 Anglia
675 2372 809 2417 lloruera[n]t⁶,

126 2435 220 2465 1ominT.
230 2435 248 2464 E.
292 2434 332 2465 ¹Cs.
340 2435 423 2473 Legitur.
431 2445 446 2472 p.
454 2437 488 2472 631.
535 2435 809 2473 ³Sametext,sromalaterLam·

106 2475 144 2505 beth
155 2475 194 2513 MS,
203 2475 218 2505 in
225 2475 304 2505 Wharton
314 2475 361 2513 Angl.
371 2475 423 2513 Sacra,
432 2475 452 2505 ΙΙ.
460 2484 475 2514 p.
484 2484 513 2513 753
523 2475 535 2506 it
546 2476 559 2506 is
570 2476 647 2515 compiled
657 2476 697 2507 from
708 2477 735 2508 the
741 2477 778 2508 Vita
787 2478 809 2516 by

107 2515 175 2544 Eadmer
181 2516 197 2545 in
204 2516 283 2545 Wharton
291 2516 312 2546 ΙΙ,
319 2525 334 2553 p.
344 2517 372 2552 184
380 2517 411 2545 and
420 2516 436 2545 in
443 2516 479 2546 Act.
487 2516 516 2546 SS.
524 2516 564 2546 Boll.
571 2517 612 2554 Aug.
620 2517 639 2548 V.
647 2526 662 2555 p.
669 2518 705 2555 831.
772 2518 778 2535 ¹
789 2518 807 2549 E.

106 2555 177 2585 consilio.
235 2556 270 2585 ὗΤ.
278 2555 296 2585 Ε.
304 2556 383 2586 floruerat.
