1762 2803
118 119 162 173 428
199 148 201 152 <
309 118 389 170 111111
404 114 520 178 tremus
535 114 628 177 auctir.

120 238 251 271 accenderent:
267 238 299 271 sed
315 247 407 271 carcerem
419 237 513 279 intrantes,
526 236 620 270 hominem
636 236 686 269 illum
703 236 762 269 solum
780 246 821 270 esse

121 291 201 325 solutum
212 289 331 334 reperientes,
341 295 417 334 stupore
428 302 495 334 magno
507 290 606 334 replentun
629 289 712 333 Cumque
722 293 787 322 cuncta
799 290 821 323 ab

120 344 151 376 illo
167 344 241 377 homine
256 343 317 376 audita
332 343 396 386 regine
410 343 480 376 Matildi
494 344 576 376 seriatim
592 342 702 383 retulissent,
715 342 767 375 iussu
782 342 822 375 eius

121 396 168 430 liber
174 395 280 438 dimittitur3
290 401 308 429 et
314 395 391 429 vinculis
398 396 416 428 in
423 396 500 430 ecclesia
506 401 568 429 sancte
574 395 649 438 virginis
656 395 674 428 in
681 395 707 428 rei
714 394 822 428 memoriam

104 454 113 482 5
122 449 224 493 suspensis,
235 450 269 482 sub
278 448 341 481 habitu
351 448 453 482 monastico
460 448 488 482 vir
495 448 526 482 ille
536 448 592 482 uitam
603 447 667 481 finiuit.
711 440 822 481 Vicecomes

121 502 207 545 quidaml
216 501 318 544 dapiferum
327 502 405 535 habebat
413 501 487 535 nomine
496 501 611 542 Geruasium,
619 501 648 534 cui
656 511 690 544 pro
698 500 782 543 nequicia
789 510 822 534 sua

122 554 177 588 totius
192 553 329 588 vicecomitatus
344 553 420 597 negocia
435 553 556 587 commiserat.
585 553 620 595 Qui
635 552 740 586 hominibus
760 557 822 586 sancte

122 607 234 642 Ethcldrede
251 608 304 642 valde
321 606 404 649 infestus,
418 612 505 650 tanquam
520 606 600 650 speciale
616 606 685 641 bellum
703 611 765 640 contra
782 617 822 640 earn

121 660 207 703 suscepit,
217 665 235 693 et
245 670 319 693 omnem
330 660 369 693 eius
381 660 520 703 possessionem
532 665 621 702 quantum
632 659 691 703 potuit
703 658 822 701 impugnauit.

94 715 113 737 ¹0
122 712 155 747 Cui
169 717 232 746 sancta
243 712 295 756 virgo
307 724 349 746 cum
360 712 453 746 sororibus
465 723 563 756 apparens,
574 723 619 747 voce
631 711 707 745 terribili
722 710 823 754 increpauit

121 776 169 806 curn,
186 765 261 800 dicens:
273 766 336 799 ‘Tune
351 776 372 799 es
387 765 418 800 ille
430 765 461 809 qui
475 765 561 799 homines
574 776 626 799 meos
639 764 706 799 totiens
718 764 790 798 vexasti
805 770 823 798 et

121 819 217 853 ecclesiam
225 829 286 852 meam
294 819 409 863 inquietasti?
428 819 511 853 Habebis
517 819 580 862 [istud]
587 829 621 862 pro
629 819 719 858 mercede,
726 823 745 852 vt
752 817 781 851 alii
789 828 824 861 per

121 877 140 907 te
145 872 215 906 discant
220 871 307 905 familiam
313 871 382 906 Christi
387 871 454 905 iniuste
462 883 499 905 non
507 874 602 915 grauare':
616 871 639 905 Et
647 882 688 905 cum
696 871 760 905 baculo
768 881 823 914 quem

122 936 177 959 manu
185 927 264 967 tenebat,
273 926 312 959 loco
321 926 381 959 cordis
388 930 476 968 tanquam
487 936 529 958 eum
540 926 657 968 perfossurus
668 924 764 967 percussit,
773 934 823 958 soro·

95 983 113 1014 Ι5
122 989 189 1022 resque
203 977 242 1011 eius
254 983 317 1011 sancte
329 978 435 1011 baculorum
446 977 524 1010 stimulis
535 988 577 1010 eum
589 982 712 1021 pupugerunt.
735 976 768 1009 lllo
778 987 823 1010 vero

122 1030 193 1064 sortiter
200 1024 336 1065 exclamantel:
349 1030 432 1064 ‘domina
440 1030 534 1070 miserere,
540 1029 614 1063 domina
622 1030 721 1068 miserere‚'
727 1029 789 1063 famuli
795 1038 823 1062 ac·

122 1088 217 1117 currentes
224 1094 298 1116 causam
304 1083 391 1127 strepitus
397 1082 497 1127 inquirunt.
513 1082 536 1115 Et
542 1082 582 1116 ille:
594 1083 677 1125 ‘Nonne,
683 1081 747 1126 inquit,
752 1081 824 1115 vidistis

122 1141 204 1171 sanctam
213 1136 344 1170 Etheldredam
355 1146 398 1170 curn
407 1135 501 1170 sororibus
512 1135 551 1169 suis
560 1146 601 1170 cum
611 1135 670 1170 baculi
681 1135 709 1169 sui
719 1135 782 1169 aculeo
794 1145 824 1169 me

121 1189 282 1232 transfigentemr
310 1189 333 1223 Et
344 1189 373 1222 his
385 1188 438 1222 dictis
450 1189 512 1222 oculos
524 1188 630 1223 terribiliter
639 1188 717 1223 voluens
729 1187 824 1231 expirauit.

95 1253 114 1274 20
123 1235 230 1275 Monachus
246 1242 321 1284 quidam
339 1242 433 1282 heliensis,
448 1241 537 1284 religione
552 1252 573 1274 ae
588 1242 656 1284 pietate
675 1241 764 1283 preditus,
779 1240 825 1274 vidit

122 1299 176 1327 nocte
192 1295 271 1337 quadam
286 1305 307 1327 se
320 1299 393 1337 raptum
406 1299 449 1326 ante
461 1294 540 1326 tribunal
554 1294 655 1327 maiestatis
667 1293 701 1334 dei,
714 1293 742 1326 cui
754 1293 824 1326 astabat

122 1346 185 1391 regina
202 1347 282 1390 quedam
298 1346 378 1380 claritate
394 1346 471 1389 siderea,
487 1347 520 1380 sed
535 1356 612 1390 gemens
627 1351 645 1380 et
660 1345 715 1379 anxia
733 1356 767 1390 pro
786 1344 825 1379 suis

122 1399 195 1433 famulis
217 1404 235 1433 et
256 1399 298 1433 filiis
322 1399 467 1433 misericordIam
484 1399 513 1433 dei
532 1399 646 1442 implorabat.
677 1399 754 1433 Eminus
775 1399 824 1433 enirn

122 1452 215 1496 quandam
223 1451 311 1496 conspicit
319 1463 418 1496 personam
430 1462 494 1485 arcum
502 1452 520 1485 111
529 1462 584 1485 manu
596 1452 695 1486 habentem
707 1462 748 1486 cum
759 1451 825 1496 sagitta

96 1517 114 1546 ²5
123 1512 226 1547 extensum,
244 1506 312 1539 missa³
329 1518 339 1539 a
356 1506 430 1539 domino
446 1518 512 1539 versus
528 1506 625 1539 ecclesiam
640 1507 663 1539 ad
679 1506 825 1549 percutiendum.

124 1559 185 1592 Motus
204 1559 279 1592 tandem
297 1569 352 1602 prece
371 1559 447 1602 virginis
466 1559 532 1592 dilecte
551 1559 648 1592 miserator
663 1558 754 1600 dominus,
770 1569 824 1602 quem

123 1612 146 1645 ad
157 1610 282 1645 ulciscendum
298 1611 373 1645 miserat
388 1611 470 1645 reuocari
484 1611 541 1645 iussit.
566 1611 659 1655 Euigilaus
672 1612 755 1645 turbatur
766 1611 825 1652 valde,

124 1670 142 1696 et
153 1668 268 1706 pertractans
280 1674 348 1704 secum,
356 1665 379 1696 ad
387 1664 531 1706 disperdendum
542 1675 578 1696 non
587 1664 622 1697 11151
631 1665 653 1696 ad
663 1664 712 1706 Hely
720 1664 826 1706 flagellum⁴

124 1715 213 1749 intellexit
224 1725 266 1749 esse
276 1715 410 1750 transmissum.
434 1716 505 1749 Eodem
516 1721 600 1759 tempore
610 1716 673 1758 plures
682 1717 705 1749 de
715 1716 826 1750 monasterio

97 1777 116 1807 30
125 1769 147 1803 de
159 1767 241 1813 presenti
251 1767 288 1802 vita
299 1768 346 1813 rapti
358 1774 414 1810 erant,
426 1774 444 1803 et
456 1768 526 1813 reliqua
535 1779 578 1813 pars
588 1768 674 1813 languida
685 1768 739 1803 morti
750 1768 826 1803 iacebat.

124 1823 188 1856 Altera
198 1826 252 1855 nocte
262 1822 306 1855 vidit
317 1823 340 1855 de
351 1822 425 1855 tumulis
437 1827 542 1856 sanctarum
554 1822 687 1856 sanctimoniali
698 1822 760 1856 habitu
772 1832 826 1866 quas-

124 1876 166 1909 dam
177 1886 259 1918 surgere,
266 1874 314 1909 inter
322 1887 368 1919 quas
376 1887 412 1919 que
422 1875 516 1919 pulchrior
526 1875 627 1918 videbatur,
636 1876 694 1909 lectos
704 1875 826 1919 egrotantium

124 1928 172 1967 adiit,
181 1932 235 1969 caput
243 1938 298 1960 manu
310 1928 392 1961 suauiter
399 1928 458 1971 tetigit
469 1928 562 1970 cuiusque,
571 1934 589 1961 et
599 1929 622 1961 ad
634 1928 685 1961 illum
697 1928 728 1971 qui
740 1928 774 1961 hec
782 1928 826 1962 vidit

124 1979 220 2019 accedens,
235 1977 292 2012 dixit:
305 1978 347 2012 ‘Me
361 1990 416 2022 quam
432 1979 492 2013 cernis
506 1979 654 2021 Etheldredam⁵‚
668 1979 722 2013 huius
737 1979 771 2013 loci
785 1989 826 2013 sum

98 2040 116 2069 35
125 2033 213 2067 aduocata
223 2037 242 2065 et
253 2043 286 2075 pro
294 2032 361 2066 vestris
372 2034 421 2075 apud
429 2034 484 2066 deum
495 2033 603 2066 excessibus
614 2033 736 2066 interuentrix
747 2033 826 2073 assidua,

125 2095 180 2128 quarn
188 2084 236 2117 inter
244 2085 310 2117 choros
318 2085 414 2118 beatorum
422 2085 536 2119 maiestatem
544 2085 574 2118 dei
583 2096 660 2118 exorare
667 2085 728 2119 vidisti
736 2097 739 2119 :
752 2090 770 2119 et
778 2096 826 2119 nunc

125 2139 161 2171 hnc
174 2147 273 2180 progressa
287 2147 334 2179 sum,
346 2136 365 2170 in
378 2138 412 2171 hac
425 2137 490 2171 mortis
502 2138 553 2171 clade
565 2137 592 2171 eis
604 2138 681 2171 salutern
692 2138 741 2171 serre
752 2139 826 2182 parata!

126 2191 149 2224 Et
160 2189 228 2224 factum
237 2195 292 2223 estut
300 2200 366 2223 omnes
376 2190 485 2234 languentes
496 2190 574 2224 sanitate
588 2196 668 2234 recepta,
676 2191 743 2234 gratias
752 2195 827 2234 agerent

126 2245 166 2277 deo.
211 2235 294 2287 Quidam
308 2243 382 2276 nominc
401 2243 479 2285 Picotus,
497 2254 565 2287 genere
584 2243 706 2285 Normannus,
722 2244 827 2278 comitatum

98 2304 118 2333 40
127 2295 242 2340 Cantabrigie
250 2307 347 2340 occupans,
356 2302 415 2330 terras
426 2301 489 2330 sancte
500 2296 576 2340 virginis
584 2296 603 2330 in
611 2297 697 2331 comitatu
707 2297 748 2341 ipso
760 2297 827 2331 inuasit

126 2356 144 2384 et
160 2349 222 2384 tenuit,
245 2350 371 2383 Commonitus
385 2361 396 2384 a
409 2350 518 2393 quibusdam
530 2361 553 2384 ne
565 2350 667 2384 libertatem
678 2350 754 2393 virginis
764 2356 827 2384 sancte

127 2403 222 2445 minueret,
237 2407 255 2436 et
270 2402 336 2436 falcem
349 2402 368 2436 in
382 2402 461 2437 alienam
476 2413 558 2436 messem
572 2414 609 2437 non
622 2403 707 2446 mitteret,
719 2403 827 2447 respondit:

128 2457 177 2497 ‘Que
186 2461 214 2489 est
222 2456 253 2489 illa
261 2455 374 2490 Etheldreda
381 2458 405 2490 de
413 2467 449 2499 qua
459 2456 529 2490 dicitis?
553 2456 619 2490 Nescio
630 2457 684 2498 illam,
693 2462 711 2491 et
722 2462 780 2491 terras
790 2468 827 2491 uon

148 2518 260 2548 ¹sePicotus
306 2518 450 2549 21511011111151115.
496 2519 606 2550 3(11.11115511111,
654 2519 744 2551 1111111115.
791 2519 827 2549 5(11.

128 2558 162 2595 Ego
170 2580 174 2587 .
182 2580 195 2588 ..
204 2557 303 2588 Etheldreda.
