1762 2803
252 109 298 166 bt
313 107 413 163 &aucto
430 107 560 170 euocato.
715 121 759 166 253

59 230 119 265 locum
132 240 186 275 quem
198 231 288 277 elegerat:
301 234 319 266 et
331 230 446 266 mansionem
458 228 564 271 construxit,
576 228 595 264 in
608 239 644 275 qua
657 239 698 264 cum
711 227 761 264 omni

60 284 157 319 securitate
167 291 185 319 et
195 296 241 329 pace
251 285 369 319 deuotissime
382 285 416 318 deo
427 283 532 317 deseruiuit.
555 283 661 317 Construxit
671 288 732 316 autern
742 282 762 315 in

59 336 126 370 eodem
139 337 178 371 loco
190 336 290 371 oratorium
305 336 324 370 in
338 336 408 370 honore
421 340 485 369 sancte
500 339 518 369 et
533 334 627 369 indiuidue
640 333 731 374 trinitatis,
743 333 762 367 in

60 399 101 432 quo,
108 389 154 423 sicut
162 394 180 423 et
187 390 236 434 apud
244 388 400 433 Cungresbiriam,
405 387 502 422 duodecim
511 388 609 422 canonicos
615 387 722 432 [constituit]
731 386 762 431 qui

60 442 169 484 regulariter
177 443 261 477 uiuentes
269 443 304 477 deo
311 441 408 476 seruirent.
432 440 476 485 Ipse
484 445 546 475 autern
554 446 641 485 tanquam
649 439 737 475 sollicitus
744 444 763 474 et
771 448 780 480 5
790 457 795 463 ·

62 499 116 538 pater
127 495 259 536 sanctissimus,
270 495 365 539 utriusque
376 494 483 529 monasterii
494 504 556 529 curam
567 495 648 538 gerebat,
658 499 677 528 et
688 492 764 538 propria

61 547 154 590 presentia
160 547 272 593 frequentius
279 548 378 582 recreabat.
422 539 514 592 Princeps
520 546 595 592 quidam
601 547 676 582 nomine
683 545 763 581 Pebian¹

61 600 118 634 voluit
129 600 201 635 auferre
215 607 278 636 sancto
295 601 385 645 Cungaro,
397 600 428 644 qui
441 600 495 634 etiam
509 606 526 634 et
539 599 645 635 Doceuinus
657 600 706 644 apud
717 599 764 633 Wa-

63 653 126 687 lenses
140 653 239 688 vocabatur
253 664 277 688 ex
290 665 313 687 eo
326 654 375 698 quod
388 664 421 687 eos
434 653 482 687 viam
498 652 566 687 domini
581 652 671 693 docebat;
685 651 764 694 volebat,

62 705 144 749 inquam,
158 706 231 742 auferre
248 717 334 750 magnam
347 711 419 750 partem
434 710 488 747 terre,
503 716 539 749 que
554 711 573 740 et
588 717 612 740 ex
623 706 672 740 dono
685 706 735 750 regls
746 710 793 739 etro

63 758 177 793 attestatione
184 758 287 794 vicinorum
295 759 318 793 ad
327 758 423 794 ecclesiam
431 768 484 793 suam
493 759 602 803 pertinebat.
625 758 694 793 Beatus
703 763 764 792 autem

64 811 165 856 Cungarus,
176 812 300 847 testimonium
311 811 346 846 sibi
358 811 467 856 perhibente
478 811 591 846 conscientia
602 821 642 854 sua,
651 816 689 845 tam
698 811 765 846 iniuste

64 865 155 900 exactioni
171 865 245 909 penitus
259 876 297 899 non
312 864 373 906 cessit,
388 866 422 898 sed
438 865 488 898 diem
504 870 574 898 certum
591 864 697 899 omnimodo
711 864 767 898 statui

63 919 167 962 procurauit
179 929 215 963 quo
225 919 260 953 sub
271 917 326 952 certis
336 923 353 952 et
364 917 449 951 fidelibus
458 916 548 951 iudicibus
557 917 599 952 hine
610 917 654 952 inde
664 916 767 951 constitutis

65 982 122 1016 super
129 976 178 1006 terre
189 971 273 1016 portione
282 970 364 1015 predicta
372 971 481 1005 redderetur
488 969 586 1015 unicuique
594 972 642 1015 quod
650 981 704 1006 suurn
712 976 767 1005 esset.
776 981 795 1013 ¹5

66 1025 101 1058 Die
113 1030 173 1058 autern
185 1023 282 1058 constituto
293 1034 329 1067 quo
340 1034 397 1067 super
405 1024 440 1057 hoc
451 1024 499 1057 iusta
510 1023 603 1067 inquisitio
613 1023 672 1063 fieret,
681 1023 768 1057 conuenit

67 1076 163 1110 multitudo
173 1075 280 1116 vicinorum,
290 1081 309 1110 vt
321 1076 344 1111 de
356 1075 441 1110 mandato
454 1075 538 1110 Poulenti
551 1075 606 1120 regis,
618 1075 670 1110 cuius
681 1075 768 1120 potestati

66 1135 85 1164 et
103 1129 137 1163 iuri
152 1129 234 1173 predicta
249 1134 299 1163 terre
313 1128 373 1173 portio
392 1128 498 1172 pertineret,
513 1139 631 1173 summopere
650 1128 768 1163 discerneret.

68 1182 152 1216 Presatus
166 1187 227 1216 autem
242 1182 329 1226 princeps
344 1181 419 1216 nomine
434 1181 509 1223 Pebian,
523 1192 589 1225 magna
601 1182 679 1226 stipatus
694 1181 768 1216 testium

67 1234 125 1278 eopia,
139 1246 180 1269 cum
192 1234 210 1268 vi
223 1239 241 1269 et
253 1234 317 1269 fraude
329 1234 419 1268 niteretur
432 1233 451 1268 in
464 1245 519 1268 causa
533 1235 604 1279 prefata
616 1235 670 1269 beato
683 1235 769 1278 Cungaro
777 1247 797 1269 ao

67 1287 136 1321 inferre
147 1286 237 1329 iniuriam,
249 1288 272 1321 ad
284 1287 358 1321 modum
370 1297 412 1323 cere
424 1287 447 1321 ad
456 1287 505 1330 ignis
517 1287 601 1322 ardorem
614 1287 738 1331 liquescentis,
749 1286 769 1321 in

68 1345 167 1383 conspectu
177 1339 258 1374 omnium
269 1339 299 1382 qui
309 1340 386 1374 aderant
395 1339 515 1383 liquescendo
525 1339 646 1374 adnichilatus
659 1345 693 1374 est.
715 1340 770 1382 Quod

68 1393 152 1427 videntes
169 1402 234 1426 omnes
248 1391 314 1426 timore
329 1391 397 1425 turbati
413 1397 462 1434 sunt,
477 1397 496 1425 et
510 1391 660 1435 glorificauerunt
672 1393 727 1427 deum
739 1391 770 1436 qui

69 1445 137 1479 iustum
152 1443 239 1479 iudicium
254 1443 341 1486 iudicans,
355 1444 472 1478 innocentem
488 1445 572 1478 liberauit
584 1446 607 1479 de
622 1456 678 1479 manu
690 1445 771 1490 potentis

69 1497 132 1542 iniqui,
145 1498 226 1531 reddens
241 1496 260 1531 in
273 1502 327 1541 caput
339 1508 393 1532 suum
406 1498 455 1542 quod
468 1503 566 1533 meruerat.
589 1498 618 1533 Ex
631 1498 666 1533 hoc
678 1503 740 1533 autem
753 1503 772 1533 et
780 1513 799 1546 ²5

70 1550 158 1595 deinceps
177 1550 227 1586 erat²
245 1551 310 1586 beatus
327 1551 423 1596 Cungarus
442 1551 508 1586 honori
525 1557 543 1587 et
558 1552 671 1587 venerationi
687 1552 773 1587 omnibus

70 1605 175 1639 hominibus
189 1604 220 1648 qui
235 1604 274 1638 eius
288 1604 355 1638 samam
371 1611 389 1638 et
404 1604 519 1639 sanctitatem
534 1605 634 1646 audierant,
647 1610 665 1640 et
680 1605 774 1639 colebatur

71 1663 89 1692 et
101 1658 224 1692 venerabatur
236 1658 259 1691 ab
272 1658 357 1691 omnibus
370 1658 422 1702 quasi
436 1658 512 1702 angelus
524 1657 559 1692 dei.
583 1658 629 1692 Cum
642 1657 697 1703 igitur
709 1659 773 1692 beatus

71 1711 168 1756 Cungarus
181 1710 266 1745 omnibus
276 1710 374 1745 virtutibus
387 1716 436 1747 esset
447 1712 552 1753 adornatus,
566 1712 658 1756 simulque
670 1712 707 1747 iam
721 1711 774 1746 dietis

71 1769 125 1807 atque
134 1764 174 1797 aliis
181 1764 284 1797 innumeris
291 1763 384 1798 miraculis
392 1764 452 1798 clarus
461 1770 511 1798 esset
520 1765 605 1807 diuinus;
616 1775 696 1808 cumque
702 1765 774 1799 videret
782 1773 802 1802 30

73 1820 170 1858 vtrumque
185 1814 322 1857 monasterium,
334 1815 404 1850 scilicet
418 1816 437 1849 in
453 1816 583 1860 Cungresbiria
596 1821 614 1851 et
625 1817 674 1861 quod
686 1816 705 1851 in
715 1816 774 1851 Vallia

73 1868 186 1908 fundauerat,
205 1867 299 1900 ambulare
316 1873 334 1900 et
349 1867 458 1902 fructificare
474 1868 493 1901 in
510 1868 576 1903 timore
591 1869 631 1910 dei3
646 1869 709 1903 incidit
723 1868 740 1903 ei
755 1869 774 1903 in

74 1926 155 1955 mentem
162 1919 277 1963 propositum
285 1919 379 1962 diuinitus,
386 1920 456 1954 scilicet
464 1921 544 1955 adeundi
554 1920 617 1956 limina
625 1920 774 1956 beatissimorum

74 1973 123 2008 Petri
132 1978 149 2007 et
158 1972 216 2014 Pauli,
224 1977 242 2006 et
250 1983 313 2007 eorum
321 1972 407 2017 suffragia
415 1973 438 2007 ad
446 1973 527 2008 diuinam
536 1973 680 2009 misericordiam
690 1974 775 2018 optinen-

73 2027 115 2061 dam
123 2025 226 2070 implorare.
249 2024 321 2059 Deinde
329 2025 383 2059 etiarn
395 2025 430 2060 hoc
440 2025 459 2060 in
469 2026 517 2060 votis
528 2026 591 2061 habuit
600 2032 619 2062 ut
630 2027 707 2062 visitatis
718 2028 775 2062 saeris
784 2038 803 2069 35

73 2079 181 2125 pignoribus
188 2078 318 2122 apostolorum,
324 2078 380 2112 etiam
389 2077 571 2114 Hierosolimitanam
578 2079 660 2116 visitaret
665 2080 750 2127 [terram]
758 2086 777 2116 et

74 2139 137 2168 sancta
144 2133 184 2166 loca
192 2132 328 2166 deoscularetur
335 2132 354 2165 in
362 2131 428 2176 quibus
434 2138 524 2167 steterunt
531 2134 590 2177 pedes
598 2134 672 2168 domini.
694 2135 777 2179 Accepta

74 2184 212 2230 itaquelicentia
217 2195 237 2218 ac
242 2184 369 2219 benedictione
376 2185 458 2219 Dubricii
464 2185 590 2221 landauiensis
595 2186 777 2231 episcopi,simulque

75 2243 93 2274 et
108 2237 261 2273 monasteriorum
274 2236 340 2281 quibus
352 2243 406 2280 pater
417 2243 497 2282 preerat,
509 2249 581 2274 necnon
594 2245 612 2274 et
624 2239 777 2284 parochianorum

75 2292 176 2327 vicinarum
184 2290 307 2333 ecclesiarum,
315 2290 350 2324 iter
357 2292 406 2334 quod
414 2292 433 2325 in
441 2296 484 2326 voto
492 2292 554 2326 habuit
561 2303 660 2336 aggressus
667 2298 701 2327 est.
723 2293 777 2334 Quod
785 2305 806 2335 40

76 2345 131 2377 etiam
137 2345 167 2388 pie
175 2349 194 2377 et
201 2342 319 2377 deuotissime
329 2342 445 2387 adimplens,
457 2349 577 2389 posteaquam
587 2344 647 2379 Rome
655 2344 778 2380 sacratissima

76 2402 181 2433 sanctorum
195 2396 318 2440 apostolorum
331 2395 395 2431 limina
408 2396 490 2431 uisitauit
505 2408 527 2432 ac
541 2397 618 2431 aliorum
632 2403 738 2432 sanctorum
751 2398 779 2433 in-

76 2450 218 2485 numerabilium
226 2449 312 2494 sufl'ragia
323 2448 368 2482 inibi
378 2450 508 2485 dormientium
517 2451 627 2494 implorauit,
635 2450 780 2485 Hierosolimarn

77 2503 172 2549 proiectus
187 2509 220 2539 est.
243 2501 279 2546 Qui
293 2502 395 2548 peragratis
411 2513 432 2538 ac
444 2503 522 2539 visitatis
536 2503 581 2539 locis
596 2503 670 2547 sanctis,
682 2504 701 2539 in
714 2505 779 2540 eadem

298 2572 304 2591 ¹
313 2581 327 2603 r.
335 2571 398 2602 Pebiau.
459 2573 466 2590 ¹
476 2574 494 2604 E.
503 2573 554 2603 etiam.
