1762 2803
111 162 155 206 270
302 149 381 201 mota
397 146 512 208 treanta
527 144 620 207 antlia

110 270 225 314 professione
233 269 319 313 insigniti,
327 273 400 302 maneat
409 268 427 302 in
437 268 489 302 vobis
499 267 600 302 concinium
610 273 713 302 vestrorum
725 268 783 313 pietas
795 272 813 302 et

110 324 174 367 patrie,
190 324 221 367 qui
236 322 337 366 proditione
352 333 465 366 paganorum
481 321 596 355 exterminati
611 322 663 356 vobis
679 322 812 366 sempiternum

111 378 177 408 cedent
188 377 206 408 in
218 375 342 418 opprobrium,
350 374 386 406 nisi
396 374 448 417 ipsos
459 374 502 406 totis
512 373 581 406 nisibus
591 374 699 407 defendatis.
730 375 813 417 Pugnate

111 439 145 471 pro
153 428 211 471 patria
217 432 283 468 vestra,
291 432 309 460 et
317 431 401 467 mortem,
409 426 425 460 si
433 425 566 469 superuenerit,
575 430 641 468 sponte
648 426 731 469 patimini
741 437 775 470 pro
786 437 813 460 ea.

94 494 102 524 5
112 481 155 525 Ipsa
166 481 215 515 enim
226 478 301 514 victoria
314 484 343 513 est
354 484 372 513 et
385 478 446 512 anime
460 477 567 512 remedium.
597 477 705 523 Quicunque
718 478 767 513 enim
779 489 813 523 pro

111 534 197 568 iratribus
205 532 243 568 suis
251 539 329 568 mortem
337 532 418 575 subierit,
426 532 488 567 viuam
496 531 574 566 hostiam
584 542 605 566 se
614 537 684 576 prestat
692 533 727 567 deo
734 544 738 575 ;
751 532 814 567 Chris-

111 593 186 631 tumque
198 586 249 630 sequi
261 596 298 619 non
308 585 410 629 ambigitur,
420 585 452 629 qui
462 596 495 629 pro
507 585 592 618 iratribus
602 584 640 618 suis
652 586 732 619 animam
744 596 814 629 ponere

111 640 196 684 dignatus
207 645 240 674 est.
263 639 325 683 Siquis
333 639 388 682 igitur
397 644 479 673 vestrum
487 638 506 671 in
516 638 550 672 hoc
558 638 606 672 bello
616 638 663 673 mori
671 638 767 682 contigerit
771 638 783 681 ¹,
791 637 814 672 sit

112 693 129 727 ei
141 704 190 726 mors
202 693 232 726 illa
242 692 324 725 omnium
335 691 442 725 delictorum
452 701 527 724 suorum
537 690 637 734 penitentia
645 696 663 725 et
671 691 761 732 remissio,
770 692 814 724 dum

86 760 104 781 ro
112 756 153 778 eam
161 745 195 778 hoc
203 745 257 778 modo
265 744 348 788 recipere
355 755 392 777 non
400 743 502 786 diffugerit!
525 743 615 786 Percepta
622 743 683 787 itaque
691 744 748 778 sancti
760 744 815 777 bene·

113 797 196 839 dictione,
202 807 267 831 omnes
275 797 298 830 ad
305 807 356 830 arma
364 801 444 837 currunt,
449 795 542 829 Arthurus
550 795 605 829 etiam
613 796 700 831 humeros
706 807 750 830 suos
756 796 815 839 clipeo

112 850 197 894 protegit,
203 860 239 893 quo
246 849 306 892 imago
314 855 377 882 sancte
386 849 443 881 Mane
451 848 481 880 dei
489 848 581 891 genitricis
589 848 661 891 depicta
669 849 754 889 constitit,
760 859 816 892 quarn

113 902 148 937 sibi
159 902 241 937 crebrius
251 901 269 935 in
280 901 367 936 auxilium
378 900 475 935 inuocauit.
498 900 521 934 Et
530 900 603 935 irruens
611 900 630 934 in
638 900 734 936 Saxonum
742 911 816 944 cuneos,

114 956 186 990 adiutus
194 954 252 989 sancti
261 954 341 988 Dubricii
350 954 440 998 precibus,
449 954 505 987 multa
515 953 565 987 milia
576 955 710 997 prosternendo
720 954 815 988 victoriam

88 1023 106 1055 15
115 1008 196 1052 obtinuit,
208 1014 226 1043 et
239 1018 307 1053 paucos
320 1007 351 1053 qui
364 1012 445 1052 stragem
458 1011 555 1042 euaserant
570 1007 593 1041 ad
606 1006 717 1042 deditionem
730 1007 817 1053 coegit.—

116 1056 218 1097 Dubricius
230 1066 291 1095 autem
302 1061 433 1095 monasterium
445 1061 495 1094 Iltuti
506 1060 576 1095 abbatis
588 1061 667 1104 quodam
678 1066 761 1105 ternpore
773 1072 816 1105 qua-

115 1114 301 1159 dragesimevisitauit
309 1127 312 1149 :
321 1120 339 1149 et
345 1125 387 1149 cum
392 1120 476 1148 sanctum
481 1114 604 1158 Sampsonem
609 1114 633 1147 ad
638 1114 734 1149 sacerdotii
739 1115 816 1158 gradum

114 1172 236 1213 promoueret‚
242 1178 279 1201 vna
284 1178 326 1201 cum
331 1172 394 1201 sancto
401 1167 455 1200 iltuto
462 1166 564 1200 columbam
573 1166 615 1200 niue
622 1167 745 1201 candidiorem
752 1167 817 1201 celitus

114 1223 195 1264 missam,
204 1230 299 1265 quousque
307 1220 430 1264 compleretur
437 1219 523 1262 officium,
533 1230 589 1263 super
597 1225 650 1263 caput
659 1221 768 1265 Sampsonis
779 1231 817 1254 ma·

89 1287 107 1308 20
115 1279 190 1308 nentem
200 1272 250 1307 vidit.
295 1266 349 1306 idem
361 1272 416 1305 etiam
428 1272 520 1314 Sampson
532 1283 594 1304 curam
607 1272 728 1315 promptuarii
740 1273 816 1314 habens,

115 1337 157 1361 cum
167 1326 228 1360 omnia
236 1335 285 1369 pene
293 1325 358 1369 pocula
365 1325 388 1358 ob
397 1323 472 1359 letitiam
480 1325 571 1358 aduentus
580 1324 662 1364 Dubricii
667 1325 770 1370 hospitibus
778 1335 818 1359 ero·

115 1384 177 1423 gasset
186 1384 204 1412 et
212 1377 280 1421 egenis,
288 1377 381 1411 cuiusdam
390 1377 450 1411 fratris
458 1377 527 1411 inuidia
534 1377 565 1420 qui
573 1377 627 1420 paulo
634 1383 677 1412 ante
685 1379 750 1412 eodem
759 1377 818 1411 officio

116 1433 229 1476 fungebatur,
238 1430 308 1464 delatus
317 1435 345 1464 est
355 1441 375 1464 se
386 1429 471 1473 quicquid
478 1429 497 1463 in
506 1430 578 1463 cellario
585 1435 640 1473 potus
647 1431 735 1465 habuerat
743 1430 820 1474 prodiga

116 1496 172 1519 manu
183 1483 298 1529 dilapidasse.
322 1483 391 1516 Exorto
402 1483 470 1516 idcirco
481 1482 530 1516 inter
539 1483 605 1517 fratres
616 1494 716 1524 murmure,
726 1484 819 1526 Sampson

91 1555 98 1575 2
101 1556 109 1585 5
117 1538 171 1572 nimis
179 1538 291 1571 erubescens
298 1547 340 1570 curn
348 1541 411 1569 sancto
420 1535 507 1569 Dubricio
515 1546 555 1569 rem
564 1541 636 1579 gestam
645 1537 742 1576 retulisset,
751 1541 769 1570 et
779 1536 818 1570 eius

118 1591 205 1625 auxilium
217 1590 236 1624 in
251 1593 301 1623 tanta
316 1588 424 1622 necessitate
439 1588 560 1632 postulasset;
576 1593 636 1622 motus
650 1589 748 1633 episcopus
760 1588 819 1623 orauit

118 1644 213 1678 dominum
225 1647 245 1676 vt
256 1641 379 1686 Sampsonem
392 1653 403 1675 a
416 1640 476 1675 cordis
488 1641 608 1675 amaritudine
620 1641 698 1676 liberare
709 1641 820 1685 dignaretur.

120 1697 143 1731 Et
151 1696 245 1730 cellarium
253 1695 318 1728 comite
324 1694 428 1738 Sampsone
436 1694 535 1737 ingressus,
544 1699 621 1728 extensa
629 1705 684 1729 manu
692 1700 710 1729 et
718 1696 759 1728 data
764 1695 820 1729 bene-

119 1749 203 1791 dictione,
214 1747 275 1782 omnia
285 1758 330 1782 vasa
341 1747 396 1791 plena
407 1752 481 1790 reperta
493 1752 540 1781 sunt.
585 1740 729 1782 Confluentibus
740 1748 821 1792 vndique

92 1820 111 1849 30
119 1803 192 1848 populis
200 1803 223 1835 ad
231 1801 305 1834 beatum
314 1800 426 1843 Dubricium,
435 1806 452 1833 et
461 1800 509 1843 egris
517 1800 587 1834 meritis
596 1800 635 1834 eius
643 1812 741 1846 corporum
753 1807 770 1835 et
782 1801 821 1835 ani-

119 1867 190 1891 marum
200 1854 277 1889 salutem
288 1853 429 1898 reportantibus,
437 1853 510 1897 quidam
520 1858 591 1898 potens,
599 1854 657 1898 regali
668 1854 755 1899 prosapia
764 1859 820 1898 ortus,

118 1909 172 1943 flexis
179 1908 257 1952 genibus
265 1917 307 1941 eum
315 1907 398 1941 exorauit
405 1912 424 1941 vt
432 1906 488 1940 filiam
496 1917 548 1940 suam
557 1908 695 1950 energuminam
704 1918 737 1942 sua
745 1918 800 1951 prece
810 1918 821 1942 a

118 1962 203 1995 demonio
211 1961 302 1993 liberaret.
325 1960 369 1992 Mox
377 1960 405 1992 vir
413 1961 443 1992 dei
450 1959 548 2002 procidens
555 1959 574 1992 in
584 1965 658 2001 terram,
666 1961 711 1993 facie
722 1960 821 2004 lachrymis

118 2015 194 2059 profusa
202 2015 257 2048 deum
265 2012 350 2056 precibus
358 2012 440 2056 pulsans,
448 2012 528 2056 puellam
537 2012 613 2046 sanauit.
636 2012 677 2055 Que
685 2014 746 2047 seculo
754 2024 822 2046 renun-

93 2082 111 2112 35
119 2067 175 2110 cians,
183 2064 270 2101 doctrinis
278 2065 312 2099 viri
320 2064 350 2099 dei
357 2064 429 2099 adhesit
437 2069 455 2099 et
463 2065 529 2099 deuote
537 2065 571 2099 deo
579 2064 650 2100 seruire
660 2065 734 2100 studuit.
779 2059 822 2100 Du-

119 2121 187 2155 bricius
195 2118 275 2161 tandem,
280 2117 416 2152 infirmitatibus
425 2123 442 2152 et
450 2117 502 2152 senio
509 2123 601 2162 grauatus,
608 2118 719 2153 laboriosum
728 2129 775 2163 opus
783 2118 822 2163 epi-

120 2173 171 2218 scopi
179 2170 285 2215 dereliquit:
298 2176 316 2206 et
322 2170 448 2205 heremiticam
454 2170 510 2205 vitam
518 2181 559 2205 curn
565 2170 648 2215 pluribus
654 2171 754 2215 discipulis,
760 2172 822 2206 labore

120 2237 207 2261 manuum
219 2235 294 2260 suarum
305 2224 413 2265 viuentibus‚
422 2224 441 2258 in
451 2225 529 2268 quadam
539 2223 595 2258 maris
605 2223 664 2258 insula
673 2225 754 2259 solitarie
764 2224 822 2259 vixit:

121 2285 139 2313 et
152 2277 287 2313 octauodeeimo
301 2278 335 2311 kal.
347 2276 451 2311 decembris
464 2276 520 2310 vitam
531 2276 610 2320 gloriose
622 2276 685 2320 finiuit,
697 2283 715 2311 et
727 2277 746 2310 in
758 2278 823 2310 eadem

93 2347 113 2377 40
121 2332 185 2375 insula,
197 2337 216 2365 vt
227 2329 293 2364 viuens
304 2330 388 2373 iusserat,
399 2329 474 2374 sepeliri
485 2330 557 2363 meruit.
583 2329 676 2364 Asserunt
688 2329 737 2363 enim
749 2329 823 2373 antique

122 2384 229 2420 Britonum²
237 2383 316 2424 historie,
325 2384 382 2417 multa
390 2389 494 2417 sanctorum
503 2389 604 2427 martyrum
612 2387 630 2416 et
638 2383 765 2417 consessorum
774 2382 824 2417 milia

122 2440 141 2472 in
152 2439 183 2471 illa
192 2438 256 2477 insula,
266 2437 341 2470 nomine
349 2436 413 2480 Euly⁸‚
422 2437 535 2480 sepulturam
543 2436 635 2469 habuisse.
659 2436 699 2469 Hee
709 2435 758 2468 enim
766 2446 824 2479 pauca

123 2493 145 2525 de
153 2491 214 2525 multis
223 2490 358 2525 enucleauimus
366 2490 400 2525 viri
408 2489 466 2524 sancti
473 2495 530 2533 gesta,
539 2499 581 2523 cum
589 2489 676 2523 miracula
686 2488 726 2522 eius
736 2489 824 2523 nonnulla

142 2599 148 2616 ¹
155 2600 186 2629 vit
192 2600 239 2629 letum
244 2599 312 2631 subierit.
344 2600 350 2617 ²
357 2601 375 2631 E.
381 2600 470 2630 britonium.
499 2598 505 2617 ⁸
512 2600 530 2629 E.
535 2599 553 2629 T.
560 2598 601 2636 Euly
605 2608 610 2635 5
617 2598 648 2628 Vit.
656 2598 701 2635 Enli;
711 2598 720 2629 i.
725 2609 739 2628 e,
745 2599 822 2636 Bardsey.
