1762 2803
272 109 318 163 Bt
333 107 433 160 &tutto
448 108 570 169 Ιβῆῒϊίΐίῦ.
730 125 774 168 279

71 228 90 263 in
107 238 148 264 meo
163 229 217 275 pallio
231 229 331 274 colligatus,
342 229 373 275 qui
386 229 463 264 forsitan
475 229 528 264 uobis
540 229 575 265 erit
587 229 714 266 necessarius.¹
737 230 773 274 Qui

71 283 156 327 protinus
168 283 243 326 reuersi,
254 284 329 328 pallium
341 294 383 318 cum
396 283 471 318 denario
483 289 598 328 receperunt,
612 289 630 318 et
643 294 686 319 eum
698 284 773 329 penitus

71 337 141 371 nudum
156 337 269 371 dimiserunt.
298 336 321 371 Et
334 347 376 371 cum
389 336 497 371 festinanter
512 337 535 371 ad
549 348 593 371 suas
611 337 691 371 latebras
708 348 774 381 prope·

71 395 138 431 rarent,
148 390 167 423 in
178 390 239 424 medio
251 390 309 424 noctis
321 389 396 424 silencio
407 390 430 424 ad
442 390 522 424 hostium
534 390 579 424 celle
590 390 630 425 eius
640 390 710 425 inuenti
723 396 773 425 sunt.

71 442 123 484 Quos
141 443 171 476 ille
190 443 209 475 in
226 443 272 476 cella
287 453 320 476 sua
334 442 413 486 benigne
429 442 503 486 recepit,
518 448 536 476 et
551 443 610 487 pedes
625 454 688 477 eorum
704 443 792 485 lauans,⁵

71 494 213 538 hospitalitatem
221 500 308 538 quantam
317 494 375 538 potuit
384 494 505 529 ministrauit:
517 499 535 529 et
546 505 603 529 unum
614 505 678 530 eorum
686 495 709 529 ad
717 495 774 530 fidem

72 547 167 582 conuertit.
200 547 205 567 ¹
212 540 263 584 Cum
270 552 331 582 autem
337 547 401 582 heatus
407 546 511 582 Germanus
517 547 616 593 episcopus
622 547 774 583 autisiodorensis

71 601 95 635 de
109 601 203 636 Britannia
217 607 313 644 remearet,
325 603 349 636 ad
362 602 452 636 tumulum
464 602 522 636 sancti
533 601 625 646 pontificis
637 601 720 636 Cassiani
732 612 773 646 per·

70 653 125 688 uenit.
149 654 208 696 Quem
224 665 265 688 cum
281 655 372 699 quomodo
387 665 408 689 se
423 654 499 688 haberet
513 654 620 699 inquireret,
632 654 662 689 ille
675 654 737 689 statim
749 655 773 690 de

70 707 141 740 tumulo
156 707 272 741 audientibus
289 707 359 741 cunctis
373 707 430 741 dixit:
447 707 511 741 ‘Dulci
527 708 588 751 quiete
600 707 691 752 perfruor,
706 712 725 741 et
741 708 773 742 ad·
783 714 802 735 ¹0

70 764 146 794 uentum
154 760 277 803 redemptoris
285 761 373 803 expecto!
397 760 430 794 Cui
440 764 515 794 sanctus
524 759 627 794 Germanus
635 760 671 795 ait:
683 760 773 802 ‘Quiesce

70 823 104 856 per
111 812 186 857 longum
198 813 217 847 in
229 812 302 847 Christo
313 817 393 857 tempus,
404 818 422 847 et
433 823 467 857 pro
479 812 532 848 nobis
544 812 633 848 attencius
645 812 745 857 intercede,
752 818 773 848 ut

70 865 154 910 optinere
163 876 214 900 sacre
222 866 366 901 resurreccionis
373 866 439 910 gaudia
447 866 570 910 mereamur.¹]

156 954 171 991 ll
184 946 218 989 DE
229 965 300 989 SANCTO
313 946 407 988 Pnrmcro
418 964 506 988 EPlSCOPO
517 964 540 988 ΕΤ
552 955 685 990 CONFESSORE'.

73 1012 163 1089 BEatus
175 1013 224 1046 enim
233 1013 321 1046 Patricius
333 1014 356 1046 de
368 1024 436 1055 genere
444 1013 541 1046 Britonum
552 1019 603 1047 ortus
615 1020 655 1047 est:
667 1019 721 1057 pater
732 1014 772 1048 eius

128 1064 256 1109 Calphurnius,
264 1070 323 1099 mater
330 1076 374 1099 vero
383 1065 467 1099 Conehes
477 1065 524 1099 dicta
534 1070 568 1100 est.
591 1065 638 1100 Cum
649 1071 711 1100 autem
721 1071 772 1101 esset
782 1077 800 1108 ¹5

69 1128 160 1153 annorum
173 1118 272 1161 sexdecim,
285 1129 326 1153 cum
339 1118 405 1154 ceteris
419 1118 438 1154 in
451 1119 556 1163 captiuitate
569 1119 652 1156 ducitur:
669 1125 687 1155 et
699 1120 771 1155 cuidam

68 1170 108 1215 regi
120 1170 193 1215 gentili³
201 1183 235 1206 sex
243 1171 296 1205 annis
304 1171 393 1214 seruiens,
401 1182 445 1206 sues
456 1171 505 1206 illius
516 1173 609 1217 pascebat.
631 1172 707 1207 Centies
714 1173 733 1207 in
741 1173 771 1208 die

69 1229 87 1258 et
101 1224 171 1258 centies
184 1224 203 1258 in
216 1231 270 1259 nocte
283 1225 338 1258 deum
352 1225 444 1258 exorabat.
467 1225 491 1259 Et
506 1236 549 1259 ecce
563 1226 648 1270 apparuit
662 1227 679 1259 ei
694 1227 771 1270 angelus

68 1276 144 1318 domini,
156 1276 219 1310 Victor
230 1276 310 1319 nomine,
321 1278 352 1321 qui
363 1277 470 1320 frequenter
481 1288 523 1311 eum
535 1277 627 1317 visitans:
638 1278 695 1313 dixit:
709 1279 771 1313 'Bene

68 1328 144 1371 ieiunas,
156 1328 191 1363 cito
206 1328 289 1363 exiturus
302 1329 325 1363 ad
337 1330 415 1373 patriam
427 1334 488 1364 tuam:
502 1340 546 1365 ecce
557 1330 610 1365 nauis
621 1336 652 1365 tua
663 1336 727 1375 parata
738 1342 771 1366 ex·
781 1343 800 1365 ro

68 1386 129 1425 pectat
144 1383 172 1416 te!
195 1381 250 1416 Stetit
265 1387 326 1416 autem
338 1382 415 1426 angelus
430 1392 487 1427 super
501 1382 592 1418 terramlz
612 1387 631 1417 et
642 1393 701 1429 vsque
717 1384 771 1419 hodie

68 1441 143 1469 manent
150 1435 227 1480 vestigia
238 1435 282 1470 eius.
306 1436 329 1470 Et
336 1435 402 1471 iterum
410 1436 455 1470 dixit
464 1436 553 1472 Patricio:
565 1437 627 1471 ‘Vade
635 1442 653 1472 et
660 1438 702 1472 vide
709 1438 770 1473 locum

67 1488 98 1522 vbi
105 1500 172 1533 porcus
180 1489 210 1523 ille
218 1495 285 1523 terram
293 1489 368 1523 naribus
376 1489 431 1524 fodit:
443 1494 462 1523 et
469 1490 518 1534 quod
525 1490 550 1524 ibi
558 1490 657 1532 inueneris,
664 1491 688 1524 da
696 1491 771 1526 donrino

67 1547 99 1576 tuo
108 1542 127 1576 in
138 1542 284 1586 redemptionem
295 1542 388 1576 seruitutis
399 1544 441 1577 tue.¹
464 1543 487 1577 Et
498 1543 566 1577 lactum
578 1548 606 1577 est
617 1544 647 1578 ita
670 1544 770 1588 Postquam

67 1594 112 1629 exiit
128 1594 221 1636 Patricius,
237 1605 279 1628 sera
294 1594 394 1639 penitentia
408 1595 466 1629 tenuit
483 1605 547 1639 regem
562 1596 611 1640 quod
626 1606 701 1631 seruum
716 1607 770 1632 suum
780 1610 798 1640 ²5

68 1647 158 1691 optimum
166 1647 278 1681 dimisisset:
290 1647 384 1692 perrexit⁶
391 1654 410 1681 vt
420 1659 463 1681 eum
473 1649 574 1682 reduceret.
597 1648 621 1682 Et
628 1660 665 1682 non
673 1648 771 1684 inueniens

68 1712 116 1742 eum,
124 1712 212 1735 reuersus
223 1701 242 1734 in
254 1702 329 1735 domum
341 1712 399 1743 suam,
411 1702 484 1745 pondus
495 1703 534 1735 auri
545 1713 580 1747 pro
591 1702 718 1747 redemptione
729 1714 771 1737 sus-

67 1754 115 1797 cepti
127 1764 164 1787 non
175 1753 358 1788 inuenit—Transito
369 1759 430 1788 autem
442 1754 494 1796 mari,
502 1765 544 1789 cum
552 1755 614 1788 multis
626 1754 729 1798 gentilibus,
736 1766 772 1800 per

67 1805 132 1849 viginti
140 1811 180 1839 octo
188 1806 228 1840 dies
237 1805 256 1839 in
265 1806 343 1840 desertis
353 1806 504 1841 ambulauerunt:
516 1813 534 1841 et
545 1807 596 1842 cibus
606 1807 643 1841 illis
653 1807 724 1842 deiecit.
747 1808 771 1843 Et

68 1858 113 1892 dixit
121 1859 137 1892 ei
145 1859 220 1902 quidam
228 1859 312 1902 gentilis:
325 1859 362 1892 ‘Tu
369 1860 414 1893 dicis
422 1861 464 1902 quia
470 1860 516 1893 deus
524 1865 566 1894 tuus
574 1869 652 1903 magnus
660 1865 688 1893 est
696 1871 701 1894 :
713 1870 770 1904 quare
779 1874 799 1904 30

67 1921 112 1954 ergo
119 1921 156 1944 non
164 1921 218 1954 rogas
226 1921 268 1944 eum
274 1921 309 1954 pro
316 1911 382 1945 nobis?
392 1911 434 1955 quia
441 1911 489 1946 same
495 1913 588 1955 perimus)
607 1912 630 1946 Et
638 1911 663 1945 ait
669 1912 770 1948 Patricius:

67 1963 209 1999 ‘Conuertimini
222 1963 241 1998 in
256 1968 294 1999 toto
307 1965 362 1999 corde
373 1970 435 1999 vestro
447 1965 470 1999 ad
482 1965 576 1999 dominum
587 1974 655 2007 meum,
670 1965 712 2010 quia
724 1965 770 2001 nihil

67 2017 181 2062 impossibile
189 2023 217 2052 est
224 2017 255 2059 illi,
261 2023 280 2052 vt
288 2018 346 2052 mittat
354 2017 407 2052 nobis
415 2017 475 2052 cibum
481 2017 500 2052 in
506 2017 555 2052 viam
563 2019 656 2053 nostram!
680 2018 703 2053 Et
711 2019 771 2054 orauit

67 2082 101 2114 pro
113 2071 140 2104 eis
152 2071 251 2105 Patricius:
265 2076 283 2105 et
295 2082 337 2104 ecce
349 2081 395 2114 grex
407 2082 505 2114 porcorum
519 2072 603 2115 apparuit
616 2072 652 2106 illis
664 2073 683 2106 in
694 2073 735 2107 via:
752 2079 770 2107 et

67 2123 134 2156 multos
143 2122 201 2156 exeis
211 2123 326 2164 occiderunt:
339 2128 357 2157 et
367 2123 403 2156 mel
414 2123 499 2156 siluestre
509 2122 625 2157 inuenerunt.
648 2123 696 2166 Qui'
703 2124 771 2168 gratias
781 2137 800 2168 35

67 2175 102 2208 deo
113 2180 196 2219 agentes,
208 2175 294 2209 dixerunt
309 2175 326 2209 ei
336 2180 356 2209 vt
367 2175 472 2209 comederet
483 2186 525 2209 cum
537 2176 576 2209 eis:
592 2176 626 2210 sed
637 2188 675 2210 non
687 2177 771 2221 comedit,

67 2228 109 2271 quia
122 2228 148 2261 illi
159 2229 300 2262 immolauerunt
311 2229 361 2263 eibos
372 2228 433 2273 ydolis
444 2228 488 2263 suis.
511 2229 535 2262 Et
548 2229 616 2263 mansit
628 2230 717 2264 Patricius
729 2241 771 2265 cum

67 2281 103 2315 illis
118 2282 183 2316 diebus
198 2281 271 2326 triginta
284 2293 321 2316 non
336 2282 449 2316 manducans
464 2293 524 2326 neque
538 2282 614 2325 bibens;
630 2282 694 2317 hilaris
708 2288 771 2318 tamen

67 2335 203 2377 perseuerabat.
227 2334 250 2368 Et
258 2345 299 2368 cum
307 2335 400 2375 dormiret,
408 2335 479 2368 sortiter
486 2346 497 2368 a
504 2336 581 2369 sathana
589 2341 689 2380 temptatus
701 2342 740 2371 est:
753 2342 771 2370 et

67 2387 133 2420 cecidit
144 2386 227 2420 diabolus
238 2398 295 2431 super
306 2398 348 2421 eum
358 2387 416 2421 tribus
428 2387 493 2421 diebus
505 2393 523 2421 et
535 2388 625 2431 noctibus,
633 2394 651 2422 et
662 2388 721 2422 instar
730 2389 771 2423 saxi
779 2400 800 2432 4o

87 2444 92 2462 ¹
104 2445 128 2475 Cf.
136 2445 180 2475 Vinc.
190 2445 230 2475 Bell.
238 2445 275 2475 XX.
284 2455 307 2475 ra.
348 2445 354 2462 ²
363 2446 401 2476 Abr.
410 2445 449 2475 from
456 2446 483 2476 the
488 2446 525 2476 Vita
532 2446 548 2475 in
557 2446 590 2476 MS.
599 2446 660 2477 Cambr.
668 2446 691 2477 rt.
699 2457 712 2477 r.
719 2457 744 2484 27.
751 2457 769 2477 ar

67 2485 98 2514 and
106 2484 151 2514 Bodl.
159 2486 199 2522 2853
209 2485 262 2515 which
272 2485 285 2514 is
297 2485 323 2514 the
331 2485 372 2515 third
379 2485 405 2515 lile
413 2486 491 2524 <ascribed
502 2490 518 2516 to
529 2486 618 2525 Benignus)
625 2486 642 2516 in
649 2486 709 2524 Colgan
717 2486 738 2521 11,
746 2496 771 2524 aa,

67 2524 107 2554 from
115 2525 185 2563 Capra.
253 2528 291 2555 ³sc.
300 2525 363 2562 illiluch,
371 2525 387 2555 in
395 2526 502 2556 tlienorthol
508 2526 575 2556 lreland.
640 2526 772 2565 ¹Vit.visitabat,

67 2564 144 2602 dixitque.
185 2565 306 2603 ⁵Vit.pclrarn.
347 2566 381 2596 ΙΕ.
389 2566 457 2603 perexit.
498 2566 585 2603 ⁷T.Quin.
