1762 2803
226 102 272 157 De
286 102 388 155 &aaut
403 106 559 168 margareta.
700 106 742 156 169

44 222 152 263 transmisit;
165 223 195 267 qui
207 224 274 267 pietate
286 228 352 265 motus,
362 233 394 256 eos
405 223 481 257 vlterius
493 224 516 257 ad
527 232 590 266 regem
602 221 743 264 Hungarorum¹

45 275 216 311 Salomonemlvite
221 276 345 309 reseruandos
352 274 406 310 misit.
429 274 538 310 Edmundo³
546 286 590 310 vero
595 274 636 309 sine
644 274 707 309 liberis
712 274 744 308 de-

44 329 125 370 cedente,
134 327 236 362 Edwardus
246 327 302 362 frater
312 328 351 362 eius
359 328 450 373 Agatham
459 329 574 373 imperatoris
582 328 638 362 filiam
646 328 708 362 duxit:
720 338 744 362 ex

44 394 79 426 qua
86 387 169 416 sanctam
178 382 306 426 Margaretam,
314 388 377 425 postea
386 382 447 416 Scotie
457 382 544 425 reginam,
552 381 654 426 progenuit.
700 374 744 425 Que

45 446 85 470 curn
92 434 111 467 in
119 435 202 478 primeua
210 435 269 469 adhuc
275 435 349 469 floreret
357 435 470 477 etate,vitam
479 435 581 469 sobrietatis
587 436 655 469 ducere
662 445 683 468 ac
689 435 745 468 deum
753 447 761 478 5

45 499 100 532 super
105 488 167 522 omnia
173 487 248 532 diligere
254 488 302 532 cepit
307 487 318 530 ⁴,
324 488 342 521 in
349 488 451 522 diuinarum
458 487 555 522 lectionum
561 487 621 522 studio
627 499 648 522 se
655 497 745 531 occupare

45 548 62 575 et
75 541 93 574 in
107 540 136 573 his
150 541 232 574 animum
244 541 376 574 delectabiliter
389 551 482 574 exercere.
504 541 584 574 Suorum
598 542 673 574 tandem
687 540 746 583 magis

45 603 98 638 quam
110 603 143 626 sua
150 593 248 636 voluntate,
256 593 312 627 immo
320 593 349 626 dei
359 593 478 635 ordinatione,
484 592 523 637 regi
532 593 629 628 Scotorum
638 592 746 627 Malcolmo⁵

46 648 63 681 in
79 646 183 690 coniugium
199 647 298 691 copulatur.
321 646 359 681 Sed
372 645 457 690 quamuis
472 657 494 680 ea
506 656 542 690 que
556 646 620 680 mundi
635 651 678 680 sunt
691 656 746 689 agere

46 699 190 743 compelleretur,
196 699 260 733 mundi
267 705 329 733 tamen
337 699 393 733 rebus
401 710 424 733 cx
433 698 524 733 desiderio
532 699 617 733 inherere
624 699 746 743 contempsit:
756 711 774 732 ιο

47 754 89 786 Plus
103 752 152 785 enim
164 752 289 785 delectabatur
302 753 349 785 bono
362 762 419 796 opere
433 762 488 795 quam
503 751 606 785 diuitiarum
622 752 746 794 possessione.

47 804 112 839 Omnia
120 815 156 847 que
164 805 253 839 decebant
262 804 359 848 prudentis
369 804 432 846 regine
443 803 520 846 imperio
531 804 642 847 agebantur:
653 803 693 836 eius
703 814 747 836 con-

46 857 85 891 silio
92 857 143 900 regni
151 856 191 891 iura
197 856 347 900 disponebantur,
353 856 401 890 illius
409 856 498 890 industria
504 856 568 902 religio
575 856 637 890 diuina
643 858 748 901 augebatur.

48 910 95 944 Nihil
106 910 154 943 illius
163 911 200 944 fide
209 910 286 951 firmius,
293 911 343 944 vultu
355 910 474 952 constantius,
482 910 569 955 patientia
580 910 698 952 tolerabilius,
706 920 747 944 con-

47 963 86 997 silio
99 965 178 1007 grauius,
191 963 281 998 sententia
296 963 366 1005 iustius,
380 963 469 1008 colloquio
484 962 585 998 iocundius.
631 956 654 998 In
668 964 707 997 loco
717 962 748 997 vbi
757 978 775 1010 ¹5

47 1016 110 1060 nuptie
123 1017 162 1050 eius
175 1017 247 1051 fuerant
262 1017 357 1058 celebrate,
370 1016 389 1051 in
404 1017 475 1051 honore
489 1022 552 1051 sancte
567 1016 652 1052 trinitatis
668 1016 748 1052 nobilem

47 1070 142 1104 ecclesiam
158 1071 264 1113 construxit,
277 1082 331 1115 quam
343 1071 399 1105 variis
414 1071 526 1105 ornamentis
541 1070 630 1115 preciosis
644 1071 747 1105 decorauit:

47 1124 95 1157 inter
106 1134 141 1167 que
153 1134 176 1157 ex
188 1124 246 1158 solido
257 1130 275 1158 et
287 1135 333 1167 puro
344 1134 388 1157 auro
400 1128 418 1158 et
429 1124 516 1167 argento'l
524 1133 568 1157 vasa
578 1133 615 1157 non
623 1134 681 1167 pauca
690 1123 747 1157 fuisse

48 1181 153 1211 noscuntur.
171 1175 248 1211 Crucem
260 1188 332 1221 quoque
344 1177 418 1210 contulit
430 1187 484 1219 quam
497 1186 542 1210 auro
555 1181 573 1211 et
585 1176 747 1210 interlucentibns²

48 1229 126 1271 gemmis
135 1229 197 1262 vestiri
205 1229 284 1262 fecerat:
296 1234 314 1263 et
322 1229 340 1262 in
351 1229 391 1262 aliis
399 1228 502 1272 quibusque
512 1228 594 1262 ecclesiis
605 1228 707 1262 deuotionis
715 1239 748 1262 sue
757 1239 776 1261 ιο

49 1280 100 1323 signa
107 1281 185 1324 reliquit.
207 1281 265 1315 Tanta
273 1281 290 1315 ei
298 1281 356 1315 inerat
364 1292 405 1315 curn
413 1281 523 1315 iocunditate
531 1282 673 1322 seueritas‚cum
679 1281 748 1316 seueri·

49 1339 84 1368 tate
92 1334 198 1377 iocunditas,
203 1340 222 1369 vt
230 1345 295 1369 omnes
303 1334 321 1369 in
330 1334 370 1369 eius
378 1334 465 1379 obsequio
473 1334 522 1368 illam
531 1334 612 1369 timendo
620 1335 723 1378 diligerent,
731 1340 750 1368 et

50 1386 141 1431 diligendo
148 1387 243 1429 timerent3
256 1393 274 1422 et
282 1398 319 1422 non
327 1388 387 1422 solum
395 1388 413 1421 in
422 1388 461 1422 eius
469 1387 562 1432 presentia
571 1387 616 1422 nihil
624 1388 749 1422 execrandum

49 1440 114 1482 facere,
119 1441 152 1474 sed
158 1451 192 1474 nee
198 1445 251 1485 turpe
256 1442 332 1475 verbum
338 1441 434 1485 quisquam
441 1452 497 1475 ausus
503 1441 561 1475 suerat
567 1441 655 1485 prolerre.
672 1441 750 1476 Liberos

50 1502 93 1526 suos
100 1503 142 1527 cum
150 1493 199 1527 omni
208 1493 300 1537 diligentia
310 1493 375 1528 nutriri
384 1499 402 1527 et
413 1493 495 1528 honestis
503 1493 585 1528 mon'bus
593 1493 662 1528 institui
670 1493 723 1536 secit3
731 1500 750 1528 et
758 1505 777 1536 ²5

51 1556 110 1578 coram
122 1557 143 1579 se
154 1546 218 1589 sepius
226 1547 314 1580 deductos
325 1547 382 1581 fidem
390 1547 457 1581 Christi
466 1547 532 1587 docuit,
540 1552 558 1580 et
566 1552 585 1580 vt
594 1547 663 1591 [eum]⁸
674 1557 751 1591 semper

50 1598 134 1633 timerent
153 1599 250 1644 diligenter
268 1600 366 1635 admonuit.
392 1599 477 1642 ‘Timete
492 1599 555 1644 inquit,
570 1610 582 1634 o
597 1599 635 1642 filii,
650 1600 750 1643 dominum,

50 1652 133 1694 quoniam
147 1663 183 1686 non
195 1653 230 1687 erit
242 1653 304 1697 inopia
318 1653 425 1688 timentibus
440 1664 488 1688 enm.
511 1653 534 1687 Et
549 1653 564 1687 si
578 1652 678 1689 dilexeritis
693 1653 750 1695 illum,

50 1705 141 1747 presentis
152 1706 189 1740 vite
204 1706 349 1750 prosperitatem,
363 1712 381 1741 et
396 1717 437 1741 cum
453 1708 521 1741 sanctis
536 1707 575 1741 suis
589 1711 672 1741 eternam
685 1707 750 1741 reddet

50 1757 163 1793 felicitatem!
185 1759 225 1795 Hec
233 1759 297 1794 matn's
305 1759 400 1802 desideria,
408 1760 442 1794 hec
450 1760 514 1794 crebra
522 1759 627 1800 admonitio,
633 1760 667 1794 hec
675 1771 709 1802 pro
717 1771 751 1794 sua
759 1776 778 1804 ³0

51 1811 111 1845 sobole
124 1812 204 1854 quotidie
218 1813 288 1847 suerat⁴
305 1822 346 1846 cum
361 1812 454 1846 lachrimis
467 1812 524 1846 oratio
529 1812 541 1854 ⁰,
553 1817 572 1846 vt
583 1822 637 1846 suum
649 1818 750 1847 creatorem

52 1878 143 1919 (Henricus)
154 1890 206 1910 comes
228 1881 332 1918 Malcolmum‚
339 1881 365 1919 qui
373 1881 404 1910 Xll
412 1881 459 1910 annis
466 1882 543 1918 regnauit.

70 1919 117 1958 [lilius
123 1920 181 1959 Dauid]
227 1920 323 1950 Willelmum
330 1921 356 1957 qui
364 1920 432 1950 XLVlll
440 1921 486 1950 unnis
493 1921 570 1959 regnauit.

99 1961 155 1996 genuit
228 1960 280 1990 Dauid
287 1961 359 1990 comitem
367 1961 387 1989 de
395 1960 498 1997 lluntingclor‘i
506 1964 522 1990 et
530 1961 591 1995 Cestre,
599 1960 625 1997 qui
633 1959 688 1997 genuit

385 1999 394 2035 J
397 2000 422 2029 oh.
430 1999 503 2030 comitem
510 2000 537 2036 qui
544 1999 582 2029 obiit
589 1999 625 2029 sine
631 1999 690 2029 liberis.

387 2039 751 2078 llargaretamux.AlanideGalwei,quigenuit

409 2079 504 2115 Demergoil
511 2088 538 2109 ux.
543 2079 579 2114 Joh.
586 2079 649 2116 Baillol,
655 2079 681 2117 qui
688 2080 751 2117 grenuit

427 2119 436 2154 J
439 2119 465 2148 oh.
471 2118 528 2147 Baillol
535 2127 589 2155 regem
597 2118 667 2157 Scotie);

409 2157 475 2187 Elenam
483 2157 578 2188 comitissam
584 2158 657 2188 Wintor'r.

387 2197 477 2226 Ysabellam
487 2207 513 2227 ux.
523 2198 590 2226 Roberti
600 2198 647 2234 Brus,
658 2198 685 2236 qui
698 2198 752 2236 genuit

410 2236 450 2266 Rob.
459 2238 492 2274 (qui
500 2237 554 2274 genuit
561 2238 602 2267 Rob.
609 2247 662 2275 regem
670 2238 727 2267 Scott.

387 2276 460 2315 A[lldam
472 2287 499 2307 ux.
511 2277 562 2308 Henr.
573 2277 648 2316 Hasting,
660 2278 686 2317 qut
697 2278 752 2317 genuit

410 2316 466 2354 Henn,
473 2318 499 2355 qui
506 2319 543 2354 Joh.

221 2358 320 2388 Comitissam
328 2358 347 2387 de
355 2356 436 2393 ferrariis,
443 2367 474 2395 que
482 2358 529 2393 Rob,
536 2358 563 2396 qui
569 2357 606 2393 Joh.

221 2397 300 2427 Helenam
307 2407 328 2426 ux
341 2398 381 2434 Rog.
389 2397 404 2426 la
411 2397 479 2433 Souehe,
487 2406 518 2435 que
525 2398 579 2435 genuit
585 2397 658 2428 Alanum.

221 2438 290 2467 Elisabet
298 2438 392 2467 comitissam
400 2437 420 2466 de
427 2437 500 2474 Boghan,
507 2447 538 2475 qne
545 2439 600 2474 genuit
606 2439 616 2473 J
618 2439 643 2467 oh.
651 2438 712 2467 Comin.

73 2481 105 2513 'E.
113 2485 230 2521 hungariorum.
249 2482 512 2520 ‘soBrornton3nStephanum
533 2484 679 2513 llLEdmundum.
705 2483 752 2512 ⁴om.

54 2518 104 2563 invit.
135 2522 389 2557 ⁵T.maleolmo·.E.malcolino.
419 2523 536 2551 tetaatom.
566 2521 753 2559 lVitauroetargentu

54 2562 197 2594 1ntercurrentibus.
239 2561 245 2580 ⁶
255 2562 273 2594 T.
281 2571 325 2599 cuttu
336 2562 350 2592 E
361 2561 416 2600 ipsum.
456 2561 492 2593 te.
499 2562 554 2593 aratio.

54 2373 115 2407 Helena
122 2377 200 2407 comitissa

52 2412 134 2447 Wintonie
140 2418 195 2456 genuit
