1762 2803
62 138 95 170 urs.
103 136 147 167 aaut.
155 134 197 173 aaa]
273 124 318 177 D&
333 122 371 174 ᾗ.
387 122 556 174 minimulum.
719 129 763 182 567

62 249 108 284 solus
116 247 134 280 in
142 245 217 279 oratorio
224 245 289 286 orabat,
297 242 387 287 apparuit¹
395 244 410 278 ei
419 243 506 288 quoddam
514 244 576 286 ingens
583 242 704 287 teter[r]imum
712 250 763 289 atque

62 298 166 334 horrendum
181 300 283 337 monstrum,
298 294 374 337 maligna
388 294 519 328 machinacione
534 294 598 328 fictum.
628 294 671 328 Erat
689 305 764 339 namque

63 349 111 394 quasi
119 347 193 391 quedam
200 356 263 389 ymago
271 346 315 379 ferro
321 352 338 379 et
344 345 415 389 fuligine
421 345 499 388 conficta,
505 344 568 389 plumis
575 344 665 379 contexta²
672 345 764 389 fuligineis,

62 399 133 444 pedibus
145 397 239 436 celerrima,
250 396 282 429 alis
293 396 435 439 pernicissima³5
452 396 537 429 interdum
549 403 617 429 centum
628 396 695 429 habens
706 398 764 430 oculos

62 451 156 486 flammeos,
167 456 213 478 nunc
224 456 265 478 vero
276 445 346 487 nullum,
358 445 439 479 interim⁴
449 456 502 479 vnum
514 446 532 479 in
543 446 600 479 media
610 446 667 480 fronte
677 446 735 488 surum,
747 446 781 485 in5

63 498 132 534 modum
141 495 189 540 clipei
198 495 268 530 maximi
276 502 361 539 rotatum;
373 502 442 531 centum
453 495 527 539 linguas,
534 495 640 540 totidemque
647 508 677 532 ora
688 503 706 531 et
715 507 765 531 aures

63 548 189 590 confi[n]gens;
201 557 247 581 nunc
252 557 306 590 vsque
311 547 333 580 ad
340 548 394 581 nubes
400 557 419 581 se
427 547 499 588 erigens,
504 557 551 581 nunc
556 557 595 581 vero
600 547 681 581 deorsum
687 548 765 590 pendens

63 607 80 633 et
94 609 133 631 cum
148 598 219 639 puluere
233 596 346 630 descendens.
369 598 408 630 Hec
423 597 480 639 itaque
497 603 533 630 tam
548 597 637 639 prophana
651 604 721 631 sauctus
734 608 765 640 per

64 654 118 682 totam
126 652 195 680 noctem
203 646 268 687 videns,
277 646 365 688 respondit
373 646 444 681 dicens:
457 647 482 680 ‘0
491 647 568 687 demens,
576 657 587 679 o
595 647 689 689 prophane,
696 658 726 680 cur
733 648 766 680 hec

63 706 99 733 tam
107 709 151 730 uana
159 696 227 731 iactitas
235 703 296 730 contra
303 696 365 731 milites
374 697 450 731 Christi?
460 707 483 730 an
491 703 508 730 te
520 698 561 730 latet
570 697 617 740 quod
628 702 710 740 perpetua
720 697 765 739 ignis
775 708 793 730 ιο

63 748 116 783 eterni
128 754 213 781 tormenta
224 745 256 790 [te]
267 754 337 781 manent
348 759 386 781 cum
398 748 485 781 sodalibus
497 748 543 781 tuis?
566 747 649 790 Quamuis
657 747 703 781 enim
712 748 765 780 modo

64 800 136 843 quedam
141 798 767 842 grauiasustineas‚maioratamensustinebis‚cumChristusapparuerit,

64 851 99 884 vita
106 856 123 883 et
131 849 190 891 legiler
197 849 266 883 noster)
300 850 360 882 Frater
369 854 426 882 autem
434 850 533 891 Thegonus‚
541 848 589 882 cuius
597 849 640 882 cella
648 849 722 882 oratorio
729 855 765 882 erat

64 899 145 943 proxima,
154 904 211 931 tantas
219 899 274 941 pn'mo
282 899 327 931 inter
334 906 412 932 sanctum
420 905 437 932 et
445 899 533 932 diabolum
542 898 613 932 audiens
621 898 765 938 conflictationes,

65 949 140 991 surrexit,
155 954 173 982 vt
189 948 256 992 plenius
271 954 352 983 euentum
367 948 417 983 huius
432 949 456 983 rei
471 948 561 983 edisceret.
589 950 639 982 Tunc
654 954 702 982 tanta
716 949 793 991 huius15

64 999 134 1041 maligni
150 998 192 1033 vidit
207 1000 294 1042 figmenta,
306 1005 323 1032 et
337 999 378 1032 talia
392 999 443 1033 huius
458 1000 513 1033 sancti
527 999 551 1032 illi
564 998 640 1042 pessimo
652 998 766 1033 conuiciando

64 1050 123 1084 didicit
137 1061 220 1093 responsa
226 1061 231 1090 ;
250 1055 301 1093 atque
313 1050 393 1083 fratribus
406 1050 493 1084 reuelauit.
516 1049 543 1083 llli
556 1057 614 1084 antem
626 1050 660 1083 hec
671 1050 766 1090 audientes,

65 1100 120 1141 magis
134 1100 224 1142 magisque
239 1099 257 1132 in
272 1099 320 1132 omni
334 1110 386 1142 opere
401 1101 447 1133 bono
462 1100 530 1134 accensi
545 1106 562 1133 et
574 1100 630 1142 magis
645 1100 691 1133 cauti
704 1099 766 1141 effecti,

65 1151 136 1182 multum
144 1149 219 1182 edificati
225 1154 270 1182 sunt.
278 1149 284 1191 ΙΙ
292 1151 308 1181 Α
316 1149 398 1182 vicesimo
403 1149 461 1192 itaque
467 1155 484 1182 et
490 1148 558 1191 primo'
565 1150 616 1183 etatis
624 1160 655 1183 sue
662 1159 766 1192 annovsque

65 1200 87 1233 ad
102 1199 168 1233 obitum
182 1210 238 1241 suum,
252 1210 340 1242 nunquam
356 1199 373 1233 in
388 1199 461 1234 ecclesia
478 1200 526 1234 visus
544 1205 571 1233 est
589 1199 658 1241 sedere;
677 1210 794 1243 nunquamro

66 1250 136 1284 tristicia
148 1249 232 1292 deiectus,
240 1260 272 1283 nec
281 1249 338 1284 leticia
350 1251 420 1290 solutus,
431 1261 519 1294 nunquam
529 1250 581 1283 alium
591 1250 668 1292 irridens,
678 1260 767 1294 nunquam

65 1301 190 1334 moderacionis
197 1301 289 1334 terminum
301 1301 386 1334 excedens
393 1301 461 1343 agnitus
469 1307 501 1342 est,
510 1306 535 1334 set
543 1311 599 1344 neque
609 1300 662 1334 iratus
670 1307 699 1334 aut
707 1301 766 1334 turbu·

65 1352 126 1385 lentus.
141 1353 189 1385 Nam
196 1362 236 1385 cum
244 1351 266 1384 ab
274 1350 348 1384 infancia
356 1362 387 1385 sua
394 1357 454 1385 sancto
463 1351 534 1385 Budoco
542 1350 671 1385 deuotissimum
679 1350 766 1385 exhiberet

66 1403 172 1443 obsequium,
180 1402 227 1434 cuius
235 1407 271 1433 tam
278 1401 331 1433 verbo
342 1412 395 1443 quam
405 1401 484 1443 exemplo
494 1401 586 1434 instructus
597 1402 652 1434 iactus
663 1407 690 1434 est
701 1401 767 1434 iuuenis

65 1450 210 1493 religiosissimus,
223 1461 292 1484 omnem
304 1450 360 1483 adhuc
372 1450 389 1483 in
401 1451 447 1485 clero
458 1461 498 1484 cum
512 1451 528 1485 in
539 1450 569 1485 tali
581 1450 647 1493 positus
658 1456 704 1485 esset
715 1456 767 1491 etate,
776 1466 795 1496 25

66 1501 198 1534 transcendebat
212 1500 293 1543 graciam.
323 1501 381 1534 Niehil
396 1501 443 1534 enim
458 1500 564 1543 arrogancie,
579 1500 632 1534 nichil
651 1500 731 1544 superbie
745 1501 768 1534 dc

66 1551 102 1585 eius
110 1551 143 1584 sibi
151 1551 227 1584 moribus
235 1551 335 1594 vsurpabat,
343 1558 369 1584 set
377 1551 394 1584 in
402 1552 482 1584 omnibus
490 1551 564 1584 affabilis
571 1558 589 1585 et
595 1551 690 1591 beniuolus,
697 1551 715 1584 in
723 1558 769 1584 terra

66 1601 141 1643 positus⁶
152 1602 244 1634 celestibus
256 1607 315 1643 aptum
326 1611 345 1633 se
354 1601 431 1634 moribus
443 1602 551 1634 ostendebat.
574 1601 709 1643 Quinquagenos
719 1611 768 1634 nam·

66 1661 99 1693 que
105 1657 131 1684 ter
139 1650 201 1684 cotidie
210 1650 324 1693 particulatim
332 1651 408 1693 psalmos
416 1651 540 1684 consuescebat
548 1651 626 1693 psallere,
634 1661 680 1684 nunc
688 1649 705 1683 in
713 1649 768 1684 crucis

67 1701 124 1741 modo,
134 1712 180 1734 nunc
191 1700 277 1734 inmobilis
287 1701 330 1733 fixus
340 1700 373 1743 [ut]
384 1700 457 1743 statua⁷,
466 1712 512 1734 nunc
522 1700 569 1734 fixis⁸
580 1700 680 1744 prouolutus
690 1701 768 1743 genibus
777 1715 797 1744 30

67 1753 106 1784 Hec
113 1751 188 1786 breuiter
195 1752 217 1785 de
225 1751 276 1795 priori
286 1751 323 1785 eius
331 1751 463 1785 conuersacione
478 1751 529 1785 dicta.
551 1751 579 1785 Ex
590 1751 619 1785 illa
629 1750 657 1785 die
666 1761 701 1796 qua
711 1750 769 1785 locum

67 1813 116 1836 suum
124 1810 223 1837 construere
231 1803 281 1845 cepit,
289 1813 378 1845 nunquam
388 1803 489 1837 indumento
499 1803 549 1837 laneo
560 1803 632 1836 vestitus
642 1808 668 1836 est
678 1808 708 1836 aut
718 1803 769 1843 lineo,

68 1859 93 1886 set
105 1853 180 1895 caprinis
191 1854 295 1886 induebatur
305 1853 391 1894 pellibus;
405 1859 422 1886 et
433 1862 489 1894 neque
500 1853 517 1885 in
527 1852 573 1885 lecto
582 1852 644 1893 plumis
655 1853 682 1885 vel
692 1853 769 1885 vestibus

68 1912 97 1935 seu
108 1903 163 1936 eciam
170 1902 224 1945 paleis
235 1907 289 1935 strato
299 1901 363 1936 iacuit:
375 1901 470 1935 durissimis
478 1911 540 1935 nucum
548 1901 572 1935 vti
581 1900 672 1935 corticibus
679 1900 769 1935 consueuit

67 1962 98 1993 pro
109 1953 183 1995 plumis,
199 1964 230 1995 pro
241 1951 335 1994 peregrinis
347 1959 404 1985 antem
417 1951 503 1994 tapetibus
515 1951 572 1994 pictis,
583 1951 641 1984 arenis
654 1962 694 1984 cum
706 1951 769 1995 lapillis
777 1962 796 1992 35

68 2002 186 2037 delectabatur
193 2003 273 2037 admixtis
280 2014 284 2044 ;
294 2013 326 2046 pro
334 2002 435 2046 capitalibus
442 2002 501 2036 sericis
509 2008 538 2035 aut
546 2002 616 2035 bissinis
622 2002 649 2034 vel
657 2002 693 2035 lino
701 2001 769 2036 intextis

69 2054 134 2088 duobus
142 2061 209 2089 tantum
216 2054 301 2088 subleuari
309 2054 365 2096 capud
373 2063 423 2086 suum
430 2059 447 2086 et
459 2054 513 2095 pedes
523 2052 593 2086 solidari
602 2052 676 2087 faciebat
683 2052 770 2096 lapidibus

68 2103 108 2137 hinc
119 2111 136 2138 et
147 2106 188 2138 inde
199 2103 297 2147 suppositis.
320 2104 366 2145 Quid
377 2103 438 2145 plura?
460 2103 510 2144 Quali
522 2103 622 2136 indumento
635 2103 652 2135 in
666 2103 699 2144 die,
712 2104 742 2136 tali
753 2110 770 2136 et

69 2154 129 2187 eodem
138 2154 240 2188 induebatur
247 2159 264 2187 et
272 2159 327 2187 nocte.
350 2155 415 2186 Panem
423 2152 512 2194 triticeum,
519 2151 553 2185 nisi
562 2158 629 2186 tantum
640 2162 661 2185 ex
668 2163 702 2196 quo
710 2152 770 2186 confici

69 2204 170 2239 sacrificium
178 2206 226 2247 solet,
234 2216 269 2238 non
277 2204 357 2246 comedit,
365 2210 391 2237 set
399 2203 467 2237 modico
476 2204 577 2237 vescebatur
588 2214 632 2248 pane
644 2203 724 2238 ordeiceo
731 2215 770 2238 cum
778 2212 799 2243 40

69 2254 125 2290 cinere
140 2257 217 2290 admixto
231 2256 288 2299 equali
303 2256 379 2297 pondere
393 2255 460 2288 librato.
485 2256 563 2297 Excepto
578 2255 624 2297 quod
640 2255 771 2298 quadragesime

69 2309 146 2348 tempore
161 2305 206 2340 binis
221 2312 251 2340 aut
267 2305 319 2340 temis
337 2305 433 2339 abstinebat
448 2303 521 2346 diebus,
536 2311 553 2338 et
568 2311 609 2339 tunc
624 2305 646 2338 de
661 2305 718 2338 cinere
732 2305 771 2347 plus

70 2357 153 2397 sumebat,
158 2368 224 2389 memor
231 2356 315 2399 scripture
322 2354 395 2388 dicentis
402 2355 452 2398 quia‘
457 2355 533 2388 cinerem
540 2361 623 2398 tanquam
628 2366 691 2397 panem
699 2356 771 2387 mandu-

70 2405 140 2438 cabam?
163 2407 273 2439 Pulmentum
280 2415 348 2449 quoque
355 2407 389 2438 hoc
397 2405 413 2437 ei
421 2411 457 2438 erat
467 2406 549 2438 ferculum
560 2415 581 2438 ex
591 2404 646 2437 farina
653 2404 730 2447 predicta
741 2409 771 2437 aut

70 2464 91 2487 ex
105 2456 180 2491 oleribus
195 2456 297 2499 consectum,
309 2461 336 2490 set
350 2456 398 2490 nulla
413 2455 537 2500 impinguatum
550 2455 661 2499 pinguedine.
687 2455 771 2489 Vtebatur
779 2460 798 2492 45

89 2535 139 2568 1Μὸ.
149 2539 234 2577 appareuit.
273 2537 361 2568 'allecta
395 2536 584 2577 ³MS.peruiciosissima.
621 2535 769 2567 *maurusam

69 2583 181 2627 ltusprime.
241 2586 358 2629 {Msposiris
417 2586 537 2629 {lassatus
607 2584 699 2627 fal-flexis.
