<?xml version="1.0" encoding="UTF-8"?>
<!DOCTYPE html PUBLIC "-//W3C//DTD XHTML 1.0 Transitional//EN"
    "http://www.w3.org/TR/xhtml1/DTD/xhtml1-transitional.dtd">
<html xmlns="http://www.w3.org/1999/xhtml" xml:lang="en" lang="en">
 <head>
  <title>
</title>
<meta http-equiv="Content-Type" content="text/html;charset=utf-8" />
  <meta name='ocr-system' content='tesseract 3.04.00' />
  <meta name='ocr-capabilities' content='ocr_page ocr_carea ocr_par ocr_line ocrx_word'/>
</head>
<body>
  <div class='ocr_page' id='page_1' title='image "./MN5111ucmf_0/MN5111ucmf_0_0281.png"; bbox 0 0 1762 2803; ppageno 0'>
   <div class='ocr_carea' id='block_1_1' title="bbox 248 94 745 153">
    <p class='ocr_par' dir='ltr' id='par_1_1' title="bbox 248 94 745 153">
     <span class='ocr_line' id='line_1_1' title="bbox 248 94 745 153; baseline -0.024 -2"><span class='ocrx_word' id='word_1_1' title='bbox 248 97 294 153; x_wconf 57' lang='lat' dir='ltr'>{if</span> <span class='ocrx_word' id='word_1_2' title='bbox 309 94 409 149; x_wconf 48' lang='lat' dir='ltr'>&amp;filim</span> <span class='ocrx_word' id='word_1_3' title='bbox 425 94 545 147; x_wconf 64' lang='lat' dir='ltr'>ffsslftl&#39;flss.</span> <span class='ocrx_word' id='word_1_4' title='bbox 705 110 745 152; x_wconf 88' lang='lat'>191</span> 
     </span>
    </p>
   </div>
   <div class='ocr_carea' id='block_1_2' title="bbox 44 185 749 394">
    <p class='ocr_par' dir='ltr' id='par_1_2' title="bbox 44 185 749 394">
     <span class='ocr_line' id='line_1_2' title="bbox 44 185 748 232; baseline -0.004 -10"><span class='ocrx_word' id='word_1_5' title='bbox 44 197 131 223; x_wconf 90' lang='lat' dir='ltr'>reuersus</span> <span class='ocrx_word' id='word_1_6' title='bbox 143 188 166 221; x_wconf 87' lang='lat' dir='ltr'>ad</span> <span class='ocrx_word' id='word_1_7' title='bbox 178 188 243 222; x_wconf 89' lang='lat' dir='ltr'>cellam</span> <span class='ocrx_word' id='word_1_8' title='bbox 255 198 297 222; x_wconf 89' lang='lat' dir='ltr'>cum</span> <span class='ocrx_word' id='word_1_9' title='bbox 307 187 363 222; x_wconf 88' lang='lat' dir='ltr'>nimis</span> <span class='ocrx_word' id='word_1_10' title='bbox 373 187 444 230; x_wconf 86' lang='lat' dir='ltr'>feteret,</span> <span class='ocrx_word' id='word_1_11' title='bbox 455 187 585 232; x_wconf 86' lang='lat' dir='ltr'><strong>improperans</strong></span> <span class='ocrx_word' id='word_1_12' title='bbox 597 185 703 230; x_wconf 74' lang='lat' dir='ltr'>cogitationi</span> <span class='ocrx_word' id='word_1_13' title='bbox 715 196 748 220; x_wconf 88' lang='lat' dir='ltr'>suc</span> 
     </span>
     <span class='ocr_line' id='line_1_3' title="bbox 44 239 749 285; baseline -0.003 -10"><span class='ocrx_word' id='word_1_14' title='bbox 44 241 100 275; x_wconf 84' lang='lat' dir='ltr'>dixit:</span> <span class='ocrx_word' id='word_1_15' title='bbox 113 240 171 276; x_wconf 68' lang='lat' dir='ltr'>‘Ecce</span> <span class='ocrx_word' id='word_1_16' title='bbox 180 241 292 277; x_wconf 90' lang='lat' dir='ltr'>desiderium</span> <span class='ocrx_word' id='word_1_17' title='bbox 301 241 350 285; x_wconf 86' lang='lat' dir='ltr'>quod</span> <span class='ocrx_word' id='word_1_18' title='bbox 360 241 461 285; x_wconf 82' lang='lat' dir='ltr'>querebas3</span> <span class='ocrx_word' id='word_1_19' title='bbox 473 240 521 275; x_wconf 83' lang='lat' dir='ltr'>habe</span> <span class='ocrx_word' id='word_1_20' title='bbox 530 240 581 282; x_wconf 92' lang='lat' dir='ltr'>illud,</span> <span class='ocrx_word' id='word_1_21' title='bbox 591 239 661 274; x_wconf 87' lang='lat' dir='ltr'>saciare</span> <span class='ocrx_word' id='word_1_22' title='bbox 673 250 697 274; x_wconf 82' lang='lat' dir='ltr'>ex</span> <span class='ocrx_word' id='word_1_23' title='bbox 709 241 749 281; x_wconf 82' lang='lat' dir='ltr'>e03¹</span> 
     </span>
     <span class='ocr_line' id='line_1_4' title="bbox 45 292 749 339; baseline -0.004 -10"><span class='ocrx_word' id='word_1_24' title='bbox 45 300 63 329; x_wconf 89' lang='lat' dir='ltr'>et</span> <span class='ocrx_word' id='word_1_25' title='bbox 75 295 101 328; x_wconf 88' lang='lat' dir='ltr'>sic</span> <span class='ocrx_word' id='word_1_26' title='bbox 109 294 215 339; x_wconf 64' lang='lat' dir='ltr'>castigabat</span> <span class='ocrx_word' id='word_1_27' title='bbox 227 307 248 330; x_wconf 91' lang='lat' dir='ltr'>se</span> <span class='ocrx_word' id='word_1_28' title='bbox 258 295 277 329; x_wconf 93' lang='lat' dir='ltr'>in</span> <span class='ocrx_word' id='word_1_29' title='bbox 285 294 316 329; x_wconf 91' lang='lat' dir='ltr'>illo</span> <span class='ocrx_word' id='word_1_30' title='bbox 325 294 389 337; x_wconf 88' lang='lat' dir='ltr'>fetore,</span> <span class='ocrx_word' id='word_1_31' title='bbox 396 304 493 339; x_wconf 90' lang='lat' dir='ltr'>usquequo</span> <span class='ocrx_word' id='word_1_32' title='bbox 503 299 585 329; x_wconf 79' lang='lat' dir='ltr'>cessaret</span> <span class='ocrx_word' id='word_1_33' title='bbox 595 294 618 327; x_wconf 90' lang='lat' dir='ltr'>ab</span> <span class='ocrx_word' id='word_1_34' title='bbox 628 303 650 327; x_wconf 93' lang='lat' dir='ltr'>eo</span> <span class='ocrx_word' id='word_1_35' title='bbox 662 292 749 327; x_wconf 89' lang='lat' dir='ltr'>sordidis-</span> 
     </span>
     <span class='ocr_line' id='line_1_5' title="bbox 45 347 228 394; baseline 0.005 -11"><span class='ocrx_word' id='word_1_36' title='bbox 45 347 92 383; x_wconf 89' lang='lat' dir='ltr'>sima</span> <span class='ocrx_word' id='word_1_37' title='bbox 99 347 228 394; x_wconf 83' lang='lat' dir='ltr'>impugnacio]</span> 
     </span>
    </p>
   </div>
   <div class='ocr_carea' id='block_1_3' title="bbox 138 488 657 531">
    <p class='ocr_par' dir='ltr' id='par_1_3' title="bbox 138 488 657 531">
     <span class='ocr_line' id='line_1_6' title="bbox 138 488 657 531; baseline -0.004 -1"><span class='ocrx_word' id='word_1_38' title='bbox 138 495 153 531; x_wconf 81' lang='lat' dir='ltr'>tl</span> <span class='ocrx_word' id='word_1_39' title='bbox 167 488 200 529; x_wconf 81' lang='lat' dir='ltr'>Dis</span> <span class='ocrx_word' id='word_1_40' title='bbox 211 506 281 530; x_wconf 68' lang='lat' dir='ltr'>seuero</span> <span class='ocrx_word' id='word_1_41' title='bbox 293 488 393 531; x_wconf 75' lang='lat' dir='ltr'>Cotrnruo</span> <span class='ocrx_word' id='word_1_42' title='bbox 404 506 478 529; x_wconf 72' lang='lat' dir='ltr'>aspare</span> <span class='ocrx_word' id='word_1_43' title='bbox 489 505 512 529; x_wconf 75' lang='lat' dir='ltr'>cr</span> <span class='ocrx_word' id='word_1_44' title='bbox 523 494 657 530; x_wconf 76' lang='lat' dir='ltr'>conressonu¹.</span> 
     </span>
    </p>
   </div>
   <div class='ocr_carea' id='block_1_4' title="bbox 45 577 781 2364">
    <p class='ocr_par' dir='ltr' id='par_1_4' title="bbox 45 577 781 2364">
     <span class='ocr_line' id='line_1_7' title="bbox 88 577 767 622; baseline 0 -12"><span class='ocrx_word' id='word_1_45' title='bbox 88 577 191 611; x_wconf 86' lang='lat' dir='ltr'>Enerabilis</span> <span class='ocrx_word' id='word_1_46' title='bbox 202 579 296 613; x_wconf 84' lang='lat' dir='ltr'>Benedicti</span> <span class='ocrx_word' id='word_1_47' title='bbox 311 579 420 622; x_wconf 82' lang='lat' dir='ltr'>cognomine</span> <span class='ocrx_word' id='word_1_48' title='bbox 434 579 501 622; x_wconf 89' lang='lat' dir='ltr'>Biscop</span> <span class='ocrx_word' id='word_1_49' title='bbox 513 579 581 613; x_wconf 86' lang='lat' dir='ltr'>virtute</span> <span class='ocrx_word' id='word_1_50' title='bbox 593 583 611 612; x_wconf 92' lang='lat' dir='ltr'>et</span> <span class='ocrx_word' id='word_1_51' title='bbox 624 578 714 611; x_wconf 89' lang='lat' dir='ltr'>industria</span> <span class='ocrx_word' id='word_1_52' title='bbox 727 587 767 620; x_wconf 83' lang='lat' dir='ltr'>ac5</span> 
     </span>
     <span class='ocr_line' id='line_1_8' title="bbox 109 631 749 676; baseline 0 -12"><span class='ocrx_word' id='word_1_53' title='bbox 109 631 196 675; x_wconf 86' lang='lat' dir='ltr'>religione</span> <span class='ocrx_word' id='word_1_54' title='bbox 206 642 240 666; x_wconf 83' lang='lat' dir='ltr'>rex</span> <span class='ocrx_word' id='word_1_55' title='bbox 251 632 337 676; x_wconf 87' lang='lat' dir='ltr'>ngridus</span> <span class='ocrx_word' id='word_1_56' title='bbox 346 642 384 667; x_wconf 91' lang='lat' dir='ltr'>non</span> <span class='ocrx_word' id='word_1_57' title='bbox 395 633 487 666; x_wconf 90' lang='lat' dir='ltr'>modicum</span> <span class='ocrx_word' id='word_1_58' title='bbox 498 632 604 674; x_wconf 88' lang='lat' dir='ltr'>delectatus,</span> <span class='ocrx_word' id='word_1_59' title='bbox 613 636 681 666; x_wconf 88' lang='lat' dir='ltr'>terram</span> <span class='ocrx_word' id='word_1_60' title='bbox 693 641 749 675; x_wconf 88' lang='lat' dir='ltr'>quam</span> 
     </span>
     <span class='ocr_line' id='line_1_9' title="bbox 45 684 749 730; baseline 0.001 -13"><span class='ocrx_word' id='word_1_61' title='bbox 45 684 68 718; x_wconf 86' lang='lat' dir='ltr'>ad</span> <span class='ocrx_word' id='word_1_62' title='bbox 76 685 220 719; x_wconf 83' lang='lat' dir='ltr'>construendum</span> <span class='ocrx_word' id='word_1_63' title='bbox 230 685 361 720; x_wconf 87' lang='lat' dir='ltr'>monasterium</span> <span class='ocrx_word' id='word_1_64' title='bbox 371 686 388 720; x_wconf 92' lang='lat' dir='ltr'>ei</span> <span class='ocrx_word' id='word_1_65' title='bbox 398 686 503 728; x_wconf 86' lang='lat' dir='ltr'>donauerat,</span> <span class='ocrx_word' id='word_1_66' title='bbox 511 685 632 730; x_wconf 86' lang='lat' dir='ltr'>quadraginta</span> <span class='ocrx_word' id='word_1_67' title='bbox 640 684 749 719; x_wconf 79' lang='lat' dir='ltr'>familiarum</span> 
     </span>
     <span class='ocr_line' id='line_1_10' title="bbox 45 734 749 783; baseline 0.001 -13"><span class='ocrx_word' id='word_1_68' title='bbox 45 737 165 781; x_wconf 82' lang='lat' dir='ltr'>possessione</span> <span class='ocrx_word' id='word_1_69' title='bbox 180 743 299 783; x_wconf 83' lang='lat' dir='ltr'>augmentare</span> <span class='ocrx_word' id='word_1_70' title='bbox 314 739 400 781; x_wconf 81' lang='lat' dir='ltr'>curabat3</span> <span class='ocrx_word' id='word_1_71' title='bbox 414 734 446 772; x_wconf 82' lang='lat' dir='ltr'>ubi</span> <span class='ocrx_word' id='word_1_72' title='bbox 461 738 524 772; x_wconf 90' lang='lat' dir='ltr'>missis</span> <span class='ocrx_word' id='word_1_73' title='bbox 539 737 635 772; x_wconf 87' lang='lat' dir='ltr'>monachis</span> <span class='ocrx_word' id='word_1_74' title='bbox 650 738 715 772; x_wconf 86' lang='lat' dir='ltr'>decem</span> <span class='ocrx_word' id='word_1_75' title='bbox 730 742 749 771; x_wconf 90' lang='lat' dir='ltr'>et</span> 
     </span>
     <span class='ocr_line' id='line_1_11' title="bbox 46 789 750 833; baseline 0 -9"><span class='ocrx_word' id='word_1_76' title='bbox 46 795 92 833; x_wconf 90' lang='lat' dir='ltr'>octo,</span> <span class='ocrx_word' id='word_1_77' title='bbox 100 795 118 824; x_wconf 92' lang='lat' dir='ltr'>et</span> <span class='ocrx_word' id='word_1_78' title='bbox 126 791 192 825; x_wconf 84' lang='lat' dir='ltr'>abbate</span> <span class='ocrx_word' id='word_1_79' title='bbox 200 791 280 826; x_wconf 88' lang='lat' dir='ltr'>Colfrido</span> <span class='ocrx_word' id='word_1_80' title='bbox 287 792 356 826; x_wconf 90' lang='lat' dir='ltr'>ibidem</span> <span class='ocrx_word' id='word_1_81' title='bbox 364 790 467 833; x_wconf 91' lang='lat' dir='ltr'>constituto,</span> <span class='ocrx_word' id='word_1_82' title='bbox 475 801 525 825; x_wconf 88' lang='lat' dir='ltr'>anno</span> <span class='ocrx_word' id='word_1_83' title='bbox 536 791 605 825; x_wconf 89' lang='lat' dir='ltr'>domini</span> <span class='ocrx_word' id='word_1_84' title='bbox 615 789 750 825; x_wconf 82' lang='lat' dir='ltr'>sexcentesimo</span> 
     </span>
     <span class='ocr_line' id='line_1_12' title="bbox 46 843 778 887; baseline -0.001 -10"><span class='ocrx_word' id='word_1_85' title='bbox 46 844 236 887; x_wconf 84' lang='lat' dir='ltr'>septuagesimotertio</span> <span class='ocrx_word' id='word_1_86' title='bbox 249 844 382 878; x_wconf 87' lang='lat' dir='ltr'>monasterium</span> <span class='ocrx_word' id='word_1_87' title='bbox 394 844 444 878; x_wconf 89' lang='lat' dir='ltr'>beati</span> <span class='ocrx_word' id='word_1_88' title='bbox 456 844 508 877; x_wconf 87' lang='lat' dir='ltr'>Pauli</span> <span class='ocrx_word' id='word_1_89' title='bbox 522 843 600 887; x_wconf 89' lang='lat' dir='ltr'>apostoli</span> <span class='ocrx_word' id='word_1_90' title='bbox 612 843 720 884; x_wconf 79' lang='lat' dir='ltr'>construxit,</span> <span class='ocrx_word' id='word_1_91' title='bbox 731 843 778 875; x_wconf 86' lang='lat' dir='ltr'>in10</span> 
     </span>
     <span class='ocr_line' id='line_1_13' title="bbox 45 895 752 940; baseline -0.001 -11"><span class='ocrx_word' id='word_1_92' title='bbox 45 895 86 929; x_wconf 90' lang='lat' dir='ltr'>loco</span> <span class='ocrx_word' id='word_1_93' title='bbox 98 896 128 940; x_wconf 92' lang='lat' dir='ltr'>qui</span> <span class='ocrx_word' id='word_1_94' title='bbox 143 902 219 930; x_wconf 87' lang='lat' dir='ltr'>vocatur</span> <span class='ocrx_word' id='word_1_95' title='bbox 230 896 300 931; x_wconf 88' lang='lat' dir='ltr'>Girwin</span> <span class='ocrx_word' id='word_1_96' title='bbox 311 907 369 940; x_wconf 90' lang='lat' dir='ltr'>super</span> <span class='ocrx_word' id='word_1_97' title='bbox 380 896 439 940; x_wconf 85' lang='lat' dir='ltr'>ripam</span> <span class='ocrx_word' id='word_1_98' title='bbox 452 895 506 939; x_wconf 89' lang='lat' dir='ltr'>Tyne</span> <span class='ocrx_word' id='word_1_99' title='bbox 518 895 600 929; x_wconf 83' lang='lat' dir='ltr'>fluminis</span> <span class='ocrx_word' id='word_1_100' title='bbox 612 895 635 928; x_wconf 89' lang='lat' dir='ltr'>ad</span> <span class='ocrx_word' id='word_1_101' title='bbox 647 900 752 930; x_wconf 89' lang='lat' dir='ltr'>austrum-</span> 
     </span>
     <span class='ocr_line' id='line_1_14' title="bbox 46 946 752 993; baseline -0.001 -11"><span class='ocrx_word' id='word_1_102' title='bbox 46 949 101 982; x_wconf 91' lang='lat' dir='ltr'>modo</span> <span class='ocrx_word' id='word_1_103' title='bbox 113 960 158 982; x_wconf 88' lang='lat' dir='ltr'>vero</span> <span class='ocrx_word' id='word_1_104' title='bbox 171 949 230 983; x_wconf 89' lang='lat' dir='ltr'>Iarwe</span> <span class='ocrx_word' id='word_1_105' title='bbox 243 948 346 993; x_wconf 92' lang='lat' dir='ltr'>appellatur</span> <span class='ocrx_word' id='word_1_106' title='bbox 359 953 377 983; x_wconf 90' lang='lat' dir='ltr'>et</span> <span class='ocrx_word' id='word_1_107' title='bbox 392 959 403 982; x_wconf 92' lang='lat' dir='ltr'>a</span> <span class='ocrx_word' id='word_1_108' title='bbox 417 948 481 992; x_wconf 81' lang='lat' dir='ltr'>paucis</span> <span class='ocrx_word' id='word_1_109' title='bbox 496 947 592 982; x_wconf 91' lang='lat' dir='ltr'>monachis</span> <span class='ocrx_word' id='word_1_110' title='bbox 605 948 676 982; x_wconf 91' lang='lat' dir='ltr'>cenobii</span> <span class='ocrx_word' id='word_1_111' title='bbox 687 946 752 981; x_wconf 90' lang='lat' dir='ltr'>dunel·</span> 
     </span>
     <span class='ocr_line' id='line_1_15' title="bbox 46 1000 752 1044; baseline -0.001 -10"><span class='ocrx_word' id='word_1_112' title='bbox 46 1001 247 1036; x_wconf 87' lang='lat' dir='ltr'>mcnsis‘inhabitatur.</span> <span class='ocrx_word' id='word_1_113' title='bbox 275 1001 404 1036; x_wconf 88' lang='lat' dir='ltr'>Constructum</span> <span class='ocrx_word' id='word_1_114' title='bbox 420 1006 459 1035; x_wconf 88' lang='lat' dir='ltr'>erat</span> <span class='ocrx_word' id='word_1_115' title='bbox 474 1000 518 1035; x_wconf 92' lang='lat' dir='ltr'>illud</span> <span class='ocrx_word' id='word_1_116' title='bbox 536 1000 669 1034; x_wconf 88' lang='lat' dir='ltr'>monasterium</span> <span class='ocrx_word' id='word_1_117' title='bbox 687 1004 752 1044; x_wconf 86' lang='lat' dir='ltr'>quarto</span> 
     </span>
     <span class='ocr_line' id='line_1_16' title="bbox 46 1052 751 1099; baseline 0 -12"><span class='ocrx_word' id='word_1_118' title='bbox 46 1064 95 1087; x_wconf 88' lang='lat' dir='ltr'>anno</span> <span class='ocrx_word' id='word_1_119' title='bbox 102 1064 113 1087; x_wconf 93' lang='lat' dir='ltr'>a</span> <span class='ocrx_word' id='word_1_120' title='bbox 121 1053 226 1089; x_wconf 82' lang='lat' dir='ltr'>fundatione</span> <span class='ocrx_word' id='word_1_121' title='bbox 232 1055 338 1088; x_wconf 89' lang='lat' dir='ltr'>monasterii</span> <span class='ocrx_word' id='word_1_122' title='bbox 346 1054 404 1089; x_wconf 89' lang='lat' dir='ltr'>sancti</span> <span class='ocrx_word' id='word_1_123' title='bbox 413 1054 461 1088; x_wconf 86' lang='lat' dir='ltr'>Petri</span> <span class='ocrx_word' id='word_1_124' title='bbox 470 1064 526 1099; x_wconf 91' lang='lat' dir='ltr'>super</span> <span class='ocrx_word' id='word_1_125' title='bbox 533 1054 593 1098; x_wconf 85' lang='lat' dir='ltr'>ripam</span> <span class='ocrx_word' id='word_1_126' title='bbox 597 1053 656 1088; x_wconf 88' lang='lat' dir='ltr'>Were</span> <span class='ocrx_word' id='word_1_127' title='bbox 664 1052 751 1094; x_wconf 88' lang='lat' dir='ltr'>fluminis,</span> 
     </span>
     <span class='ocr_line' id='line_1_17' title="bbox 47 1107 779 1151; baseline 0.001 -11"><span class='ocrx_word' id='word_1_128' title='bbox 47 1118 69 1140; x_wconf 90' lang='lat' dir='ltr'>ea</span> <span class='ocrx_word' id='word_1_129' title='bbox 79 1108 173 1140; x_wconf 86' lang='lat' dir='ltr'>dumtaxat</span> <span class='ocrx_word' id='word_1_130' title='bbox 184 1109 254 1141; x_wconf 89' lang='lat' dir='ltr'>ratione</span> <span class='ocrx_word' id='word_1_131' title='bbox 265 1112 285 1141; x_wconf 92' lang='lat' dir='ltr'>vt</span> <span class='ocrx_word' id='word_1_132' title='bbox 294 1118 331 1141; x_wconf 89' lang='lat' dir='ltr'>vna</span> <span class='ocrx_word' id='word_1_133' title='bbox 342 1107 436 1150; x_wconf 82' lang='lat' dir='ltr'>utriusque</span> <span class='ocrx_word' id='word_1_134' title='bbox 447 1107 481 1140; x_wconf 89' lang='lat' dir='ltr'>loci</span> <span class='ocrx_word' id='word_1_135' title='bbox 492 1117 529 1151; x_wconf 85' lang='lat' dir='ltr'>pax</span> <span class='ocrx_word' id='word_1_136' title='bbox 542 1112 560 1140; x_wconf 92' lang='lat' dir='ltr'>et</span> <span class='ocrx_word' id='word_1_137' title='bbox 572 1107 673 1149; x_wconf 88' lang='lat' dir='ltr'>concordia,</span> <span class='ocrx_word' id='word_1_138' title='bbox 686 1107 751 1140; x_wconf 90' lang='lat' dir='ltr'>eadem</span> <span class='ocrx_word' id='word_1_139' title='bbox 761 1120 779 1150; x_wconf 82' lang='lat'>¹5</span> 
     </span>
     <span class='ocr_line' id='line_1_18' title="bbox 47 1158 752 1203; baseline -0.001 -10"><span class='ocrx_word' id='word_1_140' title='bbox 47 1163 137 1203; x_wconf 84' lang='lat' dir='ltr'>perpetua</span> <span class='ocrx_word' id='word_1_141' title='bbox 147 1158 259 1193; x_wconf 79' lang='lat' dir='ltr'>familiaritas</span> <span class='ocrx_word' id='word_1_142' title='bbox 268 1164 409 1193; x_wconf 87' lang='lat' dir='ltr'>conseruaretur</span> <span class='ocrx_word' id='word_1_143' title='bbox 419 1160 468 1193; x_wconf 91' lang='lat' dir='ltr'>inter</span> <span class='ocrx_word' id='word_1_144' title='bbox 476 1158 507 1193; x_wconf 88' lang='lat' dir='ltr'>illa</span> <span class='ocrx_word' id='word_1_145' title='bbox 516 1159 562 1201; x_wconf 86' lang='lat' dir='ltr'>loca,</span> <span class='ocrx_word' id='word_1_146' title='bbox 570 1163 588 1193; x_wconf 90' lang='lat' dir='ltr'>et</span> <span class='ocrx_word' id='word_1_147' title='bbox 598 1158 666 1202; x_wconf 86' lang='lat' dir='ltr'>gratia;</span> <span class='ocrx_word' id='word_1_148' title='bbox 678 1168 752 1202; x_wconf 90' lang='lat' dir='ltr'>vnoque</span> 
     </span>
     <span class='ocr_line' id='line_1_19' title="bbox 47 1210 751 1257; baseline 0 -11"><span class='ocrx_word' id='word_1_149' title='bbox 47 1212 82 1246; x_wconf 85' lang='lat' dir='ltr'>sub</span> <span class='ocrx_word' id='word_1_150' title='bbox 95 1212 161 1246; x_wconf 87' lang='lat' dir='ltr'>abbate</span> <span class='ocrx_word' id='word_1_151' title='bbox 171 1213 266 1257; x_wconf 88' lang='lat' dir='ltr'>vtriusque</span> <span class='ocrx_word' id='word_1_152' title='bbox 281 1212 352 1247; x_wconf 89' lang='lat' dir='ltr'>cenobii</span> <span class='ocrx_word' id='word_1_153' title='bbox 363 1212 429 1247; x_wconf 84' lang='lat' dir='ltr'>fratres</span> <span class='ocrx_word' id='word_1_154' title='bbox 442 1212 553 1257; x_wconf 88' lang='lat' dir='ltr'>quandoque</span> <span class='ocrx_word' id='word_1_155' title='bbox 566 1212 601 1246; x_wconf 93' lang='lat' dir='ltr'>deo</span> <span class='ocrx_word' id='word_1_156' title='bbox 613 1210 720 1253; x_wconf 82' lang='lat' dir='ltr'>militabant,</span> <span class='ocrx_word' id='word_1_157' title='bbox 731 1216 751 1246; x_wconf 93' lang='lat' dir='ltr'>vt</span> 
     </span>
     <span class='ocr_line' id='line_1_20' title="bbox 48 1265 751 1310; baseline 0 -12"><span class='ocrx_word' id='word_1_158' title='bbox 48 1266 94 1299; x_wconf 89' lang='lat' dir='ltr'>sicut</span> <span class='ocrx_word' id='word_1_159' title='bbox 102 1276 169 1309; x_wconf 89' lang='lat' dir='ltr'>corpus</span> <span class='ocrx_word' id='word_1_160' title='bbox 176 1276 187 1298; x_wconf 85' lang='lat' dir='ltr'>a</span> <span class='ocrx_word' id='word_1_161' title='bbox 195 1266 253 1310; x_wconf 89' lang='lat' dir='ltr'>capite</span> <span class='ocrx_word' id='word_1_162' title='bbox 261 1277 295 1309; x_wconf 90' lang='lat' dir='ltr'>per</span> <span class='ocrx_word' id='word_1_163' title='bbox 302 1267 351 1309; x_wconf 92' lang='lat' dir='ltr'>quod</span> <span class='ocrx_word' id='word_1_164' title='bbox 359 1267 417 1310; x_wconf 88' lang='lat' dir='ltr'>spirat</span> <span class='ocrx_word' id='word_1_165' title='bbox 424 1277 461 1299; x_wconf 86' lang='lat' dir='ltr'>non</span> <span class='ocrx_word' id='word_1_166' title='bbox 469 1271 531 1309; x_wconf 89' lang='lat' dir='ltr'>potest</span> <span class='ocrx_word' id='word_1_167' title='bbox 538 1265 598 1306; x_wconf 91' lang='lat' dir='ltr'>auelli,</span> <span class='ocrx_word' id='word_1_168' title='bbox 606 1271 660 1308; x_wconf 89' lang='lat' dir='ltr'>caput</span> <span class='ocrx_word' id='word_1_169' title='bbox 668 1265 751 1308; x_wconf 83' lang='lat' dir='ltr'>corporis</span> 
     </span>
     <span class='ocr_line' id='line_1_21' title="bbox 48 1317 750 1362; baseline 0 -11"><span class='ocrx_word' id='word_1_170' title='bbox 48 1317 88 1352; x_wconf 90' lang='lat' dir='ltr'>sine</span> <span class='ocrx_word' id='word_1_171' title='bbox 99 1328 135 1362; x_wconf 88' lang='lat' dir='ltr'>quo</span> <span class='ocrx_word' id='word_1_172' title='bbox 146 1328 183 1351; x_wconf 92' lang='lat' dir='ltr'>non</span> <span class='ocrx_word' id='word_1_173' title='bbox 190 1319 234 1353; x_wconf 91' lang='lat' dir='ltr'>viuit</span> <span class='ocrx_word' id='word_1_174' title='bbox 245 1318 308 1362; x_wconf 90' lang='lat' dir='ltr'>nequit</span> <span class='ocrx_word' id='word_1_175' title='bbox 314 1318 406 1361; x_wconf 88' lang='lat' dir='ltr'>obliuisci,</span> <span class='ocrx_word' id='word_1_176' title='bbox 414 1318 439 1352; x_wconf 90' lang='lat' dir='ltr'>ita</span> <span class='ocrx_word' id='word_1_177' title='bbox 448 1317 509 1353; x_wconf 91' lang='lat' dir='ltr'>nullus</span> <span class='ocrx_word' id='word_1_178' title='bbox 517 1318 552 1353; x_wconf 89' lang='lat' dir='ltr'>hec</span> <span class='ocrx_word' id='word_1_179' title='bbox 562 1318 674 1352; x_wconf 90' lang='lat' dir='ltr'>monasteria</span> <span class='ocrx_word' id='word_1_180' title='bbox 683 1318 750 1362; x_wconf 91' lang='lat' dir='ltr'>prirno-</span> 
     </span>
     <span class='ocr_line' id='line_1_22' title="bbox 48 1371 779 1415; baseline 0.001 -11"><span class='ocrx_word' id='word_1_181' title='bbox 48 1382 89 1404; x_wconf 90' lang='lat' dir='ltr'>rum</span> <span class='ocrx_word' id='word_1_182' title='bbox 104 1371 229 1414; x_wconf 88' lang='lat' dir='ltr'>apostolorum</span> <span class='ocrx_word' id='word_1_183' title='bbox 242 1371 322 1405; x_wconf 88' lang='lat' dir='ltr'>fraterna</span> <span class='ocrx_word' id='word_1_184' title='bbox 337 1372 424 1405; x_wconf 87' lang='lat' dir='ltr'>charitate</span> <span class='ocrx_word' id='word_1_185' title='bbox 443 1371 538 1405; x_wconf 91' lang='lat' dir='ltr'>coniuncta</span> <span class='ocrx_word' id='word_1_186' title='bbox 553 1371 614 1415; x_wconf 91' lang='lat' dir='ltr'>aliquo</span> <span class='ocrx_word' id='word_1_187' title='bbox 632 1371 655 1405; x_wconf 91' lang='lat' dir='ltr'>ab</span> <span class='ocrx_word' id='word_1_188' title='bbox 671 1371 750 1405; x_wconf 91' lang='lat' dir='ltr'>inuicem</span> <span class='ocrx_word' id='word_1_189' title='bbox 760 1386 779 1407; x_wconf 76' lang='lat' dir='ltr'>ao</span> 
     </span>
     <span class='ocr_line' id='line_1_23' title="bbox 48 1423 751 1466; baseline 0.001 -10"><span class='ocrx_word' id='word_1_190' title='bbox 48 1428 146 1466; x_wconf 87' lang='lat' dir='ltr'>temptaret</span> <span class='ocrx_word' id='word_1_191' title='bbox 158 1424 261 1458; x_wconf 90' lang='lat' dir='ltr'>disturbare</span> <span class='ocrx_word' id='word_1_192' title='bbox 272 1428 343 1457; x_wconf 88' lang='lat' dir='ltr'>conatu.</span> <span class='ocrx_word' id='word_1_193' title='bbox 366 1424 476 1458; x_wconf 85' lang='lat' dir='ltr'>Seruiebant</span> <span class='ocrx_word' id='word_1_194' title='bbox 487 1429 549 1458; x_wconf 89' lang='lat' dir='ltr'>autern</span> <span class='ocrx_word' id='word_1_195' title='bbox 559 1425 594 1457; x_wconf 90' lang='lat' dir='ltr'>deo</span> <span class='ocrx_word' id='word_1_196' title='bbox 605 1423 672 1458; x_wconf 89' lang='lat' dir='ltr'>fratres</span> <span class='ocrx_word' id='word_1_197' title='bbox 683 1424 702 1457; x_wconf 95' lang='lat' dir='ltr'>in</span> <span class='ocrx_word' id='word_1_198' title='bbox 715 1423 751 1457; x_wconf 90' lang='lat' dir='ltr'>illis</span> 
     </span>
     <span class='ocr_line' id='line_1_24' title="bbox 48 1476 752 1519; baseline 0.001 -10"><span class='ocrx_word' id='word_1_199' title='bbox 48 1476 129 1510; x_wconf 89' lang='lat' dir='ltr'>cenobiis</span> <span class='ocrx_word' id='word_1_200' title='bbox 140 1476 190 1509; x_wconf 92' lang='lat' dir='ltr'>Petri</span> <span class='ocrx_word' id='word_1_201' title='bbox 202 1482 220 1511; x_wconf 87' lang='lat' dir='ltr'>et</span> <span class='ocrx_word' id='word_1_202' title='bbox 230 1477 287 1519; x_wconf 86' lang='lat' dir='ltr'>Pauli,</span> <span class='ocrx_word' id='word_1_203' title='bbox 296 1478 398 1511; x_wconf 89' lang='lat' dir='ltr'>secundum</span> <span class='ocrx_word' id='word_1_204' title='bbox 408 1476 484 1518; x_wconf 89' lang='lat' dir='ltr'>Bedam,</span> <span class='ocrx_word' id='word_1_205' title='bbox 494 1477 561 1511; x_wconf 88' lang='lat' dir='ltr'>fratres</span> <span class='ocrx_word' id='word_1_206' title='bbox 570 1477 664 1519; x_wconf 78' lang='lat' dir='ltr'>sexcenti3</span> <span class='ocrx_word' id='word_1_207' title='bbox 676 1482 694 1510; x_wconf 89' lang='lat' dir='ltr'>et</span> <span class='ocrx_word' id='word_1_208' title='bbox 703 1477 752 1510; x_wconf 88' lang='lat' dir='ltr'>inter</span> 
     </span>
     <span class='ocr_line' id='line_1_25' title="bbox 49 1522 755 1572; baseline 0 -9"><span class='ocrx_word' id='word_1_209' title='bbox 49 1540 69 1563; x_wconf 92' lang='lat' dir='ltr'>se</span> <span class='ocrx_word' id='word_1_210' title='bbox 81 1530 161 1571; x_wconf 89' lang='lat' dir='ltr'>quinque</span> <span class='ocrx_word' id='word_1_211' title='bbox 173 1530 273 1563; x_wconf 86' lang='lat' dir='ltr'>miliaribus</span> <span class='ocrx_word' id='word_1_212' title='bbox 283 1530 380 1563; x_wconf 87' lang='lat' dir='ltr'>distabant.</span> <span class='ocrx_word' id='word_1_213' title='bbox 425 1522 520 1564; x_wconf 83' lang='lat' dir='ltr'>Colfridus</span> <span class='ocrx_word' id='word_1_214' title='bbox 532 1535 593 1563; x_wconf 88' lang='lat' dir='ltr'>autem</span> <span class='ocrx_word' id='word_1_215' title='bbox 605 1530 707 1564; x_wconf 88' lang='lat' dir='ltr'>industrius</span> <span class='ocrx_word' id='word_1_216' title='bbox 718 1540 755 1572; x_wconf 84' lang='lat' dir='ltr'>per</span> 
     </span>
     <span class='ocr_line' id='line_1_26' title="bbox 48 1580 752 1626; baseline 0.001 -11"><span class='ocrx_word' id='word_1_217' title='bbox 48 1581 109 1615; x_wconf 85' lang='lat' dir='ltr'>omnia</span> <span class='ocrx_word' id='word_1_218' title='bbox 119 1580 151 1623; x_wconf 91' lang='lat' dir='ltr'>vir,</span> <span class='ocrx_word' id='word_1_219' title='bbox 165 1587 229 1616; x_wconf 85' lang='lat' dir='ltr'>acutus</span> <span class='ocrx_word' id='word_1_220' title='bbox 241 1582 320 1626; x_wconf 89' lang='lat' dir='ltr'>ingenio,</span> <span class='ocrx_word' id='word_1_221' title='bbox 333 1587 374 1616; x_wconf 91' lang='lat' dir='ltr'>actu</span> <span class='ocrx_word' id='word_1_222' title='bbox 387 1580 471 1626; x_wconf 86' lang='lat' dir='ltr'>impiger,</span> <span class='ocrx_word' id='word_1_223' title='bbox 485 1587 567 1616; x_wconf 89' lang='lat' dir='ltr'>maturus</span> <span class='ocrx_word' id='word_1_224' title='bbox 580 1582 647 1623; x_wconf 87' lang='lat' dir='ltr'>animo,</span> <span class='ocrx_word' id='word_1_225' title='bbox 658 1580 752 1626; x_wconf 86' lang='lat' dir='ltr'>religionis</span> 
     </span>
     <span class='ocr_line' id='line_1_27' title="bbox 48 1634 780 1680; baseline 0.004 -12"><span class='ocrx_word' id='word_1_226' title='bbox 48 1634 88 1668; x_wconf 88' lang='lat' dir='ltr'>zelo</span> <span class='ocrx_word' id='word_1_227' title='bbox 101 1634 186 1677; x_wconf 89' lang='lat' dir='ltr'>feruens;</span> <span class='ocrx_word' id='word_1_228' title='bbox 202 1635 277 1669; x_wconf 89' lang='lat' dir='ltr'>iubente</span> <span class='ocrx_word' id='word_1_229' title='bbox 289 1636 358 1679; x_wconf 85' lang='lat' dir='ltr'>pariter</span> <span class='ocrx_word' id='word_1_230' title='bbox 371 1640 390 1669; x_wconf 88' lang='lat' dir='ltr'>et</span> <span class='ocrx_word' id='word_1_231' title='bbox 400 1636 475 1669; x_wconf 85' lang='lat' dir='ltr'>iuuante</span> <span class='ocrx_word' id='word_1_232' title='bbox 487 1634 587 1670; x_wconf 88' lang='lat' dir='ltr'>Benedicto</span> <span class='ocrx_word' id='word_1_233' title='bbox 598 1635 664 1670; x_wconf 87' lang='lat' dir='ltr'>abbate</span> <span class='ocrx_word' id='word_1_234' title='bbox 676 1634 752 1680; x_wconf 86' lang='lat' dir='ltr'>prefato,</span> <span class='ocrx_word' id='word_1_235' title='bbox 762 1650 780 1680; x_wconf 76' lang='lat'>²5</span> 
     </span>
     <span class='ocr_line' id='line_1_28' title="bbox 49 1686 752 1731; baseline 0.001 -12"><span class='ocrx_word' id='word_1_236' title='bbox 49 1686 145 1720; x_wconf 83' lang='lat' dir='ltr'>cenobium</span> <span class='ocrx_word' id='word_1_237' title='bbox 156 1687 205 1720; x_wconf 87' lang='lat' dir='ltr'>beati</span> <span class='ocrx_word' id='word_1_238' title='bbox 217 1687 268 1720; x_wconf 87' lang='lat' dir='ltr'>Pauli</span> <span class='ocrx_word' id='word_1_239' title='bbox 279 1688 357 1731; x_wconf 89' lang='lat' dir='ltr'>apostoli</span> <span class='ocrx_word' id='word_1_240' title='bbox 369 1689 429 1728; x_wconf 79' lang='lat' dir='ltr'>rexit;</span> <span class='ocrx_word' id='word_1_241' title='bbox 441 1698 462 1720; x_wconf 90' lang='lat' dir='ltr'>ac</span> <span class='ocrx_word' id='word_1_242' title='bbox 475 1688 542 1721; x_wconf 88' lang='lat' dir='ltr'>deinde</span> <span class='ocrx_word' id='word_1_243' title='bbox 551 1688 623 1731; x_wconf 91' lang='lat' dir='ltr'>vtrique</span> <span class='ocrx_word' id='word_1_244' title='bbox 635 1688 752 1729; x_wconf 90' lang='lat' dir='ltr'>monasterio,</span> 
     </span>
     <span class='ocr_line' id='line_1_29' title="bbox 48 1739 753 1784; baseline 0.001 -11"><span class='ocrx_word' id='word_1_245' title='bbox 48 1739 84 1781; x_wconf 89' lang='lat' dir='ltr'>vel,</span> <span class='ocrx_word' id='word_1_246' title='bbox 96 1740 142 1773; x_wconf 90' lang='lat' dir='ltr'>sicut</span> <span class='ocrx_word' id='word_1_247' title='bbox 155 1740 221 1774; x_wconf 91' lang='lat' dir='ltr'>rectius</span> <span class='ocrx_word' id='word_1_248' title='bbox 231 1740 292 1774; x_wconf 84' lang='lat' dir='ltr'>dicere</span> <span class='ocrx_word' id='word_1_249' title='bbox 302 1750 406 1783; x_wconf 88' lang='lat' dir='ltr'>possumus,</span> <span class='ocrx_word' id='word_1_250' title='bbox 414 1740 433 1774; x_wconf 95' lang='lat' dir='ltr'>in</span> <span class='ocrx_word' id='word_1_251' title='bbox 443 1740 515 1775; x_wconf 88' lang='lat' dir='ltr'>duobus</span> <span class='ocrx_word' id='word_1_252' title='bbox 524 1740 570 1775; x_wconf 91' lang='lat' dir='ltr'>locis</span> <span class='ocrx_word' id='word_1_253' title='bbox 579 1740 639 1784; x_wconf 88' lang='lat' dir='ltr'>posito</span> <span class='ocrx_word' id='word_1_254' title='bbox 648 1741 679 1775; x_wconf 93' lang='lat' dir='ltr'>vni</span> <span class='ocrx_word' id='word_1_255' title='bbox 690 1750 753 1774; x_wconf 90' lang='lat' dir='ltr'>mona·</span> 
     </span>
     <span class='ocr_line' id='line_1_30' title="bbox 49 1791 754 1837; baseline 0 -10"><span class='ocrx_word' id='word_1_256' title='bbox 49 1791 105 1827; x_wconf 87' lang='lat' dir='ltr'>sterio</span> <span class='ocrx_word' id='word_1_257' title='bbox 120 1793 216 1827; x_wconf 88' lang='lat' dir='ltr'>beatorum</span> <span class='ocrx_word' id='word_1_258' title='bbox 231 1792 355 1837; x_wconf 86' lang='lat' dir='ltr'>apostolorum</span> <span class='ocrx_word' id='word_1_259' title='bbox 374 1793 424 1827; x_wconf 91' lang='lat' dir='ltr'>Petri</span> <span class='ocrx_word' id='word_1_260' title='bbox 439 1798 457 1827; x_wconf 92' lang='lat' dir='ltr'>et</span> <span class='ocrx_word' id='word_1_261' title='bbox 474 1792 530 1834; x_wconf 86' lang='lat' dir='ltr'>Pauli,</span> <span class='ocrx_word' id='word_1_262' title='bbox 545 1792 608 1837; x_wconf 88' lang='lat' dir='ltr'>viginti</span> <span class='ocrx_word' id='word_1_263' title='bbox 626 1799 667 1828; x_wconf 90' lang='lat' dir='ltr'>octo</span> <span class='ocrx_word' id='word_1_264' title='bbox 683 1792 754 1827; x_wconf 59' lang='lat' dir='ltr'>annosi</span> 
     </span>
     <span class='ocr_line' id='line_1_31' title="bbox 50 1844 753 1890; baseline 0.001 -11"><span class='ocrx_word' id='word_1_265' title='bbox 50 1845 112 1879; x_wconf 86' lang='lat' dir='ltr'>solerti</span> <span class='ocrx_word' id='word_1_266' title='bbox 127 1844 216 1889; x_wconf 85' lang='lat' dir='ltr'>regimine</span> <span class='ocrx_word' id='word_1_267' title='bbox 231 1845 304 1890; x_wconf 88' lang='lat' dir='ltr'>prefuit,</span> <span class='ocrx_word' id='word_1_268' title='bbox 319 1845 433 1890; x_wconf 80' lang='lat' dir='ltr'>cunctaque³</span> <span class='ocrx_word' id='word_1_269' title='bbox 445 1856 481 1889; x_wconf 88' lang='lat' dir='ltr'>que</span> <span class='ocrx_word' id='word_1_270' title='bbox 496 1857 541 1880; x_wconf 91' lang='lat' dir='ltr'>suus</span> <span class='ocrx_word' id='word_1_271' title='bbox 556 1846 679 1890; x_wconf 89' lang='lat' dir='ltr'>predecessor</span> <span class='ocrx_word' id='word_1_272' title='bbox 693 1846 753 1880; x_wconf 91' lang='lat' dir='ltr'>Bene·</span> 
     </span>
     <span class='ocr_line' id='line_1_32' title="bbox 50 1897 781 1943; baseline 0.001 -11"><span class='ocrx_word' id='word_1_273' title='bbox 50 1899 108 1932; x_wconf 91' lang='lat' dir='ltr'>dictus</span> <span class='ocrx_word' id='word_1_274' title='bbox 126 1898 200 1942; x_wconf 86' lang='lat' dir='ltr'>egregia</span> <span class='ocrx_word' id='word_1_275' title='bbox 214 1899 301 1932; x_wconf 91' lang='lat' dir='ltr'>virtutum</span> <span class='ocrx_word' id='word_1_276' title='bbox 319 1909 376 1942; x_wconf 88' lang='lat' dir='ltr'>opera</span> <span class='ocrx_word' id='word_1_277' title='bbox 391 1899 444 1942; x_wconf 88' lang='lat' dir='ltr'>cepit,</span> <span class='ocrx_word' id='word_1_278' title='bbox 459 1897 499 1943; x_wconf 90' lang='lat' dir='ltr'>ipse</span> <span class='ocrx_word' id='word_1_279' title='bbox 517 1909 554 1932; x_wconf 92' lang='lat' dir='ltr'>non</span> <span class='ocrx_word' id='word_1_280' title='bbox 572 1898 646 1943; x_wconf 88' lang='lat' dir='ltr'>segnius</span> <span class='ocrx_word' id='word_1_281' title='bbox 663 1899 781 1943; x_wconf 68' lang='lat' dir='ltr'>pertinerere</span> 
     </span>
     <span class='ocr_line' id='line_1_33' title="bbox 50 1951 752 1996; baseline 0 -11"><span class='ocrx_word' id='word_1_282' title='bbox 50 1951 124 1986; x_wconf 90' lang='lat' dir='ltr'>curauit.</span> <span class='ocrx_word' id='word_1_283' title='bbox 147 1951 210 1985; x_wconf 90' lang='lat' dir='ltr'>Missis</span> <span class='ocrx_word' id='word_1_284' title='bbox 218 1951 297 1985; x_wconf 90' lang='lat' dir='ltr'>Romam</span> <span class='ocrx_word' id='word_1_285' title='bbox 305 1951 400 1985; x_wconf 88' lang='lat' dir='ltr'>monachis</span> <span class='ocrx_word' id='word_1_286' title='bbox 407 1957 492 1995; x_wconf 90' lang='lat' dir='ltr'>tempore</span> <span class='ocrx_word' id='word_1_287' title='bbox 498 1952 557 1995; x_wconf 87' lang='lat' dir='ltr'>Sergii</span> <span class='ocrx_word' id='word_1_288' title='bbox 565 1962 618 1995; x_wconf 86' lang='lat' dir='ltr'>pape,</span> <span class='ocrx_word' id='word_1_289' title='bbox 624 1951 752 1996; x_wconf 83' lang='lat' dir='ltr'>priuilegium⁴</span> 
     </span>
     <span class='ocr_line' id='line_1_34' title="bbox 50 2003 753 2049; baseline 0 -11"><span class='ocrx_word' id='word_1_290' title='bbox 50 2005 107 2039; x_wconf 85' lang='lat' dir='ltr'>abeo</span> <span class='ocrx_word' id='word_1_291' title='bbox 120 2014 153 2048; x_wconf 93' lang='lat' dir='ltr'>pro</span> <span class='ocrx_word' id='word_1_292' title='bbox 166 2003 241 2038; x_wconf 89' lang='lat' dir='ltr'>tuitione</span> <span class='ocrx_word' id='word_1_293' title='bbox 256 2004 284 2037; x_wconf 91' lang='lat' dir='ltr'>sui</span> <span class='ocrx_word' id='word_1_294' title='bbox 299 2004 406 2038; x_wconf 89' lang='lat' dir='ltr'>monasterii</span> <span class='ocrx_word' id='word_1_295' title='bbox 422 2003 480 2038; x_wconf 89' lang='lat' dir='ltr'>instar</span> <span class='ocrx_word' id='word_1_296' title='bbox 494 2004 542 2038; x_wconf 89' lang='lat' dir='ltr'>illius</span> <span class='ocrx_word' id='word_1_297' title='bbox 555 2005 603 2048; x_wconf 89' lang='lat' dir='ltr'>quod</span> <span class='ocrx_word' id='word_1_298' title='bbox 617 2003 689 2047; x_wconf 87' lang='lat' dir='ltr'>Agatho</span> <span class='ocrx_word' id='word_1_299' title='bbox 704 2014 753 2049; x_wconf 87' lang='lat' dir='ltr'>papa</span> 
     </span>
     <span class='ocr_line' id='line_1_35' title="bbox 51 2056 753 2101; baseline 0 -10"><span class='ocrx_word' id='word_1_300' title='bbox 51 2058 150 2092; x_wconf 91' lang='lat' dir='ltr'>Benedicto</span> <span class='ocrx_word' id='word_1_301' title='bbox 165 2057 246 2100; x_wconf 86' lang='lat' dir='ltr'>dederat,</span> <span class='ocrx_word' id='word_1_302' title='bbox 262 2056 336 2101; x_wconf 89' lang='lat' dir='ltr'>accepit.</span> <span class='ocrx_word' id='word_1_303' title='bbox 359 2058 384 2092; x_wconf 84' lang='lat' dir='ltr'>At</span> <span class='ocrx_word' id='word_1_304' title='bbox 395 2057 426 2091; x_wconf 89' lang='lat' dir='ltr'>vbi</span> <span class='ocrx_word' id='word_1_305' title='bbox 441 2061 484 2101; x_wconf 95' lang='lat' dir='ltr'>post</span> <span class='ocrx_word' id='word_1_306' title='bbox 497 2058 573 2092; x_wconf 90' lang='lat' dir='ltr'>multam</span> <span class='ocrx_word' id='word_1_307' title='bbox 587 2057 676 2101; x_wconf 87' lang='lat' dir='ltr'>regularis</span> <span class='ocrx_word' id='word_1_308' title='bbox 689 2058 753 2092; x_wconf 91' lang='lat' dir='ltr'>obser·</span> 
     </span>
     <span class='ocr_line' id='line_1_36' title="bbox 50 2110 753 2154; baseline 0 -10"><span class='ocrx_word' id='word_1_309' title='bbox 50 2112 112 2145; x_wconf 88' lang='lat' dir='ltr'>uantie</span> <span class='ocrx_word' id='word_1_310' title='bbox 124 2110 244 2153; x_wconf 86' lang='lat' dir='ltr'>disciplinam,</span> <span class='ocrx_word' id='word_1_311' title='bbox 255 2115 297 2153; x_wconf 90' lang='lat' dir='ltr'>post</span> <span class='ocrx_word' id='word_1_312' title='bbox 308 2110 470 2153; x_wconf 88' lang='lat' dir='ltr'>incomparabilem</span> <span class='ocrx_word' id='word_1_313' title='bbox 482 2112 546 2145; x_wconf 91' lang='lat' dir='ltr'>orandi</span> <span class='ocrx_word' id='word_1_314' title='bbox 558 2111 685 2154; x_wconf 88' lang='lat' dir='ltr'>psallendique</span> <span class='ocrx_word' id='word_1_315' title='bbox 695 2111 753 2145; x_wconf 87' lang='lat' dir='ltr'>soler·</span> 
     </span>
     <span class='ocr_line' id='line_1_37' title="bbox 50 2161 781 2207; baseline 0.001 -12"><span class='ocrx_word' id='word_1_316' title='bbox 50 2162 94 2196; x_wconf 92' lang='lat' dir='ltr'>tiam</span> <span class='ocrx_word' id='word_1_317' title='bbox 106 2173 143 2206; x_wconf 89' lang='lat' dir='ltr'>qua</span> <span class='ocrx_word' id='word_1_318' title='bbox 156 2162 196 2206; x_wconf 87' lang='lat' dir='ltr'>ipse</span> <span class='ocrx_word' id='word_1_319' title='bbox 211 2162 327 2206; x_wconf 87' lang='lat' dir='ltr'>quotidianus</span> <span class='ocrx_word' id='word_1_320' title='bbox 342 2162 425 2196; x_wconf 82' lang='lat' dir='ltr'>exerceri</span> <span class='ocrx_word' id='word_1_321' title='bbox 438 2172 476 2195; x_wconf 90' lang='lat' dir='ltr'>non</span> <span class='ocrx_word' id='word_1_322' title='bbox 490 2162 549 2205; x_wconf 91' lang='lat' dir='ltr'>desiit,</span> <span class='ocrx_word' id='word_1_323' title='bbox 562 2167 605 2207; x_wconf 80' lang='lat' dir='ltr'>post</span> <span class='ocrx_word' id='word_1_324' title='bbox 618 2161 719 2196; x_wconf 89' lang='lat' dir='ltr'>mirabilem</span> <span class='ocrx_word' id='word_1_325' title='bbox 735 2168 753 2196; x_wconf 87' lang='lat' dir='ltr'>et</span> <span class='ocrx_word' id='word_1_326' title='bbox 762 2170 781 2201; x_wconf 77' lang='lat'>35</span> 
     </span>
     <span class='ocr_line' id='line_1_38' title="bbox 51 2214 753 2259; baseline 0.001 -10"><span class='ocrx_word' id='word_1_327' title='bbox 51 2214 148 2249; x_wconf 89' lang='lat' dir='ltr'>coercendi</span> <span class='ocrx_word' id='word_1_328' title='bbox 155 2215 249 2258; x_wconf 91' lang='lat' dir='ltr'>improbos</span> <span class='ocrx_word' id='word_1_329' title='bbox 257 2214 349 2249; x_wconf 88' lang='lat' dir='ltr'>feruorem</span> <span class='ocrx_word' id='word_1_330' title='bbox 357 2220 375 2249; x_wconf 89' lang='lat' dir='ltr'>et</span> <span class='ocrx_word' id='word_1_331' title='bbox 383 2214 492 2249; x_wconf 87' lang='lat' dir='ltr'>modestiam</span> <span class='ocrx_word' id='word_1_332' title='bbox 500 2215 606 2250; x_wconf 88' lang='lat' dir='ltr'>consolandi</span> <span class='ocrx_word' id='word_1_333' title='bbox 614 2214 702 2257; x_wconf 72' lang='lat' dir='ltr'>infirmos</span> <span class='ocrx_word' id='word_1_334' title='bbox 711 2221 753 2259; x_wconf 90' lang='lat' dir='ltr'>post</span> 
     </span>
     <span class='ocr_line' id='line_1_39' title="bbox 51 2267 754 2312; baseline 0.001 -12"><span class='ocrx_word' id='word_1_335' title='bbox 51 2267 143 2301; x_wconf 89' lang='lat' dir='ltr'>insolitam</span> <span class='ocrx_word' id='word_1_336' title='bbox 155 2278 197 2301; x_wconf 86' lang='lat' dir='ltr'>esce</span> <span class='ocrx_word' id='word_1_337' title='bbox 207 2274 298 2312; x_wconf 85' lang='lat' dir='ltr'>potusque</span> <span class='ocrx_word' id='word_1_338' title='bbox 306 2268 413 2310; x_wconf 88' lang='lat' dir='ltr'>parcitatem</span> <span class='ocrx_word' id='word_1_339' title='bbox 424 2273 443 2301; x_wconf 89' lang='lat' dir='ltr'>et</span> <span class='ocrx_word' id='word_1_340' title='bbox 450 2267 523 2301; x_wconf 90' lang='lat' dir='ltr'>habitus</span> <span class='ocrx_word' id='word_1_341' title='bbox 530 2268 623 2308; x_wconf 87' lang='lat' dir='ltr'>vilitatem,</span> <span class='ocrx_word' id='word_1_342' title='bbox 632 2293 636 2301; x_wconf 96' lang='lat'>.</span> <span class='ocrx_word' id='word_1_343' title='bbox 645 2268 754 2302; x_wconf 83' lang='lat' dir='ltr'>..ordinato</span> 
     </span>
     <span class='ocr_line' id='line_1_40' title="bbox 51 2319 755 2364; baseline 0.001 -10"><span class='ocrx_word' id='word_1_344' title='bbox 51 2320 92 2354; x_wconf 88' lang='lat' dir='ltr'>loco</span> <span class='ocrx_word' id='word_1_345' title='bbox 104 2320 133 2354; x_wconf 91' lang='lat' dir='ltr'>sui</span> <span class='ocrx_word' id='word_1_346' title='bbox 146 2320 181 2354; x_wconf 90' lang='lat' dir='ltr'>alio</span> <span class='ocrx_word' id='word_1_347' title='bbox 194 2321 264 2363; x_wconf 88' lang='lat' dir='ltr'>abbate,</span> <span class='ocrx_word' id='word_1_348' title='bbox 278 2320 358 2354; x_wconf 90' lang='lat' dir='ltr'>Romam</span> <span class='ocrx_word' id='word_1_349' title='bbox 372 2319 463 2364; x_wconf 81' lang='lat' dir='ltr'>proficisci</span> <span class='ocrx_word' id='word_1_350' title='bbox 475 2320 512 2354; x_wconf 88' lang='lat' dir='ltr'>iam</span> <span class='ocrx_word' id='word_1_351' title='bbox 524 2321 629 2364; x_wconf 89' lang='lat' dir='ltr'>decrepitus</span> <span class='ocrx_word' id='word_1_352' title='bbox 642 2320 755 2355; x_wconf 86' lang='lat' dir='ltr'>deliberauit.</span> 
     </span>
    </p>
   </div>
   <div class='ocr_carea' id='block_1_5' title="bbox 53 2372 755 2419">
    <p class='ocr_par' dir='ltr' id='par_1_5' title="bbox 53 2372 755 2419">
     <span class='ocr_line' id='line_1_41' title="bbox 53 2372 755 2419; baseline 0.004 -13"><span class='ocrx_word' id='word_1_353' title='bbox 53 2372 127 2408; x_wconf 91' lang='lat' dir='ltr'>Electus</span> <span class='ocrx_word' id='word_1_354' title='bbox 139 2372 200 2417; x_wconf 88' lang='lat' dir='ltr'>itaque</span> <span class='ocrx_word' id='word_1_355' title='bbox 213 2374 320 2408; x_wconf 91' lang='lat' dir='ltr'>Wetbertus</span> <span class='ocrx_word' id='word_1_356' title='bbox 333 2372 352 2407; x_wconf 94' lang='lat' dir='ltr'>in</span> <span class='ocrx_word' id='word_1_357' title='bbox 365 2373 455 2416; x_wconf 89' lang='lat' dir='ltr'>abbatem,</span> <span class='ocrx_word' id='word_1_358' title='bbox 470 2373 645 2408; x_wconf 86' lang='lat' dir='ltr'>commendatoriam</span> <span class='ocrx_word' id='word_1_359' title='bbox 658 2374 755 2419; x_wconf 90' lang='lat' dir='ltr'>epistolam</span> 
     </span>
    </p>
   </div>
   <div class='ocr_carea' id='block_1_6' title="bbox 72 2470 756 2503">
    <p class='ocr_par' dir='ltr' id='par_1_6' title="bbox 72 2470 756 2503">
     <span class='ocr_line' id='line_1_42' title="bbox 72 2470 756 2503; baseline 0.004 -3"><span class='ocrx_word' id='word_1_360' title='bbox 72 2470 78 2489; x_wconf 81' lang='lat'>¹</span> <span class='ocrx_word' id='word_1_361' title='bbox 89 2471 107 2501; x_wconf 88' lang='lat' dir='ltr'>T.</span> <span class='ocrx_word' id='word_1_362' title='bbox 119 2472 148 2500; x_wconf 85' lang='lat' dir='ltr'>has</span> <span class='ocrx_word' id='word_1_363' title='bbox 159 2471 186 2500; x_wconf 90' lang='lat' dir='ltr'>the</span> <span class='ocrx_word' id='word_1_364' title='bbox 197 2472 236 2501; x_wconf 86' lang='lat' dir='ltr'>false</span> <span class='ocrx_word' id='word_1_365' title='bbox 247 2472 281 2502; x_wconf 89' lang='lat' dir='ltr'>title</span> <span class='ocrx_word' id='word_1_366' title='bbox 291 2471 316 2500; x_wconf 88' lang='lat' dir='ltr'>De</span> <span class='ocrx_word' id='word_1_367' title='bbox 327 2470 413 2501; x_wconf 84' lang='lat' dir='ltr'>Benedicto</span> <span class='ocrx_word' id='word_1_368' title='bbox 424 2471 479 2500; x_wconf 88' lang='lat' dir='ltr'>abbate</span> <span class='ocrx_word' id='word_1_369' title='bbox 490 2475 506 2501; x_wconf 86' lang='lat' dir='ltr'>et</span> <span class='ocrx_word' id='word_1_370' title='bbox 517 2471 599 2502; x_wconf 87' lang='lat' dir='ltr'>monacho.</span> <span class='ocrx_word' id='word_1_371' title='bbox 620 2471 655 2503; x_wconf 88' lang='lat' dir='ltr'>The</span> <span class='ocrx_word' id='word_1_372' title='bbox 666 2472 693 2502; x_wconf 89' lang='lat' dir='ltr'>life</span> <span class='ocrx_word' id='word_1_373' title='bbox 704 2473 718 2503; x_wconf 88' lang='lat' dir='ltr'>is</span> <span class='ocrx_word' id='word_1_374' title='bbox 729 2483 756 2503; x_wconf 82' lang='lat' dir='ltr'>cx·</span> 
     </span>
    </p>
   </div>
   <div class='ocr_carea' id='block_1_7' title="bbox 52 2510 756 2591">
    <p class='ocr_par' dir='ltr' id='par_1_7' title="bbox 52 2510 756 2591">
     <span class='ocr_line' id='line_1_43' title="bbox 53 2510 756 2545; baseline 0.006 -5"><span class='ocrx_word' id='word_1_375' title='bbox 53 2511 114 2541; x_wconf 87' lang='lat' dir='ltr'>tracted</span> <span class='ocrx_word' id='word_1_376' title='bbox 122 2511 162 2542; x_wconf 87' lang='lat' dir='ltr'>from</span> <span class='ocrx_word' id='word_1_377' title='bbox 169 2511 214 2543; x_wconf 89' lang='lat' dir='ltr'>Beda</span> <span class='ocrx_word' id='word_1_378' title='bbox 220 2512 257 2543; x_wconf 88' lang='lat' dir='ltr'>Vita</span> <span class='ocrx_word' id='word_1_379' title='bbox 264 2511 281 2543; x_wconf 88' lang='lat' dir='ltr'>S.</span> <span class='ocrx_word' id='word_1_380' title='bbox 288 2510 365 2542; x_wconf 71' lang='lat' dir='ltr'>abbatum</span> <span class='ocrx_word' id='word_1_381' title='bbox 371 2510 459 2543; x_wconf 85' lang='lat' dir='ltr'>Wermuth.</span> <span class='ocrx_word' id='word_1_382' title='bbox 467 2515 483 2542; x_wconf 88' lang='lat' dir='ltr'>et</span> <span class='ocrx_word' id='word_1_383' title='bbox 490 2510 562 2543; x_wconf 75' lang='lat' dir='ltr'>Giruen.</span> <span class='ocrx_word' id='word_1_384' title='bbox 663 2511 669 2530; x_wconf 78' lang='lat'>²</span> <span class='ocrx_word' id='word_1_385' title='bbox 680 2512 698 2545; x_wconf 87' lang='lat' dir='ltr'>E.</span> <span class='ocrx_word' id='word_1_386' title='bbox 705 2513 756 2544; x_wconf 79' lang='lat' dir='ltr'>annis.</span> 
     </span>
     <span class='ocr_line' id='line_1_44' title="bbox 52 2551 353 2591; baseline 0.007 -10"><span class='ocrx_word' id='word_1_387' title='bbox 52 2551 58 2569; x_wconf 68' lang='lat' dir='ltr'>l</span> <span class='ocrx_word' id='word_1_388' title='bbox 68 2551 86 2582; x_wconf 88' lang='lat' dir='ltr'>T.</span> <span class='ocrx_word' id='word_1_389' title='bbox 94 2560 124 2582; x_wconf 86' lang='lat' dir='ltr'>om.</span> <span class='ocrx_word' id='word_1_390' title='bbox 133 2561 168 2589; x_wconf 63' lang='lat' dir='ltr'>que,</span> <span class='ocrx_word' id='word_1_391' title='bbox 208 2552 214 2570; x_wconf 83' lang='lat'>¹</span> <span class='ocrx_word' id='word_1_392' title='bbox 225 2553 243 2584; x_wconf 85' lang='lat' dir='ltr'>E.</span> <span class='ocrx_word' id='word_1_393' title='bbox 254 2551 353 2591; x_wconf 84' lang='lat' dir='ltr'>priuiligium.</span> 
     </span>
    </p>
   </div>
   <div class='ocr_carea' id='block_1_8' title="bbox 0 0 896 2803">
    <p class='ocr_par' dir='ltr' id='par_1_8' title="bbox 0 0 896 2803">
     <span class='ocr_line' id='line_1_45' title="bbox 0 0 896 2803; baseline 0 0"><span class='ocrx_word' id='word_1_394' title='bbox 0 0 896 2803; x_wconf 95' lang='lat' dir='ltr'> </span> 
     </span>
    </p>
   </div>
  </div>
 </body>
</html>
