1762 2803
101 176 103 182 ’
129 186 159 228 44
202 253 203 256 Ἴ
320 172 400 225 ianua
414 170 532 234 boccona
547 171 640 233 unctio.

129 294 205 327 tandem
216 293 253 328 hiis
265 294 318 328 malis
330 304 407 337 pressus
412 294 425 337 ¹,
437 294 456 328 in
471 294 505 329 hec
518 296 575 329 verba
584 295 683 339 prorupit:
695 295 727 338 ⁴0,
741 293 804 339 inquit,
817 292 833 327 si

131 346 215 391 vigilaret
223 358 272 381 nunc
282 347 400 382 cartusiensis
412 347 467 391 Hugo
479 358 537 391 meus,
548 348 564 382 si
575 349 653 383 secretis
664 348 768 383 intenderet
778 347 833 381 modo

132 400 224 445 precibus,
236 401 252 435 si
264 412 305 436 curn
317 400 403 436 fratribus
414 400 453 436 suis
465 401 532 436 diuinis
544 402 641 437 interesset
653 401 722 444 officiis,
730 412 767 436 non
778 400 802 435 ita
814 400 833 434 in

131 454 206 497 longum
211 455 248 488 mei
253 454 391 489 obliuisceretur
399 455 455 489 deus.²
478 455 530 488 Tunc
537 454 590 489 altius
595 454 719 499 ingemiscens
726 454 750 488 ait
758 467 761 489 :
770 456 775 473 ¹
782 454 833 487 Deus

114 518 122 548 5
131 505 254 550 omnipotens,
262 507 291 542 cui
298 507 356 542 seruit
363 508 414 551 prior
422 507 522 542 Withamie
530 507 549 542 in
556 506 639 549 veritate,
647 507 695 542 illius
701 506 807 542 interuentu
812 517 833 540 ac

131 559 202 594 meritis
208 561 267 602 nobis,
275 560 294 593 in
302 565 352 594 tanta
360 572 394 604 pro
401 561 481 603 peccatis
487 561 555 593 nostrIs
560 559 645 602 angustia
651 560 699 593 iuste
706 560 833 602 deprehensis,

132 612 233 646 clementer
240 612 340 646 miserere!
360 612 429 646 Ferunt
435 611 509 654 quidam
516 611 586 653 [etiam]
592 611 598 629 ²
605 620 648 644 eum
654 610 727 645 vonisse
734 610 782 654 quod
789 610 805 644 si
810 610 833 643 ad

132 669 206 708 portum
219 658 315 698 incolumis
326 663 436 707 perueniret,
448 674 491 697 eum
502 664 525 697 ad
535 662 659 707 pontificalem
671 664 748 706 gradum
760 674 834 707 promo-

132 722 188 751 ueret.
212 716 250 751 Nec
260 728 316 759 mora,
324 718 383 761 pelagi
391 716 456 759 fragor,
464 721 561 750 ventorum
569 717 622 750 turbo
630 715 713 750 subsedit
722 721 740 750 et
748 714 833 758 euanuit;

106 781 124 802 10
133 771 200 804 cadunt
208 770 279 813 fluctus,
287 771 334 803 redit
342 781 386 803 aura
396 769 460 810 lenior,
468 768 534 803 fretum
542 768 625 804 funditus
636 769 767 813 complanatur,
776 779 834 802 naues

133 828 193 867 optato
205 823 298 866 potiuntur
309 823 374 863 littore,
385 822 467 856 referunt
475 821 557 856 uniuersi
567 822 667 865 gratiarum
679 822 760 856 actiones
771 822 834 855 diuine

133 875 234 909 clementie.
277 868 313 908 Vir
321 881 382 908 autem
391 874 425 916 dei,
434 874 543 907 constructis
551 874 632 914 edificiis,
638 879 713 918 tempus
721 884 776 908 omne
785 874 834 918 quod

133 928 205 972 sompni
214 928 252 962 sola
260 927 361 962 necessitas
369 926 404 961 sibi
412 927 529 961 vendicasset
534 927 545 968 ³,
551 925 628 960 orationi
634 931 664 961 aut
670 926 750 968 lectioni,
757 926 835 960 medita·

133 981 178 1015 tioni
187 980 217 1015 vel
224 980 313 1024 spirituali
324 979 414 1013 collationi
425 979 537 1023 indulgebat,
544 980 574 1014 vel
586 979 713 1013 exhortationi.
737 980 835 1023 Nunquam

106 1044 124 1075 15
133 1033 210 1068 lectulus
215 1044 257 1067 eum
262 1033 321 1068 tenuit
325 1032 437 1078 vigilantem:
446 1043 490 1067 mox
495 1038 515 1067 vt
520 1033 603 1067 membra
609 1039 686 1067 stratum
692 1033 795 1077 excepisset
799 1033 811 1075 ¹,
817 1038 835 1068 et

134 1089 174 1130 ipsa
182 1097 237 1130 sopor
242 1086 311 1131 pariter
317 1086 430 1130 excipiebat;
440 1085 482 1129 [εἰ]ε
490 1086 563 1130 quando
571 1086 786 1130 excitareturasompno,
792 1096 835 1120 con·

133 1139 194 1173 t'estim
200 1140 230 1172 vel
236 1140 259 1171 ad
267 1139 368 1172 orationem
373 1140 465 1182 surgebat,
470 1139 500 1172 vel
508 1140 543 1172 sub
551 1143 644 1172 momento
649 1149 713 1172 rursus
721 1139 740 1172 in
749 1149 835 1181 soporem

134 1192 244 1226 uoluebatur.
289 1184 373 1235 Contigit
378 1191 428 1225 enim
432 1196 452 1224 vt
459 1201 500 1224 cnm
507 1201 552 1234 rege
557 1191 636 1234 quodam
643 1196 726 1235 tempore
731 1190 836 1226 familiarius

134 1254 196 1288 agenS,
203 1245 226 1277 de
234 1244 312 1287 penuria
316 1239 404 1277 librorum
410 1243 529 1277 intersereret
535 1242 653 1277 mentionem.
665 1243 683 1276 A
689 1255 725 1288 quo
731 1244 836 1289 admonitus

106 1312 125 1333 ao
134 1303 153 1330 vt
164 1297 303 1331 conscribendis
313 1297 365 1331 libris
376 1296 474 1339 insisteret,
483 1297 600 1333 membranas
612 1295 647 1331 sibi
658 1297 724 1331 deesse
735 1297 836 1341 respondit.

134 1352 138 1368 ‘
146 1350 169 1385 Et
176 1354 270 1393 quantum,
278 1349 337 1395 inquit
344 1360 383 1390 rex,
391 1349 423 1384 tibi
430 1349 458 1384 vis
466 1349 545 1383 conferri
556 1350 579 1383 ad
587 1349 711 1393 supplendum
720 1349 768 1385 hunc
776 1349 836 1385 desec-

133 1405 193 1439 tuml'
217 1403 272 1445 ‘Vna,
280 1404 344 1448 inquit,
352 1414 414 1438 marca
425 1402 496 1446 argenti
505 1402 536 1436 diu
546 1403 634 1438 sufficiet.’
659 1404 701 1438 Rex
711 1414 756 1438 vero
767 1404 790 1437 ad
802 1404 836 1438 hec

134 1456 232 1492 subridens
237 1457 261 1490 ait
268 1470 272 1491 :
281 1457 307 1490 ‘O
313 1467 368 1501 quam
374 1456 495 1491 immoderate
501 1467 567 1500 granas
572 1467 606 1490 nos
613 1457 627 1491 1'
635 1456 730 1501 iussitque,
735 1456 798 1491 fratri⁵
805 1457 837 1500 qui

135 1521 176 1545 cum
183 1522 205 1543 eo
211 1516 250 1543 erat
256 1511 320 1543 decern
327 1520 398 1544 marcas
404 1509 497 1543 numerari
502 1510 513 1544 ³.
534 1510 656 1552 Promisitque
662 1510 744 1553 [etiam]²
751 1510 836 1544 bibliam⁷

108 1576 126 1606 ²5
135 1563 152 1597 ei
166 1573 186 1597 se
200 1563 363 1597 transmissurum:
376 1567 395 1596 et
406 1563 440 1596 sub
453 1562 510 1595 multe
521 1562 697 1605 recompensationis
707 1562 836 1606 pollicitatione

135 1615 209 1650 bibliam
218 1614 360 1658 pulcherrimam
372 1625 382 1648 a
393 1615 455 1659 priore
467 1614 529 1649 Sancti
538 1615 615 1649 Swituni
627 1615 684 1659 petiit,
693 1621 711 1650 et
719 1616 836 1660 impetratam

136 1669 212 1713 Hugoni
218 1668 324 1702 transmisit.
341 1668 424 1712 Cumque
432 1673 496 1712 postea
504 1669 605 1703 monachus
613 1668 687 1714 quidam
693 1668 787 1703 Wintonie
794 1669 836 1704 illuc

136 1723 247 1766 aduenisset,
256 1728 274 1756 et
281 1723 304 1756 ab
312 1722 343 1756 illo
354 1722 429 1756 bibliam
437 1723 502 1757 domus
513 1733 546 1757 sue
556 1723 613 1757 luisse
621 1723 718 1764 didicisset,
726 1723 761 1758 ait:
774 1723 837 1758 ‘Itane

136 1775 221 1811 dominus
233 1787 267 1810 rex
276 1775 373 1810 ecclesiam
380 1781 461 1810 vestram
469 1776 559 1810 sraudauit
567 1776 614 1811 libro
621 1780 695 1812 vestro?
716 1777 777 1812 Crede
786 1776 837 1820 mihi,

109 1841 128 1869 30
136 1830 197 1871 frater,
209 1829 314 1863 restituetur
322 1828 375 1863 vobis
387 1829 495 1863 bibliotheca
508 1835 580 1873 vestra,
593 1831 627 1864 sed
640 1836 658 1864 et
672 1830 758 1864 fratribus
770 1830 837 1864 vestris

136 1884 202 1916 deuote
215 1882 340 1926 supplicamus
353 1881 438 1925 quatinus
449 1882 507 1925 nobis,
519 1882 610 1917 defectum
621 1883 689 1917 codicis
701 1884 729 1917 sui
741 1895 773 1917 eos
785 1883 838 1917 susti-

136 1936 200 1969 nuisse
211 1934 343 1978 ignorantibus,
353 1934 445 1969 humiliter
454 1936 553 1978 dignentur
566 1935 666 1979 indulgere.
689 1935 709 1970 Si
717 1946 761 1970 vero
773 1935 839 1970 librum

136 1989 218 2031 recipere
229 1998 267 2021 non
279 1987 385 2030 acquiescis,
397 1999 431 2030 ego
443 1988 460 2022 ei
473 1988 549 2022 restituo
560 1988 592 2031 qni
604 1989 652 2022 hunc
665 1989 718 2022 nobis
729 1988 843 2021 destinauit’.

136 2039 220 2074 Tandem
228 2039 329 2073 monachus
337 2051 378 2073 curn
391 2040 497 2075 difficultate
504 2040 536 2075 vix
547 2040 613 2074 librum
625 2040 721 2084 recipiens,
730 2042 753 2074 ad
765 2041 839 2075 domum

110 2103 129 2133 35
137 2102 189 2127 suam
197 2092 255 2127 rediit.
299 2085 388 2128 Waltero
399 2093 479 2134 tandein,
488 2093 603 2127 lincolniensi
615 2093 708 2137 episcopo,
720 2093 739 2127 in
751 2094 839 2138 archiepi-

138 2156 214 2189 scopum
222 2145 385 2189 rothomagensem
397 2146 461 2189 eiecto,
469 2147 492 2180 de
501 2157 593 2181 consensu
603 2143 653 2190 regis
660 2147 679 2180 in
687 2146 795 2191 episcopum
805 2148 839 2181 lin-

138 2197 251 2232 colniensem
259 2198 332 2240 electus,
341 2209 383 2233 cum
391 2209 457 2243 magna
465 2199 552 2234 instantia
562 2205 581 2234 et
589 2199 695 2234 difficultate
702 2200 734 2234 vix
741 2201 840 2235 consensit.

139 2251 185 2286 Cum
193 2250 242 2284 enim
251 2250 268 2284 ei
275 2251 339 2285 fuisset
346 2252 410 2285 electio
415 2252 506 2295 nunciata,
513 2252 609 2296 respondit
614 2252 663 2296 quod
668 2252 778 2295 pontificalis
786 2254 840 2288 officii

138 2314 175 2337 non
182 2304 283 2346 susciperet
289 2303 400 2346 dignitatem,
407 2304 442 2337 nisi
448 2304 515 2347 prioris
521 2303 605 2338 Cantusie
611 2305 728 2347 preuenisset
734 2315 822 2339 assensus
827 2305 838 2340 ³.

111 2366 131 2398 40
139 2356 175 2399 Qui
188 2365 229 2390 cum
242 2355 306 2391 suisset
317 2356 402 2392 obtentus
415 2367 451 2391 non
464 2355 504 2391 sine
517 2356 569 2401 graui
579 2357 642 2391 labore
654 2357 778 2401 solempnium
792 2370 839 2393 nun-

139 2411 213 2451 ciorum,
222 2414 240 2444 et
252 2411 348 2444 nunciatus
356 2409 373 2444 ei
381 2409 451 2451 luisset,
459 2409 505 2444 dixit
513 2411 561 2454 quod
570 2411 593 2444 ad
602 2410 685 2454 regimen
694 2411 772 2446 ecclesie
779 2411 840 2447 lincol·

139 2463 209 2498 niensis
217 2474 254 2496 non
262 2465 362 2505 accederet,
371 2463 406 2497 nisi
414 2464 465 2506 prius
473 2463 490 2496 ei
498 2465 521 2496 de
529 2463 658 2497 canonicorum
666 2464 748 2498 vnanimi
757 2470 775 2499 et
783 2465 841 2500 libera

158 2543 193 2572 ¹E.
201 2544 265 2581 pressis.
294 2542 341 2571 ²om.
371 2542 538 2572 “Vitminimevind.
569 2542 716 2580 *Rexcepissent
746 2543 842 2576 tanate.

138 2582 144 2600 ⁶
155 2584 172 2612 E.
180 2582 263 2611 munerari.
290 2580 296 2598 ⁷
306 2582 338 2612 Vit.
346 2581 460 2612 bibliothecam.
491 2581 496 2598 ⁸
507 2582 525 2611 ln
533 2583 560 2611 the
567 2582 608 2619 Vita,
616 2584 637 2611 he
644 2583 677 2612 first
684 2583 738 2613 insiste
745 2592 766 2613 on
774 2584 842 2614 electiori

139 2622 160 2660 by
168 2623 194 2653 the
202 2622 275 2658 Chapter.
282 2625 284 2628 ’
