1762 2803
63 158 201 194 aasentias·
210 160 232 202 7.]
294 150 358 204 iiiiii
368 150 405 205 ἦ.
416 149 538 209 &hillidii
722 160 766 208 713

65 272 162 307 discernere
169 273 180 315 ¹,
188 285 209 307 ex
216 284 251 317 quo
259 273 363 308 Guthlacum
370 273 435 315 uidero,
443 272 457 307 si
466 273 483 308 in
491 273 563 307 ueritate
571 272 658 314 ambulat3
670 271 685 306 si
693 271 733 307 talis
740 277 767 306 est

64 323 145 364 operibus
156 325 224 367 qualem
234 335 274 358 eum
282 325 330 358 fama
341 324 460 357 commendat!
481 325 556 358 Venerat
564 323 655 365 episcopus
662 323 685 357 ed
696 324 766 357 beatum

66 372 181 407 Guthlacum:
193 383 266 416 cumque
277 383 316 407 sese
327 379 386 405 mutuo
397 375 504 415 salutassent,
512 380 529 406 et
541 373 595 406 multa
605 374 627 406 de
638 383 688 406 sacro
699 370 767 415 eloquio

3 462 9 469 ,
65 422 182 465 contulissent,
197 429 267 457 sanctus
283 423 383 465 Guthlacus,
398 433 449 467 quem
467 422 560 466 spiritualis
578 422 636 457 unctio
652 423 726 456 docebat
744 421 767 455 de

65 472 257 514 omnibus,Wi1sridum
268 472 371 516 respiciens:
383 474 460 514 ‘Fraten
468 473 528 517 inquit,
535 474 620 514 wilfride,
628 473 669 517 quid
679 473 710 507 tibi
721 482 767 506 nunc
775 475 784 507 5

66 522 134 556 uidetur
144 524 167 557 de
177 523 247 557 homine
258 525 296 565 istq
308 534 359 567 quem
371 529 388 557 le
398 523 450 557 hodie
461 524 536 557 iudicare
546 523 627 557 hesterno
639 529 716 566 tempore
727 532 767 566 pro·

65 573 150 607 misistil'
172 574 262 608 Wilsridus
277 584 318 608 uero
333 573 445 607 admiratione
460 580 477 607 et
492 580 562 616 stupore
576 584 672 617 percussus,
687 573 767 607 confusus

67 623 189 663 erubescentia,
203 623 305 666 culpamque
320 623 414 663 consessus,
425 633 444 656 se
455 623 473 656 in
486 628 550 656 terram
563 624 608 656 mira
619 623 715 657 humilitate
729 634 769 666 pro

69 678 147 707 sternens
162 672 289 715 indulgenciam
302 672 365 716 peciit:
377 682 429 716 quam
439 678 521 706 consueta
531 672 562 705 uiri
573 672 678 714 benignitate
689 672 768 715 optinuit,

67 725 131 758 Beatus
146 723 226 767 equidem
242 724 337 757 Guthlacus
352 723 429 756 nondum
445 723 463 756 in
477 722 592 756 eminenciam
604 722 726 766 presbiteratus
740 729 797 757 ets-10

68 774 154 815 moderat,
161 775 192 807 sed
197 775 223 808 sic
230 774 247 807 in
255 774 338 817 spirituali
345 774 424 807 exercitio
432 785 451 807 se
458 773 534 807 hahebat
540 773 583 806 citra
591 773 683 806 sacerdocii
691 774 769 815 gradum,

67 823 112 857 sicut
127 824 201 857 maiores
215 823 358 864 suos‚Pau1unr²
372 824 480 864 heremitam,
494 823 594 864 Antonium,
608 818 723 864 Machari'urn,
735 824 770 857 Ar·

68 874 140 914 senium,
148 880 228 907 sanctum
238 874 290 908 etiam
302 874 421 914 Benedictum,
429 873 516 917 quondam
526 873 544 906 in
554 874 623 907 heremo
634 873 695 907 iecisse
705 882 770 915 cogno·

68 930 122 957 uerat.
145 924 220 967 Singulis
228 925 286 968 itaque
294 925 356 958 diebus
363 924 381 958 in
389 924 450 967 quibus
458 934 494 957 non
505 924 580 957 habebat
591 924 659 966 copiam
669 922 769 965 sacerdotis,

68 986 103 1008 vna
113 975 156 1009 hora
166 985 218 1019 quarn
228 975 251 1009 ad
260 976 294 1009 hoc
303 975 400 1019 specialiter
411 975 511 1019 deputabat,
518 974 577 1008 omnia
587 973 673 1008 dominice
683 973 769 1017 passionis
779 978 798 1012 ¹5

68 1036 89 1060 ac
96 1026 220 1068 redemptionis
227 1032 286 1060 nostre
294 1026 378 1060 beneficia
385 1026 433 1069 quasi
441 1026 459 1059 in
466 1026 565 1060 fasciculum
575 1026 658 1059 memorie
667 1025 742 1059 fideliter
748 1036 770 1059 ac

68 1076 131 1108 deuote
139 1075 227 1117 colligens,
234 1082 251 1109 et
258 1077 354 1109 recondens
362 1076 380 1109 in
390 1076 429 1108 sinu
439 1076 544 1109 conscientie
555 1077 578 1109 ad
589 1076 665 1109 suauiter
672 1076 770 1116 fruendum,

68 1125 180 1168 spiritualiter
190 1126 306 1159 manducabat
318 1136 387 1159 carnem
399 1124 464 1158 domini
475 1125 610 1168 sanguinemque
619 1124 694 1159 bibebat.
716 1126 770 1160 Teste

10 1173 12 1177 ’
68 1175 149 1219 equidem
157 1177 240 1220 apostolo,
248 1176 308 1209 ‘nemo
319 1177 371 1209 sumit
382 1176 414 1210 sihi
425 1174 514 1215 honorem,
522 1177 552 1210 sed
560 1177 588 1218 qui
596 1183 668 1210 uocatur
675 1188 686 1210 a
693 1176 770 1217 domino,

68 1232 158 1269 tamquam
165 1228 232 1260 Aaron.¹
254 1227 305 1260 Vnde
312 1233 330 1261 et
337 1227 383 1260 hunc
393 1228 493 1270 episcopum
503 1226 571 1260 uenisse
581 1226 666 1260 credimus
674 1225 744 1260 domino
751 1225 770 1260 id
778 1234 799 1256 to

69 1283 136 1318 agente,
147 1283 166 1310 ut
177 1278 238 1311 beatus
250 1277 345 1311 Guthlacus
356 1277 379 1310 ad
390 1277 497 1310 uocationem
507 1282 524 1310 et
537 1276 659 1311 exortationem
669 1276 729 1319 ipsius,
738 1287 770 1319 per

70 1326 198 1368 impositionem
205 1338 272 1368 manus,
280 1333 383 1370 cooperante
390 1326 451 1369 spiritu
459 1333 524 1366 sancto,
532 1326 605 1368 gradum
615 1327 708 1360 sacerdocii
720 1328 771 1360 sorti·

69 1381 120 1411 retur.
144 1378 164 1410 ln
175 1376 235 1420 primis
245 1376 296 1419 igitur
303 1383 403 1409 consecrata
413 1376 446 1410 loci
458 1375 535 1417 ecclesia,
543 1376 605 1409 beatus
616 1376 711 1410 Gutblacus
720 1377 771 1410 mini-

70 1426 141 1461 sterium
148 1427 221 1470 adeptus
229 1433 255 1462 est
263 1426 361 1462 sacerdotis.
385 1427 441 1470 Ipsius
449 1434 507 1461 autem
515 1426 601 1461 ordinatio
608 1426 677 1471 locique
684 1426 771 1462 dedicatio

69 1477 115 1512 facta
133 1485 160 1511 est
177 1478 294 1512 tertiodecimo
310 1478 394 1511 kalendas
412 1477 520 1521 septembris,
535 1477 558 1511 ad
577 1478 646 1522 laudem
663 1483 680 1512 et
698 1478 771 1521 gloriam
780 1487 799 1518 ²5

69 1528 165 1561 saluatoris.
188 1529 255 1561 Eadem
264 1538 306 1561 uero
314 1527 343 1560 die
353 1527 435 1561 inuitatus
442 1534 459 1561 et
467 1533 537 1561 coactus
549 1528 572 1561 ah
583 1527 670 1570 episcopo,
678 1538 717 1561 cum
724 1539 745 1562 eo
753 1529 771 1562 in

70 1587 130 1610 mensa
143 1576 234 1618 discubuit,
245 1578 292 1619 quod
303 1588 314 1610 a
327 1576 443 1611 conuersionis
456 1586 486 1610 sue
498 1576 580 1619 primiciis
592 1587 624 1620 pro
635 1577 693 1622 aliquo
703 1578 772 1612 mortali

70 1627 128 1662 iacere
135 1638 171 1661 non
178 1627 270 1661 consensit.

71 1723 102 1757 Du
111 1724 214 1758 AEcnurton
225 1730 277 1757 arara
288 1730 345 1758 naurs
358 1722 475 1764 AEoivunrr⁸‚
487 1730 512 1756 aa
522 1730 549 1756 nn
560 1730 651 1757 nnuunno
662 1731 773 1759 sancoraco

118 1782 246 1813 nrurnaooua
256 1782 376 1808 rnnussnsso
386 1782 413 1807 an
424 1782 504 1808 BEATUM
515 1781 646 1816 autumnum
661 1783 686 1809 nr
697 1783 724 1809 na

183 1834 303 1862 successoren
314 1834 401 1860 musonis
413 1834 434 1860 ru
447 1834 517 1861 rusum
529 1827 657 1861 cnornrunrn

113 1901 148 1934 Rat
156 1900 174 1934 iu
182 1899 243 1934 diebus
253 1899 287 1933 illis
297 1899 346 1942 uirgo
356 1897 495 1943 prudentissima,
503 1900 592 1943 Egburgn,
600 1899 635 1933 tilia
645 1900 691 1943 regis
698 1901 772 1943 Aednlii,

140 1950 240 1985 monialium
253 1949 316 1985 Christi
325 1949 427 1985 uenerabilis
434 1950 528 1984 abbatissa.
551 1952 590 1984 Hec
600 1950 618 1984 in
628 1950 730 1995 obsequium
741 1952 773 1986 uiri
781 1954 801 1986 30

72 2002 100 2036 dei
111 2001 227 2044 promtissime
238 2002 338 2035 trahebatur
347 2001 422 2036 affectu:
434 2002 480 2036 vnde
491 2007 508 2035 et
518 2001 620 2045 preueniens
630 2001 676 2036 diem
687 2003 774 2046 sepulture

72 2052 114 2092 eius,
124 2052 224 2092 plumbeum
237 2051 349 2092 sarcofagum,
359 2050 477 2093 lintheumque
488 2051 581 2084 delicatum
590 2051 661 2084 interius
672 2052 773 2095 inuolutum,

72 2101 134 2135 deuote
142 2101 193 2134 beato
201 2100 286 2135 Guthlaco
293 2099 393 2141 transmisit,
401 2099 499 2143 supplicans
507 2100 594 2136 humiliter
602 2106 619 2136 et
630 2101 692 2136 obnixe
703 2107 721 2135 ut
729 2112 748 2136 se
756 2102 774 2136 in

72 2161 94 2183 eo
104 2149 132 2182 die
143 2148 169 2183 sui
179 2148 236 2183 obitus
245 2149 351 2191 permitteret
361 2148 434 2191 sepeliri.
457 2149 502 2182 Illud
512 2148 564 2183 etiam
575 2149 644 2184 addidit
654 2156 672 2184 et
681 2150 774 2185 affectuosa

72 2200 196 2244 supplicatione
203 2199 274 2242 rogauit,
282 2199 368 2243 quatinus,
374 2199 413 2243 quis
420 2199 436 2233 ei
444 2205 489 2233 esset
497 2198 515 2233 in
523 2199 552 2233 illa
559 2199 651 2234 solitudine
658 2211 774 2244 successurus,
782 2208 801 2240 35

72 2252 128 2283 eidem
139 2250 228 2293 predicere
238 2250 342 2292 dignaretur.
364 2250 417 2283 Porro
428 2250 455 2283 uir
466 2249 499 2291 dei,
510 2251 554 2284 sicut
567 2251 590 2285 de
600 2251 652 2285 beato
664 2252 696 2285 lob
706 2252 773 2295 legitur,

72 2306 152 2341 suspecta
163 2300 229 2333 habens
240 2298 299 2333 omnia
310 2309 362 2342 opera
373 2309 410 2341 sua,
422 2299 450 2333 diu
463 2300 543 2334 hesitauit
556 2310 619 2335 munus
634 2301 676 2336 illud
690 2302 774 2345 accipere,

72 2349 135 2384 ueritus
143 2360 166 2383 ne
173 2349 231 2393 aliqua
239 2348 337 2393 cupiditatis
343 2348 411 2383 occasio
417 2355 475 2392 posset
482 2350 518 2384 eius
524 2349 601 2384 animum
606 2351 679 2385 titillare.
695 2352 774 2385 Tandem

72 2402 131 2444 utique
136 2401 241 2435 oblationem
247 2400 280 2434 sibi
285 2400 356 2434 missam
362 2411 402 2434 cum
408 2400 504 2443 graciarum
509 2401 577 2435 actione
583 2400 668 2445 susceptu
676 2402 774 2436 uenerande

72 2451 135 2494 uirgini
147 2451 210 2485 nuncio
224 2452 311 2486 mediante
324 2452 428 2494 significans,
440 2452 489 2486 illurn
502 2453 559 2486 adhuc
571 2463 609 2485 esse
621 2451 702 2494 gentilem
715 2452 744 2495 qui
757 2452 773 2487 ei
781 2458 802 2489 40

52 2545 53 2548 Ἴ
73 2501 177 2542 succederet,
189 2507 206 2533 et
219 2501 238 2532 in
250 2502 328 2542 proximo
340 2502 467 2544 baptizandum.
490 2503 541 2543 Quod
553 2508 570 2536 et
583 2502 689 2544 subsequens
704 2503 728 2535 rei
743 2503 773 2537 de-

152 2572 158 2614 ,¹
168 2572 202 2605 MS.
213 2572 305 2606 descernere.
345 2581 347 2584 ·
389 2573 504 2614 ¹Ms.palum.
585 2573 622 2604 ³111.
629 2572 695 2605 hidulfi.
