1762 2803
259 73 304 129 {aa
319 72 421 125 &ancta
436 71 517 134 uiua.
712 85 738 129 31

38 199 97 235 doleat
112 195 200 231 astuciam
207 194 217 237 ¹,
233 194 266 228 sed
285 193 366 237 lapidum
385 193 510 227 innocentiam
528 192 641 236 perpendat:
660 192 742 226 obtineat

38 260 115 295 serpens
130 248 210 292 rigorem
222 245 292 291 lapidis,
304 246 338 279 sed
349 245 396 290 lapis
407 245 476 280 nesciat
490 244 580 280 maliciam
593 244 691 290 serpentis.
714 244 742 280 Sit

38 308 98 348 itaque
114 301 184 346 effigies
197 300 217 334 in
230 300 295 344 lapide,
309 300 341 334 sed
356 310 449 334 venenum
464 300 488 334 sit
502 300 521 333 in
536 303 628 344 serpente.
651 299 742 334 Conuerte

39 368 88 403 ergo,
98 365 162 399 queso,
172 359 270 398 serpentes
281 353 311 397 qui
325 353 380 387 huius
391 354 425 388 loci
437 353 516 388 confinia
527 352 612 394 incolunt,
624 352 642 387 in
654 351 742 387 solidissi-

39 421 88 446 mam
103 408 184 452 lapidum
198 412 288 448 naturam,
299 406 385 450 quatinus
396 406 468 441 illorum
484 407 572 450 deinceps
586 417 623 440 non
639 412 761 447 metuentes5

40 461 159 500 insolentiam,
177 470 219 493 cum
237 470 283 503 pace
300 465 319 493 et
337 459 464 503 tranquillitate
483 459 516 493 tibi
534 459 568 492 soli
587 459 661 492 domino
679 458 743 492 liberis

39 505 130 550 mentibus
142 511 249 552 semiamus,
261 511 292 556 qui
304 521 324 545 es
335 511 464 556 superomnia
475 510 583 546 benedictus
594 511 641 545 deus
651 510 670 545 in
682 510 743 545 secula

40 566 153 603 seculorum!
183 564 267 609 Cumque
285 576 351 599 omncs
369 565 509 608 respondissent
527 574 587 606 amen,
602 564 743 608 circumquaque

40 624 136 664 serpentes
148 629 172 653 ex
184 617 254 651 rimulis
265 623 314 652 terre
326 617 419 653 confluere
430 624 448 652 et
459 618 509 662 apud
521 616 581 652 littora
592 617 649 651 maris
660 617 743 652 certatim

41 683 115 717 serpere
130 677 149 705 et
164 672 205 705 sine
220 681 271 706 mora
284 682 318 715 per
329 672 401 706 deuexa
414 672 481 705 montis
494 681 537 705 sese
550 670 665 716 precipitare,
678 681 743 706 omnes
753 682 772 703 ιο

41 731 121 761 astantes
128 725 225 765 ciderunt,
236 725 266 758 vbi
278 735 322 758 mox
329 725 379 758 velut
389 725 460 768 lapides
470 724 584 768 diriguerunt
590 724 602 758 ².
625 724 653 758 Ex
662 724 692 758 illa
699 734 744 758 vero

41 780 70 814 die
84 779 102 813 in
116 778 211 823 prouincia
222 777 253 811 illa
264 787 319 811 nemo
332 787 353 812 se
364 788 444 821 vnquam
456 777 490 811 hac
502 776 554 811 clade
565 777 624 811 lesum
636 776 699 811 sensit.
722 776 744 811 In

41 831 125 867 cauernis
136 840 229 871 saxorum,
239 830 270 864 vbi
280 835 378 874 serpentes
389 835 502 870 corruerunt,
513 829 584 874 lapides
594 830 717 872 inueniuntur,
725 830 744 863 in

42 884 107 928 quibus
118 883 143 916 ita
153 882 227 926 proprie
239 883 368 926 exprimuntur
378 893 442 916 eorum
454 882 518 926 figure,
526 888 546 916 vt
556 882 582 917 nil
592 882 666 927 penitus
673 883 745 916 consor-

42 935 99 971 mitati
110 934 208 979 serpentis,
220 944 308 978 quantum
319 935 342 970 ad
356 945 464 980 expressam
476 934 564 980 speciem,
575 934 623 970 desit
633 935 662 970 vel
674 940 745 970 nature.
754 946 760 968 ι
764 946 773 976 5

43 989 124 1032 Lapillos
139 988 191 1032 quasi
205 989 228 1022 ad
242 988 341 1031 imaginem
354 988 479 1032 serpentinam
493 999 593 1032 expressos
606 987 694 1032 inspicis:
711 989 745 1023 sed

43 1041 92 1075 nulla
103 1045 142 1074 arte
158 1040 233 1073 humani
246 1040 315 1083 ingenii
328 1040 355 1074 sic
368 1051 423 1083 posse
437 1040 516 1084 insculpi
527 1040 579 1074 facile
591 1041 682 1082 aduertis;
697 1040 745 1085 lapis

43 1093 126 1128 manibus
138 1093 227 1138 palpatur,
239 1094 272 1128 sed
284 1092 340 1128 nichil
351 1092 386 1127 nisi
398 1103 476 1137 serpens
488 1092 581 1137 cogitatur.
626 1086 709 1139 Quidam
721 1104 745 1128 ex

43 1146 115 1181 famulis
124 1147 178 1180 beate
188 1146 249 1188 Hilde,
257 1145 288 1192 qui
300 1151 361 1181 custos
373 1152 412 1181 erat
423 1157 514 1191 agrorum,
522 1146 582 1182 subito
592 1147 666 1182 aduenit
674 1152 692 1182 et
700 1157 745 1181 voce

43 1201 145 1243 querulosa,
158 1201 208 1234 vnde
223 1200 354 1234 molestabatur
368 1200 429 1243 palam
444 1199 533 1244 exposuit,
545 1200 630 1234 videlicet
643 1201 691 1244 quod
706 1205 745 1234 sata
755 1208 775 1229 ¹0

44 1253 119 1288 fratrum
128 1258 146 1287 et
155 1263 238 1288 sororum
249 1263 260 1287 a
270 1252 386 1287 multitudine
396 1253 457 1287 auium
468 1259 581 1297 consumpta,
590 1260 608 1288 et
617 1254 696 1297 pedibus
704 1265 746 1288 con-

44 1306 118 1348 culcata,
128 1305 147 1339 in
159 1306 247 1339 nichilum
257 1305 296 1340 sere
305 1304 438 1349 redigerentur.
461 1306 495 1340 Cui
503 1305 555 1350 virgo
567 1311 630 1340 saneta
640 1307 746 1350 respondit:

45 1357 74 1391 ‘Si
82 1358 168 1399 nolueris,
176 1363 196 1392 vt
203 1357 277 1401 asseris,
285 1358 332 1391 hanc
341 1358 372 1391 tibi
380 1359 445 1392 crebro
452 1358 542 1392 suscitent
549 1358 659 1401 molestiam,
667 1364 686 1392 et
693 1358 747 1392 nobis

44 1415 112 1444 tantam
123 1409 208 1455 ingerant
217 1410 308 1454 iniuriam,
319 1411 366 1446 vade
374 1411 458 1455 protinus
469 1416 487 1445 et
498 1420 530 1446 eas
539 1410 608 1456 pariter
618 1411 653 1446 sub
665 1411 747 1446 custodia

45 1463 154 1498 includendo
168 1464 256 1506 coherce;
272 1474 356 1507 neceas,
369 1464 428 1499 donec
441 1464 528 1498 multetur
540 1464 661 1510 presumptio,
675 1465 746 1510 vspiam
756 1478 775 1510 25

46 1517 118 1551 euolare
125 1517 232 1561 permittas?
255 1517 289 1552 llle
297 1523 358 1552 autem
369 1518 392 1551 ab
403 1528 425 1552 ea
436 1528 457 1552 se
467 1518 539 1552 irrideri
547 1519 627 1562 putabat,
636 1524 654 1553 ct
661 1530 698 1553 non
706 1519 747 1554 sine

45 1580 120 1604 rancore
132 1581 143 1604 a
154 1571 230 1614 virginis
240 1570 334 1615 presentia
346 1571 434 1605 recedens
446 1570 503 1605 dixit:
515 1571 575 1606 ‘Num
586 1571 635 1606 enim
646 1571 665 1606 in
672 1577 747 1606 ventum

45 1623 101 1657 uerba
113 1623 192 1657 effundis
204 1628 222 1659 et
233 1624 282 1669 quod
293 1622 408 1668 impossibile
419 1629 448 1658 est
458 1629 477 1658 et
487 1629 552 1658 nature
562 1635 600 1659 non
609 1624 687 1659 admittit
697 1625 748 1666 ratio,

46 1674 100 1710 michi
108 1675 200 1720 iniungis?
222 1677 294 1711 Vadam
305 1677 355 1711 enim
363 1676 465 1711 secundum
473 1677 551 1711 verbum
559 1682 616 1718 tuum,
624 1682 647 1718 et,
655 1676 670 1711 si
679 1683 748 1721 potero,

47 1729 94 1770 quod
102 1729 183 1771 precipis
191 1729 266 1771 saciam3
278 1729 312 1763 sed
319 1738 374 1772 quarn
382 1727 484 1762 inefficacia
492 1728 571 1772 sintque
578 1729 634 1764 michi
641 1729 749 1772 iniunxeris,
758 1743 777 1771 30

46 1778 65 1812 in
75 1780 134 1814 reditu
144 1792 186 1815 meo
195 1781 258 1825 vtique
271 1780 394 1825 experieris³.’
418 1780 449 1814 Ad
460 1791 515 1824 agros
526 1780 593 1825 igitur*
604 1792 691 1826 pergens,
704 1793 749 1817 aues

46 1831 95 1867 velut
103 1844 178 1869 arenam
186 1833 334 1877 innumerabiles,
342 1845 379 1878 que
388 1838 427 1868 sata
434 1839 593 1878 consumpserant,
600 1834 675 1869 inuenit.
698 1835 749 1877 Quas

47 1890 66 1918 vt
73 1886 122 1930 vidit,
130 1887 150 1921 in
158 1888 205 1922 hanc
212 1898 277 1922 vocem
288 1887 407 1932 proculdubio
417 1886 512 1930 prorupit:
529 1886 573 1928 ‘Ite,
580 1887 610 1929 ait,
618 1893 636 1921 et
647 1889 749 1922 secundum

47 1936 146 1975 iussionem
159 1940 233 1975 domine
245 1951 287 1976 mee
300 1941 348 1974 inira
360 1939 399 1974 eius
410 1939 528 1974 includamini
541 1944 605 1984 septat
621 1940 709 1985 quiahoc
721 1947 750 1976 est

48 1993 95 2034 quod
110 1993 163 2028 vobis
178 1994 237 2029 debeo
252 1994 313 2028 sacere
328 2004 351 2027 ex
366 1992 480 2027 obedientia!
510 1993 549 2027 Nec
565 2003 621 2035 mora,
637 1993 698 2028 statim
713 2003 777 2040 qu035

48 2042 156 2081 iubebantur
171 2046 198 2081 ire
216 2053 309 2091 ceperunt,
324 2052 342 2081 et
358 2046 430 2090 seipsas
444 2046 519 2080 nemine
534 2051 616 2090 cogente,
631 2048 664 2081 sed
679 2048 751 2092 prefato

48 2096 115 2133 famulo
125 2105 220 2145 sequente,
229 2100 276 2135 intra
286 2105 339 2145 septa
348 2099 467 2134 incluserunt.
489 2099 531 2143 Quo
540 2099 587 2134 facto
595 2105 657 2136 custos
665 2111 750 2145 agrorum

49 2150 108 2185 animo
115 2154 236 2188 vehementer
244 2158 377 2193 consternatus,
385 2152 412 2186 rei
421 2152 505 2187 ordinem
516 2157 579 2187 sancte
589 2153 646 2187 Hilde
654 2154 751 2189 enarrauit.

49 2202 89 2244 Que
97 2205 157 2240 statim
165 2207 261 2247 accedens,
269 2206 334 2240 auibus
342 2205 427 2240 omnibus
435 2204 538 2239 libertatem
547 2206 631 2240 auolandi
639 2217 676 2251 quo
682 2207 751 2242 vellent

50 2258 143 2292 concessit
174 2259 212 2292 Sed
226 2269 267 2291 curn
281 2258 341 2290 omnis
354 2259 407 2291 turba
422 2258 518 2291 volucrum
532 2269 567 2301 per
582 2258 673 2292 licentiam
688 2264 751 2293 sancte
759 2271 780 2301 40

49 2306 124 2352 virginis
135 2310 209 2354 abisset,
219 2316 296 2355 repente
303 2321 344 2351 vna,
352 2320 389 2354 que
399 2308 478 2353 relinqui
485 2309 586 2352 videbatur,
594 2315 667 2345 mortua
676 2310 752 2345 inuenta

50 2364 82 2395 est.
110 2363 143 2397 Cui
156 2374 197 2399 cum
210 2365 263 2399 beata
275 2362 332 2398 Hilda
343 2361 446 2408 preciperet
457 2368 477 2398 vt
487 2361 529 2397 sine
540 2362 627 2399 dilatione
637 2370 722 2408 surgeret
733 2371 752 2399 et

51 2414 124 2451 coalites
132 2427 177 2452 suos
184 2418 254 2462 absque
262 2427 314 2451 mora
322 2416 476 2461 apprehenderet,
482 2415 529 2451 illico
537 2416 576 2451 auis
584 2422 656 2451 mortua
660 2416 727 2452 reuixit
733 2423 752 2452 et

51 2481 202 2560 Eligiuimueiam'
262 2485 413 2522 ¹T.dirn'guerunt.
468 2484 609 2524 'Keirpergeris
665 2484 752 2526 ‘T.ergo;
