1762 2803
69 121 72 128 ,
116 101 160 143 686
385 98 509 159 appennis
526 98 557 144 It.

116 231 145 254 rex
156 226 174 254 et
184 219 244 253 martir
256 219 339 262 gloriosus
350 219 453 253 Edmundus
465 219 514 261 virgo
525 227 542 254 et
554 229 625 262 corpore
636 219 749 262 incorruptus,
761 217 819 251 Ethel-

117 271 189 304 dredam
196 269 280 312 virginem
289 275 306 303 et
313 269 391 312 reginam
400 270 478 304 similiter
489 281 560 314 corpore
570 270 692 313 incorruptam,
700 269 717 303 in
727 275 763 303 tam
774 269 819 302 claro

117 320 198 355 miraculo
209 320 279 365 propria
288 321 361 354 ecclesia
371 322 498 364 famulantequc
507 321 540 356 sibi
550 322 635 355 monacho
645 319 734 364 preuenire
743 319 821 354 voluerit.

117 373 164 406 Nam
172 373 219 416 quod
226 372 263 414 ipse
270 382 301 414 par
308 377 326 405 et
333 372 418 414 particeps
426 372 476 405 huius
484 372 558 406 extiterit
568 370 651 411 miraculi,
659 381 690 412 per
700 371 733 403 hoe
741 370 820 403 omnibus

101 421 209 457 tiinnotescit
224 421 270 464 quod
285 421 317 454 sibi
332 422 405 454 alterurn
420 422 491 455 anulum
509 431 540 464 pro
558 431 628 454 munere
647 419 750 453 vendicabit.
781 419 820 451 Hoc

117 471 191 514 denique
198 472 300 505 miraculum
306 471 373 516 plenius
381 471 461 506 omnibus
472 471 537 506 indicat
548 471 621 516 qualiter
630 470 648 505 in
658 469 715 504 choris
723 476 820 504 sanctorum

119 522 180 557 caritas
188 529 248 556 sancta
256 527 321 565 regnat,
329 523 401 565 qualiter
409 523 431 556 de
439 523 532 556 honoribus
542 523 574 556 sibi
583 533 593 556 a
605 523 637 556 deo
649 520 715 556 collatis
724 520 820 554 alternatim

118 573 224 616 applaudunt
231 584 235 614 ς
247 573 275 616 qui
283 573 315 606 sibi
323 573 397 606 iocundo
405 573 499 607 certamine
505 574 578 606 honores
586 572 661 605 inuicem
668 572 768 612 offerunt,et
776 570 821 613 quod

119 623 156 666 quis
167 623 246 657 boni-vel
257 623 313 657 laudis
325 623 343 656 in
354 623 389 656 alio
399 629 460 656 sancto
471 623 522 662 videt,
535 624 567 656 hoc
579 633 597 656 se
608 633 639 664 per
651 621 679 655 dei
690 620 797 663 presenciam
804 625 821 653 et

92 684 112 706 ro
119 672 194 706 caritatis
202 671 298 714 fliienciam,
306 684 325 706 se
332 673 429 715 percepisse
437 673 538 714 congaudet.

164 766 229 800 Uidant
240 767 317 800 seruulus
331 776 385 809 prope
396 766 454 800 villam
465 765 520 800 sancti
532 764 621 800 Edmundi
632 765 691 800 fenum
704 765 793 799 cumulans
805 770 822 797 et

186 817 203 850 in
211 818 264 850 altum
273 827 383 859 componens,
392 827 431 850 cum
440 816 475 850 iam
482 818 559 850 cumulus
568 817 604 850 fere
613 816 635 859 xij
644 816 706 859 pedum
715 816 742 849 vel
749 814 823 857 amplius

120 869 192 902 haberet
199 866 312 908 altitudinem,
320 873 418 909 superstans
426 872 443 900 et
451 867 508 900 minus
515 873 566 900 caute
573 877 593 900 se
600 873 669 900 vertens
676 866 699 899 ad
710 872 773 898 terram
784 864 823 904 ruit,

121 919 158 960 ipsa
170 918 231 958 capitis
245 916 343 949 summitate
352 916 427 959 primum
438 921 502 949 terram
515 915 630 958 contingente,
642 915 700 957 sicque
714 914 783 947 collisus
796 919 823 946 est

94 979 112 1009 15
121 968 138 1000 in
146 978 167 1000 ea
175 972 223 1009 parte
231 973 249 999 vt
256 967 300 999 collo
308 966 351 999 inira
360 976 422 1007 corpus
431 975 495 1008 presso.
503 966 560 1009 capud
569 971 586 998 et
597 964 664 999 humeri
674 965 822 1007 coniungerentur.

120 1016 174 1051 affuit
185 1016 259 1049 bailiuus
269 1015 302 1049 loci
314 1016 347 1048 hoc
357 1015 429 1056 videns;
446 1022 463 1049 et
476 1026 544 1049 merens
554 1010 575 1049 e'o
587 1016 634 1060 quod
646 1016 719 1049 famulus
731 1015 756 1049 sic
767 1014 823 1048 subito

120 1072 219 1108 moreretur,
227 1073 306 1099 sanctum
314 1066 426 1099 Edmundum
433 1066 502 1099 inuocat
510 1071 553 1099 etse
561 1067 634 1108 spondet
642 1076 681 1099 eum
689 1076 728 1098 cum
736 1065 824 1097 oblacione

120 1117 239 1155 visitaturum
259 1116 322 1147 deinde
335 1115 443 1148 oracionibus
458 1115 526 1155 insistit,
542 1115 604 1148 collum
619 1114 681 1147 trahit:
699 1119 716 1147 et
732 1115 823 1154 seruolum,

121 1175 172 1207 quem
187 1164 237 1207 paulo
252 1170 293 1197 ante
311 1164 393 1197 cernebat
410 1164 459 1207 quasi
476 1171 567 1206 mortuum,
583 1164 618 1198 iam
635 1164 739 1207 loquentem,
754 1170 771 1198 et
785 1169 824 1206 post

94 1228 114 1249 ao
121 1213 208 1258 paululum
228 1215 345 1248 ambulantem
363 1214 447 1256 mirando,
462 1221 542 1249 sanctum
560 1215 587 1249 dei
606 1215 694 1249 martirem
712 1213 824 1248 Edmundum

121 1265 211 1299 exaltabat.

161 1359 202 1393 Lius
213 1360 283 1402 quidam
293 1361 378 1402 puerulus,
387 1360 464 1393 nondum
471 1360 541 1402 quidem
551 1359 628 1399 triennis,
636 1370 675 1392 cum
685 1359 731 1401 apud
743 1359 825 1391 Cokeleld

183 1410 258 1452 quodam
271 1409 299 1442 die
312 1409 378 1443 luderet
393 1419 431 1442 cum
446 1409 519 1448 cultello,
534 1409 604 1442 fortuitu
617 1415 635 1442 vt
651 1410 714 1442 assolet
729 1408 747 1441 in
762 1412 826 1441 terram

122 1458 192 1501 cecidit,
200 1468 252 1501 seque
260 1458 285 1492 sic
292 1458 366 1501 grauiter
375 1470 413 1492 curn
421 1459 488 1492 cultello
496 1459 597 1500 uulnerauit,
604 1465 623 1492 vt
633 1459 656 1492 aci
665 1468 764 1493 mensuram
775 1457 826 1492 trium

95 1518 113 1548 25
122 1508 204 1552 pollicum
216 1509 238 1542 ad
249 1508 380 1543 estimacionem
391 1509 501 1542 verisimilem
512 1511 590 1543 cultellus
601 1510 619 1542 in
630 1515 691 1551 pectus
704 1509 752 1551 pueri
763 1508 824 1541 infixus

122 1564 238 1600 margaretum
255 1560 302 1601 quod
312 1559 358 1592 circa
368 1561 429 1592 boram
440 1569 504 1592 nonam
516 1558 609 1602 contigisse
619 1560 690 1593 refertur
700 1570 711 1591 a
721 1559 825 1601 parentibus,

123 1619 134 1641 a
147 1619 181 1652 qua
194 1609 264 1651 quidem
275 1609 318 1642 hora
329 1619 383 1651 usque
395 1609 418 1642 ad
431 1618 520 1651 vesperam
534 1609 604 1650 sanguis
615 1609 685 1642 effluere
697 1620 732 1641 non
747 1609 825 1641 cessauit.

124 1659 191 1690 Clamat
200 1664 260 1696 mater,
271 1659 319 1690 dotet
328 1664 378 1700 pater
388 1658 410 1690 de
420 1663 475 1691 morte
486 1658 593 1698 innocentis3
610 1658 673 1692 deinde
683 1664 723 1692 vota
734 1664 798 1691 vouent
808 1664 826 1692 et

123 1713 201 1740 sanctum
216 1708 329 1740 Edmundum
345 1708 431 1741 inuocant.
458 1708 537 1742 Tandem
552 1708 646 1751 respiciens
661 1713 716 1742 mater
731 1710 825 1752 puerulum,

96 1768 116 1797 30
124 1763 140 1790 et
159 1768 190 1799 per
205 1757 288 1800 pedorem
306 1763 323 1791 et
341 1757 425 1791 duriciam
442 1758 502 1791 mortis
517 1758 566 1800 signa
582 1759 674 1800 coniciens,
689 1769 732 1792 voce
747 1758 827 1792 clamauit

123 1813 210 1841 materna:
225 1807 314 1840 ‘Mortuus
324 1814 350 1840 est
362 1818 404 1849 puer
413 1818 467 1849 meus,
475 1814 552 1840 mortuus
560 1814 587 1841 est
597 1809 657 1850 puerl'
681 1808 712 1840 Cui
720 1819 762 1851 puer
769 1808 827 1841 statim

123 1856 223 1900 respondit:
234 1856 294 1898 ‘Vere,
302 1863 362 1899 mater,
370 1867 405 1890 non
415 1867 453 1890 sum
463 1863 545 1900 mortuus,
554 1864 580 1892 set
590 1858 647 1892 adhuc
657 1864 714 1892 tecum
722 1859 770 1892 viuo’
793 1859 827 1900 Qui

123 1906 158 1940 cito
166 1906 262 1948 conualuit;
273 1913 290 1940 et
299 1914 336 1949 post
344 1908 431 1940 modicum
439 1907 520 1950 temporis
528 1917 539 1942 a
547 1908 647 1950 parentibus
658 1908 693 1942 suis
703 1910 727 1943 ad
737 1909 827 1943 ecclesiam

125 1956 179 1990 sancti
188 1956 276 1989 Edmundi
283 1958 375 1999 perductus
383 1963 415 1990 est.

97 2060 115 2090 35
162 2049 193 2084 Uit
204 2049 247 2082 alius
258 2050 339 2093 paruulus
351 2056 368 2083 et
379 2050 458 2093 puerulus
470 2050 540 2084 nomine
553 2051 644 2093 Robertue,
656 2051 700 2086 lilius
713 2053 795 2087 lobannis
806 2054 829 2087 de

184 2100 282 2134 Rokcwode
289 2101 311 2134 de
317 2100 442 2134 valencioribus
451 2100 506 2143 patrie
514 2102 569 2134 sancti
577 2103 677 2144 Edmundi;
689 2103 717 2146 qui
726 2114 764 2137 cum
773 2102 827 2146 [cum]

125 2150 224 2194 parentibus
232 2150 267 2183 suis
274 2150 320 2193 apud
328 2151 450 2184 Wheluetham
457 2158 557 2193 moraretur,
565 2153 633 2195 elapsus
640 2154 715 2195 quadam
723 2152 751 2187 die
758 2152 829 2187 nutricis

125 2199 204 2234 manibus
212 2200 229 2232 in
239 2201 326 2243 quoddam
337 2206 417 2242 stagnum
427 2202 516 2235 casualiter
526 2201 592 2241 cecidit,
600 2208 617 2234 et
628 2202 718 2236 immersus
729 2209 760 2244 est,
768 2204 829 2245 bisque

125 2252 153 2284 vel
161 2249 213 2283 tercio
222 2249 267 2283 idem
275 2259 337 2291 passus
347 2250 413 2284 natauit
424 2251 495 2284 tandem
507 2261 558 2293 super
568 2251 637 2284 flumen.
660 2253 707 2285 Inter
716 2253 748 2286 hec
757 2252 829 2286 sollicite

98 2316 118 2347 40
126 2301 205 2344 queritur,
214 2304 230 2332 et
238 2299 301 2332 ancilla
308 2300 382 2342 quedam
390 2310 480 2334 accurrens
489 2311 562 2343 eumque
572 2307 661 2335 natantem
668 2302 734 2344 videns,
742 2301 829 2336 nunciauit

126 2362 164 2387 esse
171 2355 257 2384 mortuum
265 2349 353 2392 iacereque
361 2351 447 2392 turgidum
456 2362 509 2392 super
515 2351 585 2384 vndam.
608 2352 690 2385 Parentes
701 2352 752 2394 igitur
761 2351 829 2386 attoniti

126 2408 143 2436 et
153 2401 203 2435 valde
214 2400 281 2440 turbati,
290 2399 388 2441 cogitabant
400 2401 486 2442 quomodo
498 2411 537 2434 eum
548 2401 571 2434 ad
583 2406 645 2434 terram
656 2402 743 2435 traherent
752 2408 770 2435 et
782 2412 829 2444 sepe·

126 2452 186 2493 litent,
203 2455 344 2492 assumentesque
357 2456 436 2489 rastrum,
448 2456 466 2483 et
477 2461 507 2492 per
518 2451 551 2482 hoc
565 2461 604 2483 eum
615 2452 726 2492 attrahentes,
738 2456 829 2493 posuerunt

126 2511 188 2544 corpus
196 2500 269 2541 rigidum
276 2499 410 2533 calefaciendum
419 2499 464 2532 iuxta
472 2500 540 2541 ignem:
552 2501 651 2543 nullumque
659 2501 693 2535 vite
701 2500 769 2543 signum
781 2501 799 2534 in
809 2510 830 2534 eo

99 2562 118 2593 45
127 2552 210 2593 videntes,
218 2556 296 2583 sanctum
304 2550 418 2584 Edmundum
428 2549 536 2585 inuocabant.
559 2551 598 2585 Nec
607 2561 657 2584 mora
667 2562 744 2595 puerum,
752 2551 774 2585 de
782 2550 830 2585 cuius
