1762 2803
148 134 191 179 50²
339 119 418 171 tima
433 117 549 178 ileum&
564 117 657 179 anulio.

147 238 197 273 omni
211 237 315 283 pluuiarum
326 243 378 282 gutta
389 237 477 272 immunis
488 238 528 273 suit.
571 231 656 284 Quidam
668 238 734 272 artifex
746 238 769 273 de
780 237 849 283 pinna¹

147 292 211 337 templi
223 293 295 333 cadens,
307 292 330 325 ad
342 297 420 325 mortem
435 291 559 336 precipitatus,
571 290 673 335 pauimenti
688 290 739 326 saxis
754 290 849 325 irremedi-

147 345 218 381 abiliter
230 345 319 379 contritus
332 349 351 379 et
364 349 496 388 conquassatus
508 349 542 379 est.
565 345 635 379 Oraute
650 350 712 379 autern
727 355 761 388 pro
775 355 797 379 eo
809 343 849 379 viro

148 404 216 439 sancto,
224 398 285 432 anima
293 397 324 431 in²
332 398 415 442 corporis
423 397 452 432 sui
460 397 571 432 domicilium
579 397 686 442 regreditur,
695 403 713 431 et
721 398 776 431 homo
783 397 850 432 viuens

130 451 166 495 5in
185 455 253 485 statum
271 449 369 494 pristinum
388 450 461 484 fauente
480 452 515 484 deo
534 450 639 485 restituitur.
684 444 756 485 Mulier
770 450 849 495 quedam

148 503 206 538 filium
221 504 293 537 habens
310 513 321 537 a
335 502 430 538 natiuitate
445 509 523 547 mutum,
537 503 588 538 venit
602 504 626 538 ad
640 503 700 538 virum
716 503 746 538 dei
761 509 779 537 et
793 503 850 538 dixit:

148 556 221 591 ‘Homo
233 555 268 598 dei,
276 555 314 590 scio
325 555 367 600 quia
379 567 488 601 quecunque
499 556 606 600 poposceris
618 567 629 590 a
640 557 680 598 deo,
689 555 739 590 dabit
749 556 781 591 tibi
792 557 849 591 deus:

149 609 194 642 Filio
201 607 256 652 igitur
263 613 314 641 muto
322 608 399 642 tacentis
406 608 474 652 lingue,
482 619 545 653 queso,
552 609 624 643 vincula
632 609 718 652 dissolue,
724 614 743 643 vt
748 614 849 643 creatorem

148 661 235 703 omnium,
243 671 298 705 quem
307 661 362 696 corde
374 661 476 704 confitetur,
484 661 577 696 communi
586 661 641 696 etiam
653 661 744 696 sermonis
752 672 786 695 vsu
794 661 850 695 bene-

121 728 141 752 10
148 715 211 749 dicens
218 714 327 749 veneretur!
349 712 402 748 Tunc
414 713 443 748 vir
452 718 527 748 sanctus
538 713 573 749 ait:
585 713 664 749 ‘Omnia
676 725 784 759 quecunque
794 713 851 749 voluit

148 768 233 802 dominus
245 766 293 809 fecit,
305 766 324 800 in
335 767 375 801 celo
387 766 435 800 etin
448 772 501 809 terra,
513 767 532 800 in
544 766 591 801 mari
604 772 622 801 et
634 767 653 800 in
667 767 753 801 omnibus
766 767 850 810 abyssis:

148 820 209 863 ipsum
222 818 301 853 fideliter
313 828 363 862 roga,
376 818 412 862 ipsi
423 824 467 853 vota
479 820 556 862 sponde,
569 829 636 863 preces
649 819 718 853 funde:
735 818 786 853 solus
801 818 850 853 enim

149 877 215 915 potens
223 877 252 904 est
260 871 318 904 filium
325 876 377 904 tuum
385 871 457 904 saluare
465 876 484 903 et
493 870 555 913 lingue
566 871 605 905 eius
615 870 715 905 retinacula
726 871 798 904 laxare!
820 871 850 904 Ad

149 933 214 968 preces
223 924 298 958 tandem
308 922 395 965 mulieris,
403 929 481 957 extensa
491 933 547 958 manu
559 922 636 966 digitum
647 922 666 957 in
677 933 709 957 ore
717 922 781 967 pueri³
789 922 851 967 posuit

122 991 141 1021 15
150 982 168 1011 et
175 977 265 1020 plectrum
273 975 335 1019 lingue
343 975 405 1018 tetigit,
412 975 486 1010 dicens:
499 975 585 1019 ‘Repleti
593 981 636 1009 sunt
644 986 709 1009 omncs
717 975 782 1019 spiritu
788 980 851 1009 sancto

150 1034 168 1063 et
176 1027 331 1074 ceperuntloqui.’
354 1027 758 1072 Etstatimmutusnatusloquelanirecepit.
800 1020 851 1063 Con-

149 1081 189 1126 tigit
200 1091 255 1115 vnam
268 1092 292 1115 ex
305 1080 387 1123 ouicutis,
399 1081 422 1115 ab
434 1080 480 1124 ipsis
492 1091 541 1124 pene
554 1081 593 1126 lupi
607 1080 690 1115 faucibus
706 1085 794 1125 ereptam,
808 1085 851 1115 ante

149 1135 207 1179 pedes
218 1134 277 1168 sancti
287 1133 321 1168 viri
333 1134 432 1168 extinctam
443 1144 454 1168 a
465 1138 539 1177 pastore
551 1133 629 1179 deponi:
642 1144 703 1178 quam,
714 1134 755 1169 fusa
766 1133 816 1178 prius
828 1134 851 1168 ad

149 1189 206 1222 deum
221 1187 285 1221 humili
299 1197 360 1231 prece,
375 1187 440 1220 baculo
454 1186 518 1230 tetigit,
534 1192 553 1221 et
568 1188 591 1221 ad
606 1186 662 1221 vitam
677 1187 761 1221 restituit.
789 1186 813 1221 Et
828 1188 851 1221 ad

123 1253 142 1274 zo
150 1241 245 1275 dominum
257 1250 321 1273 rursus
336 1250 442 1281 conuersus,
456 1239 491 1274 ait:
509 1238 570 1280 ‘Iube
585 1239 664 1282 domine,
680 1245 775 1273 cruentum
790 1239 852 1283 gregis

150 1291 208 1327 nostri
215 1292 321 1326 inuasorem
328 1293 400 1335 adesse,
407 1298 427 1326 vt
434 1297 453 1326 et
460 1291 479 1325 in
487 1291 533 1336 ipso,
541 1292 590 1336 quod
598 1297 629 1326 tue
637 1291 695 1336 gratie
703 1297 732 1326 est
744 1294 852 1336 operemur!

150 1347 191 1388 Quo
196 1345 248 1388 dicto,
255 1346 315 1389 lupus,
320 1345 397 1389 placito4
404 1356 450 1379 cane
458 1346 547 1387 blandior,
553 1346 624 1380 recenti
632 1347 691 1380 adhuc
699 1347 757 1389 preda
765 1351 852 1379 cruentus

103 1419 105 1424 ,
150 1399 207 1441 adest,
215 1397 267 1442 quasi
279 1398 363 1432 conscius
373 1397 467 1432 commissi
479 1399 533 1432 beato
542 1397 582 1432 viro
593 1397 713 1439 satisfaciens,
721 1403 740 1431 et
750 1397 790 1431 eius
800 1399 852 1441 pedi-

150 1452 185 1485 bus
192 1451 211 1485 in
219 1455 287 1484 terram
294 1460 315 1484 se
323 1455 449 1493 prosternens.
465 1449 498 1484 Cui
507 1454 593 1484 sanctus:
606 1451 610 1469 ‘
617 1450 697 1492 Recede,
705 1450 769 1493 inquit,
776 1456 852 1484 cruenta

123 1517 141 1548 25
150 1504 213 1546 bestia,
225 1503 300 1544 recede3
312 1502 362 1537 nulla
373 1502 461 1547 deinceps
472 1502 542 1537 lesione
554 1514 598 1537 oues
611 1509 684 1538 nostras
695 1503 797 1547 inquietare
808 1515 851 1548 pre·

150 1558 223 1591 sumas.’
247 1557 287 1598 Que
298 1557 321 1590 ad
329 1556 427 1600 imperium
439 1555 497 1590 sancti
508 1567 550 1590 cum
562 1556 703 1591 mansuetudine
713 1557 761 1591 illico
771 1556 852 1591 recessit.

150 1602 224 1645 Videns
232 1609 260 1643 vir
271 1609 301 1642 dei
312 1610 377 1653 lupum
388 1609 407 1642 in
419 1610 553 1654 campestribus
564 1615 601 1643 tam
613 1610 718 1644 ambulandi
730 1621 785 1653 quam
796 1609 851 1643 etiarn

151 1661 236 1697 currendi
241 1661 347 1704 inualidum,
354 1662 393 1695 eius
399 1661 531 1705 incom[m]odo
538 1672 651 1705 compassuS,
657 1663 715 1697 leuata
721 1663 740 1695 in
746 1662 802 1696 altum
806 1672 851 1696 voce

151 1714 246 1748 clamauit:
263 1714 365 1756 ‘Siluatice,
377 1713 488 1757 simplicium
499 1725 576 1758 gregum
587 1714 676 1748 insidians
687 1714 796 1756 innocentie,
809 1714 852 1758 quid

124 1781 143 1811 ³0
151 1766 220 1802 sinistri
227 1766 305 1811 contigit,
323 1767 353 1801 uid
362 1766 424 1811 asperi
431 1765 501 1810 accidit,
505 1772 525 1802 vt
530 1768 618 1802 naturalis
624 1779 634 1802 a
640 1772 658 1802 te
663 1768 757 1803 recederet
763 1766 852 1810 celeritas,

151 1827 169 1855 et
177 1831 214 1855 non
222 1819 320 1854 naturalisfi
330 1819 406 1854 tarditas
414 1821 541 1855 succedereti’
560 1821 591 1855 Ad
599 1832 654 1865 quem
662 1831 768 1855 sermonem
776 1820 853 1855 accessit

150 1874 173 1907 ad
184 1877 273 1916 sanctum,
284 1877 301 1923 et
311 1872 402 1907 ceruicem
411 1873 491 1917 supplex
499 1874 577 1918 reflexit,
585 1880 603 1909 et
610 1876 696 1918 ungulam
704 1874 757 1918 pedis
765 1873 853 1918 perforati

151 1927 256 1969 ostendens,
265 1931 309 1960 nutu
318 1937 353 1970 quo
362 1932 433 1970 poterat
442 1927 495 1971 quasi
505 1938 570 1971 preces
581 1928 672 1962 fundebat.
695 1927 774 1962 Sanctus
785 1933 852 1969 autem,

151 1985 227 2013 extensa
234 1979 320 2021 pastorali
327 1980 379 2021 virga
386 1990 422 2021 qua
430 1990 484 2013 ouem
492 1985 582 2013 mortuam
590 1980 689 2023 suscitauit,
700 1980 785 2013 claudum
793 1980 851 2013 bestie

124 2042 142 2071 35
151 2032 217 2075 pedem
223 2031 260 2064 leui
267 2036 333 2064 attactu
339 2031 452 2075 contingens,
457 2032 482 2066 ait
490 2033 513 2066 ad
519 2025 627 2068 dominum:
636 2032 738 2067 ‘Homines
746 2037 764 2067 et
772 2032 853 2066 iumenta

151 2084 230 2125 sanabis,
244 2084 328 2118 domine?
352 2083 375 2117 Et
386 2085 448 2118 statim
461 2095 518 2119 sanus
531 2085 588 2119 sactus
601 2091 634 2120 est.
657 2085 691 2119 Cui
706 2090 724 2119 et
739 2085 774 2119 ait:
791 2084 852 2118 ‘Nulli

151 2146 231 2181 unquam
243 2136 337 2171 creaturel
347 2136 405 2181 ledas,
416 2137 449 2172 sed
461 2137 546 2173 omnibus
558 2139 623 2173 diebus
634 2139 670 2174 tuis
681 2138 743 2173 fenum
755 2138 807 2182 quasi
819 2138 853 2172 bos

151 2200 226 2235 carpas;
246 2190 294 2233 feno,
309 2190 390 2234 inquam,
406 2196 463 2234 vtere,
478 2191 548 2236 siliquis
564 2198 653 2235 saturare,
668 2197 686 2226 et
701 2196 774 2227 seruata
788 2196 853 2226 natura

151 2243 260 2286 innocentie,
276 2244 299 2277 ad
315 2244 424 2278 soluendum
442 2255 540 2279 commune
557 2245 622 2279 mortis
640 2245 720 2280 debitum
735 2246 800 2279 tende.'
829 2244 853 2278 Et

123 2310 143 2340 40
151 2296 218 2331 facturn
231 2302 259 2331 est
271 2296 296 2330 ita
302 2296 314 2332 ⁷.
359 2289 410 2332 Cum
423 2308 516 2342 pauperes
529 2299 648 2333 elemosinam
661 2299 684 2333 ab
697 2309 719 2332 eo
733 2302 822 2342 peterent,
835 2303 853 2333 et

151 2350 207 2384 nichil
218 2351 272 2393 quod·
278 2350 380 2394 porrigeret
392 2350 418 2385 eis
430 2351 512 2393 haberet,
521 2363 588 2395 equum
600 2353 692 2396 quendam
704 2352 754 2385 dedit
765 2351 806 2385 illis.
829 2352 852 2384 Et

151 2403 197 2436 facto
205 2413 265 2443 mane,
274 2403 428 2445 conquerentibus
438 2403 564 2447 operatoribus
572 2404 595 2437 de
603 2414 651 2448 equo
661 2403 774 2449 pauperibus
781 2404 828 2445 dato,
835 2409 853 2438 et

151 2456 214 2490 oculos
225 2455 335 2496 leuantibus,
346 2467 405 2500 equus
416 2463 493 2501 apparet
504 2457 523 2491 in
534 2458 667 2502 campestribus
678 2458 785 2500 depascens,
797 2466 852 2501 quem

170 2526 204 2557 ¹13.
212 2527 254 2564 pina
284 2526 383 2557 tamur.
416 2528 568 2566 ³T.pueriinore.
602 2529 638 2561 ⁴al.
650 2530 716 2568 placido.
751 2529 785 2559 ἘΣ
793 2534 852 2559 natura.

150 2566 404 2599 ⁶Vit.Nullam...creaturam.
445 2568 574 2600 ⁷T.Etitaf.e.
