1762 2803
39 81 40 84 Ἴ
85 106 137 173 358'
236 185 238 188 .
276 109 488 173 annullatam
503 110 595 189 anate.

165 267 181 304 ἹῘ
193 257 227 301 DE
238 274 309 300 saneto
321 256 427 300 SWlTHUllO
439 275 526 301 EPlSCOPO
538 275 560 299 Er
572 264 704 300 corrassona¹.

87 350 202 430 GLorioso
208 359 251 394 rege
256 348 360 393 Anglorum
367 348 448 394 Egberto
453 355 546 395 regnante,
552 349 583 395 qui
589 349 639 395 regi⁹
648 348 758 395 Kinegilso⁸,
764 348 788 383 de

147 403 230 438 idolatria
245 413 321 437 reuerso
336 413 370 447 per
385 404 458 438 beatum
474 403 562 446 Birinum,
575 408 651 438 octauus
666 403 755 437 successit
769 402 788 436 in

86 467 169 501 regnum,
177 458 242 491 beatus
253 455 377 499 Swit[h]unus
382 456 394 498 ⁴,
403 462 455 501 pater
463 461 481 491 et
493 462 555 500 pastor
563 456 581 490 in
589 456 666 491 ecclesia
674 457 703 490 dei
711 456 788 498 futurus,

87 520 152 544 cursus
167 509 196 544 sui
210 508 229 542 in
245 508 304 543 stadio
319 508 383 543 mundi
398 508 457 552 huius,
471 509 532 544 diuina
546 509 672 544 misericordia
686 509 789 551 ordinante,

70 573 78 602 5
87 564 157 607 accepit
164 561 266 597 exordium.
290 562 338 595 Nam
348 562 402 596 annis
411 562 512 607 puerilibus
522 562 541 596 in
549 562 598 596 bona
606 562 722 607 simplicitate
729 567 789 596 trans-

87 616 138 656 actis,
152 615 215 659 iugum
229 615 323 649 seruitutis
337 615 428 649 dominice
441 615 524 658 accipere
537 614 634 656 festinauit,
646 620 789 659 susceptumque

87 667 180 701 humiliter
187 667 301 710 viriliterque
309 667 393 710 portauit.
416 667 479 711 ltaque
487 672 572 710 suscepto
580 667 687 701 clericatus⁵
695 666 761 709 officio,
766 667 789 700 de

87 721 146 764 gradu
153 720 172 755 in
180 720 264 766 gradum,
272 720 296 754 de
302 720 369 754 virtute
379 719 399 754 in
405 719 497 760 virtutem,
504 730 580 763 gressus
591 719 630 754 eius
640 720 675 754 deo
685 730 719 764 per
729 720 790 754 omnia

88 773 184 818 dirigente,
200 774 331 815 conscendens,
350 773 384 808 sub
402 773 522 807 Helmstano⁶
538 772 642 806 Wentano⁷
661 773 748 818 episcopo
766 773 789 807 ad

62 840 81 861 10
89 827 179 862 honorem
187 826 287 862 sacerdocii
294 832 393 871 prouectus
401 832 434 861 est.
452 826 532 861 Curabat
539 826 588 861 enim
596 828 678 871 seipsum
686 826 790 861 ministrum

89 881 203 924 probabilem
215 880 250 914 deo
261 890 337 924 semper
347 879 419 922 offerre,
431 880 507 914 verbum
518 879 599 914 veritatis
610 879 698 915 catholice
711 884 729 914 et
741 884 790 914 recte

89 938 173 975 tractare,
181 931 288 975 benignitati
300 936 318 965 et
329 932 466 965 mansuetudini
476 931 571 972 inseruire,
583 941 640 974 opera
651 931 723 974 pietatis
734 942 791 975 super

89 983 151 1018 omnia
166 994 259 1025 exercere,
274 983 377 1017 inordinate
391 983 475 1018 viuentes
489 982 540 1027 virga
555 983 674 1027 correptionis
688 985 791 1028 increpare,

90 1036 218 1081 humiliterque
231 1035 317 1069 omnibus
330 1035 439 1070 ministrare.
462 1036 518 1070 Cuius
529 1035 595 1070 samam
607 1047 642 1070 rex
653 1037 736 1079 audiens,
748 1047 791 1071 eum

64 1102 70 1122 r
73 1101 81 1133 5
90 1089 199 1132 accersiuitt,
204 1095 222 1123 et
230 1089 279 1123 inter
286 1089 385 1133 precipuos
393 1089 461 1124 amicos
467 1100 509 1124 eum
515 1099 557 1124 esse
564 1089 666 1132 constituit;
674 1090 792 1125 commenda·

89 1143 151 1188 uitque
168 1143 199 1187 [ei]
215 1142 272 1176 filium
291 1153 345 1176 suum
360 1143 434 1176 nomine
449 1142 555 1186 Adulphum
570 1142 676 1177 liberalibus
691 1142 792 1187 disciplinis

90 1195 212 1230 erudiendum
224 1200 242 1229 et
254 1194 323 1229 sanctis
334 1194 416 1229 moribus
427 1194 564 1229 instruendum:
577 1205 632 1239 quem
643 1200 708 1240 postea
719 1195 738 1230 in
749 1195 792 1230 sub·

90 1249 187 1283 diaconum
198 1248 295 1282 ordinauit,
318 1247 356 1282 Sed
367 1247 409 1291 quia
420 1254 473 1290 pater
483 1258 527 1282 suus
538 1247 578 1282 sine
588 1249 657 1282 herede
668 1254 730 1292 preter
741 1249 792 1282 illum

90 1301 175 1344 decessit,
184 1299 276 1335 ordinauit
284 1300 323 1334 Leo
333 1310 382 1345 papa
389 1305 408 1335 vt
419 1299 438 1334 in
449 1311 505 1345 regno
514 1301 625 1342 succederet,
633 1312 710 1336 virorem
718 1302 793 1336 duceret

64 1364 83 1384 πο
91 1359 109 1388 et
120 1354 189 1389 liberos
200 1360 311 1397 procrearet.
335 1353 425 1389 Defuncto
436 1355 510 1388 tandem
522 1354 643 1388 Helmstano⁵
651 1355 742 1399 episcopo,
750 1360 793 1389 voto

91 1407 173 1442 omnium
185 1405 321 1450 Switlh]unus¹
332 1407 401 1441 electus
413 1410 447 1441 est.
470 1406 530 1441 Huius
538 1406 586 1441 enim
595 1406 675 1442 oratione
683 1413 701 1442 et
709 1408 793 1442 exhorta-

91 1460 141 1494 tione
150 1471 184 1494 rex
191 1459 291 1503 Adulphus
301 1458 384 1493 ecclesiis
392 1460 422 1493 dei
429 1458 534 1493 vniuersam
542 1459 632 1493 decimam
642 1466 691 1495 terre
702 1461 754 1504 regni
765 1461 793 1494 sui

91 1513 171 1555 benigne
179 1512 254 1546 donauit
263 1517 282 1545 et
292 1512 350 1545 libere
360 1512 456 1555 possidere
465 1511 559 1546 concessit.
605 1506 644 1546 Hie
655 1513 710 1547 etiam
720 1517 794 1547 sanctus

92 1571 168 1608 pontem
178 1564 300 1600 adorientem
309 1564 403 1599 Wintonie
411 1564 517 1600 construxit.
539 1564 595 1599 Cuius
605 1566 656 1609 operi
666 1577 708 1600 cum
718 1566 794 1601 sollicite

65 1629 83 1658 ²5
92 1629 169 1662 operam
177 1619 233 1659 daret,
239 1617 331 1652 residente
339 1618 369 1651 illo
377 1618 401 1651 ad
406 1629 453 1662 opus
457 1618 536 1663 quadam
542 1617 577 1661 die,
583 1618 657 1663 contigit
664 1620 794 1664 pauperculam

92 1671 189 1706 mulierem
201 1670 243 1706 illuc
254 1671 322 1712 venire,
332 1682 367 1706 oua
378 1671 449 1706 venalia
460 1671 479 1706 in
490 1682 534 1706 vase
545 1671 622 1713 deterre,
630 1672 660 1706 etl
671 1673 694 1706 ab
706 1672 794 1717 operariis

92 1725 230 1759 lasciuientibus
242 1729 260 1759 et
270 1724 376 1759 ludentibus
387 1725 473 1759 miseram
485 1724 604 1768 apprehendi,
616 1736 651 1759 oua
661 1727 747 1761 vniuersa
758 1737 795 1761 non

92 1777 138 1822 eripi
151 1779 184 1812 sed
195 1777 291 1821 confringi.
314 1778 354 1820 Que
366 1788 407 1811 cum
419 1788 452 1822 pro
464 1778 512 1811 illata
524 1778 589 1811 iniun'a
600 1783 618 1811 et
628 1780 707 1823 dampno
718 1779 766 1815 ssens
777 1786 795 1815 et

92 1831 162 1865 eiulans
173 1832 191 1865 in
200 1832 294 1874 presentia
302 1831 384 1873 episcopi
392 1836 540 1874 conquereretur,
548 1831 578 1864 ille
586 1830 652 1874 pietate
660 1837 725 1872 motus,
733 1843 766 1866 vas
776 1833 795 1866 in

65 1893 85 1922 30
92 1894 129 1927 quo
141 1889 193 1917 erant
204 1893 239 1916 oua
250 1883 331 1926 reposita
340 1882 401 1924 sumit,
409 1884 504 1917 dexteram
513 1883 577 1916 leuans
584 1882 657 1925 signum
667 1883 726 1917 crucis
734 1884 795 1926 edidit,

93 1941 111 1970 et
121 1935 227 1980 incorrupta
234 1940 253 1970 et
263 1935 335 1979 integra
345 1935 429 1970 restituit.
475 1926 557 1970 Sanctus
564 1934 595 1969 ille
602 1935 688 1970 ecclesias
696 1935 715 1970 in
724 1935 769 1971 locis
776 1936 795 1971 in
802 1944 805 1950 ⁴

92 1988 159 2034 quibus
174 1999 212 2024 non
228 1993 286 2032 erant,
299 1988 380 2024 studiose
395 1988 495 2031 fabricauit,
508 1988 577 2024 dirutas
592 1993 610 2023 et
621 1988 687 2025 fractas
699 1989 796 2034 reparauit.

93 2042 216 2077 Dedicaturus
227 2042 277 2076 enim
286 2042 389 2085 ecclesiam,
398 2041 465 2076 nullius
474 2041 516 2085 equi
523 2041 632 2084 vehiculum,
640 2053 700 2087 neque
708 2043 796 2079 secularis

93 2106 162 2138 pompe
177 2095 212 2128 sibi
227 2095 334 2137 dignitatem
350 2095 436 2134 adhibuit,
453 2095 486 2128 sed
502 2094 572 2128 clericis
587 2105 608 2128 ac
623 2096 741 2130 familiaribus
758 2097 796 2131 suis

67 2156 85 2187 35
94 2148 227 2188 comitantibus
237 2147 291 2181 nudis
301 2146 483 2191 pedibushumiliter
492 2146 592 2182 incedebat.
615 2147 704 2183 Conuiuia
715 2158 748 2183 sua
759 2159 796 2183 non

94 2211 136 2233 curn
150 2199 277 2243 locupletibus
291 2200 324 2233 sed
336 2210 379 2233 cum
392 2200 456 2243 egenis
471 2204 490 2233 et
504 2200 617 2243 pauperibus
630 2206 691 2244 erant,
709 2212 797 2236 ossuum

94 2263 170 2296 semper
184 2257 269 2296 apertum
282 2253 360 2287 habebat
373 2258 392 2287 vt
406 2252 492 2287 inuitaret
507 2257 613 2296 peccatores
628 2254 650 2289 ad
666 2255 796 2298 penitentiam:

94 2310 164 2339 stantes
173 2316 197 2339 ne
206 2306 298 2348 caderent,
305 2305 367 2350 lapsos
375 2311 394 2339 vt
404 2312 521 2350 resurgerent
531 2306 645 2341 admonebat.
661 2307 717 2342 Cibos
726 2319 764 2342 non
774 2309 797 2342 ad

115 2405 120 2423 ¹
131 2405 165 2441 Ed,
173 2404 212 2435 with
222 2414 232 2434 a
242 2404 317 2434 modified
328 2409 367 2441 text,
377 2404 393 2433 in
404 2405 460 2434 Surius
470 2406 501 2434 and
510 2405 529 2434 A.
537 2405 566 2436 SS.
575 2406 615 2435 Boll.
624 2406 766 2445 Ju1y1‚290,and
776 2407 798 2444 by

94 2444 147 2481 Earle,
157 2446 204 2480 18613
214 2444 247 2474 abr.
256 2443 296 2473 from
303 2444 331 2473 the
337 2444 374 2473 Vita
381 2444 451 2474 ascribed
459 2448 475 2474 to
483 2444 562 2480 Goscelin,
570 2445 586 2475 in
594 2445 694 2477 lismona.
703 2447 736 2484 169,
745 2446 799 2483 Digby

95 2493 130 2522 112,
138 2485 170 2513 and
178 2486 205 2514 the
212 2483 302 2513 Translatio
309 2487 325 2512 et
333 2484 386 2514 Mirac.
394 2484 410 2513 in
418 2483 451 2515 MS.
459 2483 519 2514 Arund.
528 2484 561 2523 169,
570 2484 580 2515 l.
589 2491 612 2521 52.
688 2486 694 2504 ²
704 2485 721 2516 T.
729 2486 747 2517 E.
755 2495 798 2523 rege.

94 2524 197 2562 ³Kinegillo.
244 2523 364 2555 ⁴E.switunus
411 2523 531 2556 ‘Rctantatis
579 2523 714 2558 ⁰E.helinstano.
763 2524 798 2558 1Τ.

94 2569 170 2595 wentano
175 2575 180 2603 ς
190 2565 209 2594 Ε,
216 2564 292 2594 wintano.
332 2564 338 2582 ⁵
348 2565 366 2595 T.
373 2564 461 2596 accerciult.
501 2565 507 2583 ⁹
517 2574 548 2595 om.
555 2565 572 2595 in
579 2565 610 2596 Vit.
