1762 2803
37 157 170 197 usdaudo-i
194 147 240 204 we
252 146 288 201 o.
300 147 432 201 uomunm
445 158 503 213 tent
517 153 541 202 et
555 154 670 213 morture.
693 154 738 209 659

48 273 79 304 DE
90 279 159 304 llllLlTE
169 278 235 304 DECEM
247 279 345 305 DENARIOS
356 279 476 315 OFFERENTE,
488 280 573 313 QUORUM
585 280 626 308 DUO
638 280 659 306 nt
671 279 728 307 MANU

221 329 258 355 SUA
269 329 393 355 MIRACULOSE
404 330 555 356 Runtnusuuurtr.

83 393 148 427 Uidam
157 393 206 427 miles
215 394 288 427 lunellus
295 393 376 428 lemensis
384 394 404 436 (l)
413 395 482 429 nomine
489 395 591 437 willelmus,
599 395 666 439 dapifer
673 394 740 429 comitis

46 462 78 486 A
103 443 201 485 Warennie,
213 455 252 477 cum
267 444 334 478 duobus
346 444 411 478 clericis
423 451 440 479 et
452 456 485 479 vno
498 446 560 480 cliente
573 445 666 490 capitulum
681 455 740 480 mona-

39 497 109 531 chorum
121 494 175 529 sancti
189 494 277 529 Edmundi
291 495 361 537 introiit,
373 502 479 539 acceptaque
490 496 596 531 iratemitate
608 497 694 531 humiliter
705 496 739 530 uit:

40 545 218 580 ‘Placeatsanctitati
230 551 287 580 vestre
300 556 361 588 pamm
373 547 419 589 quod
432 546 492 589 loquar
504 547 568 581 audire.
590 548 629 588 Ego
637 559 677 581 cum
689 558 741 580 vxore

39 607 79 629 mea
89 595 159 628 nomine
171 597 265 629 Flandrina
275 596 338 629 deuote
348 596 399 629 nudis
410 597 484 639 pedibus
491 597 581 630 ecclesiam
590 597 645 630 sancti
653 596 741 631 Edmundi
751 602 759 633 5

40 645 115 681 martiris
126 645 188 679 intraui
200 647 308 689 adoransque
320 646 371 680 deum
383 652 422 681 ante
434 657 508 688 enicem,
521 647 603 681 memorie
616 648 694 681 reuocuui
706 647 741 681 fieri

41 697 148 731 oblacionem
161 698 194 730 deo
207 703 224 731 et
236 702 297 731 sancto
310 707 341 730 suo
352 697 446 730 Edmundo
459 708 491 740 pro
504 708 532 731 me
544 703 561 731 et
574 704 613 731 octo
624 697 683 731 liberis
693 698 743 731 meis.

43 748 114 790 Igitura
125 747 212 790 marsupio
223 758 262 781 meo
274 757 305 790 pro
317 746 389 789 singulis
397 747 478 781 denarios
489 747 570 788 educens,
577 758 629 781 vnum
637 757 705 791 quoque
712 757 744 791 pro

41 808 93 832 miore
103 807 148 838 mea,
160 798 279 840 decimumque
290 808 321 841 pro
332 808 360 830 me
372 798 415 840 ipso,
427 798 488 832 decem
499 798 622 832 connumeraui
632 797 708 840 itemque
718 808 744 830 re·

41 847 134 888 numeram,
142 853 159 880 et
168 847 247 881 inuentus
255 852 281 881 est
289 847 335 881 idem
345 858 426 881 numerus
437 848 533 890 perlectus:
545 853 562 881 et
573 853 631 881 tamen
641 846 744 881 enumeratis
755 855 773 877 io

44 896 92 941 [duo]
104 896 121 930 in
134 908 186 930 manu
199 908 238 931 mea
252 904 375 932 remanserunt.
398 898 472 933 Miratus
485 898 542 942 itaque
555 898 609 933 tercio
623 898 744 932 conntuneraui

42 948 146 991 singillatim,
159 954 176 983 et
187 948 234 982 idem
245 948 303 982 fiebat.
325 948 416 983 Accedeus
430 948 481 992 igitur
492 948 515 983 ad
525 949 611 990 feretrum,
622 949 669 983 hunc
681 947 745 983 ibidem

43 998 130 1033 hominem
138 1009 169 1042 pro
176 1004 220 1032 teste
227 999 261 1032 huc
268 999 361 1033 adductum
366 999 426 1033 vocaui
434 999 504 1033 dicens:
516 999 570 1033 ‘Vide
578 999 592 1033 si
600 999 660 1033 decem
665 1008 746 1033 nummos

43 1049 72 1084 hic
79 1049 143 1083 offero?
157 1050 196 1091 Quo
202 1048 272 1083 vidente
277 1050 337 1084 decem
345 1050 398 1093 optuli
407 1060 410 1083 :
422 1056 439 1083 et
447 1056 504 1084 tamen
510 1051 545 1084 <luo
552 1061 639 1084 enumero
646 1055 746 1092 computato

43 1106 60 1132 et
69 1100 92 1132 ibi
100 1100 158 1132 oblato
166 1100 184 1131 in
191 1109 244 1132 manu
253 1109 292 1133 mea
300 1106 423 1133 remansemnt.
446 1099 535 1143 Siquidem
542 1100 585 1133 satis
592 1099 662 1138 mirans,
669 1105 686 1134 et
694 1099 746 1133 deum
756 1108 774 1140 ¹5

44 1149 61 1183 in
70 1156 130 1183 sancto
139 1150 232 1183 Edmundo
239 1149 317 1190 laudans,
326 1148 364 1183 illos
372 1149 415 1183 duos
423 1147 464 1183 item
472 1160 503 1194 pro
510 1160 538 1183 me
545 1155 563 1184 et
570 1161 622 1183 uxore
630 1148 698 1194 [onero]
704 1147 719 1183 Ψ

59 1265 90 1297 DE
101 1271 153 1297 FILIO
164 1270 237 1297 irruitis
248 1270 286 1297 PER
297 1270 388 1298 SANCTUM
399 1264 520 1298 EDMUNDUM
530 1272 543 1297 Α
554 1271 622 1297 MORTE
632 1271 733 1299 LIBERA'I'O·

48 1336 155 1427 QUidam
166 1336 215 1369 miles
226 1335 304 1379 egregius
315 1337 374 1370 habuit
384 1335 437 1370 filium
449 1336 514 1370 diucius
528 1342 639 1379 egrotantem,
649 1343 666 1370 et
676 1337 747 1370 tandem

111 1387 205 1428 egrotando
215 1387 265 1420 morti
275 1387 411 1430 appropiantem.
433 1387 513 1429 Quadam
523 1387 569 1420 enim
577 1387 605 1420 die
613 1393 661 1430 patre
668 1392 685 1420 et
693 1393 748 1420 matre

46 1447 85 1470 cum
93 1436 153 1471 vicinis
161 1442 178 1471 et
185 1436 245 1471 amicis
256 1436 352 1472 astantibus
360 1443 377 1471 et
388 1437 515 1481 plangentibus,
522 1437 558 1472 vite
566 1448 596 1471 sue
606 1438 702 1473 extremitas
714 1437 748 1472 ium

46 1487 95 1521 finita
105 1488 200 1522 videbatur.
223 1488 276 1523 Cuius
286 1494 343 1522 mater
353 1489 442 1522 matemali
450 1488 542 1523 dilectione
550 1488 611 1523 ardore
618 1495 694 1530 estuans,
702 1488 748 1523 flebi·
756 1495 776 1518 ¹0

46 1539 85 1573 liter
97 1539 121 1572 ait
133 1539 156 1572 ad
169 1540 224 1573 uirum
236 1539 307 1573 suum²:
324 1540 380 1580 ‘Heu‚
391 1540 430 1579 heu,
439 1539 463 1573 mi
473 1539 547 1581 domine.
557 1538 616 1582 utquid
627 1539 684 1573 differs
695 1538 749 1572 filium

46 1595 123 1621 nostrum
138 1589 172 1621 iam
188 1594 273 1622 mortuum
285 1588 364 1632 quamuis
377 1598 416 1622 sero
427 1589 460 1622 deo
475 1594 492 1622 et
505 1594 565 1622 sancto
576 1588 670 1622 Edmundo
683 1588 720 1631 r'egi
733 1595 750 1622 et

47 1639 112 1673 martiri
123 1639 198 1681 glorioso
210 1649 277 1680 uouere,
289 1645 306 1674 et
317 1645 375 1673 votum
387 1639 440 1673 cicius
451 1639 535 1674 reddere?
551 1640 619 1673 Voueto
631 1650 677 1680 ergo,
688 1645 706 1673 et
717 1639 751 1672 fide

47 1689 123 1732 perfecta
130 1688 204 1732 perfice!
217 1689 251 1731 Qui
258 1689 342 1724 maturius
349 1689 517 1730 accumbens‚dlium
523 1689 621 1724 defunctum
627 1690 660 1723 deo
665 1695 682 1723 et
690 1696 751 1723 sancto

48 1740 142 1773 Edmundo
153 1750 192 1773 cum
204 1739 279 1773 lacrimis
291 1740 339 1773 uouit
350 1746 368 1773 et
379 1740 449 1774 reuouit.
472 1739 506 1774 Dei
514 1740 565 1783 igitur
576 1746 593 1773 et
605 1740 660 1774 sancti
672 1740 751 1774 inuocato
760 1743 778 1774 ²5

48 1791 123 1832 nomine,
136 1790 188 1824 cicius
202 1790 278 1824 defuncti
293 1790 401 1824 interioribus
416 1792 473 1833 nagor
486 1791 547 1832 ingens
562 1790 643 1829 insonuit.
656 1790 721 1833 irrupit,
733 1797 750 1824 et

49 1846 133 1882 tanquam
148 1840 215 1872 bacello
229 1841 285 1873 fracto
300 1850 342 1873 aura
357 1841 455 1873 redundans
474 1840 563 1873 audientes
581 1839 660 1881 stupidos
675 1839 751 1873 reddidit

49 1890 160 1924 admirantes.
182 1890 250 1925 Reuixit
262 1890 313 1933 igitur
323 1900 370 1933 puer,
379 1895 396 1924 et
407 1889 483 1931 surrexit,
490 1895 507 1924 et
519 1888 573 1924 sancti
585 1889 674 1924 Edmundi
685 1889 751 1924 meritis

49 1940 67 1975 in
75 1947 112 1975 toto
120 1941 211 1976 conualuit.

124 2045 155 2077 Du
167 2051 218 2077 rimo
230 2044 317 2076 Hunmcr
329 2041 456 2085 cuuaunufiu]
468 2052 481 2076 u
492 2050 559 2076 uoreru
570 2049 680 2076 suscrrnno.

90 2116 131 2149 llius
143 2117 233 2149 cuiusdam
241 2116 301 2149 militis
312 2115 437 2149 cantuariensis
444 2115 514 2147 nomine
523 2115 593 2148 Henrici
602 2125 654 2158 vsque
662 2115 685 2148 ad
692 2116 753 2149 mortis
761 2119 782 2151 30

69 2188 71 2192 -
110 2166 174 2200 exitum
189 2166 274 2210 egrotauit
287 2172 305 2200 et
320 2165 390 2208 languit.
414 2167 454 2208 Quo
467 2165 538 2199 tandem
552 2165 640 2207 moriente,
653 2165 680 2200 vel
695 2166 754 2209 pocius

53 2223 125 2259 mortuo,
132 2218 210 2252 eiusdem
222 2222 312 2260 pareutum
323 2215 396 2250 deuocio
407 2216 502 2249 condolens
513 2216 575 2249 suimet
588 2215 663 2259 corporis
675 2228 754 2251 mensure

52 2268 163 2302 candelarum
174 2267 265 2302 luminaria
276 2273 400 2310 coaptnuerunt
411 2272 429 2299 et
440 2266 539 2299 oblaciones
551 2273 612 2300 sancto
624 2268 718 2301 Edmundo
725 2268 755 2301 de·

52 2324 142 2353 uouerunt.
169 2318 236 2360 Quibus
249 2317 304 2357 iactis,
316 2328 358 2360 puer
371 2316 431 2350 reuixit
446 2323 463 2350 et
478 2317 574 2358 conualuit;
587 2327 661 2360 moxque
676 2323 754 2359 parentes

52 2374 186 2411 properauerunt
194 2374 212 2402 et
219 2375 260 2402 vota
268 2379 300 2402 sua
307 2373 368 2400 sancto
376 2366 469 2400 Edmuudo
477 2367 595 2401 reddiderunt.
763 2370 782 2401 35

91 2442 132 2476 llius
139 2441 222 2477 Willelmi
230 2442 252 2476 de
260 2442 333 2476 Bealuer
340 2440 405 2476 domini
415 2439 478 2483 egregii
487 2450 540 2484 usque
548 2440 571 2475 ad
578 2446 650 2474 mortem
659 2439 754 2482 egrotauit:

112 2499 138 2527 set
146 2493 264 2536 aparentibus
274 2493 344 2526 nomine
352 2492 417 2525 domini
425 2498 442 2525 et
450 2491 504 2525 sancti
513 2491 601 2523 Edmundi
609 2491 694 2531 inuocato,
702 2490 755 2525 cicius

54 2543 141 2577 conualuit
159 2550 176 2577 et
194 2542 276 2584 surrexit3
294 2552 364 2585 unaque
379 2552 418 2575 cum
435 2542 460 2576 eis
480 2548 559 2574 sanctum
577 2540 689 2573 Edmundum
707 2540 755 2582 adiit,

232 2623 238 2642 ¹
249 2635 281 2656 om.
444 2623 452 2643 ²
462 2622 495 2653 MS.
502 2626 575 2655 sanctum·

380 2679 394 2706 U
402 2682 413 2704 u
421 2680 431 2704 2
