1762 2803
115 118 160 218 μὲ)
250 207 251 210 ,
306 160 386 212 mota
402 154 629 223 terminantia.

116 281 169 324 Quod
177 290 221 316 vero
227 279 279 324 prius
285 280 382 314 candidum
389 280 471 315 codicem
477 292 555 326 paruum
561 280 676 325 protulerunt
681 280 747 324 angeli,
753 279 821 315 deinde

116 341 177 368 atrum
190 335 279 368 demones
291 337 309 367 et
322 342 416 376 magnum,
428 334 613 369 animaduertendum
628 338 656 367 est
668 333 716 378 qnod
728 332 747 367 in
761 332 821 376 prima

116 392 164 424 etate
172 388 220 423 bona
228 386 287 431 aliqua
296 384 344 429 fecit,
352 397 388 431 que
396 391 459 423 tamen
466 397 524 433 praue
532 387 604 432 agendo
612 383 685 421 iuuenis
692 386 810 421 obnubilauit.

210 472 226 508 ἹῘ
239 463 272 505 DE
284 481 346 505 SERUO
358 482 390 505 DEI
402 464 498 507 ROBERTO
509 482 583 506 ABBATE
593 470 723 508 vaunnam&

158 533 260 569 Enerabllis
276 534 333 568 abbas
349 534 448 576 Robertus,
462 546 486 569 ex
501 535 595 579 prouincia
610 534 717 568 eboracensi
730 538 787 575 ortus,
802 534 820 567 in

98 601 107 630 5
178 586 245 631 puerili
253 591 301 622 etate
309 587 393 623 leuitates
402 593 420 623 et
429 588 526 621 infantium
533 587 587 620 ludos
596 586 686 628 deuitans,
694 591 713 620 et
722 586 742 620 in
753 586 821 620 littera·

116 635 157 673 tura
167 639 272 684 proficiens,
282 639 377 675 cuiusdam
386 641 475 676 ecclesie²
482 645 543 674 rector
552 641 634 674 efficitur.
657 639 739 673 Dimissa
746 640 821 673 tandem

117 692 194 728 ecclesie
209 697 228 727 et
243 692 346 727 animarum
361 703 409 735 cura,
424 692 443 727 in
458 693 570 727 monasterio
585 694 609 727 de
622 692 725 737 Whiteby³
739 691 821 726 habiturn

117 746 239 779 monasticum
249 745 302 790 petiit
313 751 331 780 et
342 746 419 789 accepit.
442 745 481 779 illis
490 752 551 780 autem
563 745 628 780 diebus
640 744 763 786 Richardus⁴,
771 744 822 789 prior

117 797 224 832 monasterii
237 798 304 832 Sancte
317 798 376 831 Marie
387 798 509 838 eboracensis,
522 809 563 831 cum
575 798 672 831 duodecim
686 797 746 839 sociis,
759 798 820 832 locum

91 866 110 887 10
118 851 211 895 quendam
222 850 297 885 nomine
308 849 408 885 Fontes⁵a
419 850 520 885 Thurstino
529 849 667 895 archiepiscopo
678 849 764 893 suscepit,
774 854 792 883 et
802 848 821 883 in

118 905 204 938 abbatem
214 903 283 938 electus
294 903 427 937 monasterium
438 903 545 945 construxit,
554 909 572 937 et
583 904 665 938 habitum
676 903 822 937 cisterciensium

118 966 220 997 assumens,
232 955 288 990 vitam
302 956 374 990 illorum
386 962 405 990 et
418 966 481 990 mores
494 957 569 991 zelabat.
594 955 644 990 Necu
657 961 696 990 erat
710 955 740 1001 qui
753 965 821 1000 panem

118 1015 200 1044 sumeret
207 1009 293 1049 ociosum,
299 1007 345 1043 neci
352 1007 409 1053 quieti
417 1008 525 1053 indulgeret,
530 1009 566 1044 nisi
573 1009 636 1044 labore
645 1009 734 1054 fatigatus.
759 1008 821 1042 Fame«

118 1063 147 1095 lici
157 1062 268 1096 accedebant
279 1062 302 1095 ad
309 1071 400 1103 mensam,
408 1061 477 1105 fatigati
484 1062 508 1095 ad
516 1062 593 1104 lectum;
606 1073 700 1106 nunquam
708 1062 776 1103 saciati,
782 1061 822 1096 sine

91 1129 109 1160 15
118 1113 194 1149 tristicia
207 1118 225 1148 et
239 1123 338 1156 murmure,
351 1124 393 1147 cum
406 1113 457 1148 omni
470 1113 562 1148 alacritate
576 1114 710 1148 benedicebant
722 1114 821 1148 dominum.

119 1169 168 1203 Huic
184 1166 253 1203 etenim
270 1166 407 1212 congregationi
425 1171 489 1201 sancte
503 1166 532 1202 vir
546 1167 616 1202 domini
633 1167 733 1210 Robertus,
749 1168 822 1201 obtenta

118 1220 188 1256 abbatis
196 1219 224 1255 sui
232 1219 310 1262 licentia,
319 1230 340 1254 se
348 1220 456 1263 adiungens,
462 1220 481 1254 in
489 1220 551 1254 labore
559 1226 598 1254 erat
606 1225 694 1254 strenuus
699 1220 710 1263 ⁸,
716 1220 736 1253 in
744 1220 822 1256 lectione

118 1280 136 1308 et
147 1273 264 1309 meditatione
272 1274 362 1314 assiduus,
371 1273 390 1307 in
400 1273 482 1308 oratione
492 1274 575 1316 deuotus,
584 1273 603 1307 in
614 1273 690 1309 consilio
700 1273 795 1318 prouidus,
803 1273 822 1311 iu

118 1337 205 1362 sermone
214 1326 308 1361 facundus.
331 1326 405 1369 Elapsis
415 1333 477 1360 autem
487 1326 569 1370 quinque
579 1328 638 1368 annis,
646 1338 695 1360 anno
706 1327 744 1362 scil.
753 1326 822 1361 domini

91 1399 110 1420 20
119 1380 216 1415 millesimo
233 1378 334 1414 centesimo
353 1378 447 1413 tricesimo
466 1379 551 1422 septimo,
566 1379 631 1413 collata
646 1390 657 1412 a
672 1380 751 1423 quodam
766 1378 823 1413 nobili

119 1433 238 1478 possessione
249 1443 321 1476 magna,
333 1433 352 1466 in
364 1432 417 1476 plaga
430 1432 567 1475 Northumbrie,
576 1431 687 1466 venerabilis
698 1432 792 1467 Robertus
803 1431 822 1467 in

119 1488 204 1522 abbatem
216 1486 291 1528 clectus,
299 1485 398 1529 assumptis
410 1496 474 1519 secum
482 1485 569 1519 vndecim
580 1485 666 1520 fratribus
678 1485 822 1521 Nouum-mona·

119 1540 207 1575 sterium⁹
219 1539 325 1573 construxit.
351 1538 379 1573 De
392 1549 458 1573 mensa
470 1540 549 1573 saciatus
562 1549 657 1583 nunquam
672 1537 757 1580 surrexit,
771 1544 789 1573 et
803 1538 823 1573 in

119 1593 261 1635 quadragesima
275 1601 343 1634 panem
358 1596 376 1624 et
390 1602 457 1634 aquam
472 1592 569 1626 comedere
584 1591 684 1626 consueuit.
734 1584 822 1636 Quodam

92 1661 110 1692 ²5
119 1649 203 1688 tempore
215 1642 301 1686 paschali,
312 1642 420 1676 mortificato
431 1648 496 1686 gustus
507 1643 590 1687 appetitu
601 1654 643 1676 cum
654 1644 738 1686 apposita
749 1654 823 1677 sumere

120 1708 157 1731 non
170 1702 239 1742 posset,
252 1695 309 1730 frater
322 1695 352 1739 qui
366 1695 480 1730 ministrabat
495 1696 540 1730 dixit
555 1697 583 1731 ei:
601 1695 673 1738 ‘Quare
686 1706 723 1729 non
737 1695 823 1737 comedis,

119 1750 194 1794 paterl'
216 1749 250 1783 Cui
265 1749 307 1784 ille:
325 1748 356 1782 ‘Si
371 1748 465 1792 haberem,
478 1747 541 1792 inquit,
555 1758 623 1793 panem
638 1758 749 1783 auenaceum
763 1750 823 1785 butiro

119 1804 177 1847 litum,
185 1807 229 1847 puto
237 1803 286 1846 quod
294 1802 338 1836 inde
346 1802 443 1836 comedere
450 1802 537 1846 possem!
560 1802 601 1844 Quo
609 1801 669 1844 allato,
675 1802 794 1837 considerans
802 1813 823 1837 se

119 1857 212 1891 modicum
218 1855 366 1900 concupiscentie
372 1856 494 1898 consensisse,
499 1856 620 1890 vehementer
625 1855 711 1900 expauit:
723 1860 740 1890 et
746 1866 823 1891 seuerus

91 1924 110 1953 30
119 1909 138 1943 in
149 1920 170 1944 se
180 1909 236 1942 iudex
247 1913 265 1943 et
276 1909 323 1942 vltor
335 1909 416 1948 effectus,
427 1913 501 1952 gustare
512 1908 573 1941 renuit
584 1913 603 1941 et
614 1907 703 1942 incibatus
714 1910 822 1952 permansit.

120 1962 144 1997 Et
154 1973 196 1997 cum
204 1961 264 1996 cibum
275 1961 327 1996 illum
335 1960 448 2005 pauperibus
459 1961 481 1996 ad
489 1966 561 2006 portam
569 1960 655 2005 mitteret,
663 1961 736 1995 iuuenis
744 1962 824 2005 quidam,

119 2015 236 2060 splendidam
244 2015 315 2049 habens
321 2014 392 2056 faciem,
400 2019 458 2049 totum
466 2024 508 2049 cum
518 2014 617 2059 parapside
622 2015 635 2033 ¹⁰
643 2014 727 2058 sumpsit,
735 2021 754 2048 et
762 2016 824 2048 statim

119 2068 203 2103 euanuit:
213 2079 291 2112 cumque
299 2068 322 2102 de
328 2078 372 2102 vase
380 2068 440 2102 ablato
449 2078 511 2102 sermo
519 2069 577 2110 fieret,
583 2068 668 2111 parapsis
676 2078 733 2112 super
739 2078 824 2115 mensam

120 2132 182 2156 coram
190 2121 255 2155 abbate
263 2121 322 2156 subito
330 2121 400 2155 cecidit.
424 2120 468 2155 Erat
475 2120 525 2155 enim
533 2120 610 2164 angelus
618 2120 691 2163 domini,
700 2119 731 2164 qui
738 2120 824 2155 elemosi-

92 2186 110 2216 35
120 2183 164 2208 narn
172 2173 206 2207 viri
213 2173 243 2207 dei
251 2174 274 2207 de
282 2174 322 2207 celo
330 2173 398 2206 missus
406 2173 491 2216 accipere
498 2174 553 2206 venit.
576 2173 642 2207 Preter
649 2172 723 2207 solitum
731 2174 824 2208 seruitutis

120 2232 139 2261 et
150 2225 235 2260 orationis
247 2236 331 2270 pensum,
339 2231 413 2260 centum
422 2224 554 2270 quinquaginta
564 2224 646 2270 psalmos
658 2225 737 2270 quotidie
749 2225 824 2261 domino

120 2280 233 2314 decantabat.
279 2271 357 2313 Factum
367 2285 396 2313 est
406 2278 456 2312 enim
463 2283 483 2313 vt
494 2279 573 2323 quodam
583 2283 667 2322 tempore
677 2279 730 2314 solito
738 2280 824 2315 attentius

121 2343 181 2375 orans,
193 2336 211 2366 et
222 2331 315 2365 lachrimis
326 2332 442 2366 abundanter
452 2331 518 2365 faciem
529 2331 597 2376 rigans,
607 2331 687 2366 animam
698 2343 751 2367 suam
762 2343 823 2368 coram

140 2396 146 2414 ¹
157 2396 186 2426 Ed,
193 2395 210 2424 in
219 2395 255 2424 Act.
265 2395 294 2425 SS.
302 2394 342 2424 Boii.
351 2394 393 2430 June
403 2395 424 2425 u.
433 2404 448 2432 p.
459 2404 478 2432 47
489 2394 527 2433 [and
537 2395 608 2433 Sunius);
618 2395 694 2433 abridged
703 2396 743 2426 srorn
753 2397 780 2426 the
787 2396 823 2427 Vita

121 2436 139 2465 of
147 2435 200 2465 which
208 2434 276 2463 another
285 2434 384 2470 abridgment
393 2434 407 2463 is
417 2434 433 2463 in
444 2434 477 2464 MS.
486 2434 544 2464 Lansd.
554 2436 589 2472 436,
600 2435 610 2465 s.
622 2437 703 2466 nem.-
718 2436 741 2472 [A
750 2436 824 2466 different

121 2476 167 2505 Saint
176 2474 189 2503 is
201 2473 217 2503 S.
229 2473 291 2503 Robert
300 2472 318 2502 of
327 2473 467 2511 Knaresborough,
477 2473 571 2511 Yorkshire‚
580 2474 643 2511 bennit,
654 2475 711 2504 whose
721 2475 754 2511 lile,
765 2475 782 2504 in
792 2476 824 2505 Old

121 2515 166 2552 angl,
174 2523 225 2550 verse,
231 2522 266 2543 was
274 2512 299 2543 ed.
306 2512 359 2542 Roxb.
365 2512 410 2549 Club,
418 2514 470 2549 1824.)
504 2513 510 2530 ²
517 2513 552 2543 MS.
557 2514 574 2542 L.
580 2514 618 2543 cccl.
623 2514 643 2543 de
649 2514 736 2551 Gurgrave,
744 2514 770 2543 ubi
778 2518 824 2545 natus

120 2556 176 2585 suerat.
213 2553 220 2571 ³
227 2554 244 2584 T.
253 2552 329 2583 Whitebi.
366 2551 396 2582 ⁴T.
404 2551 482 2588 ricardum
493 2552 526 2584 itis
534 2552 631 2583 Richardde
639 2553 696 2592 Merly.
733 2553 824 2584 ⁵=Foun=

120 2595 280 2633 tains,nearRipon.
320 2592 427 2624 ‘Bollllom
473 2591 519 2624 ⁷vel.
565 2593 681 2626 tustanus.
728 2593 823 2626 ⁹sc.New·

120 2635 190 2672 minster,
199 2643 237 2664 near
244 2633 323 2673 Morpeth.
363 2632 375 2650 ¹⁰
385 2633 426 2664 Boll.
433 2633 522 2672 paropside.
