1762 2803
315 117 451 179 sisinium
706 134 731 165 rt

33 248 58 276 De
65 247 119 274 sancta
126 241 174 271 Hilda
180 240 242 277 virgine
249 244 265 269 et
272 240 351 269 abbatissa

34 294 58 323 De
67 293 122 320 sancta
129 287 217 317 Hildelitha
223 287 285 324 virgine
294 290 311 316 et
321 286 368 316 abba-

72 338 110 366 tissa

34 389 59 416 De
71 387 125 413 sancto
136 380 211 411 Honorio
221 380 340 419 archiepiscopo
353 385 369 409 et

73 430 164 460 consessore

35 481 59 508 De
65 483 120 507 sancto
127 484 177 514 puero
185 474 254 513 Hugone
261 483 270 504 a
276 474 329 504 Iudeis
336 482 369 504 cru-

73 524 120 552 ciflxo

35 573 59 601 De
66 575 120 600 sancto
128 569 197 606 Hugone
204 567 279 606 episcopo
286 571 303 598 et
310 566 370 598 conses-

74 627 110 648 sore

36 667 60 696 De
66 669 121 695 sancto
129 663 177 693 iltuto
184 662 240 693 abbate
247 667 263 693 et
270 662 360 693 consessore

36 714 60 743 De
67 714 121 741 sancto
129 710 201 740 Indracto
209 713 225 739 et
231 708 279 739 sociis
288 710 322 739 eius
331 719 370 739 mar-

75 758 135 796 tyribus

36 809 60 836 De
67 809 122 835 sancto
130 805 201 834 Iohanne
208 805 228 834 de
234 804 321 834 Beuerlaco
329 805 370 843 epis-

75 861 115 889 copo
122 856 138 881 et
145 851 237 881 consessore

36 901 60 929 De
76 903 131 928 sancto
145 898 216 928 Iohanne
233 898 253 927 de
271 898 370 936 Bridlington

75 944 166 974 consessore

37 993 60 1021 Dc
67 995 122 1020 sancto
130 991 189 1028 ioseph
197 990 216 1020 ab
223 990 305 1021 Armathia

37 1040 61 1069 De
70 1042 125 1068 sancto
135 1038 215 1068 Ithamare
224 1038 300 1077 episcopo
309 1043 325 1068 et
334 1048 371 1069 con·

76 1086 135 1115 sessore

37 1134 61 1162 De
65 1137 120 1162 sancto
125 1133 175 1162 Iuone
180 1132 255 1171 episcopo
261 1136 277 1162 et
281 1132 371 1163 consessore

38 1180 62 1208 De
68 1183 122 1208 sancto
129 1180 173 1216 Iwyo
181 1180 271 1210 consessore

37 1225 61 1255 De
71 1229 125 1254 sancto
136 1225 218 1255 Iustinano
228 1229 296 1263 martyre
305 1231 321 1256 et
328 1236 371 1256 mon-

75 1273 115 1301 acho

38 1319 63 1348 De
70 1322 124 1348 sancto
132 1319 176 1349 insto
184 1320 303 1358 archiepiscopo
312 1325 328 1351 et
335 1330 373 1351 con·

76 1365 136 1395 sessore

39 1411 63 1441 De
70 1415 123 1441 sancta
131 1412 210 1442 Iuthwara
215 1412 275 1451 virgine
282 1418 299 1444 et
304 1419 372 1452 martyre

39 1459 63 1489 De
71 1464 125 1489 sancto
137 1460 189 1490 Kebio
199 1461 275 1500 episcopo
285 1467 302 1492 et
312 1463 372 1492 conses-

77 1515 114 1536 sore

39 1554 63 1582 De
70 1559 123 1583 sancta
131 1555 189 1592 Keyna
194 1555 257 1600 virgine

39 1600 63 1629 De
70 1604 124 1630 sancto
132 1601 201 1638 Kynedo
208 1602 298 1632 consessore

40 1647 63 1676 De
70 1653 125 1678 sancto
133 1650 211 1679 Kenelmo
218 1659 256 1687 rege
263 1655 279 1680 et
286 1655 354 1688 martyre

40 1694 63 1724 De
76 1698 131 1725 sancto
146 1695 250 1734 Kentegerno
265 1697 340 1736 episcopo
357 1702 374 1727 et

78 1740 171 1771 consessore
188 1771 191 1788 Ι

40 1786 64 1815 De
77 1792 133 1817 sancto
144 1788 219 1826 Knyano
231 1798 266 1819 cum
280 1790 327 1820 sociis
341 1790 374 1820 suis

78 1836 172 1871 martyribus

41 1879 64 1908 De
71 1882 128 1911 sanctis
136 1883 245 1922 Kyneswyda,
251 1883 354 1923 Kyneburga‚
359 1890 375 1915 et

45 1943 46 1946 =
79 1927 127 1959 Tibba
134 1930 220 1968 virginibus

41 1973 65 2003 De
72 1980 126 2005 sancto
134 1978 226 2010 Lamsranco
233 1979 351 2018 archiepiscopo
359 1983 375 2009 et

79 2024 171 2055 consessore

42 2067 65 2097 De
72 2075 127 2100 sancto
135 2073 222 2111 Laurencio
233 2074 352 2113 archiepiscopo
359 2079 375 2104 et

80 2118 171 2149 consessore

42 2161 65 2191 De
74 2169 129 2237 ssancto
138 2167 217 2198 Lethardo
227 2169 301 2206 episcopo
311 2173 328 2198 et
339 2177 375 2198 con·

86 2220 140 2242 CSSOl'e

42 2254 66 2285 De
72 2262 127 2288 sancto
134 2259 207 2291 Maehuto
214 2261 290 2300 episcopo
295 2261 375 2291 etconses-

80 2312 117 2334 sore

43 2348 124 2382 Desancto
130 2354 207 2392 Maglorio
212 2356 288 2394 episcopo
295 2355 376 2386 etconses-

81 2407 117 2429 sore
193 2438 195 2442 ,

43 2442 67 2472 De
76 2451 131 2477 sancto
142 2448 219 2480 Malachia
229 2451 305 2488 episcopo
314 2454 331 2479 et
340 2459 376 2479 con-

82 2492 142 2525 sessore

44 2536 67 2567 De
74 2545 128 2571 sancta
135 2542 225 2581 Margareta
233 2544 296 2582 Regina
303 2543 356 2573 Scotie

399 240 424 268 De
431 242 486 268 sancta
491 238 571 268 Maxentio
575 239 637 276 virgine
644 243 660 269 et
666 244 735 277 martyre

399 286 425 316 De
438 289 494 316 sancto
507 285 569 316 Meiiito
582 286 702 325 archiepiscopo
719 293 736 318 et

439 333 530 363 consessore

400 381 425 409 De
432 383 487 409 sancto
494 380 558 409 Melone
565 379 604 418 epis.
615 385 632 410 et
639 381 730 411 consessore

401 427 425 456 De
432 431 488 456 sancto
495 427 555 456 Meiere
562 430 631 465 martyre

401 474 426 502 De
433 477 487 503 sancta
495 473 572 511 biilburga
578 473 641 511 virgine

401 520 737 558 DesanctaMildredavirgineetabbatissa

401 567 736 605 Desanctaiisodwenavirgineetabbatissa

401 615 426 645 De
433 620 488 645 sancto
496 614 549 646 Neoto
558 615 614 646 abbate
623 620 639 645 et
646 616 737 646 consessore

401 663 426 692 De
431 667 487 692 sancto
493 663 563 693 Niniano
569 663 645 701 episcopo
652 666 668 693 et
675 664 736 693 conses-

441 719 478 740 sore

401 757 426 787 ne
440 761 496 787 sancto
509 757 566 788 Odone
584 756 704 796 archiepiscopo
721 763 737 788 ct

442 804 533 834 consessore

402 852 427 880 De
434 855 489 880 sancto
497 851 572 889 Odulpho
579 851 672 881 consessore

402 899 427 927 De
434 902 488 928 sancta
496 899 552 929 Ositha
559 899 621 936 virgine
628 903 643 928 et
651 903 720 936 martyre

403 946 428 974 De
434 949 488 975 sancta
495 946 576 975 Osmanna
582 946 644 983 virgine

402 993 428 1021 De
434 997 490 1023 sancto
498 993 581 1024 Osrnundo
590 993 666 1031 episcopo
675 996 692 1022 et
701 1002 737 1022 con·

442 1041 503 1070 sessore

403 1089 428 1117 De
438 1092 492 1118 sancto
503 1088 579 1119 Oswaldo
590 1089 666 1126 episcopo
676 1092 693 1117 et
701 1096 738 1117 con·

443 1135 503 1165 sessore

403 1181 428 1209 De
435 1184 491 1209 sancto
498 1180 574 1209 Oswaldo
581 1189 619 1217 rege
626 1184 642 1208 et
649 1184 718 1216 martyre

403 1226 428 1255 De
435 1230 490 1255 sancto
497 1226 564 1256 Oswino
571 1236 609 1264 rege
616 1230 633 1255 et
639 1230 709 1264 martyre

404 1274 429 1303 De
439 1278 495 1303 sancto
505 1274 582 1304 Oudocco
592 1275 668 1312 episcopo
677 1277 694 1302 et
702 1281 738 1302 con·

443 1320 503 1350 sessore

404 1366 429 1395 De
435 1371 490 1396 sancto
496 1366 565 1396 Paterno
573 1367 648 1404 episcopo
655 1370 672 1395 et
678 1365 739 1395 conses-

444 1423 480 1444 sore

404 1463 430 1492 De
436 1466 492 1492 sancto
497 1451 566 1492 Patricio
572 1463 649 1500 episcopo
656 1465 672 1491 et
679 1461 740 1491 conses-

444 1519 481 1539 sore

405 1557 430 1586 De
437 1561 492 1586 sancto
500 1556 566 1586 Paulino
573 1557 649 1594 episcopo
656 1560 673 1585 et
679 1555 740 1585 conses-

444 1613 481 1634 sore

405 1651 430 1680 De
436 1655 491 1680 sancto
496 1650 623 1681 Petrocoabbate
628 1655 644 1680 et
649 1651 740 1680 consessore

405 1698 430 1727 De
437 1702 493 1728 sancto
500 1697 559 1728 Pirano
569 1698 644 1736 episcopo
655 1702 671 1727 et
680 1697 740 1727 conses-

445 1755 482 1775 sore

405 1792 431 1820 De
440 1796 495 1821 sancto
502 1791 583 1822 Richardo
594 1792 670 1829 episcopo
679 1796 695 1821 ct
704 1801 741 1820 con·

445 1839 505 1868 sessore

406 1885 431 1914 De
442 1894 489 1915 seruo
499 1886 525 1914 dei
533 1885 604 1914 Roberto
614 1885 670 1915 abbate
677 1894 741 1914 venera·

446 1932 473 1962 bili

407 1979 432 2008 De
438 1982 494 2009 sancto
501 1978 597 2009 Rumwoido
604 1978 695 2009 consessore

407 2027 432 2056 De
439 2031 495 2057 sancto
502 2027 590 2065 Sampsone
599 2026 675 2065 episcopo
682 2031 698 2056 et
705 2035 741 2055 con·

446 2074 507 2103 sessore

408 2120 432 2150 Dc
439 2124 494 2151 saneta
501 2120 583 2158 Sexburga
589 2120 644 2157 regina

408 2168 433 2197 De
440 2172 495 2197 sancto
503 2167 587 2197 Swithono
594 2167 669 2205 episcopo
679 2171 695 2196 et
705 2175 741 2195 con·

447 2215 507 2244 sessore

408 2261 433 2290 De
445 2265 500 2291 sancto
509 2260 582 2291 Thatheo
593 2261 668 2298 episcopo
679 2263 695 2290 et
705 2269 742 2290 con·

447 2308 507 2338 sessore

408 2355 433 2384 De
440 2359 495 2385 sancto
502 2353 567 2384 Theliao
574 2354 651 2392 episcopo
658 2358 675 2383 et
683 2354 744 2384 conses-

447 2411 484 2431 sore

408 2449 432 2478 De
439 2451 494 2478 sancto
501 2447 586 2478 Theodoro
596 2448 717 2486 archiepiscopo
729 2452 745 2479 ct

448 2496 540 2526 consessore

407 2543 433 2573 De
439 2547 494 2574 sancto
501 2543 562 2574 Thorna
568 2544 644 2582 episcopo
651 2543 736 2573 Hersordic
