1762 2803
133 133 178 185 406
216 170 218 174 ,
322 128 406 180 ¹thuna
421 124 538 187 letenna
553 123 646 186 uncta

135 248 232 285 desideriis
246 260 267 283 ae
282 247 400 294 petitionibus
415 246 476 281 animo
487 246 556 283 volenti
569 246 662 289 obediens,
673 245 713 280 eius
728 244 802 280 monitis
817 255 838 280 se

134 304 182 338 vltro
193 302 297 337 inclinabat.
320 302 362 335 Non
376 302 436 335 solum
451 301 501 335 enim
514 300 572 344 ipsius
585 305 627 335 vota
639 299 690 343 regia
703 293 793 343 potestate
807 299 838 332 ad-

135 357 198 390 iuuare
214 355 287 397 studuit,
298 365 362 389 verum
375 354 430 388 etlam
442 353 481 388 eius
492 358 602 398 prouocatus
613 352 703 396 exemplis
715 352 772 386 multa
785 351 839 386 sacie-

135 412 177 453 hat;
189 410 289 453 nephanda
300 408 410 443 simulachra
421 407 539 448 execrando¹,
551 418 562 441 a
573 406 640 441 finibus
654 405 692 441 suis
704 405 839 441 exterminauit.

119 477 127 506 5
137 464 191 496 Hanc
199 463 267 495 Christi
278 462 364 494 famulam
376 461 477 494 mirabatur
485 461 596 499 venerando,
605 460 681 501 eiusque
692 459 740 492 inter
751 458 839 492 secularia

136 513 212 548 llumina
222 514 278 547 fixam
289 513 328 547 celo
339 512 459 546 intentionem
471 511 589 545 emulabatur.
612 511 659 544 Nata
669 515 697 544 est
707 515 769 544 autem
777 515 840 544 sancte

137 566 244 601 Ermenilde
253 566 316 610 proles
323 565 377 600 vnica
387 570 450 599 sancta
457 564 574 608 Werburga:
586 575 607 598 ac
617 570 659 608 post
667 565 731 598 decem
743 568 761 597 et
769 568 840 607 septem

137 630 195 654 annos
208 620 260 663 regni
271 619 300 653 sui
307 619 389 652 Wlsero²
398 629 441 662 rege
453 622 529 660 mortuo,
538 617 578 661 ipsa
589 628 631 651 cum
642 616 678 650 filia
688 627 721 650 sua
730 617 765 650 deo
775 616 841 650 dilecta

137 672 268 707 monasterium
280 673 355 716 elyense
367 672 401 706 sub
412 676 471 705 matre
482 681 515 704 sua
527 670 623 715 Sexburga
634 669 714 713 intrauit,
726 680 747 703 ac
759 668 841 703 habitum

111 739 129 760 ro
137 725 230 768 religionis
242 725 349 768 suscipiens,
358 735 432 758 omnem
443 735 496 767 spem
508 729 526 757 et
537 735 619 758 amorem
630 723 687 757 seculi
696 728 772 766 propter
780 722 841 756 Chris-

137 785 176 813 tum
188 778 271 822 reliquit;
283 778 354 822 vigiliis,
366 777 487 819 abstinentiis,
495 776 581 820 precibus
590 782 608 810 et
618 776 703 810 lamentis
715 786 781 819 corpus
789 775 841 809 casti·

138 832 203 875 gand0,
217 831 302 863 omnibus
314 842 335 863 se
347 830 453 863 inferiorern
465 829 553 867 exhibuit,
566 835 584 861 et
596 829 671 861 tandem
686 828 740 860 bonis
755 827 841 870 operibus

138 884 180 917 idus
193 883 279 916 februarii
291 883 347 917 vitam
361 882 424 915 finiuit.
468 875 505 915 Vir
514 881 589 925 quidam
601 881 699 914 saxonicus
710 880 759 913 ferro
770 879 842 913 vinctus

139 937 187 971 inter
195 936 293 970 missarum
302 936 391 970 solemnia
397 936 420 969 ad
425 934 483 979 ipsius
488 935 577 968 tumulum
583 934 646 967 orabat
653 944 657 968 :
666 939 684 968 et
692 934 739 967 lecto
747 933 842 975 euangelio

113 1002 131 1032 15
139 990 201 1034 ipsum
212 989 282 1023 terrum
293 990 317 1023 de
327 988 402 1023 brachio
414 993 464 1022 tanta
475 988 494 1022 vi
505 987 593 1021 diuinitus
604 997 703 1021 excussum
715 991 748 1027 est,
756 991 776 1020 vt
787 996 843 1030 super

140 1043 197 1076 altare
212 1042 230 1075 in
246 1046 346 1085 conspectu
363 1041 444 1074 omnium
460 1040 531 1074 eminus
546 1041 632 1074 euolaret.
691 1033 741 1074 Cum
756 1039 844 1082 magister

140 1095 215 1139 quidam
224 1105 292 1138 pueros
303 1094 419 1128 sermonibus
430 1099 529 1137 correptos,
537 1092 645 1127 verberibus
652 1092 732 1137 plectere
740 1096 843 1135 temptaret,

140 1153 158 1181 et
166 1148 191 1180 illi
199 1147 314 1190 disciplinam
318 1147 397 1180 vitantes
404 1148 427 1179 ad
435 1147 553 1190 sepulchrum
561 1151 623 1179 sancte
630 1145 736 1179 Ermenilde
744 1145 844 1178 clamantes

140 1205 159 1235 et
170 1210 204 1244 pro
216 1210 249 1233 sua
258 1199 364 1233 liberatione
377 1204 450 1232 orantes
461 1199 586 1243 confugerent,
595 1199 704 1242 insequutus
715 1198 802 1242 magister
812 1208 844 1231 eos

114 1266 133 1288 20
141 1253 188 1298 rapit
194 1252 257 1296 [inde],
264 1257 282 1286 et
287 1262 345 1296 usque
350 1252 373 1286 ad
380 1252 481 1285 satietatem
488 1251 543 1285 animi
549 1252 639 1293 verberat,
645 1261 687 1285 cum
692 1250 723 1284 tali
728 1250 844 1284 insultatione

141 1307 207 1341 flentes
222 1306 330 1350 increpans:
347 1306 388 1339 ‘An
403 1306 491 1350 putastis³
505 1310 586 1340 sanctam
603 1304 727 1339 Ermenildam
741 1309 844 1339 vestrarum

141 1361 236 1404 culparum
244 1369 320 1402 semper
327 1359 395 1392 habere
404 1360 521 1402 patronam?’
545 1358 602 1391 Nocte
614 1357 698 1401 sequenti
710 1362 772 1390 sancta
784 1357 844 1391 eidem

141 1423 239 1457 apparens,
252 1413 310 1456 pedes
324 1417 342 1446 et
355 1423 421 1446 manus
433 1411 497 1446 fortius
509 1422 564 1455 quam
577 1410 695 1455 compedibus
709 1409 788 1452 strinxit,
802 1421 845 1444 con-

141 1471 246 1509 tractusque
254 1470 282 1498 est
290 1465 355 1507 subito,
362 1470 381 1498 vt
390 1465 439 1498 nullo
448 1465 502 1498 modo
511 1475 586 1497 mouere
596 1475 616 1497 se
625 1468 693 1507 posset.
717 1463 772 1496 Mane
783 1468 844 1496 autem

116 1531 133 1561 ²5
142 1518 210 1553 vocatis
222 1519 245 1552 ad
257 1529 277 1552 se
288 1517 351 1561 pueris
357 1518 430 1551 veniam
441 1517 547 1561 suppliciter
555 1516 645 1560 efflagitat,
655 1520 673 1549 et
680 1521 699 1550 vt
710 1526 744 1559 pro
755 1526 776 1549 se
788 1515 845 1550 inter-

143 1573 209 1606 cedant
216 1570 363 1604 lachrimabiliter
369 1570 459 1614 implorat.
481 1570 557 1604 Delatus
565 1575 607 1614 post
615 1570 649 1604 hec
657 1569 680 1603 ad
688 1569 769 1603 tumbam
777 1574 845 1612 sancte,

143 1625 197 1659 saluti
205 1623 281 1667 pristine
289 1623 394 1657 restituitur.

166 1681 214 1725 [MS.
221 1681 243 1715 T.
250 1682 307 1715 adds:
456 1680 558 1715 Narratio&

167 1732 266 1776 Solitarius
277 1738 351 1783 quidam
363 1737 520 1773 nominatissimus
531 1738 550 1773 in
564 1738 630 1782 Egipto
642 1738 680 1781 fuit,
694 1739 717 1773 de
729 1749 765 1782 quo
781 1738 847 1773 mulier

144 1793 222 1837 quedam
234 1793 316 1834 audiens,
327 1791 424 1825 iuuenibus
437 1791 492 1826 dixit:
512 1791 570 1833 ‘Quid
584 1791 638 1825 michi
651 1791 706 1826 vultis
720 1792 769 1833 dare,
782 1796 800 1825 et
812 1802 846 1835 ego

117 1862 136 1892 30
144 1848 216 1891 depono
231 1845 287 1879 istum
305 1845 404 1879 solitarium
417 1847 521 1879 uestrum?’
545 1845 573 1878 Illi
588 1850 648 1878 autem
664 1844 797 1878 constituerunt
808 1855 847 1878 cer-

144 1906 183 1934 tum
188 1899 232 1942 quid
237 1898 312 1941 [quod]⁶
320 1899 385 1931 darent
393 1898 415 1931 ei.
433 1898 473 1939 Que
481 1909 556 1941 egressa
561 1909 645 1941 uespere,
650 1897 701 1931 uenit
707 1899 731 1931 ad
738 1898 802 1931 cellam
807 1897 847 1931 eius

144 1953 194 1985 uelut
205 1961 275 1984 errans.
299 1950 322 1983 Et
333 1960 374 1983 cum
386 1950 483 1993 pulsasset,
491 1960 578 1993 egressus
590 1954 618 1983 est
629 1950 665 1983 ille.
689 1950 712 1983 Et
723 1950 789 1983 uidens
800 1960 847 1992 eam,

144 2005 227 2039 turbatus
243 2007 277 2045 est,
292 2002 366 2037 dicens:
386 2002 492 2044 ‘Quomodo
507 2003 542 2037 huc
557 2002 645 2037 uenistir’
674 2002 707 2037 Illa
722 2009 783 2037 autem
798 2002 848 2036 uelut

145 2059 220 2102 plorans
226 2056 308 2089 dicebat:
320 2056 414 2089 ‘Errando
422 2056 457 2089 huc
465 2056 518 2089 ueni?
537 2055 619 2097 Quicum
628 2055 748 2089 miseracione
756 2055 847 2089 uiscerum

118 2127 136 2161 35
145 2111 255 2156 pulsaretur,
262 2109 362 2143 introduxit
374 2119 414 2143 eam
426 2108 445 2142 in
456 2108 540 2142 atriolum
552 2109 597 2143 celle
608 2119 646 2149 sue,
656 2113 674 2143 et
684 2109 724 2152 ipse
736 2108 809 2143 intrauit
820 2108 848 2142 in·

145 2165 202 2199 terius
210 2163 228 2197 in
237 2163 301 2197 cellam
310 2173 367 2205 suam,
376 2162 467 2196 etclausit.
490 2162 513 2196 Et
521 2173 564 2196 ecce
572 2162 635 2196 infelix
643 2162 673 2196 illa
681 2162 766 2196 clamauit
772 2162 847 2197 dicens:

146 2218 212 2258 ‘Atha
224 2217 262 2250 sere
273 2227 303 2249 me
315 2216 411 2249 comedent
422 2215 462 2249 hic.¹
485 2215 518 2248 llle
529 2221 591 2248 autem
602 2214 687 2258 aperiens
699 2215 784 2257 hostium,
793 2215 848 2249 intro-

145 2270 197 2306 duxit
209 2281 249 2304 eam
261 2269 319 2303 intro:
332 2274 350 2303 et
362 2268 409 2312 cepit
420 2268 504 2302 diabolus
516 2269 566 2301 uelut
578 2268 648 2311 sagittis
660 2268 754 2302 stimulare
766 2279 797 2302 eor
809 2268 849 2302 eius

145 2325 164 2357 in
180 2334 226 2356 eam.
254 2322 334 2355 Etcum
349 2321 471 2354 intellexisset
486 2321 552 2354 diaboli
567 2332 609 2354 esse
624 2321 713 2364 stimulos,
728 2321 784 2355 dixit:
804 2321 849 2354 ‘Vie

118 2389 138 2420 40
146 2375 214 2410 inimici
221 2376 298 2409 tenebre
306 2379 354 2415 sunt,
362 2374 411 2406 filius
420 2378 481 2406 autem
490 2373 519 2406 dei
526 2373 558 2406 lux
566 2375 604 2407 est!
627 2373 709 2417 Surgens
717 2384 761 2417 ergo
768 2373 849 2407 incendit

146 2430 245 2464 lucernam.
270 2427 293 2461 Et
306 2439 348 2461 eum
359 2426 505 2460 inflammaretur
516 2425 613 2467 desiderio,
625 2426 661 2460 ait:
674 2426 720 2468 ‘Qui
733 2427 776 2460 talia
788 2431 849 2470 agunt,

146 2484 166 2517 in
176 2482 272 2517 tormentis
281 2482 361 2515 uadunt:
379 2481 437 2525 proha
447 2490 491 2524 ergo
501 2480 580 2524 teipsum
592 2480 607 2514 si
619 2485 672 2524 potes
683 2481 775 2515 sustinere
788 2482 849 2524 (etet)-

167 2552 173 2568 ¹
184 2552 224 2581 Boll.
232 2561 318 2587 execrans,
329 2552 361 2582 Vit.
369 2550 472 2580 execrabatur
478 2554 499 2579 et.
552 2550 558 2567 ²
568 2551 586 2580 T.
595 2551 665 2580 Uulsero.
722 2551 728 2568 ³
739 2551 779 2582 Boll.
787 2551 849 2589 putatis.

147 2592 153 2610 ¹
164 2593 188 2621 Ex
195 2592 226 2621 Vit.
232 2592 272 2622 Patr,
279 2601 293 2629 p.
299 2593 333 2629 883.
384 2591 390 2609 ⁵
399 2591 431 2620 VP.
440 2590 476 2627 quid
483 2590 529 2627 quod,
