1762 2803
114 111 141 155 52
305 96 385 149 muns
400 94 516 157 tarmus
531 94 625 158 tincta
674 94 676 98 '

112 223 184 253 tantum
197 228 241 253 vero
256 217 346 262 religiosis
363 218 450 262 operibus
468 222 486 252 et
502 223 565 252 sancte
583 217 718 253 conuersationi
734 217 815 251 animum

114 273 173 312 dabat,
186 276 206 304 vt
218 270 315 313 quisquisl
328 270 413 313 religiose
426 271 445 303 in
458 275 495 304 tota
508 270 649 314 congregatione
661 271 725 305 viuere
737 270 816 310 volebat,

113 324 133 358 in
146 323 185 357 eius
194 323 231 357 vita
244 323 292 366 quod
304 321 406 355 imitaretur
419 323 464 356 satis
476 322 572 356 inueniret.
595 322 663 366 Sieque
673 333 707 366 per
717 321 816 356 triennium

114 377 133 410 in
148 375 198 410 omni
214 375 312 409 deuotione
327 375 431 418 proficiens,
449 386 528 419 magnus
545 380 563 410 ct
578 376 696 410 honorandus
711 376 817 409 habebatur.

97 429 223 469 5Lamiranco
234 432 295 461 autem
304 427 327 460 ad
337 426 453 462 cadomensis
464 427 536 462 cenobii
547 428 629 471 regimen
639 432 739 471 assumpto,
750 427 816 461 Ansei-

114 493 156 516 mus
168 481 201 516 sub
215 481 311 515 Herlwino
323 481 388 515 abbate
400 480 451 524 prior
462 480 566 516 instituitur.
588 481 655 516 Totum
668 482 735 516 exinde
743 486 817 525 tempus

114 545 168 570 suum
179 534 198 568 in
210 533 239 568 dei
251 534 340 578 obsequio
348 534 435 567 conatus²
444 536 556 579 expendere,
568 535 650 569 seculum
662 540 680 569 et
691 535 731 569 eius
742 533 817 578 negocia

114 593 178 622 cuncta
192 588 215 621 ab
230 587 269 622 eius
284 586 385 622 intentione
399 587 481 622 funditus
494 587 601 632 extirpabat.
625 588 736 633 Factumque
754 592 781 622 est
797 593 817 622 vt

114 641 149 675 soii
156 642 191 674 deo
199 640 334 684 celestibusque
345 640 446 684 disciplinis
456 640 522 683 iugiter
532 646 635 685 occupatus,
646 641 744 676 intantum
756 640 817 674 diuine

87 706 106 726 ro
114 693 244 737 speculationis
262 694 334 726 culmen
353 692 461 735 ascenderit,
476 699 496 727 vt
511 693 651 727 obscurissimas
669 699 687 727 et
704 698 746 727 ante
764 703 818 726 suum

114 752 188 790 tempus
203 746 292 780 insolutas
307 746 330 780 de
344 745 439 780 diuinitate
453 745 482 779 dei
495 751 513 780 et
526 751 590 780 nostra
605 746 641 780 fide
656 746 767 791 questiones,
783 746 818 779 deo

115 803 215 841 reserante,
223 799 343 842 perspiceret,
351 809 372 833 ac
380 804 488 843 perspectas
496 801 589 842 enodaret,
597 799 704 843 apertisque
711 798 817 841 rationibus,

116 864 151 898 que
162 851 233 887 dicebat
244 857 283 886 rata
294 857 312 886 et
323 851 411 887 catholica
422 862 463 886 esse
474 852 565 896 probaret.
589 851 660 887 Diuinis
671 863 750 896 namque
762 851 817 895 scrip-

116 905 162 940 turis
170 910 240 940 tantam
251 906 306 940 fidem
318 906 401 948 habebat,
409 911 428 941 vt
436 905 557 940 indissolubili
566 905 651 941 firmitate
661 906 721 941 cordis
730 906 818 947 crederet,

89 971 107 1000 15
117 960 172 993 nichil
185 959 205 992 in
218 959 245 993 eis
258 970 300 993 esse
312 960 361 1002 quod
374 958 432 993 solide
445 959 526 993 veritatis
538 959 629 993 tramitem
640 959 677 993 vilo
688 959 743 993 modo
755 959 818 993 exiret.

118 1013 235 1056 Quapropter
245 1022 317 1046 summo
325 1011 385 1046 studio
393 1011 474 1046 animum
483 1013 505 1046 ad
514 1012 548 1046 hoc
557 1011 665 1055 intenderat,
673 1011 758 1056 quatinus
768 1011 819 1045 iuxta

117 1066 173 1099 fidem
184 1076 237 1099 suam
248 1065 316 1099 mentis
327 1065 397 1099 ratione
410 1070 512 1099 mereretur
522 1065 618 1110 percipere
629 1076 665 1110 que
675 1065 695 1099 in
705 1065 750 1110 ipsis
761 1065 819 1098 sensit

116 1117 173 1151 multa
184 1117 261 1160 caligine
272 1122 319 1151 tecta
330 1111 392 1151 latere.
416 1118 495 1160 Contigit
507 1128 552 1161 ergo
562 1119 641 1161 quadam
654 1123 708 1152 nocte
718 1123 738 1151 vt
749 1118 789 1161 ipse
800 1117 819 1151 in

117 1170 222 1204 huiusmodi
233 1175 295 1204 mente
307 1170 397 1211 detentus,
409 1175 451 1203 ante
464 1175 562 1203 nocturnas
574 1169 644 1214 vigilias
656 1170 675 1203 in
688 1170 734 1204 lecto
746 1169 819 1210 iaceret,

89 1235 108 1255 20
117 1228 135 1256 et
146 1222 251 1256 meditando
261 1233 324 1256 secum
335 1223 398 1256 rimari
407 1228 505 1256 conaretur
516 1233 596 1265 quonam
607 1223 663 1257 rnodo
674 1223 765 1266 prophete
776 1233 819 1266 pre-

117 1275 170 1310 terita
178 1274 233 1309 simul
244 1281 262 1309 et
271 1274 336 1316 futura,
345 1274 397 1318 quasi
408 1274 507 1318 presentia,
519 1274 562 1308 olim
575 1274 706 1318 agnoueruntl,
719 1279 736 1308 et
747 1274 819 1319 indubi-

117 1333 177 1364 tanter
188 1339 210 1363 ea
221 1328 268 1363 dicto
281 1328 311 1364 vel
323 1328 391 1372 scripto
405 1328 525 1372 protulerunt.
549 1327 572 1361 Et
585 1339 628 1362 ecce
641 1338 683 1362 cum
696 1328 715 1362 in
728 1327 758 1362 his
770 1333 819 1361 totus

118 1387 172 1423 esset,
180 1387 198 1415 et
207 1393 228 1416 ea
235 1381 348 1425 intelligeret
357 1392 428 1415 summe
434 1381 558 1423 desideraret3
567 1381 633 1415 defixis
641 1381 736 1415 oculorum
744 1391 826 1428 suorum¹

117 1434 179 1478 radiis,
192 1435 237 1470 vidit
250 1446 284 1479 per
296 1434 367 1469 medias
381 1434 470 1470 maceries
483 1434 556 1468 oratorii
568 1440 586 1468 et
600 1434 700 1468 dormitorii
714 1435 819 1475 monachos,

91 1500 109 1530 25
119 1499 196 1533 quorum
206 1490 241 1522 hoc
253 1488 333 1523 officium
343 1494 387 1531 crat,
398 1489 454 1522 altare
467 1493 485 1522 et
497 1487 532 1521 alia
543 1488 583 1522 loca
593 1487 669 1522 ecclesie
680 1488 820 1528 circumeuntes,

119 1542 216 1576 luminaria
234 1542 360 1581 accendentes,
378 1546 396 1574 et
412 1542 504 1585 quendam
522 1552 591 1583 eorum,
609 1546 682 1585 sumpta
699 1541 718 1575 in
735 1542 820 1575 manibus

120 1596 180 1636 corda,
192 1605 226 1638 pro
238 1593 340 1629 excitandis
350 1593 435 1628 fratribus
445 1593 528 1627 schillam
539 1594 648 1638 pulsantem.
670 1594 701 1628 Ad
711 1593 762 1628 cuius
773 1594 820 1628 soni-

120 1655 160 1682 tum
174 1652 265 1681 conuentu
277 1648 353 1681 fratrum
369 1648 392 1681 de
407 1647 459 1681 lectis
474 1652 566 1691 surgente,
582 1647 658 1681 miratus
671 1652 699 1681 est
712 1649 735 1681 de
750 1658 820 1691 reque

119 1700 213 1735 acciderat.
237 1698 326 1743 Concepit
337 1710 381 1743 ergo
390 1700 425 1734 deo
436 1711 478 1734 esse
488 1699 608 1741 leuissimum,
620 1700 716 1745 prophetis
724 1700 744 1733 in
755 1701 820 1744 spiritu

92 1764 110 1793 3⁰
119 1754 179 1788 futura
186 1758 299 1795 monstrare;
310 1764 352 1786 curn
360 1752 394 1787 sihi
403 1753 519 1794 concesserit,
528 1764 563 1797 que
571 1753 644 1796 fiebant,
652 1764 686 1798 per
694 1758 720 1788 tot
728 1753 821 1788 obstacula

119 1805 212 1849 corporeis
220 1805 277 1840 oculis
286 1816 342 1850 posse
351 1806 419 1840 videre.
443 1798 497 1840 Hinc
507 1805 636 1850 perspicaciori
645 1805 721 1840 interius
731 1806 820 1850 sapientie

119 1861 159 1896 luce
169 1859 260 1904 perfusus,
271 1869 333 1893 mores
344 1858 415 1893 omnis5
426 1870 483 1894 sexus
495 1864 512 1894 et
524 1858 577 1894 etatis
588 1858 613 1893 ita
624 1858 739 1894 discretionis
751 1860 821 1894 ratione

119 1912 243 1948 monstrante6
251 1912 360 1957 penetrauit,
367 1918 386 1947 vt
394 1924 437 1946 eurn
442 1913 504 1957 palam
511 1912 554 1947 inde
563 1917 676 1955 tractantem,
684 1913 749 1957 cuique
758 1915 820 1948 crede-

119 1977 150 2000 res
159 1966 188 1999 sui
198 1966 258 1999 cordis
267 1966 347 1999 archana
356 1965 444 1998 reuelare.
467 1965 564 2008 Origines⁷
573 1966 650 2009 insuper
658 1971 712 2008 atque
721 1966 793 2000 semina
803 1971 821 1999 et

91 2031 110 2060 35
119 2017 195 2059 radices,
207 2028 279 2052 necnon
290 2028 389 2062 processus
399 2017 482 2052 omnium
491 2018 578 2053 virtutum
588 2029 609 2052 ac
620 2017 708 2053 viciorum
719 2019 821 2063 detegebat,

120 2078 138 2107 et
149 2071 304 2116 quemadmodum
311 2071 340 2105 vel
351 2071 374 2105 he
385 2071 467 2115 adipisci,
474 2072 504 2106 vei
514 2072 548 2106 hec
557 2071 634 2106 deuitari
644 2077 674 2106 aut
681 2071 729 2106 vinci
739 2077 821 2116 possent,

119 2126 159 2159 luce
171 2124 237 2158 clarius
249 2124 342 2158 edocebat.
374 2117 407 2158 Ab
419 2121 469 2157 initio
481 2124 531 2157 enim
544 2124 635 2168 prioratus
650 2124 678 2158 sui
693 2129 743 2158 tanta
754 2135 821 2169 corpus

120 2188 173 2214 suum
187 2177 247 2212 inedia
259 2177 363 2220 macerauit,
374 2182 393 2211 vt
405 2188 442 2211 non
453 2178 513 2212 solum
525 2177 584 2212 omnis
597 2177 683 2212 illecebra
694 2178 736 2222 gule
748 2179 822 2222 penitus

120 2235 139 2267 in
152 2244 174 2266 eo
187 2233 305 2276 postmodum
319 2231 399 2265 extincta
412 2232 441 2274 sit,
454 2233 487 2265 sed
499 2244 534 2265 nec
546 2232 615 2265 famem
627 2231 666 2265 siue
680 2232 821 2266 delectationem

92 2298 111 2326 4⁰
120 2284 229 2320 comedendi
241 2296 275 2328 pro
289 2284 354 2328 quouis
367 2285 483 2325 abstinentia,
495 2291 513 2319 ut
525 2285 634 2328 quibusdam
647 2284 707 2318 dicere
721 2285 821 2325 consueuit,

120 2337 217 2382 aliquando
227 2342 326 2382 pateretur.
350 2336 463 2371 Comedebat
474 2337 536 2371 enimt'
546 2341 566 2372 vt
576 2336 612 2377 alii,
622 2337 655 2370 sed
666 2347 726 2380 parce.
749 2337 822 2372 Sanctis

121 2403 193 2435 quoque
206 2391 355 2424 meditationibus
367 2391 468 2433 insistebat,
480 2403 504 2424 ex
516 2390 670 2433 contemplatione
682 2401 753 2425 summe
766 2391 821 2426 beati-

121 2442 188 2477 tudinis
201 2448 219 2476 et
232 2443 323 2477 desiderio
334 2443 371 2477 vite
381 2444 483 2486 perhennis
494 2444 595 2476 immensos
606 2443 742 2487 lachrymarum
753 2443 822 2478 imbres

141 2510 277 2548 ¹T.E.quisque.
308 2510 402 2541 ⁹o'n1.inT.
433 2511 586 2548 tvitagnoverint.
616 2511 650 2541 4Τ.
658 2512 733 2550 intellige.
760 2511 820 2542 5Τ,1ἲ.
858 2541 861 2546 ,

121 2560 181 2580 omnes.
212 2551 524 2587 ⁶T.E.m0nstrare;Vitmonstrante:
555 2549 588 2581 ⁷E.
597 2550 680 2588 Origenes
712 2552 821 2582 ”Vittamen
