1762 2803
116 134 162 177 230
307 120 387 172 mona
402 115 519 179 tectura
534 116 626 179 annito.

117 240 162 274 -Idus
172 239 228 281 iunii;
240 241 258 273 et
265 245 315 274 tanta
322 238 358 273 illic
368 238 410 272 miri
420 238 482 273 odoris
492 249 569 284 aspersa
579 243 608 272 est
618 237 720 282 fragrantia,
728 243 747 272 vt
755 250 819 276 omnes

118 294 149 338 qui
157 293 193 328 illic
202 294 278 327 aderant
284 292 401 327 inestimabili
412 292 501 326 suauitate
509 290 678 337 replerentur—¹
685 284 760 325 Accidit
771 294 819 328 enirn

118 354 202 392 tempore
212 346 278 381 Canuti
288 345 335 390 regis
346 345 450 389 Anglorum
460 350 478 380 et
489 345 587 387 Dacorum,
595 345 644 389 quod
652 344 727 389 quidam
733 345 768 380 viri
778 357 820 382 ossa

119 401 178 436 sancti
190 401 271 445 Odulphi
282 400 386 434 auferentes
392 400 403 441 ἵ,
417 399 464 433 mira
477 399 552 433 audacia
565 398 670 432 Londonias
683 400 820 436 transtulerunt.

102 454 147 495 5Ea
162 459 270 498 tempestate
283 452 399 488 Ailwardus³
415 451 513 497 episcopus
529 451 655 487 londoniensis
667 452 764 487 ecclesiam
780 464 821 488 eue-

120 507 251 540 shamensem⁴
258 507 344 549 regebat:
357 505 388 549 qui
398 516 439 538 cum
447 505 567 538 intellexisset
578 505 664 548 reliquias
673 506 731 538 sancti
740 506 821 549 Odulphi

120 558 221 593 Londoniis
237 559 329 601 aduectas,
343 563 416 593 centum
431 557 487 593 libras
501 556 635 593 vendentibus⁵
651 557 705 598 dedit,
721 558 784 602 sicque
795 559 821 594 in·

120 611 241 649 estimabilem
247 611 371 655 t[h]czaurum
377 610 455 655 gloriose
462 610 563 655 acquisiuit‚
570 616 588 644 et
596 621 636 644 cum
646 621 712 654 magno
721 610 791 646 honore
799 613 821 647 ad

120 657 284 699 eueshamensem⁴
296 664 391 699 ecclesiam
404 664 483 698 aduexit.
527 657 624 708 Tempore
636 663 728 698 Frederici
740 664 821 709 episcopi

93 730 111 751 ro
120 718 234 752 traiectensis
244 719 319 752 beatum
329 718 437 761 Odulphum
449 717 501 751 altari
510 718 596 751 assistere
607 717 681 760 contigit
692 722 710 750 et
720 728 763 751 ecce
772 718 822 752 iuxta

120 770 177 806 altare
185 770 240 805 astitit
249 770 265 804 ei
273 770 349 815 angelus
357 769 431 813 domini,
437 770 479 804 talia
485 775 548 804 sancto
553 768 593 804 viro
601 768 725 804 annuncians:
735 769 758 803 ‘F
758 769 822 813 estina,

121 824 184 867 inquit,
192 823 221 858 vir
232 824 267 866 dei,
277 824 358 858 velocius
369 823 445 856 missam
456 822 515 865 finire,
526 828 544 857 et
556 821 603 856 sicut
614 827 669 864 astas,
680 822 822 857 sacerdotalibus

121 876 237 913 vestimentis
251 876 331 919 indutus,
347 882 430 910 sanctum
449 875 523 911 calicem
543 875 628 910 manibus
644 881 715 917 tenens,
731 877 754 910 ad
772 886 822 911 mare

122 931 192 966 concito
203 931 260 974 gradu
272 941 363 975 propera:
381 930 453 974 illicque
464 941 531 964 nauem
543 929 632 971 inuenies
644 940 679 973 que
690 935 708 963 te
719 930 822 964 Traiectum

95 995 112 1024 15
122 990 171 1019 recto
189 985 262 1024 tramite
280 985 363 1018 deducet.
392 983 433 1020 Nisi
447 983 496 1016 enim
512 983 600 1017 festInans
617 982 659 1016 illuc
677 983 729 1017 citius
744 983 823 1025 veneris,

122 1036 235 1072 traiectensis
256 1036 340 1081 pontifex
358 1047 410 1070 more
428 1035 481 1070 solito
499 1036 575 1071 missam
594 1036 701 1070 solemniter
720 1036 822 1079 celebrabit,

108 1132 109 1135 Ἴ
122 1092 170 1133 quod
182 1089 198 1122 si
209 1100 255 1122 ausu
269 1088 366 1122 temerario
376 1089 437 1122 facere
448 1088 587 1132 presumpserit,
600 1089 662 1122 diuino
673 1089 737 1122 iuditio
748 1095 823 1132 propter

121 1137 216 1186 peccatum
233 1142 282 1184 quod
301 1146 354 1174 nocte
373 1140 464 1174 commisit
479 1141 551 1174 diabolo
566 1141 643 1174 traditus
661 1140 790 1175 miserabiliter
804 1141 823 1175 in

121 1196 214 1230 infernum
226 1195 344 1238 sepeliendus
356 1194 472 1228 suffocabitur
478 1195 495 1229 ⁶:
519 1195 560 1229 Hec
570 1195 635 1237 angelo
647 1195 719 1228 dicente
728 1205 823 1238 genusque

95 1262 114 1284 zo
123 1248 191 1292 peccati
204 1247 284 1282 seriatim
296 1247 429 1289 innotescente,
440 1253 514 1282 sanctus
526 1247 624 1290 Odulphus
635 1258 685 1289 mox,
696 1248 743 1282 sicut
754 1248 823 1282 iussum

122 1301 186 1342 fuerat,
195 1300 269 1334 calicem
279 1300 364 1334 manibus
374 1299 435 1334 ferens
443 1300 622 1344 sacerdotalibusque
629 1300 744 1335 vestimentis
750 1300 823 1335 indutus

122 1354 146 1387 ad
159 1363 216 1395 mare,
229 1352 298 1386 nemini
313 1352 411 1397 quicquam
426 1352 494 1396 dicens,
508 1353 578 1387 concito
593 1354 709 1398 properabat,
725 1359 743 1387 et
758 1363 823 1387 nauem

123 1407 231 1449 ascendens,
237 1406 277 1440 sine
283 1407 344 1450 aliquo
349 1415 442 1438 remorum
449 1411 479 1439 aut
486 1406 538 1440 nauis
545 1407 680 1450 ⁷gubernaculo
687 1408 709 1440 ad
716 1407 824 1441 traiectense

123 1459 173 1493 littus
189 1458 279 1502 appulsus
295 1463 333 1493 est:
350 1457 457 1502 inuenitque
472 1458 579 1504 episcopum
594 1469 636 1492 cum
651 1458 707 1493 nimia
722 1469 790 1504 pompa
801 1459 823 1492 ad

97 1526 114 1555 ²5
124 1512 222 1546 missarum
241 1511 330 1545 solemnia
349 1521 370 1545 se
388 1517 523 1554 preparantem.
552 1512 623 1545 Videns
644 1518 705 1546 autem
727 1512 824 1557 episcopus

123 1566 198 1599 beatum
217 1563 323 1607 Odulphum
342 1563 485 1598 sacerdotalibus
504 1564 587 1598 indutum
607 1563 718 1608 calicemque
741 1563 824 1598 manibus

123 1620 218 1650 tenentem
236 1627 294 1660 prope
313 1615 406 1656 assistere,
421 1616 513 1650 admirans
529 1616 563 1650 ait:
580 1616 639 1658 ‘Quid
657 1622 682 1659 tu,
697 1617 761 1661 inquit,
777 1618 824 1650 bone

124 1669 217 1712 Odulphe,
236 1673 273 1702 tam
291 1667 396 1712 insperatus
415 1673 434 1702 et
452 1673 490 1702 tam
508 1669 600 1713 inopinato
619 1670 674 1703 modo
691 1675 771 1713 paratus,
787 1674 824 1707 tam

124 1722 203 1756 festinus
218 1721 252 1754 hac
268 1721 297 1755 die
312 1720 425 1755 aduenistir’
452 1720 475 1754 Et
489 1721 532 1756 ille:
550 1721 674 1756 ‘Necessitate
690 1724 769 1767 quadam
784 1732 825 1766 per-

97 1792 116 1820 50
125 1768 206 1810 maxima
224 1780 302 1818 coactus,
322 1774 395 1808 domine
414 1780 471 1818 pater,
488 1781 569 1810 vestram
587 1777 702 1811 sanctitatem
721 1777 753 1810 tali
771 1777 825 1810 modo

124 1828 203 1872 expetii.¹
233 1827 343 1871 Vocansque
366 1826 473 1871 episcopum
497 1839 586 1871 seorsum,
610 1829 700 1864 visionem
725 1829 825 1873 angelicam

125 1891 237 1924 omnemque
248 1880 275 1915 rei
284 1881 379 1915 veritatem
390 1879 424 1914 sibi
435 1891 459 1914 ex
470 1881 534 1915 ordine
545 1883 619 1925 pandit:
633 1883 719 1925 quoniam
730 1883 749 1917 in
761 1882 825 1917 eadem

124 1933 240 1968 sanctissima
263 1939 317 1967 nocte
336 1932 418 1976 paschali
437 1944 478 1966 cum
497 1936 576 1977 quadam
595 1935 732 1977 sanctimoniali,
751 1934 826 1978 propria

124 1986 208 2022 videlicet
218 1997 287 2029 sorore,
298 1991 397 2029 peccasset.
421 1985 474 2027 Quod
485 1987 562 2022 audiens
572 1987 675 2031 episcopus,
687 1994 705 2022 et
716 1989 763 2022 vltra
771 1997 825 2032 quam

97 2055 116 2085 35
125 2038 205 2075 estimari
216 2038 275 2083 possit
286 2038 316 2073 dei
327 2037 414 2073 iudicium
426 2049 557 2082 expauescens,
569 2040 622 2075 iussit
633 2041 707 2076 beatum
719 2041 825 2085 Odulphum

125 2094 202 2127 missam
215 2092 323 2126 solemniter
338 2092 436 2125 celebrare.
460 2092 526 2127 Postea
540 2099 601 2127 autem
617 2095 727 2138 condignam
741 2094 826 2139 peniten-

126 2147 176 2187 tiam,
184 2155 195 2178 a
203 2149 265 2178 sancto
273 2144 360 2187 Odulpho
368 2143 403 2177 sibi
410 2143 514 2185 iniunctam,
522 2147 605 2190 explens,
613 2147 740 2191 episcopatum
748 2145 826 2189 reliquit,

127 2199 192 2232 decem
209 2196 262 2230 annis
281 2196 356 2230 exilium
375 2206 441 2239 passus
460 2198 581 2243 omnibusque
598 2199 636 2234 suis
651 2199 760 2243 incognitus,
774 2200 826 2234 beato

127 2249 213 2292 Odulpho
225 2259 269 2281 cura
279 2247 366 2292 pastorali
377 2249 481 2283 commissa.
504 2251 577 2296 Elapsis
588 2264 632 2285 vero
644 2253 708 2286 decem
720 2252 773 2285 annis
784 2262 826 2295 pre-

98 2304 174 2347 40fatus
188 2301 271 2346 pontifex
288 2301 401 2343 Fredericus,
415 2303 472 2337 sancti
488 2303 563 2348 spiritus
576 2311 665 2349 operante
678 2305 741 2350 gratia,
756 2304 826 2351 apicem

104 2398 106 2401 v
126 2355 245 2401 pontificatus
264 2360 282 2389 et
300 2354 345 2388 tanti
362 2355 432 2390 ordinis
449 2358 574 2393 admirandam
593 2360 714 2402 sanctitatem,
729 2365 748 2394 vt
763 2359 827 2394 crebra

126 2409 184 2454 ipsius
192 2413 282 2443 testantur
289 2407 381 2450 miracula,
389 2408 471 2444 obtinere
479 2411 550 2446 meruit.

145 2492 151 2511 ¹
162 2491 184 2522 Cf.
194 2491 235 2521 Hist.
245 2490 299 2521 transl.
306 2491 331 2522 ed.
339 2490 407 2528 llacray,
415 2502 429 2529 p.
437 2502 471 2529 313.
553 2494 559 2512 ²
568 2504 590 2525 sc.
597 2495 636 2524 from
644 2495 722 2525 Stavoren
729 2496 745 2525 in
753 2492 827 2525 Holland.

126 2533 131 2550 ³
142 2533 162 2562 al.
169 2531 274 2561 Aelfwardus.
343 2530 349 2548 ⁴
359 2531 377 2561 T.
385 2532 523 2567 euisliamenscm.,
583 2535 589 2552 ⁵
600 2536 620 2565 al,
627 2536 725 2566 vehentibus.
792 2532 797 2550 ⁰
807 2531 827 2561 al·

126 2573 216 2611 proicietur,
284 2569 290 2589 '¹
301 2571 321 2601 al,
331 2571 366 2601 sine
373 2572 413 2610 velo,
422 2573 473 2603 remis.
