1762 2803
258 134 303 189 Bc
319 132 418 186 &endo
435 131 580 191 audacto.
728 147 771 191 233

69 254 118 288 baut.
140 254 218 290 Videres
236 261 279 290 tunc
296 255 401 289 sacerdotes
420 255 542 290 sacrosanctis
560 254 647 290 misteriis
664 253 772 289 assistentes

69 307 160 350 trucidari,
169 309 251 352 virgines
262 308 307 352 rapi,
319 308 399 342 infantes
411 309 434 342 ab
449 308 494 352 ipsis
507 315 585 343 matrum
597 308 685 342 uberibus
698 307 772 341 auulsos

69 361 92 392 ad
105 365 172 394 terram
186 362 232 395 alios
244 361 291 402 elidi,
305 372 340 406 per
351 362 409 405 pedes
424 360 469 394 alios
481 361 576 406 suspendi,
590 361 638 394 inter
651 371 717 393 manus
731 361 772 393 bar-

69 414 154 447 barorum
160 414 239 458 discerpi
244 415 255 456 ¹,
261 426 321 458 neque
329 414 382 448 sexui
389 425 449 458 neque
457 415 500 449 etati
507 414 578 449 necvlli
586 414 650 459 gradui
658 419 755 458 parcentes
761 413 773 447 o·

69 466 124 501 Vnde
133 466 181 502 illius
193 467 306 512 tempestatis
317 467 378 503 rabie³
386 467 470 502 omnibus
483 468 528 513 regii
539 468 621 511 seminis,
634 479 668 513 per
679 478 726 512 quos
737 466 789 507 sibi5

45 515 47 517 ’
69 519 162 563 timebant,
178 521 267 563 extinctis,
282 522 333 556 solus
350 522 443 564 Alhedus,
458 527 511 566 pater
527 522 576 566 regis
596 521 688 564 Edwardi,
706 531 772 555 manus

69 572 142 607 illorum
149 574 180 608 vix
191 575 254 609 euasit.
278 574 313 609 Hic
323 585 357 619 per
366 580 404 609 tres
416 586 474 609 annos
485 586 519 620 per
528 575 620 610 siluestria
630 574 772 609 somersetensis

70 625 124 669 pagi⁴
133 626 189 659 vitam
200 626 288 660 incertam
300 633 318 660 et
328 627 427 671 inquietam
436 628 525 662 ducebat:
537 628 605 672 quippe
617 627 647 671 qui
659 627 715 660 nichil
723 628 772 661 vnde

69 677 140 712 viueret
151 679 234 721 habebat,
245 679 279 714 nisi
290 680 338 723 quod
349 680 443 724 predando
456 686 486 714 aut
499 681 584 715 venando
596 686 626 715 aut
638 680 728 724 piscando
741 680 772 714 ad-

71 731 156 775 quireret.
167 774 169 778 ¹
179 732 262 766 Tandem
272 733 316 766 dum
327 733 371 767 socii
384 733 412 766 sui
426 732 473 767 circa
484 739 577 778 capturam
589 733 667 777 piscium
677 732 773 776 instarent,
782 743 801 765 ro

70 789 88 817 et
98 784 139 828 ipse
149 785 250 819 molestiam
263 796 296 819 sue
306 785 445 830 proscriptionis
456 786 575 820 meditatione
586 786 717 830 scripturarum
729 796 772 820 con-

70 837 165 879 solaretur,
178 838 233 872 astitit
248 838 265 872 ei
281 839 354 882 quidam
370 838 479 882 peregrinus
491 839 510 872 in
522 839 552 873 dei
566 839 640 873 nomine
653 838 773 872 elemosinam

71 895 142 933 petens.
164 891 216 925 Tunc
228 902 262 925 rex
272 896 359 934 vtrasque
371 901 437 924 manus
448 891 513 925 leuans
525 892 548 925 ad
560 892 626 932 celum,
638 891 674 926 ait:
690 891 773 925 ‘Gratias

70 953 104 987 ago
116 944 151 976 deo
164 943 195 987 qui
206 954 308 987 pauperem
324 953 378 976 suum
391 943 445 976 hodie
457 943 476 976 in
488 954 570 988 paupere
583 943 674 977 uisitauit!
696 943 774 976 Vocauit

71 995 105 1030 cito
124 996 228 1031 ministrum
247 1006 306 1037 suum,
321 995 353 1039 qui
371 995 427 1030 nichil
446 1000 509 1040 preter
524 996 615 1031 modicum
630 995 668 1031 vini
684 1000 702 1031 et
717 1006 773 1031 vnum
784 1006 801 1036 ¹5

70 1060 138 1093 panem
152 1050 242 1083 habebat:
259 1049 349 1092 iussitque
361 1048 441 1082 mediam
454 1054 525 1092 partem
541 1049 618 1093 pauperi
633 1049 678 1083 dari.
701 1048 774 1083 Gratias

71 1102 108 1146 egit
118 1113 189 1146 pauper
199 1107 217 1136 et
228 1101 328 1137 abscessit:
341 1102 364 1135 Et
373 1102 423 1135 nullo
431 1102 518 1136 transitus
529 1102 557 1137 sui
565 1101 642 1147 vestigio
650 1102 669 1136 in
677 1102 774 1146 paludibus

71 1155 139 1198 relicto,
147 1155 207 1189 subito
219 1155 298 1198 euanuit,
310 1160 328 1189 et
340 1165 376 1198 que
388 1154 452 1198 largita
463 1154 539 1196 fuerant,
550 1155 622 1199 integra
633 1155 708 1189 inuenta
719 1160 773 1196 sunt;

71 1214 89 1242 et
102 1209 133 1252 qui
147 1209 236 1253 piscatum
250 1208 339 1250 exierant,
350 1213 387 1241 tres
401 1219 459 1241 naues
474 1207 555 1251 piscibus
568 1214 643 1242 onustas
656 1208 730 1242 domurn
744 1218 773 1242 re-

71 1263 167 1296 duxerunt.
190 1263 280 1306 Soporato
292 1261 346 1305 igitur
358 1260 396 1305 regi
411 1261 496 1304 apparuit
508 1261 582 1305 quidam
594 1260 730 1305 pontificalibus
744 1260 772 1295 in·
782 1271 801 1293 ιο

71 1315 130 1356 dutus,
142 1314 173 1358 qui
185 1315 208 1348 de
222 1314 314 1358 diligendo
329 1315 369 1354 deo,
382 1314 473 1347 seruanda
487 1313 563 1354 iusticia,
577 1315 601 1348 de
613 1313 739 1348 misericordia
753 1313 772 1347 in

71 1377 168 1410 pauperes,
180 1367 203 1400 de
218 1366 322 1399 reuerentia
336 1365 355 1398 in
371 1366 475 1399 sacerdotes
490 1365 594 1399 exhibenda
608 1377 650 1399 eum
666 1365 741 1406 monuit,
754 1372 773 1399 et

71 1419 147 1454 adiecit:
167 1419 193 1453 ‘O
208 1419 233 1453 mi
252 1419 333 1460 alfrede,
349 1418 432 1453 Christus
450 1418 580 1454 conscientiam
596 1424 646 1453 tuam
665 1418 773 1462 respiciens,

72 1471 167 1514 erumpnis
174 1471 210 1506 tuis
218 1472 274 1505 finem
284 1471 366 1514 imponit.
390 1471 421 1505 Me
432 1471 481 1505 enim
489 1471 600 1515 impetrante
608 1472 680 1514 deoque
689 1472 774 1513 donante,

71 1523 126 1559 totius
141 1523 236 1559 Britannie
251 1523 349 1569 imperium
363 1523 396 1558 tibi
411 1524 585 1570 successoribusque
601 1524 637 1559 tuis
653 1523 774 1559 concedetur⁵
783 1535 801 1566 ²5

72 1579 212 1622 disponendum.
235 1578 255 1612 Si
266 1584 327 1613 autern
337 1579 372 1612 deo
384 1578 475 1622 michique
486 1579 551 1613 fideles
561 1579 637 1620 fueritis,
645 1590 675 1613 me
686 1585 728 1623 post
740 1579 774 1613 hec

72 1633 95 1666 ad
111 1632 241 1665 conterendum
257 1632 313 1665 robur
327 1631 443 1665 inimicorum
458 1631 539 1666 omniurn
555 1632 698 1676 inexpugnabile
713 1632 774 1666 delen-

72 1684 129 1719 sionis
142 1690 213 1719 scutum
225 1685 321 1719 habebitis.
343 1684 389 1719 Cras
404 1684 454 1719 enim
469 1685 546 1719 aderunt
561 1685 593 1719 tibi
609 1685 665 1720 sortes
680 1685 775 1726 auxiliarii,

72 1748 151 1779 quorum
162 1748 198 1780 ope
209 1738 273 1770 hostes
285 1737 383 1770 deuinces.’
406 1737 429 1769 Et
440 1737 465 1769 ait
476 1748 521 1770 rex:
536 1738 592 1778 ‘Quis
603 1748 623 1770 es
632 1739 673 1770 tu?¹
697 1738 775 1770 Etille:

72 1789 122 1833 ‘Ego
134 1800 181 1832 sum,
193 1789 256 1833 inquit,
265 1789 382 1830 Cuthbertus‚
392 1788 503 1833 peregrinus
514 1789 545 1823 ille
556 1789 655 1824 hesternus
667 1789 695 1824 cui
707 1800 775 1834 panem
784 1805 803 1836 3⁰

73 1842 175 1885 porrexisti,
188 1842 213 1876 tui
227 1847 336 1885 tuorumque
352 1852 414 1876 curam
429 1852 492 1885 agens.
515 1842 609 1877 Memento
623 1842 676 1876 huius
688 1842 720 1884 rei,
733 1853 774 1877 cum

72 1895 120 1928 bene
128 1894 160 1927 tibi
167 1894 231 1928 suerit.¹
255 1894 310 1927 Mane
318 1899 378 1927 autem
386 1894 433 1927 sacto
439 1899 530 1928 venerunt
538 1895 560 1928 ad
569 1894 630 1938 ipsum
637 1895 672 1928 viri
680 1894 775 1938 quingenti

72 1948 128 1982 armis
140 1947 209 1991 optime
222 1946 298 1981 muniti:
316 1947 382 1991 quibus
393 1947 483 1981 visionem
495 1958 530 1991 per
541 1947 624 1982 ordinem
638 1948 727 1992 pandens,
739 1947 774 1983 ait:

74 2001 143 2042 ‘Nunq
151 2000 214 2044 inquit,
222 2005 289 2044 quanta
300 2005 388 2044 parentes
399 2000 457 2034 nostri
465 2000 495 2044 qui
507 2011 572 2035 omnes
584 2001 620 2035 iam
631 2000 721 2035 interfecti
732 2006 775 2035 sunt

73 2054 193 2088 barbarorum
205 2058 295 2087 tormenta
307 2064 341 2097 pro
353 2053 392 2087 suis
404 2055 508 2097 nostrisque
521 2053 596 2088 offensis
608 2053 656 2087 iusto
668 2054 697 2087 dei
709 2053 775 2087 iudicio
783 2066 802 2096 35

73 2108 188 2151 pertulerunt
197 2106 286 2141 vidimus:
303 2110 321 2140 et
332 2116 366 2140 nos
376 2105 412 2150 ipsi
423 2106 482 2150 [qui]⁰
491 2106 521 2141 die
531 2112 622 2151 noctuque
633 2107 656 2141 ad
666 2106 732 2141 similia
742 2117 776 2150 per

74 2162 149 2195 eosdem
154 2159 271 2203 exquirimus,
278 2159 369 2202 quomodo
375 2159 445 2193 nullum
452 2160 552 2193 habeamus
558 2160 595 2193 iarn
601 2165 660 2193 tutum
666 2159 708 2202 luge
714 2159 775 2193 locum

73 2213 162 2253 videmus,
170 2212 226 2245 immo
234 2210 361 2244 miserabiliter
367 2211 438 2254 profugi
446 2212 564 2246 sustinemus.
586 2212 641 2245 Vnde
649 2221 693 2254 rogo
701 2210 776 2245 monitis

74 2265 132 2299 sancti
146 2263 240 2299 Cuthberti
252 2263 355 2297 defensoris
371 2264 429 2297 nostri
444 2270 513 2298 attente
528 2264 640 2305 obediamus,
654 2264 689 2297 deo
704 2263 776 2307 sibique

74 2319 138 2353 fideles
150 2311 256 2359 existamus,
264 2316 349 2351 vitiorum
356 2317 454 2361 voragines
462 2317 557 2361 fugiamus,
566 2322 620 2361 atque
627 2316 715 2351 virtutum
723 2327 776 2351 exer·
784 2332 804 2362 4⁰

74 2371 115 2406 citia
126 2371 233 2415 diligamus:
246 2370 271 2405 sic
283 2362 364 2414 proiecto
376 2369 489 2413 promissum
502 2369 575 2404 celestis
588 2368 646 2413 gratie
659 2369 746 2404 auxilium
758 2376 777 2405 et

74 2436 108 2460 sue
127 2423 239 2459 defensionis
258 2422 375 2468 experiemur
392 2422 460 2467 vbique
479 2422 610 2468 patrocinium.¹
641 2421 709 2468 Sicque
728 2424 777 2469 apud

74 2479 167 2513 Aschdor'r.
179 2483 288 2522 congregato
298 2477 385 2520 exercitu,
395 2487 477 2521 paganos
488 2477 513 2510 ita
525 2476 615 2518 contriuit,
622 2482 641 2511 vt
653 2477 734 2522 acceptis
745 2479 777 2512 ob·

95 2552 199 2582 ¹al.aliosd.
257 2551 292 2580 αιιΙ.
300 2551 347 2588 parci.
401 2550 506 2580 'Eirabiem
562 2550 638 2580 *nrm
646 2551 777 2588 Glestigiensibus

75 2591 163 2629 paludibus.
223 2590 229 2608 ⁵
240 2590 257 2621 E.
265 2590 359 2621 conceditur.
419 2589 465 2620 “oux
