1762 2803
68 140 103 173 ns.
110 142 158 173 nm.
165 143 204 174 m.
212 142 233 182 rr
295 131 359 185 tritu
374 131 412 186 ὲ.
427 131 575 193 tremonti.
727 138 770 191 691

69 252 110 287 dum
118 252 163 286 cun's
170 253 242 287 terrenis
249 253 360 297 incumberet,
368 254 427 289 salutis
435 255 501 289 interne
508 254 604 297 dampnum
611 254 709 294 incurreret,
717 255 773 288 solum

69 301 120 334 deum
134 302 199 336 consilii
212 302 238 337 sui
251 303 339 338 conscium
352 314 391 339 esse
403 304 457 339 uoluit
470 311 488 339 et
501 303 617 340 nescientibus
629 311 678 349 patre
689 311 706 339 et
718 310 773 339 matre

68 358 86 386 et
97 352 158 386 ceteris
170 354 229 388 amicis
240 355 325 398 omnibus,
333 366 373 389 cum
384 356 451 390 duobus
462 355 527 391 clericis
538 355 599 391 litteris
610 356 669 391 latinis
680 355 773 398 instructis,

68 405 171 445 Burghardo
182 412 199 439 et
208 407 296 448 Edebn'to,
303 407 375 449 aufugit,
382 407 448 441 heremi
457 408 495 441 loca
504 406 583 451 quesiuit,
592 414 609 442 et
618 408 689 442 tandem
699 406 722 440 ad
731 406 772 441 ciui·

68 458 122 486 tatem
134 457 222 496 quandam
235 466 287 498 supra
299 457 355 499 ripam
367 456 420 490 maris
433 457 489 497 sitam,
501 457 570 491 Carliou
583 457 658 499 nomine,
670 456 770 500 peregrinus
781 465 790 497 5

67 504 151 546 peruenit.
172 507 207 539 Vbi
217 507 260 539 forte
270 516 333 540 nauem
344 506 431 540 modicam
442 513 459 540 et
470 509 572 550 neglectam,
580 508 617 541 sine
627 507 674 541 omni
684 507 772 540 naualium

69 561 215 589 armamentorum
228 556 347 598 instrumento,
361 556 454 599 reperiens,
468 557 486 590 in
501 556 529 590 dei
543 557 620 591 bonitate
634 557 710 591 confisus
724 557 772 590 illam

69 605 138 639 intrauit
146 606 247 650 intrepidus,
255 613 272 641 et
279 618 314 641 non
322 607 378 641 uentis
386 607 417 640 sed
426 607 454 640 dei
462 618 481 641 se
489 606 551 641 auritio
560 608 674 647 committens,
681 618 745 642 nauem
754 608 772 641 in

68 655 121 690 maris
129 657 232 699 profundum
242 656 314 701 impulit,
321 663 339 692 et
348 667 382 702 quo
394 667 433 691 eam
441 657 469 692 dei
481 667 543 691 manus
553 657 648 701 impelleret
656 658 680 692 ire
691 658 772 701 precepit.

69 708 93 739 Et
105 706 130 739 ita
138 707 198 748 quinto
207 707 321 749 nauigationis
330 708 365 749 die,
376 707 414 740 sine
424 707 502 749 remigio,
509 717 549 740 cum
560 707 628 740 duobus
639 707 690 740 sociis
700 708 724 740 ad
734 708 802 741 locare

69 755 116 798 prius
128 756 227 798 periculosa,
237 756 255 789 in
266 757 328 799 quibus
339 763 379 790 ante
389 767 429 789 eum
439 767 497 797 nemo,
504 762 574 800 propter
584 757 683 797 demonum,
690 762 709 789 ut
720 757 774 797 aiunt,

70 805 134 840 ibidem
149 806 266 841 habitancium
281 807 408 841 infestationem
422 806 502 850 degebat,
517 806 609 840 incolumis
624 805 708 851 peruenit.
735 807 774 840 Hec

70 857 126 891 insula
138 857 190 892 maris
200 858 252 892 undis
263 858 339 901 undique
351 858 459 899 circumfusa,
471 863 488 892 et
498 856 552 892 nimia
563 857 673 892 cernentibus
684 856 774 892 altitudine

53 906 54 909 ’
70 912 132 948 erecta,
140 918 174 941 vno
182 914 248 942 tantum
255 909 293 942 loco
300 907 418 942 commeabilis
425 908 517 942 inuenitur.
538 908 555 941 Α
560 907 611 950 longe
618 919 658 942 eam
664 907 774 941 cernentibus

70 958 155 991 instabilis
166 965 183 992 et
194 968 240 1001 uaga
250 958 330 999 creditur,
340 959 382 992 dum
393 968 439 991 nuuc
449 958 489 999 hac,
498 967 545 991 nunc
556 958 605 1000 quasi
616 958 650 991 alia
661 964 714 1000 parte¹
726 957 774 990 naui·
783 965 802 996 15

71 1008 152 1050 gantibus
165 1018 203 1042 esse
219 1008 334 1050 conspicitur3
349 1014 366 1042 et
378 1008 454 1042 Ysleiale
468 1008 568 1051 appellatur.
596 1008 636 1041 Hec
649 1006 683 1041 situ
698 1008 775 1051 paruula,

71 1058 146 1093 nemoris
160 1058 250 1094 altitudine
263 1058 396 1103 circumquaque
410 1058 506 1102 decoratur,
520 1064 608 1102 pratorum
623 1057 709 1100 uiriditate
724 1057 774 1093 ador·

71 1114 127 1151 natur,
135 1109 187 1143 fontis
194 1111 218 1143 ad
225 1111 306 1143 haustum
313 1109 376 1143 habilis
386 1109 479 1143 amenitate
487 1109 571 1151 irrigatur.
594 1109 646 1143 Hunc
657 1108 714 1142 locum
722 1108 755 1142 sibi
763 1119 774 1143 a

71 1161 105 1192 deo
112 1160 193 1200 oblatum,
201 1161 252 1193 rebus
260 1159 340 1193 omnibus
351 1159 443 1201 preposuit,
451 1159 571 1192 thesaurorum
579 1158 646 1192 diuiciis
656 1158 694 1201 plus
704 1158 762 1192 dilexit
769 1171 774 1198 ;

72 1208 129 1251 ibique
140 1215 205 1252 septem
216 1209 266 1243 annis
276 1209 362 1243 continuis
372 1209 394 1242 ab
406 1209 495 1242 hominum
506 1214 622 1251 sequestratus
633 1208 726 1250 consorcio,
734 1219 774 1242 cum
783 1219 802 1241 ro

71 1270 142 1293 suorum
153 1260 234 1293 societate
245 1259 293 1303 uixit,
306 1259 411 1295 siluestrium
423 1270 514 1303 pomorum
527 1259 583 1294 fructu
597 1270 615 1294 se
627 1258 675 1301 fouit,
687 1258 784 1294 radicibus*

72 1310 176 1355 quibusdam
189 1310 275 1351 sustinuit,
287 1310 346 1344 auium
357 1309 395 1344 ouis
408 1320 442 1353 que
455 1310 519 1344 ibidem
530 1309 651 1344 habundanter
665 1308 775 1343 inueniuntur

72 1366 141 1404 pastum
150 1372 168 1394 se
178 1368 229 1404 prout
236 1360 291 1403 potuit
301 1360 393 1394 roborauit.
416 1360 455 1394 Hiis
465 1359 552 1395 miraculis
563 1360 606 1395 deus
615 1359 699 1404 ampliora
706 1360 775 1401 adiecit,

72 1412 114 1444 dum
126 1421 156 1453 per
166 1417 232 1453 septem
240 1421 324 1443 annorum
334 1410 417 1443 curricula
427 1410 529 1443 uestimenta
538 1420 571 1453 que
580 1412 615 1443 hue
624 1411 708 1444 detulerat
718 1410 775 1444 incor-

72 1466 123 1503 rupta
137 1461 217 1501 seruauit,
232 1470 264 1493 nec
280 1460 356 1504 ipsorum
373 1460 453 1494 decorem
470 1471 502 1494 usu
518 1460 587 1494 assiduo
603 1460 675 1494 diminui
691 1460 774 1504 permisit.
783 1470 802 1503 ag

72 1510 175 1553 Tugurrium
190 1510 279 1553 paruulum
296 1511 329 1545 sibi
346 1511 445 1551 construxit,
460 1511 539 1545 cellulam
554 1509 572 1544 in
587 1510 652 1545 honore
669 1517 728 1544 sancte
746 1511 775 1545 dei

72 1559 159 1601 genitricis
171 1559 227 1592 Marie
238 1559 329 1601 edificauit,
341 1559 359 1592 in
369 1569 404 1602 qua
415 1559 476 1592 diebus
487 1565 505 1592 et
516 1558 595 1592 noctibus
607 1558 683 1593 oracioni
689 1559 775 1602 incubuit,

73 1612 108 1646 uite
122 1617 181 1645 eterne
196 1612 311 1646 emolumenta
325 1611 404 1655 quesiuit.
448 1612 484 1646 Sed
499 1611 540 1655 quia
554 1612 638 1654 dyabolus
653 1612 709 1646 sancti
723 1613 776 1647 Free-

73 1662 133 1695 mundi
141 1663 236 1703 profectum
244 1662 292 1703 equis
299 1663 353 1695 oculis
364 1662 441 1703 aspicere
448 1673 482 1694 non
490 1661 556 1703 potuit;
568 1673 600 1694 nec
611 1661 673 1704 aliquis
684 1668 776 1695 coronatur

73 1711 107 1746 nisi
115 1712 144 1754 qui
152 1711 227 1753 legitime
235 1711 335 1745 certauerit:
347 1711 398 1744 huius
405 1711 512 1754 pacienciarn
520 1710 599 1744 diabolus
607 1712 664 1754 sepius
672 1710 775 1753 aggreditur,
783 1719 803 1750 30

74 1761 203 1806 deceptionibus
211 1772 250 1797 eum
257 1772 268 1796 a
275 1768 321 1796 statu
329 1761 436 1797 rectitudinis
446 1761 514 1796 deicere
522 1768 604 1797 conatur:
615 1772 646 1806 pre
653 1761 707 1796 oculis
718 1762 775 1797 cordis

73 1813 146 1857 gloriam
154 1819 220 1847 terrene
231 1812 318 1855 dignitatis
328 1823 360 1856 pro
370 1812 433 1846 Christi
443 1823 501 1847 amore
511 1817 587 1854 spretam
600 1813 658 1855 sepius
668 1812 750 1854 obiciens,
758 1818 775 1847 et

68 1869 158 1907 quantum
165 1863 198 1897 sibi
206 1863 275 1905 suisque
285 1864 317 1896 sub
326 1862 397 1896 iuuenili
407 1863 449 1896 flore
458 1863 541 1905 proficere
548 1868 606 1904 posset
614 1863 661 1897 cordi
669 1862 775 1904 immittens;

73 1912 151 1955 religioni
160 1923 190 1947 sue
197 1924 228 1956 per
235 1912 293 1946 omnia
300 1913 384 1952 inridens,
393 1918 410 1946 et
418 1912 451 1946 hiis
458 1912 530 1955 aliisque
541 1912 775 1955 deceptionibus-innumera·

74 1964 136 1997 bilibus
144 1964 221 2005 decipere
229 1963 305 2004 cupiens.
328 1963 363 1997 Sed
370 1962 396 1995 vir
404 1962 469 1996 Christi
477 1962 600 2002 Freemundus,
607 1962 637 2005 qui
646 1961 702 1995 cordis
712 1968 777 2002 statum
784 1972 803 2003 35

74 2014 92 2047 in
104 2012 176 2047 sublime
188 2018 264 2047 erexerat
275 2018 293 2046 et
306 2012 381 2055 quelibet
394 2011 489 2045 mundialia
499 2021 530 2055 pro
542 2011 605 2045 Christi
617 2022 676 2045 amore
687 2018 776 2056 contemp-

74 2068 125 2104 serat,
140 2069 185 2098 retro
203 2062 288 2106 respicere
306 2062 370 2104 noluit3
388 2061 490 2104 transitoria,
504 2071 536 2105 pro
551 2061 620 2097 Christo
637 2067 699 2106 spreta,
714 2061 776 2097 iterum

74 2114 195 2156 concupiscere
207 2124 242 2147 non
255 2112 316 2155 potuit,
329 2113 358 2156 qui
372 2113 409 2145 sola
422 2112 492 2146 celestia
504 2111 613 2155 concupiuit:
629 2119 646 2147 et
659 2112 699 2146 ideo
712 2112 776 2147 diaboli

74 2164 216 2206 temptationibus
227 2162 301 2205 fatigari,
312 2174 347 2197 non
358 2163 440 2205 superari,
451 2162 512 2205 potuit.

117 2278 151 2311 Vm
167 2278 201 2312 ista
214 2282 301 2321 geruntur,
314 2285 420 2320 paganorum
433 2277 516 2311 exercitus
531 2286 552 2311 ex
566 2277 686 2312 transmarinis
700 2278 776 2321 partibus
784 2281 805 2312 ⁴⁰

139 2328 202 2371 Anglie
213 2327 278 2371 regioni
292 2327 363 2369 influxit,
376 2333 430 2361 terras
443 2337 483 2361 cum
498 2326 624 2362 habitatoribus
639 2328 673 2362 suis
689 2328 776 2369 destruxit,

75 2389 134 2413 eorum
149 2379 232 2421 ydolatrie
247 2379 301 2412 subici
316 2380 394 2412 nolentes
410 2378 482 2412 diuersis
497 2379 546 2421 penis
561 2379 625 2419 afflixit,
638 2379 711 2412 afflictos
725 2379 775 2411 morti

75 2428 151 2469 tradidit,
159 2429 244 2460 nullorum
251 2428 338 2469 dignitati,
343 2427 385 2460 nulli
392 2438 466 2470 parcens
473 2429 519 2461 etati.
535 2429 603 2460 Horum
609 2427 688 2460 exercitui
697 2426 777 2468 llinguar

75 2483 93 2512 et
108 2478 174 2511 Hubba
188 2477 289 2511 crudelitate
303 2478 384 2521 precipua
398 2478 508 2520 prefuerunt3
527 2477 555 2520 qui
570 2477 611 2510 dum
626 2475 705 2519 regiones
719 2476 776 2510 uarias

75 2527 171 2561 occidendo
183 2528 334 2570 perlustrauerunt,
349 2529 371 2561 ad
385 2533 442 2569 partes
455 2528 492 2561 illas
505 2527 567 2570 quibus
580 2532 650 2559 sanctus
662 2526 776 2561 Eadmundus
784 2534 804 2566 45

74 2577 195 2620 imperauerat,
213 2588 252 2612 cum
269 2576 344 2612 exercitu
361 2583 480 2621 peruenerunt.
498 2586 571 2620 eumque
588 2576 623 2610 suis
639 2575 705 2619 legibus
722 2576 776 2612 subici

404 2642 452 2677 ryz
