1762 2803
113 127 148 186 56'
248 205 249 208 Ἴ
303 131 384 182 ianua
400 127 516 190 trumba
531 129 624 191 tonte.

113 250 161 293 quod
169 250 240 284 viderat
252 250 349 292 enarrauit,
358 251 492 294 imperauitque
504 250 602 285 exercitui¹
615 252 649 285 deo
660 256 678 284 et
689 256 753 285 sancto
762 251 815 284 Iltuto

113 309 184 346 raptam
203 304 282 336 reddere
300 304 389 347 predam3
409 303 556 337 emendationem
576 303 636 337 delicti
655 303 745 347 promisit,
761 309 779 337 et
796 303 815 335 in

113 356 203 390 honorem
209 356 291 390 eiusdem
299 356 357 390 sancti
365 356 461 390 ecelesiam
470 356 551 389 edificari
559 355 617 397 iussit,
625 361 643 389 et
654 356 773 389 seruitoribus
781 355 816 389 loci

113 408 224 442 territorium
233 413 290 442 totum
299 408 393 442 concessit.
417 407 457 442 Hec
465 413 527 442 tamen
536 407 634 451 promissio
642 407 692 451 regis
700 414 718 442 et
725 408 815 447 voluntas,

97 471 105 500 5
114 460 175 493 anime
184 472 217 494 sue
225 466 295 494 tantum
304 461 394 504 proficere
401 460 507 495 videbatur:
520 471 563 494 nam
570 466 613 505 post
620 461 689 494 malurn
702 461 766 494 incolis
774 471 816 505 per-

114 519 206 558 petratum
222 525 270 548 nono
286 514 315 548 die
328 514 350 548 ab
365 514 399 548 hac
412 513 452 549 luce
467 513 557 558 migrauit.
581 514 664 549 Preiatus
677 514 747 549 interea
758 524 817 559 equus

114 569 176 601 nolam
184 568 275 609 deferens,
284 568 334 602 nullo
346 568 467 611 compellente
479 578 520 601 cum
532 573 570 601 toto
583 573 667 601 armento
678 569 765 612 equestri,
774 568 817 601 nole

115 621 231 654 dulcedinem
243 626 337 664 sequente,
346 620 444 654 Sabrinam
454 621 539 654 transiuit
551 627 569 654 et
576 632 635 665 vsque
646 623 669 654 ad
680 621 729 655 lltuti
739 620 817 655 ecclesie

115 673 189 706 ianuam
197 673 286 716 peruenit.
309 673 336 706 Ibi
344 675 393 706 enirn
400 674 441 706 nola
446 674 494 706 illico
502 684 629 716 supersaxum
637 674 712 714 cecidit;
721 679 739 706 et
744 685 768 706 ex
773 684 816 707 casu

88 737 107 758 ιο
115 725 169 759 vuius
176 725 233 768 partis
238 725 334 758 fracturam
339 736 397 768 vsque
406 725 459 759 hodie
464 726 483 758 in
491 725 573 759 miraculi
581 726 688 759 memoriam
696 731 817 769 apparentem

116 778 200 812 ostendit.
224 778 299 811 Etcum
311 778 379 821 singull
387 778 463 812 fratrum
475 778 558 822 singulos
569 789 627 822 equos
639 779 759 823 accepissent,
768 774 818 812 et'de

116 830 183 865 valoris
191 831 308 874 inequalitate
317 830 408 865 discordia
415 837 454 865 orta
462 830 531 874 suisset,
539 831 569 866 die
580 831 659 866 crastina
665 832 752 867 viderunt
761 842 819 876 equos

117 895 182 918 omnes
190 884 270 927 equales,
278 889 296 917 et
304 884 374 917 nullum
383 883 438 917 alium
446 883 465 918 in
474 884 536 919 valore
544 886 681 928 precellentem.

140 968 188 1012 [MS.
195 967 216 1002 T.
225 968 282 1002 adds:
401 968 525 1005 ttNarrat'ffl.

140 1034 223 1086 Quidam
230 1040 286 1073 frater
294 1041 419 1074 stimulabatur
427 1041 491 1074 cotidie
502 1052 513 1074 a
523 1041 663 1083 cogitacionibus
674 1042 712 1075 suis
720 1052 754 1082 per
761 1052 820 1074 annos

91 1105 109 1136 15
118 1104 190 1135 nouem,
198 1093 248 1126 itaut
256 1098 306 1126 metu
314 1091 354 1135 ipso
361 1093 468 1136 desperaret
474 1092 497 1126 de
503 1092 560 1127 salute
569 1103 607 1135 sua,
614 1099 631 1127 et
637 1092 746 1127 adiudicauit
753 1098 821 1127 semet-

117 1146 178 1189 ipsum
190 1145 264 1178 dicens:
282 1145 365 1178 ‘Perdidi
380 1146 460 1178 animam
475 1155 547 1179 meam:
567 1150 585 1178 et
598 1147 640 1189 quia
652 1145 703 1189 perii,
717 1146 784 1179 uadam
797 1146 820 1179 ad

118 1199 210 1233 seculum!
234 1197 269 1238 Qui
277 1208 317 1231 cum
326 1198 389 1239 abiret,
395 1199 446 1230 uenit
452 1198 469 1231 ei
476 1198 495 1230 in
503 1199 533 1231 uia
539 1209 575 1231 uox
583 1198 646 1231 dicens
654 1210 657 1232 :
670 1198 821 1242 ‘Temptaciones

118 1262 164 1295 quas
172 1252 191 1284 in
199 1260 266 1285 nouem
275 1251 327 1284 annis
336 1251 443 1293 sustinuisti,
450 1261 517 1284 corone
522 1255 552 1285 tue
557 1256 600 1284 sunt
606 1250 616 1285 ³.
640 1250 742 1285 Reuertere
750 1262 794 1295 ergo
802 1252 821 1285 in

118 1305 178 1337 locum
188 1309 245 1344 tuum,
254 1308 272 1336 et
282 1303 381 1337 subleuabo
392 1308 410 1336 te
423 1314 433 1336 a
443 1303 584 1346 cogitacionibus
594 1303 658 1337 malis!
680 1304 734 1337 Vnde
745 1315 821 1347 cognos-

91 1368 110 1388 ιο
118 1357 165 1388 citur
175 1356 217 1399 quia
227 1366 264 1388 non
275 1361 304 1389 est
315 1356 383 1388 bonurn
395 1356 494 1399 desperare
505 1356 542 1398 [de]
554 1366 575 1389 se
586 1355 664 1399 aliquem
674 1367 707 1399 pro
716 1356 751 1389 hiis
759 1366 794 1400 que
802 1357 821 1389 in

120 1409 261 1452 cogitacionibus
269 1409 350 1441 ueniunt.
374 1407 416 1441 Hee
425 1408 474 1441 enirn
483 1407 604 1450 cogitaciones
610 1408 668 1451 magis
675 1419 761 1443 coronam
769 1408 822 1442 nobis

119 1460 222 1505 prouident,
231 1459 247 1493 si
255 1471 287 1493 eas
294 1460 342 1493 bene
351 1471 439 1503 superare
447 1466 465 1494 et
472 1461 510 1504 pati
517 1472 552 1495 nos
560 1460 663 1505 contingat]

196 1577 209 1614 ‘ll
221 1569 254 1610 DE
267 1586 337 1610 sancto
350 1569 448 1610 INDRACTO
460 1587 482 1610 ET
494 1587 552 1611 socns
564 1587 606 1610 EIUS
618 1578 750 1612 ninnr1nrt³us⁴.

124 1650 250 1727 POstquam
258 1660 302 1683 vero
311 1649 375 1683 beatus
385 1648 473 1683 Patricius
484 1650 572 1693 populum
585 1650 722 1685 hiberniensem
731 1652 754 1685 ad
766 1652 822 1686 fidem

181 1701 249 1736 Christi
264 1702 283 1734 in
298 1702 356 1743 signis
371 1708 390 1734 et
404 1701 492 1746 prodigiis
508 1702 634 1744 conuertisset,
648 1703 761 1736 Britanniam
777 1705 823 1736 mari

95 1767 112 1796 ²5
122 1755 199 1796 transito
207 1754 313 1796 adueniens,
322 1756 371 1798 apud
380 1754 492 1789 Glastoniam
498 1755 517 1789 in
526 1760 620 1790 senectute
628 1756 676 1790 bona
683 1756 738 1790 vitam
747 1757 824 1791 feliciter

121 1807 259 1842 consummauit.
283 1806 418 1841 Hibernienses
430 1808 484 1849 enirn,
496 1808 539 1852 quia
549 1808 572 1841 de
582 1808 642 1843 Roma
650 1814 724 1843 sanctus
735 1808 823 1844 Patricius

122 1863 190 1895 missus
195 1862 223 1895 eis
228 1861 286 1894 suerat
291 1862 391 1904 apostolus,
397 1861 471 1895 ⁵vrbem
477 1861 596 1902 Glastoniam,
602 1863 689 1896 orationis
695 1874 715 1896 ac
721 1864 823 1896 deuotionis

122 1916 179 1959 gratia
191 1913 284 1959 peregrini
298 1914 362 1948 crebro
376 1913 450 1948 visitare
465 1914 554 1948 solebant.
578 1914 622 1948 Erat
635 1916 685 1948 enim
700 1915 718 1949 in
734 1915 824 1950 Hibernia

122 1967 170 2011 regis
182 1966 276 2001 cuiusdam
284 1967 338 2008 filius,
350 1967 425 1999 nomine
437 1967 538 2009 Indractus‚
546 1967 648 2001 litterarum
660 1969 725 2001 studiis
737 1968 823 2010 imbutus,

94 2020 218 2059 5cvirtutibus
234 2018 337 2061 insignitus,
350 2025 369 2052 et
384 2019 467 2052 omnium
481 2029 554 2052 morum
569 2020 665 2053 honestate
681 2030 742 2053 coram
756 2022 791 2053 deo
806 2026 824 2053 et

123 2071 227 2105 hominibus
240 2070 361 2115 conspicuus:
373 2078 391 2105 et
403 2076 423 2105 vt
437 2072 503 2115 gaudia
515 2071 610 2116 possidere
625 2078 728 2107 mereretur
744 2073 823 2114 celestia,

122 2125 194 2169 regales
209 2123 283 2157 delicias
298 2128 316 2157 et
332 2123 395 2158 mundi
410 2124 535 2159 blandimenta
553 2135 595 2158 curn
614 2124 652 2159 suis
671 2124 824 2169 concupiscentiis

122 2176 196 2221 penitus
204 2178 279 2217 calcare,
287 2182 306 2210 et
316 2177 367 2210 omni
377 2176 442 2211 affectu
454 2177 517 2220 fugere
529 2177 642 2211 deliberauit.
664 2179 772 2221 Assumptis
780 2189 824 2221 ergo

123 2241 186 2265 secum
194 2239 261 2263 nouem
274 2229 392 2272 consortibus,
401 2240 442 2263 curn
454 2241 517 2264 sorore
529 2241 567 2272 sua,
575 2231 650 2265 nomine
659 2230 761 2274 Dominica‚
770 2243 824 2276 pere-

96 2297 114 2326 35
122 2283 229 2328 grinationis
242 2282 299 2325 gratia
310 2293 375 2316 versus
389 2283 468 2317 Romam
482 2283 517 2317 iter
532 2283 612 2327 arripuit.
636 2283 719 2328 Cumque
734 2295 825 2329 prospero

123 2336 195 2380 nauigio
204 2335 223 2369 in
230 2334 344 2368 Britanniam
351 2336 375 2368 ad
383 2340 455 2379 portum
463 2336 537 2371 nomine
543 2336 656 2370 Tamerunta
662 2336 734 2381 appulsi
741 2337 825 2379 fuissent,

123 2401 157 2434 per
165 2391 240 2433 longum
249 2388 274 2420 ibi
286 2393 359 2431 tempus
371 2389 389 2421 in
402 2389 431 2422 dei
443 2389 517 2423 seruitio
528 2389 585 2424 vitam
597 2390 718 2423 arctissimam
730 2391 825 2429 ducentes,

143 2453 173 2482 ιΕ.
182 2452 274 2481 exercitum.
315 2451 354 2480 ²Ct'.
363 2451 394 2480 Vit.
402 2451 443 2480 Patr.
451 2461 485 2488 903.
523 2452 572 2481 ³VP.
580 2457 632 2481 erunt.
673 2451 718 2481 4Εά.
728 2453 743 2480 in
750 2453 786 2483 Act.
795 2453 824 2481 SS.

123 2492 163 2522 Bon
171 2500 180 2529 5
188 2492 200 2520 F
201 2491 233 2521 ebr.
240 2490 252 2520 1.
260 2491 294 2528 696.
305 2489 385 2527 Abridged
392 2490 432 2519 from
438 2492 464 2520 the
471 2491 526 2521 Passio
531 2492 552 2528 by
559 2491 602 2522 Will.
609 2491 661 2522 Malm.
667 2492 684 2521 in
692 2492 726 2521 MS.
734 2492 787 2530 Digby
793 2501 827 2528 112,

124 2533 149 2562 sol.
159 2541 179 2569 95
190 2532 234 2569 (rath
242 2530 296 2570 cent),
309 2530 348 2559 with
360 2529 423 2559 various
434 2531 521 2567 additions3
537 2531 556 2561 cf.
565 2532 645 2560 lohannes
653 2532 724 2561 Glaston.
733 2533 791 2562 Chron.
801 2532 826 2560 etl.

124 2572 193 2609 Hearne,
202 2581 216 2610 p.
226 2580 259 2600 101.
295 2571 301 2588 ⁵
311 2570 324 2600 F
324 2570 343 2601 G.
350 2570 387 2600 illuc
394 2580 478 2601 excurrere
485 2571 538 2609 coepit
545 2575 592 2608 atque
599 2572 681 2602 redeundo
689 2572 714 2602 Gl.
721 2571 826 2610 frequentare.
