1762 2803
219 109 264 164 Ut
280 107 367 161 bauo
382 106 436 164 Det
453 106 565 160 erarico.
696 118 741 163 477

41 239 142 273 agnoscere
148 231 159 272 ;'
171 234 189 263 et
196 229 275 264 addidit:
288 230 316 263 ‘0
324 229 403 273 spiritus,
411 229 442 273 qui
454 230 477 263 ad
486 228 624 262 similitudinem
633 226 662 260 dei
670 231 742 260 creatus

41 293 67 323 es,
75 288 93 315 et
101 282 160 316 adhuc
170 293 237 327 corpus
248 283 282 316 hoc
291 287 371 327 vegetas,
379 282 442 316 adiuro
452 289 470 316 te
480 293 514 327 per
524 282 580 315 deum
591 279 742 324 omnipotentem,

40 342 59 371 vt
72 346 102 370 me
113 336 208 371 nesciente
219 337 242 370 de
254 337 288 370 hoc
302 336 410 380 corpusculo
423 347 460 370 non
472 337 558 370 recedas!
582 335 605 370 Et
615 334 660 369 vidit
671 333 744 368 vincula

41 389 124 433 corporis
139 395 204 423 cuncta
219 388 300 431 dissolui,
316 394 334 423 et
349 388 433 433 spiritum
448 400 459 422 a
474 388 555 433 corporis
570 387 649 422 nexibus
664 386 743 421 liberari.

43 442 71 476 De
80 442 132 477 cuius
142 442 240 477 formavel
251 441 313 486 specie
325 442 453 486 interrogatus,
460 441 484 476 ita
495 442 601 486 respondit:
613 440 691 475 ‘Anime
701 440 761 481 sub-5

41 494 108 529 stantia
123 495 168 529 nulli
184 495 253 529 homini
269 501 297 530 est
312 494 441 539 perceptibilis.
464 494 517 529 Hanc
533 501 593 529 autem
608 493 645 528 vidi
660 493 710 527 velut
725 493 743 527 in

42 548 162 582 similitudine
172 549 223 583 venti
232 549 302 582 urentis
313 553 331 582 et
342 548 412 588 feruidi,
421 548 479 581 forma
490 548 541 591 quasi
551 547 622 591 sperica
633 553 650 580 et
662 547 744 588 rotunda,

42 612 78 645 que
86 601 145 635 instar
151 601 193 636 vitri
204 601 312 636 lucidissimi
321 607 358 635 tota
367 600 486 645 resplenduit,
495 606 513 634 et
522 600 572 634 illam
583 600 663 644 vndique
675 599 744 634 incom-

42 654 129 696 parabilis
137 655 206 688 candor
214 654 296 688 obduxit.
318 654 393 687 Modum
401 664 445 687 vero
454 653 544 696 qualitatis
552 653 610 696 ipsius
617 664 672 686 nemo
678 652 744 696 poterit

43 707 140 752 explicare.
164 707 250 741 Attamen
259 712 321 740 certus
329 717 379 740 eram
388 706 439 739 cuius
450 711 499 739 esset
511 706 576 746 anima,
585 710 603 739 et
611 705 653 739 inde
661 705 744 739 dubitare
755 715 773 736 10

43 770 80 793 non
96 761 157 804 potui'
185 761 274 804 Sepultus
286 766 314 794 est
325 761 354 794 vir
364 760 395 793 ille
407 764 481 793 sanctus
493 759 511 792 in
523 759 612 793 cimiterio
623 758 745 792 dunelmensi.

45 805 92 846 Post
102 813 136 847 hec
148 812 237 847 Godricus
248 812 331 847 hesitans
342 811 386 856 quid
396 812 419 846 de
430 811 471 855 ipso
482 811 544 845 diuine
553 811 577 845 sit
587 811 673 855 placitum
680 811 745 845 volun-

44 865 80 907 tati,
95 877 137 900 cum
153 877 209 910 super
224 866 258 900 hoc
274 866 329 900 deum
344 864 431 899 attentius
446 870 535 905 exoraret,
550 875 586 899 vox
602 864 625 899 de
640 864 679 898 celo
694 864 746 908 lapsa

44 919 125 953 insonuit
137 919 211 954 dicens:
228 919 319 962 ‘Expedit
331 918 363 952 tibi
375 918 425 952 adire
437 917 580 952 Hierosolimam
592 923 610 951 et
622 917 700 951 reuerti?
723 917 746 951 Et

44 977 155 1005 conuertens
167 972 269 1005 orationem
280 973 303 1004 ad
315 977 399 1005 sanctum
408 971 534 1011 Cuthbertum,
542 970 589 1004 ait¹:
605 970 669 1003 ‘Nunc
677 970 746 1011 adesto,
757 982 773 1012 ¹5

44 1024 160 1059 sanctissime
180 1023 248 1059 Christi
267 1023 362 1059 consessor
381 1023 487 1066 Cuthberte,
503 1029 521 1057 et
536 1022 579 1067 quid
595 1021 655 1057 lacere
670 1023 746 1057 debeam

45 1079 142 1122 dignanter
153 1079 230 1113 ostende
236 1079 252 1113 ¹.¹
276 1078 315 1112 Nec
323 1088 379 1120 mora,
387 1089 423 1112 vox
434 1078 498 1111 iterata
509 1076 599 1111 insonuit:
612 1076 672 1110 ‘Vade
681 1076 747 1110 Hiero-

45 1131 134 1174 solimam,
146 1142 188 1165 cum
200 1130 275 1165 domino
286 1130 377 1175 crucifigi:
393 1135 411 1164 et
423 1140 509 1164 reuersus
521 1140 577 1174 quere
591 1129 651 1163 locum
664 1129 683 1163 in
695 1129 747 1163 siluis

45 1184 94 1219 circa
105 1185 218 1219 Dunelmum
226 1188 236 1204 ‘⁸
242 1185 330 1219 Fincale”
338 1185 461 1219 nominatum!
485 1184 508 1218 Et
515 1194 558 1218 mox
569 1184 591 1218 ad
600 1184 682 1218 dextram
689 1184 695 1203 '²
702 1182 747 1217 vidit

45 1238 105 1272 virum
120 1239 171 1272 vultu
183 1238 313 1280 venerabilem,
327 1238 460 1282 pontificalibus
476 1237 565 1279 indutum,
579 1236 680 1271 dicentem:
698 1237 747 1280 ‘Ego
756 1249 775 1270 ro

45 1302 87 1325 sum
99 1291 216 1333 Cuthbertus‚
228 1292 260 1325 tibi
271 1291 342 1326 futurus
354 1292 426 1325 adiutor
436 1291 455 1325 in
467 1291 552 1325 omnibus
564 1295 581 1324 et
595 1295 693 1334 patronus3
706 1301 747 1324 con-

46 1350 137 1378 summato
151 1345 204 1378 huius
219 1344 290 1379 itineris
303 1345 370 1385 labore,
382 1345 416 1378 sub
430 1355 471 1378 mea
484 1342 597 1387 protectione
609 1343 657 1386 apud
672 1343 686 1377 F
687 1343 747 1377 inkale

46 1397 120 1429 domino
128 1396 224 1430 militabis!
247 1397 287 1430 Hec
295 1397 346 1438 dixit,
354 1402 372 1430 et
380 1396 440 1430 statim
452 1395 548 1440 disparuit.
570 1395 591 1428 In
600 1395 631 1428 illa
639 1395 748 1439 peregrina-

46 1448 96 1483 tione
107 1449 165 1483 vietus
177 1454 215 1483 erat
227 1449 243 1483 ei
255 1449 308 1493 panis
320 1450 421 1483 ordeaceus
432 1449 496 1490 siccus,
505 1453 523 1483 et
535 1447 618 1482 modicus
630 1458 677 1491 aque
688 1453 748 1492 potus,

47 1503 120 1546 quando
138 1502 217 1537 violenta
236 1503 289 1537 samis
308 1502 392 1546 angustia
411 1502 537 1546 compellebat.
561 1501 621 1536 Panes
640 1512 686 1545 quos
705 1501 748 1536 emit
757 1514 776 1545 ²5

47 1560 136 1597 recentes,
144 1555 163 1589 in
171 1567 216 1600 pera
224 1555 294 1590 serebat
302 1556 380 1590 intactos
388 1556 446 1589 donec
455 1554 573 1589 diuturnitate
585 1559 648 1589 essent
660 1555 749 1599 temporis

47 1608 131 1643 indurati.
158 1609 274 1644 Vestimenta
289 1620 326 1643 non
343 1608 424 1649 mutauit,
437 1620 471 1643 nec
486 1608 548 1649 abluit,
561 1613 658 1652 antequam
672 1609 695 1642 ad
710 1608 749 1643 loca

48 1667 111 1696 sancta
122 1662 218 1706 peruenit;
235 1662 354 1697 calciamenta
367 1673 401 1697 nec
415 1661 520 1696 emendauit
533 1661 605 1697 interim
620 1673 653 1696 nec
666 1662 750 1696 detraxit.

47 1715 101 1748 Vnde
110 1726 120 1748 a
128 1715 214 1758 lapillulis
224 1721 242 1748 et
252 1715 325 1748 arenis³
333 1727 369 1759 que
380 1715 532 1755 subintrauerant‚
540 1715 609 1758 pedum
621 1726 658 1747 non
669 1715 751 1748 modicos

47 1768 66 1801 in
74 1768 139 1801 itinere
148 1768 234 1802 sustinuit
242 1768 341 1809 eruciatus;
354 1768 390 1802 iter
396 1773 458 1802 tamen
469 1767 523 1801 sociis
535 1768 600 1811 equale
611 1767 691 1811 quotidie
702 1767 749 1802 fecit.
759 1781 779 1809 30

48 1821 66 1854 Α
77 1820 107 1854 via
118 1832 163 1864 sepe
175 1821 277 1854 diuertebat
288 1826 307 1855 et
318 1821 395 1864 genibus
406 1821 460 1854 flexis
471 1821 501 1854 vel
513 1826 616 1864 prostratus
629 1821 697 1854 orabat.
719 1821 749 1854 Ad

50 1873 147 1907 Iordanem
159 1873 241 1914 veniens,
249 1873 327 1908 cilicium
341 1873 389 1915 lauit,
397 1879 459 1908 vestes
470 1878 512 1907 tunc
524 1872 585 1917 primo
595 1873 646 1907 exuit
658 1879 676 1907 et
687 1873 750 1908 calcia-

49 1931 111 1960 menta
122 1926 206 1960 detraxit.
229 1926 258 1960 Ex
269 1925 330 1960 arenis
342 1931 360 1960 et
371 1925 443 1969 lapillis,
451 1925 499 1969 pelle
507 1926 575 1969 pedum
586 1930 700 1969 consumpta,
709 1937 751 1960 caro

49 1980 137 2013 cruenta⁴
148 1979 221 2013 ossibus
232 1979 264 2013 vix
275 1980 360 2014 herebat:
373 1984 391 2013 et
403 1984 469 2012 extunc
485 1978 603 2012 calciamenta
620 1979 699 2022 pedibus
712 1980 751 2013 suis

50 2044 87 2066 non
95 2032 173 2066 admisit.
219 2025 305 2066 Rediens
312 2032 331 2066 in
339 2031 431 2076 angliam,
439 2043 480 2065 curn
489 2042 556 2075 magna
564 2031 637 2065 demum
646 2031 751 2066 difficultate
760 2044 779 2072 35

50 2086 73 2119 ad
80 2086 156 2119 Finkale
162 2085 211 2120 venit
218 2098 222 2120 :
234 2086 265 2120 vbi
271 2086 326 2129 lupus
332 2085 422 2119 immense
428 2084 558 2128 magnitudinis
565 2084 639 2118 seuiens
644 2085 661 2118 ei
668 2085 751 2124 occurrit,

50 2144 137 2183 tanquam
145 2138 163 2172 in
171 2139 231 2173 virum
239 2139 269 2173 dei
276 2139 331 2174 vellet
339 2139 409 2173 irruere
416 2138 445 2173 vel
452 2138 513 2172 viuum
519 2138 623 2172 absorbere.
640 2137 673 2172 Cui
678 2138 751 2183 signum

51 2192 110 2226 crucis
120 2192 210 2235 opposuit,
221 2192 296 2225 dicens:
309 2192 389 2225 ‘Adiuro
400 2197 418 2225 te
429 2192 448 2224 in
458 2190 532 2224 nomine
543 2190 658 2224 sanctissime
667 2191 752 2225 trinitatis

51 2255 75 2277 ne
83 2244 138 2277 michi
146 2245 249 2278 molestiam
257 2245 317 2286 facias,
325 2250 343 2278 et
351 2245 367 2278 si
375 2255 416 2277 mee
427 2243 520 2277 seruitutis
529 2243 636 2286 obsequium
645 2244 719 2277 domino
729 2245 753 2279 sit

51 2302 152 2341 acceptum,
161 2297 268 2332 festinanter
277 2298 366 2332 abscedas
372 2297 389 2331 ⁵3
411 2297 458 2331 Fera
469 2295 529 2331 statim
538 2295 586 2330 illius
594 2296 671 2340 pedibus
679 2307 700 2331 se
710 2309 753 2341 pre·
762 2311 782 2340 40

52 2350 120 2393 strauit,
129 2355 147 2384 et
156 2356 231 2395 accepta
241 2350 319 2394 licentia,
329 2355 424 2385 mansuete
433 2349 523 2390 discessit,
531 2349 581 2384 illum
591 2360 637 2394 sepe
646 2350 754 2395 respiciens.

53 2403 141 2437 Edificata
152 2413 196 2436 vero
208 2403 258 2436 iuxta
270 2403 328 2447 ripam
336 2403 389 2437 Weri
401 2402 482 2436 ssuminis
494 2402 608 2442 domuncula,
616 2402 667 2436 solus
679 2413 754 2438 manere

52 2455 100 2499 cepit
116 2455 211 2497 Godricus,
224 2455 304 2489 hominis
319 2455 383 2489 faciem
399 2465 441 2488 raro
454 2453 580 2498 conspiciens;
597 2465 631 2488 nec
644 2456 700 2489 verba
712 2467 753 2490 cum

52 2508 193 2543 aduenientibus
204 2508 296 2550 miscebat,
305 2509 338 2543 sed
346 2508 421 2543 tacebat.
445 2507 505 2542 Nimia
515 2512 532 2542 et
540 2507 627 2543 terribilis
637 2515 675 2543 erat
686 2509 704 2544 in
715 2510 755 2545 loco

72 2572 95 2591 ¹·¹
103 2573 157 2604 amin
166 2573 210 2603 Harl.
231 2571 351 2603 ²T.dextcram.
372 2571 479 2603 ³T.harenis.
500 2571 622 2603 *uer-uenum.
643 2573 755 2605 ³E.abccdas.
