1762 2803
98 105 166 178 '³88
314 121 393 175 nunu
409 119 525 184 trenna
541 120 633 184 annia

124 244 192 278 mundo
200 242 285 278 videntur
294 243 416 286 mortut'enm
425 244 518 288 deserant,
526 254 559 288 ego
567 248 628 279 tamen
637 253 680 279 eum
689 252 726 278 non
734 242 824 284 deseram,

124 298 157 332 sed
164 296 261 341 suscipiam
266 300 342 341 propter
348 297 403 331 deum
409 302 427 332 et
433 297 613 341 propter¹iusticiam
618 296 731 341 pacientem!
748 294 825 330 Biennio

124 349 179 395 igitur
189 348 341 395 peregrinationis
352 361 385 385 sue
396 351 492 396 completo,
501 363 512 387 a
520 350 625 386 Pontiniaco
634 350 736 391 discedens
745 347 825 385 Senonis

124 415 182 448 usque
188 406 262 438 deuenit
269 417 273 447 3
285 410 304 438 et
311 404 330 437 in
336 404 401 438 itinere
409 406 470 439 abbati
478 405 610 450 pontiniacensi
618 416 660 439 eum
668 403 761 439 lachrimis
768 403 824 437 dixit:

107 468 116 497 5
125 458 176 500 ‘Que
183 458 240 492 deme
247 463 294 500 sunt,
300 458 356 491 finem
363 458 430 492 habent
437 470 441 492 :
452 459 538 492 dominus
543 469 596 492 seruo
603 468 636 492 suo
642 457 678 492 vite
684 457 741 491 finem
747 456 826 500 finisque

125 510 200 544 modum
215 510 234 542 in
247 510 288 544 visu
303 510 391 554 preterite
406 511 463 545 noctis
478 512 576 545 ostendere
590 510 674 554 dignatus
689 515 728 543 est:
746 508 826 553 gladium

126 561 241 607 spiculatoris
249 561 375 606 subterfugere
383 574 420 598 non
428 565 502 608 potero:
521 563 585 607 ‘Ergo
593 562 651 607 inquit
659 563 715 597 abbas
723 561 826 603 subridens,

125 614 206 650 martirio
214 614 309 651 interibis?
329 615 378 658 Quid
386 616 480 652 esculento
488 621 506 652 et
514 615 618 658 temulento,
626 619 644 651 et
652 613 762 660 martyrio²r
785 613 827 648 Non

125 670 173 704 bene
181 669 292 704 conueniunt
303 670 363 704 necin
371 682 407 705 vna
415 672 460 705 sede
467 669 573 705 morantur³
580 669 626 705 calix
634 669 671 704 vini
679 679 734 714 quern
742 673 800 714 potas,
809 673 827 702 et

99 735 118 758 ιο
126 723 173 758 calix
189 723 274 759 martirii)
298 723 379 764 ‘Fateon
394 724 453 768 inquit
469 723 622 767 archiepiscopus,
638 723 731 767 corporeis
744 722 827 766 volupta-

126 776 175 810 tibus
186 776 283 819 indulge03
295 778 355 810 bonus
363 781 424 811 tamen
432 777 523 819 dominus,
531 776 561 820 qui
569 776 654 810 iustificat
663 776 744 820 impium,
752 774 827 819 indigno

127 828 212 873 dignatus
220 833 249 863 est
257 829 340 863 reuelare
348 828 459 863 misterium!
483 829 505 863 Et
516 840 557 863 cum
567 828 643 862 instaret
653 828 710 863 abbas
716 833 736 862 vt
746 827 828 862 seriatim

128 888 277 926 prosequeretur,
285 882 390 917 subintulit:
403 882 492 917 ‘Domine
504 883 565 923 abbas,
574 881 620 916 etsi⁴
628 881 720 916 familiaris
732 891 785 915 meus
796 880 828 923 sis,

128 946 165 969 non
177 934 228 978 prius
240 935 342 969 edisseram
354 934 389 969 nisi
400 940 425 969 eo'
432 940 485 979 pacto
492 940 511 970 vt
522 939 612 969 secretum
623 939 687 969 teneas
698 934 757 978 quoad
765 933 829 968 vixero

102 999 119 1029 15
129 989 173 1031 ego!
196 987 249 1029 Quod
261 999 303 1021 eum
314 987 393 1028 lecisset,
405 987 440 1022 ait:
457 988 524 1022 ‘Nocte
536 987 569 1021 hac
580 987 640 1021 visum
652 993 680 1021 est
691 986 736 1021 mihi
748 987 796 1030 quod
809 986 829 1019 in

129 1038 211 1080 ecclesia,
219 1039 282 1073 nescio
292 1045 353 1073 tamen
362 1050 403 1083 qua,
412 1045 474 1074 contra
482 1039 575 1074 domiuum
586 1050 649 1082 regem
657 1039 759 1083 Anglorum
767 1049 829 1072 coram

129 1104 177 1136 papa
189 1097 207 1125 et
218 1092 340 1126 cardinalibus
352 1093 488 1134 contenderem,
496 1092 569 1127 domino
580 1104 628 1137 papa
640 1092 686 1137 parti
698 1103 739 1126 mec
750 1091 829 1133 fauente,

129 1145 162 1180 sed
177 1145 300 1180 cardinalibus
316 1156 350 1188 pro
365 1156 409 1189 rege
428 1145 567 1180 aduersantibus
582 1151 645 1179 contra
659 1156 695 1179 me.
719 1144 772 1178 Tunc
786 1154 830 1178 ecce

129 1198 188 1234 subito
202 1204 279 1242 quatuor
291 1205 440 1242 superuenerunt
452 1199 524 1240 milites,
536 1199 567 1243 qui
579 1198 703 1233 summitatem
716 1197 780 1242 capitis
794 1197 830 1232 mei

102 1251 280 1294 reexcoriauerunt;
298 1252 381 1295 adeoque
396 1252 512 1295 angustiabar
527 1252 575 1295 quod
589 1252 665 1286 videbar
676 1252 721 1285 mihi
735 1251 830 1285 defecisse.

131 1305 167 1338 Per
178 1304 230 1346 hanc,
239 1304 258 1337 ni
268 1305 326 1344 fallor,
335 1304 465 1338 reuelationem
476 1305 530 1338 credo
541 1305 589 1348 quod
601 1310 660 1338 morte
672 1306 722 1346 dura,
730 1305 764 1337 sed
775 1314 830 1347 spero

130 1356 219 1400 preciosa,
234 1357 258 1390 de
273 1356 308 1390 hoc
323 1357 392 1390 mundo
407 1367 448 1390 sum
463 1356 583 1391 transiturus.¹
629 1349 674 1391 Rex
690 1362 750 1391 autem
763 1355 831 1399 Anglie

130 1408 180 1444 misit
195 1408 272 1443 nuncios
288 1409 311 1442 ad
324 1407 453 1451 imperatorem
470 1408 587 1443 Fredericum
603 1409 656 1452 quod,
672 1408 688 1443 si
703 1419 771 1443 nomen
786 1406 831 1451 [et]fi

131 1460 253 1497 obedientiam
264 1460 367 1496 Alexandri
378 1472 426 1505 pape
438 1461 533 1502 abiurarct,
545 1460 652 1506 participem
664 1472 684 1496 se
696 1460 787 1497 scismatis
799 1461 832 1495 ha-

104 1516 184 1554 zsberet
203 1525 245 1549 cum
264 1514 355 1559 episcopis
375 1514 418 1548 suis.
442 1514 465 1548 Et
483 1514 549 1549 factum
568 1520 596 1549 est
614 1516 643 1550 ita
670 1515 740 1550 Feralia
759 1526 831 1559 quoque

132 1567 194 1603 statuit
208 1567 266 1602 edicta
279 1572 342 1602 contra
355 1567 400 1601 eos‘
412 1567 443 1611 qui
455 1579 503 1612 pape
517 1567 585 1601 litteras
598 1567 617 1601 in
629 1568 715 1612 Angliam
728 1567 831 1611 deferrent;

132 1631 234 1663 omnesque
245 1621 297 1663 regni
309 1621 337 1653 sui
349 1630 415 1663 papam
423 1621 551 1653 Alexandrum
563 1621 646 1654 abiurare
657 1621 721 1664 coegit.
745 1620 832 1664 Episcopi

132 1683 205 1717 quoque
213 1677 276 1707 contra
284 1671 441 1716 archiepiscopum
449 1683 502 1707 suum
510 1672 629 1716 appellarunt.
652 1672 770 1708 Mittebantur
778 1673 832 1708 etiam

132 1727 155 1760 ad
168 1725 273 1759 instantiam
287 1724 336 1769 regis
350 1726 386 1758 duo
402 1726 503 1759 cardinales
515 1725 569 1758 amici
580 1725 624 1759 eius.
644 1725 675 1759 Ad
688 1737 765 1770 quorum
778 1726 833 1760 collo-

104 1791 124 1821 30
132 1778 195 1823 quium
207 1789 248 1813 cum
258 1779 329 1813 veniret
340 1778 493 1823 archiepiscopus,
505 1783 558 1812 nocte
569 1778 653 1822 proxima
663 1779 708 1813 vidit
719 1778 738 1812 in
749 1778 833 1822 sompnis

132 1832 180 1875 quod
196 1831 325 1874 propinaretur
340 1830 357 1864 ei
371 1841 463 1864 venenum
478 1832 497 1864 in
512 1831 568 1864 calice
587 1842 647 1865 aureo.
674 1831 743 1865 inlecto
758 1832 833 1865 tandem

132 1883 210 1928 negotio,
229 1888 248 1916 et
267 1884 337 1927 absque
356 1893 390 1927 spe
408 1884 464 1927 pacis,
484 1883 585 1917 cardinales
606 1884 629 1917 ad
648 1894 715 1928 papam
734 1883 832 1918 redierunt.

133 1928 205 1972 Habito
217 1936 266 1971 enim
279 1936 339 1981 papali
351 1936 452 1980 priuilegio,
464 1937 530 1971 multos
542 1936 560 1970 in
568 1936 636 1981 Anglia
647 1935 735 1972 clericos⁷
742 1936 803 1971 citauit
814 1941 833 1971 vt

132 1990 155 2024 ad
163 1989 224 2034 ipsum
232 1989 295 2025 venire
304 2000 340 2025 non
349 1989 453 2033 differrent,
466 2001 486 2025 ae
494 1989 550 2024 etiam
558 1990 593 2025 sub
601 1989 671 2024 ordinis
680 1989 709 2025 sui
720 1994 739 2024 et
749 1989 833 2025 beneficii

105 2054 123 2084 55
133 2042 213 2087 periculo
225 2044 312 2078 nonnulla
323 2043 417 2087 precepit:
430 2045 463 2078 sed
475 2055 512 2077 non
523 2049 623 2087 paruerunt
634 2043 664 2077 illi.
687 2043 741 2077 Vnde
752 2044 834 2087 appella-

133 2095 178 2130 tioni
191 2105 228 2129 non
240 2096 336 2130 deserens⁵
348 2096 389 2130 illos
400 2097 473 2140 publice
485 2096 655 2131 excommunicant.
676 2096 770 2138 Quosdam
782 2096 834 2139 quasi

133 2147 234 2188 inuasores,
246 2149 335 2191 quosdam
347 2148 400 2192 quasi
413 2159 475 2183 rerum
489 2147 653 2184 ecclesiasticarum
665 2148 755 2184 violentes
770 2149 834 2183 deten-

132 2205 184 2249 tores
191 2212 195 2241 ς
207 2201 296 2245 quosdam
304 2201 359 2236 etiam
365 2202 463 2246 episcopos
472 2200 637 2236 exeommunicauit
645 2207 721 2247 propter
727 2200 834 2236 inobedien-

134 2253 178 2288 tiam
186 2253 306 2297 manifestam,
315 2259 332 2287 et
340 2255 420 2288 maxime
429 2256 471 2298 quia
479 2255 597 2297 interregem
605 2260 623 2289 et
631 2255 693 2299 ipsum
699 2254 754 2289 totius
763 2254 835 2289 dissen-

105 2319 126 2350 40
134 2305 189 2340 tionis
197 2305 420 2349 incentorestextiterant,
425 2318 479 2350 quam
486 2313 504 2341 et
513 2306 575 2340 fouere
582 2318 618 2341 non
627 2307 743 2341 desistebant.
767 2307 835 2342 Multos

134 2368 207 2403 quoque
215 2358 265 2400 alios,
273 2358 349 2392 clericos
360 2364 378 2392 et
386 2359 447 2400 laicos,
455 2360 478 2393 ob
488 2360 571 2393 diuersas
580 2359 660 2394 offensas
667 2360 740 2404 publice
748 2363 766 2393 et
776 2359 835 2393 nomi-

134 2412 191 2446 natim
205 2411 377 2453 excommunicauit,
390 2412 436 2446 adeo
448 2417 467 2446 vt
478 2411 498 2445 in
509 2412 579 2455 capella
590 2412 640 2457 regis
651 2412 682 2447 vix
694 2416 744 2447 esset
755 2411 791 2446 nisi
802 2424 835 2447 ex-

155 2503 201 2534 lom.
209 2503 225 2534 in
233 2503 250 2535 T.
295 2503 407 2542 'admartyri
454 2503 488 2535 ΒΕ.
496 2507 570 2536 moratur.
611 2504 694 2536 ¹E.siet.
738 2503 835 2536 ⁵om.inE.

134 2543 326 2591 fcontraeosomdnT.
383 2544 565 2575 ⁷al.aulicosclcricos.
620 2544 654 2576 ¹³13.
663 2545 743 2576 differens.
800 2544 835 2577 9Ε.

134 2588 226 2613 intentores.
