1762 2803
113 155 126 196 ὁ
304 151 384 204 rauna
400 148 516 212 taranta
531 147 623 211 unalia.

136 273 175 307 Nec
185 283 230 307 sane
238 272 309 307 minore
316 272 416 306 sanctitatis
425 271 484 306 studio
496 277 558 306 sancte
568 271 651 315 ipsorum
661 281 726 314 regum
736 270 816 305 floruere

114 326 184 371 regine,
197 337 218 361 ac
233 331 294 361 cetere
307 326 383 369 nobiles,
396 336 431 369 que
443 325 516 359 sincero
531 324 646 359 matrimonio
661 324 735 359 domino
750 325 816 359 deuote

115 380 224 422 seruientes,
239 380 301 423 proles
314 390 357 413 suas
370 379 388 412 in
402 379 432 412 dei
445 379 510 412 timore
522 378 633 420 erudientes,
646 378 732 421 operibus
746 377 817 412 miseri·

116 431 178 466 cordie
193 442 265 465 summa
280 430 400 465 sollicitudine
415 436 506 472 vacantes,
518 431 605 464 honestas
618 429 694 473 nupcias
706 430 817 474 thorumque

99 485 252 529 5Immaculatum
267 484 397 518 custodierunt.
428 484 510 525 Quarum
528 489 590 518 tamen
608 484 671 526 multe,
686 494 710 517 ex
725 494 817 517 consensu

116 537 221 571 maritorum
235 547 315 578 suorum,
327 547 338 571 a
349 537 402 571 licitis
414 537 469 571 etiam
480 537 596 580 amplexibus
607 536 727 579 abstinentes,
735 537 817 570 celebem

116 596 135 625 et
152 602 196 625 vere
215 590 316 633 angelicam
332 590 388 625 vitam
405 591 499 633 ducentes,
516 595 565 624 tanto
579 589 663 634 ampliori
680 601 747 624 corona
762 589 818 634 digne

116 648 159 678 sunt
172 648 239 685 quanto
250 642 270 676 in
281 643 324 685 igne
335 643 395 686 posite
406 655 444 677 non
455 648 570 677 exarserunt.
592 642 647 677 Vnde
662 654 725 677 earum
740 642 818 686 plurima

116 705 198 740 corpora,
213 701 233 729 vt
248 700 336 739 quantum
351 696 386 729 deo
401 696 472 739 placeat
487 695 556 729 illibata
570 694 665 739 virginitas
680 695 751 729 cunctis
766 695 818 728 inno-

90 764 109 783 10
116 753 200 791 tesceret,
215 750 310 792 hucusque
329 749 399 792 absque
416 748 521 782 omnimoda
540 747 656 792 corruptione
672 747 695 791 (si
713 748 762 782 same
780 759 818 782 ere·

117 802 198 835 dendum
212 802 247 844 est)
259 801 321 835 diuina
331 802 400 835 virtute
411 808 485 835 seruata
495 807 549 835 sunt:
568 802 724 844 quemadmodum
735 801 754 834 in
767 812 819 835 saera

117 859 168 899 patet
182 853 254 898 virgine
270 854 387 897 Etheldreda,
403 865 444 898 que,
461 855 532 888 duobus
547 859 604 898 nupta
619 853 668 896 viris,
683 853 735 898 virgo
755 853 820 888 nichil-

118 908 191 943 ominus
210 918 286 952 semper
307 908 401 951 remansit,
421 913 439 942 et
457 908 498 942 ideo
515 907 637 952 corruptionis
655 907 790 952 prerogatiuam
809 919 820 942 a

118 960 193 995 domino
209 972 243 1004 pro
258 972 335 994 munere
354 961 434 1004 accepit3
454 961 500 994 sicut
515 966 533 994 et
548 962 611 1004 plures
625 961 660 994 alie
675 962 701 1004 (vt
713 961 738 995 ita
753 960 819 1003 dicam)

92 1027 110 1058 15
119 1020 176 1049 testes
188 1019 206 1047 et
218 1013 333 1048 sanctissime
345 1014 428 1058 puritatis
440 1019 458 1048 et
469 1014 529 1048 future
542 1013 683 1048 resurrectionis
694 1014 771 1048 suerunt.

141 1068 165 1101 Et
175 1068 238 1110 plures
249 1067 365 1101 sanctissime
373 1068 410 1101 vite
421 1068 510 1111 presules,
518 1078 596 1111 quorum
604 1068 691 1101 sanctitas
698 1073 769 1101 tantum
777 1067 820 1102 emi-

119 1120 160 1161 cuit,
165 1124 184 1153 vt
192 1130 257 1153 omnes
264 1119 296 1163 qui
303 1130 336 1153 eos
343 1119 432 1161 viderent,
439 1125 571 1163 cognoscerent
576 1120 638 1164 vtique
646 1120 732 1163 quoniam
740 1120 770 1154 isti
778 1125 821 1154 sunt

119 1182 183 1207 semen
195 1172 223 1206 cui
236 1172 331 1206 benedixit
344 1172 450 1215 dominus¹3
467 1183 545 1216 quorum
557 1172 604 1216 iugis
617 1173 732 1207 conuersatio
744 1173 763 1207 in
777 1173 821 1207 celis

119 1225 209 1267 erat-ab
217 1224 252 1259 hiis
258 1225 327 1259 nostris
334 1225 360 1267 (vt
367 1236 432 1259 verum
440 1225 503 1268 fatear)
510 1225 565 1269 longe
571 1225 693 1260 dissentiens²
701 1226 821 1270 temporibus,

92 1291 111 1312 zo
118 1278 149 1312 vbi
156 1282 214 1311 totum
222 1277 300 1311 auaricie
309 1288 330 1312 ac
337 1278 425 1322 voluptati
433 1279 491 1319 datur,
499 1278 600 1312 sanctitati³
608 1289 673 1322 parum
681 1284 712 1313 aut
720 1279 775 1312 nihil:
788 1279 822 1313 cir·

119 1336 185 1365 cueunt
192 1331 241 1363 enim
249 1331 285 1364 iam
292 1331 344 1364 multi
352 1332 405 1374 (pace
412 1331 515 1374 aliquorum
521 1331 587 1373 dicam)
596 1337 615 1365 vt
623 1332 682 1365 seduli
690 1333 821 1375 exploratores,

119 1382 212 1424 simulant,
223 1381 345 1424 dissimulant,
356 1388 464 1426 sequuntur,
478 1383 608 1426 obsequuntur,
622 1382 707 1417 manibus
722 1389 789 1428 repunt
804 1389 822 1418 et

120 1435 205 1479 pedibus,
220 1440 240 1469 vt
254 1446 327 1479 quoquo
342 1437 397 1469 modo
412 1446 455 1470 sese
470 1436 555 1479 ingerere
573 1441 640 1479 queant
656 1436 675 1470 in
692 1437 822 1480 patrimonium

120 1487 217 1531 Crucifixi;
237 1499 315 1532 quorum
330 1488 443 1523 insaciabilia
458 1489 514 1523 corda
530 1499 624 1532 nunquam
638 1489 740 1533 quiescunt,
755 1489 823 1534 duplici

93 1555 100 1574 2
103 1554 111 1583 5
120 1552 195 1584 semper
203 1546 297 1575 estuantes
306 1542 404 1584 desiderio,
412 1553 449 1585 quo
456 1542 519 1586 vtique
528 1542 587 1585 magis
596 1542 691 1586 magisque
700 1548 718 1576 et
725 1542 823 1577 dilatentur

120 1594 139 1628 in
147 1594 200 1639 plura
209 1598 227 1628 et
235 1594 258 1628 ad
268 1594 345 1629 celsiora
357 1594 483 1629 sublimentur.
505 1594 575 1629 Verum
587 1605 624 1628 non
636 1594 662 1629 sic
674 1595 723 1630 illius
734 1595 823 1640 temporis

121 1647 168 1691 sacri
184 1646 292 1690 pontifices!
312 1658 350 1681 non
365 1647 396 1688 sic,
408 1647 488 1691 inquam,
504 1647 631 1682 sanctissimus
645 1648 676 1683 ille
691 1649 753 1692 presul
767 1649 823 1683 Cuth-

120 1701 188 1741 bertus,
200 1699 237 1743 qui,
249 1700 284 1734 etsi
295 1700 392 1735 virtutibus
405 1701 477 1744 plenus,
491 1700 526 1734 etsi
538 1700 588 1734 omni
600 1701 695 1735 sanctitate
708 1702 823 1746 conspicuus,

120 1753 168 1787 haud
180 1757 241 1787 tamen
251 1754 274 1787 ad
285 1753 363 1788 ecclesie
374 1753 457 1797 regimen
469 1758 544 1788 vocatus
556 1754 662 1798 electusque
672 1753 699 1788 ire
710 1754 772 1798 voluit,
780 1767 823 1799 quo-

94 1817 113 1844 30
120 1817 179 1849 usque
186 1816 225 1846 rex,
233 1817 275 1839 cum
285 1806 324 1840 suis
334 1806 457 1849 optimatibus,
465 1806 524 1840 sancti
531 1806 565 1840 viri
576 1807 654 1849 pedibus
662 1812 770 1850 prostratus,
782 1818 824 1842 cum

121 1857 182 1892 multis
194 1858 279 1902 precibus
293 1864 311 1893 et
324 1858 417 1892 lachrimis
431 1858 470 1893 eius
482 1859 556 1892 tandem
570 1858 678 1893 renitentem
690 1859 772 1894 animum
787 1871 824 1894 non

121 1912 161 1946 sine
169 1911 250 1946 maxima
257 1911 343 1946 instantia
351 1911 422 1947 deuicit.
445 1912 477 1947 Sic
488 1917 506 1947 et
520 1912 646 1947 sanctissimus
658 1912 713 1957 Hugo
721 1913 824 1958 episcopus,

121 1975 158 1998 non
172 1964 212 1998 sine
226 1966 304 2008 quadam
316 1965 402 1999 violentia
413 1966 533 2009 maximaque
544 1966 658 2009 solennitate,
670 1977 691 2000 ac
701 1967 750 2010 regis
759 1978 824 2010 proce·

121 2028 199 2061 rumque
209 2028 276 2061 magna
283 2017 425 2062 importunitate,
432 2024 452 2053 vt
459 2030 522 2053 curam
530 2019 633 2063 susciperet
640 2019 743 2054 animarum
749 2021 825 2055 tandem

94 2079 112 2110 35
121 2076 150 2106 est
158 2070 245 2105 deuictus.
269 2071 300 2105 Sic
308 2076 326 2105 et
334 2071 363 2105 alii
370 2072 488 2115 quamplures
494 2072 530 2116 qui,
537 2073 599 2116 gregis
606 2072 641 2106 sibi
648 2072 753 2107 commissi⁴
761 2084 824 2107 curam

122 2130 197 2159 strenue
212 2129 293 2167 agentes,
305 2124 344 2158 veri
357 2130 375 2158 et
387 2135 408 2158 re
420 2130 438 2158 et
449 2125 524 2159 nomine
539 2131 628 2168 pastores,
636 2136 681 2160 oues
693 2136 736 2159 suas
747 2136 825 2169 pascere

122 2176 224 2217 studebant,
236 2187 274 2209 non
290 2177 389 2220 expoliare,
400 2187 421 2210 ac
436 2177 486 2210 iuxta
501 2188 564 2211 sacros
577 2188 657 2212 canones
672 2178 778 2212 necessaria
789 2178 824 2213 sibi

123 2230 244 2271 solummodo,
252 2239 290 2262 non
298 2230 396 2273 superflua,
405 2240 506 2264 reseruare.

144 2280 199 2315 Vnde
216 2286 234 2315 et
252 2286 326 2315 sanctus
345 2281 375 2327 dei
391 2281 475 2316 Aidanus
491 2282 590 2327 episcopus
604 2287 654 2316 tanto
670 2282 738 2316 exarsit
752 2282 825 2327 pietatis

95 2343 114 2372 40
123 2345 186 2368 amore
200 2334 220 2368 in
235 2345 327 2379 pauperes
342 2335 415 2379 Christi,
431 2340 450 2370 vt
462 2335 507 2380 ipse,
523 2347 547 2370 ex
560 2335 648 2381 episcopo
660 2347 731 2380 pauper
744 2337 825 2381 effectus,

123 2388 167 2421 dum
178 2391 234 2421 totam
245 2388 343 2432 pecuniam
354 2388 466 2432 pauperibus
478 2394 568 2433 erogaret,
579 2394 598 2423 et
608 2388 687 2432 pauperi
700 2389 771 2424 cuidam
783 2401 794 2424 a
805 2401 825 2425 se

123 2440 238 2474 elimosinam
247 2442 346 2485 expetenti,
354 2435 403 2477 vnde
412 2443 498 2477 redderet
506 2443 562 2476 nichil
570 2443 651 2484 haberet,
662 2452 730 2486 equum
742 2444 825 2487 protinus

123 2503 160 2536 quo
176 2493 227 2535 sedit,
239 2493 274 2528 sibi
287 2495 341 2539 paulo
353 2501 396 2530 ante
409 2507 420 2530 a
432 2507 476 2540 rege
491 2497 559 2539 datum,
571 2496 629 2540 pedes
644 2495 737 2539 incedens,
748 2497 826 2542 pauperi

123 2545 234 2580 mendicanti
241 2547 298 2581 daret.

143 2609 196 2641 1lsai.
204 2610 230 2641 lxi
238 2621 252 2649 9.
303 2611 446 2644 ²E.discentiens.
496 2613 628 2645 ³E.sanctitate.
678 2613 712 2646 ¹13.
720 2615 808 2647 commisse.
