1762 2803
214 121 259 176 Ut
274 119 374 173 &annu
389 117 539 179 amphibalo.

188 317 203 353 ll
215 315 245 349 De
256 324 327 349 snucro
337 313 452 348 Anrnnmnco
463 313 571 349 ltnRTYRE¹.

29 405 99 481 CVm
115 404 164 438 enim
178 411 253 439 sanctus
267 403 391 448 Amphibalus
405 403 498 438 Albanum
513 408 614 447 martyrem
629 402 729 447 gloriosum

85 468 118 492 sua
126 458 249 502 predicatione
257 463 275 491 et
283 456 416 498 exhortatione,
423 461 511 500 operante
519 455 595 500 spiritus
602 455 660 490 sancti
668 455 730 499 gratia,

27 513 50 547 ad
62 512 119 545 fidem
133 510 200 544 Christi
215 511 341 552 conuertisset,
355 510 436 544 hortatur
451 519 493 544 eum
508 508 609 554 discipulus
620 508 731 543 venerabilis

28 567 112 600 Albanus
127 565 150 598 ab
161 565 206 598 vrbe
221 564 322 604 discedere,
338 564 384 597 dans
399 564 416 596 ei
431 563 527 596 clamidem
543 573 587 596 auro
602 567 677 602 textam,
694 572 731 610 quo

28 617 94 652 tuti0r²
104 617 127 650 ab
140 616 223 650 hostibus
234 617 346 651 redderetur.
368 615 431 650 Vestis
442 619 503 650 autem
512 614 616 650 huiusmodi
627 620 677 650 tante
687 620 730 649 tunc
740 626 749 657 5

28 670 117 715 temporis
125 669 217 714 dignitatis
225 675 243 704 et
251 669 354 705 reuerentie
360 669 424 710 extitit,
430 674 449 704 vt
456 668 486 703 illa
494 668 568 704 indutus
576 668 656 703 hostium
662 678 731 704 cuneos

29 729 134 768 penetraret
148 723 216 756 illesus.
238 722 367 766 Adquieseens
382 722 437 765 igitur
451 721 574 764 Amphibalus
589 721 673 766 discipuli
688 732 731 766 pre·

29 776 86 817 cibus,
94 780 136 810 ante
147 776 207 810 lucem
220 775 280 820 sugam
292 774 373 819 arripuit,
380 784 446 809 versus
453 774 558 818 aquilonem
569 774 605 809 iter
614 774 696 818 dirigens
707 774 731 808 ad

29 829 121 869 walliam,
126 829 252 873 predicaturus
260 828 345 872 gentibus
352 829 428 862 verbum
437 827 471 861 dei.
508 820 559 862 Cum
566 833 628 862 autem
635 827 732 862 multitudo

30 882 93 927 populi
105 883 222 925 columpnam
237 881 283 915 lucis
298 881 321 915 de
336 880 407 915 tumulo
423 879 471 914 beati
484 880 552 914 Albani
566 891 625 925 usque
640 880 659 914 in
672 879 731 914 celum
739 892 761 913 uo

30 936 141 974 tendentem,
150 939 168 968 et
176 934 252 977 angelos
259 934 394 968 descendentes
405 938 423 967 et
433 934 561 974 ascendentes,
568 937 587 967 et
594 938 667 968 noctem
675 938 732 967 totam

30 988 49 1021 in
66 987 141 1031 hymnis
155 992 174 1020 et
191 987 275 1020 laudibus
291 987 410 1026 deducentes
425 986 521 1020 euidenter
539 986 649 1029 aspexisset,
664 986 733 1019 lumine

30 1040 113 1072 turbatur
124 1038 202 1080 insolito,
213 1038 322 1081 nouitasque
333 1038 360 1071 rei
369 1038 446 1071 vertitur
457 1038 476 1071 in
488 1037 600 1072 miraculum.
622 1037 675 1072 Tunc
686 1047 733 1072 vnus

31 1091 109 1133 illorum,
121 1096 149 1127 cet
150 1101 192 1126 eros
203 1090 269 1125 uidens
280 1090 371 1132 attonitos,
384 1089 419 1124 ait.
433 1089 484 1125 ‘Hee
497 1090 586 1131 miranda,
597 1101 633 1134 que
643 1073 733 1131 videmus,

31 1144 125 1179 Christum
135 1144 165 1179 der
174 1144 232 1178 filium
244 1143 312 1187 liquido
323 1153 395 1187 operari
405 1148 481 1177 constat
504 1143 534 1176 Du
542 1154 588 1188 quos
596 1144 691 1187 hucusque
698 1143 734 1177 col
744 1155 761 1186 ¹5

32 1197 97 1238 ulmus,
105 1196 166 1241 potius
174 1202 217 1232 sunt
227 1202 311 1240 portenta
318 1206 373 1240 quam
384 1196 469 1238 numina;
481 1196 548 1240 quibus
555 1196 613 1231 virtus
621 1195 676 1237 nulla,
684 1195 734 1230 nulla

32 1250 117 1284 diuinitas
128 1250 189 1284 inesse
201 1249 252 1284 facile
263 1249 412 1295 deprehenditur.
435 1249 497 1294 Opera
504 1254 567 1285 nostra
574 1249 649 1290 inutilia,
657 1248 733 1294 diesque

32 1303 89 1338 nostri
101 1303 188 1337 inutiliter
199 1302 320 1337 defluxerunt.
343 1302 390 1336 Ecce
402 1302 461 1336 noctis
471 1304 547 1337 tenebre
558 1302 688 1347 splendoribus
699 1302 733 1337 celi

32 1348 110 1397 cedunt3
128 1356 204 1400 superni
219 1355 270 1389 ciues
285 1360 329 1389 eunt
343 1361 362 1389 et
376 1356 458 1396 redeunt,
474 1355 589 1390 sanctitatem
604 1356 672 1390 Albani
684 1366 734 1390 com·

33 1409 125 1442 mendant
148 1408 187 1442 Nos
200 1419 243 1452 ergo
258 1418 339 1442 errorem
355 1413 438 1443 nostrum
448 1408 584 1451 relinquentes,
600 1410 623 1443 de
641 1409 692 1443 salsis
711 1410 734 1442 ad
744 1421 763 1443 no

33 1471 82 1501 vera,
90 1461 112 1495 ad
120 1462 176 1495 fidem
185 1462 208 1495 de
215 1460 297 1514 perfidia
301 1466 440 1495 conuertamur:
453 1461 522 1495 Eamus
529 1466 547 1496 et
555 1461 669 1505 inquiramus
676 1461 735 1496 virum

33 1514 63 1548 dei
75 1514 111 1558 qui,
122 1513 168 1548 sieut
180 1513 243 1553 nostis,
255 1502 348 1548 Albanum
363 1514 474 1559 predicando
489 1514 512 1549 ad
528 1513 620 1550 Christum
636 1516 737 1550 conuertit!

34 1566 70 1601 His
81 1572 99 1600 et
110 1566 172 1600 multis
183 1566 224 1600 aliis
234 1566 344 1610 prosecutis,
351 1577 395 1600 mox
403 1578 486 1601 errorem
496 1567 594 1627 pristinum
602 1579 667 1601 omnes
675 1569 737 1601 detes-

34 1624 100 1659 tantur,
113 1619 181 1651 Christi
196 1618 243 1652 fides
258 1619 281 1651 ab
294 1618 379 1652 omnibus
391 1619 500 1661 predicatur,
515 1619 551 1653 iter
564 1619 583 1653 in
599 1619 686 1653 Walliam
702 1620 737 1653 sub

34 1670 150 1705 festinatione
166 1670 255 1714 dirigitur,
268 1670 299 1705 vbi
314 1670 343 1705 dei
359 1682 425 1706 seruus
436 1671 561 1717 Amphibalus
574 1683 650 1708 manere
661 1673 737 1718 putaba-
746 1686 765 1717 25

35 1730 69 1758 tur.
91 1724 122 1758 Ad
135 1735 190 1768 quem
205 1724 306 1766 venientes,
320 1725 399 1759 verbum
413 1726 449 1759 vite
465 1726 546 1769 regionis
564 1726 614 1760 illius
632 1725 738 1760 hominibus

35 1777 160 1821 predicantem
173 1777 295 1811 inuenerunt:
314 1788 388 1812 causam
404 1778 494 1813 aduentus
509 1778 537 1813 sui
552 1784 652 1823 exponunt,
664 1788 738 1814 crucem

35 1841 91 1874 quam
99 1841 132 1865 suo
140 1824 234 1874 quondam
241 1830 314 1864 Albano
321 1831 482 1865 commendauerat
491 1832 600 1874 obtulerunt,
609 1843 645 1876 que
652 1831 739 1866 recente³

36 1894 100 1917 cruore
116 1882 196 1927 perfusa,
211 1883 294 1927 martyrii
309 1883 358 1917 beati
374 1883 443 1918 Albani
462 1884 514 1928 signa
528 1884 638 1928 preferebat.
661 1884 738 1929 Cunque

36 1947 101 1971 omnes
120 1936 143 1970 ab
162 1947 184 1970 eo
202 1934 284 1970 instructi
302 1935 375 1970 Christo
390 1937 491 1979 crederent,
503 1937 628 1972 Verulamium
644 1936 692 1972 sama
709 1948 767 1979 re·30

36 1991 92 2034 pleuit
104 1989 138 2024 viri
149 1989 184 2031 dei,
196 1999 282 2023 asserens
294 1990 383 2032 quosdam
396 1991 419 2023 de
430 1990 502 2024 ciuitate
513 1990 607 2025 hominem
619 1991 671 2034 sequi
680 1996 740 2024 trans-

37 2043 134 2084 marinum,
143 2042 219 2085 eiusque
230 2052 286 2075 suasu
298 2042 374 2075 deorum
386 2043 466 2076 culturas
478 2047 495 2076 et
506 2042 558 2087 leges
568 2042 637 2087 patrias
644 2043 740 2077 abiecisse.

36 2094 122 2130 Turbatis
130 2094 185 2139 igitur
191 2094 288 2136 vniuersIs,
296 2104 338 2128 cum
346 2095 402 2129 armis
411 2095 450 2130 suis
459 2097 482 2130 ad
490 2107 533 2131 eum
540 2096 616 2131 tandem
623 2096 740 2140 perueniunt.

37 2149 144 2191 ‘Seductor,
152 2148 240 2192 inquiunt,
250 2147 337 2191 pessime,
348 2157 381 2182 cur
392 2148 480 2192 populum
491 2148 595 2193 simplicem
607 2147 740 2183 circumuenire

37 2202 135 2236 verborum
156 2201 231 2235 fallaciis
249 2200 328 2242 voluisti,
348 2200 400 2244 leges
419 2200 489 2236 calcare
507 2206 526 2236 et
544 2202 589 2237 deos
608 2207 740 2245 contempnere
748 2214 767 2244 35

38 2255 133 2289 docuistii’
157 2255 181 2289 Et
193 2254 221 2288 ira
232 2253 323 2294 commoti,
335 2252 376 2288 sine
389 2259 474 2297 respectu
488 2254 546 2295 etatis,
558 2255 652 2298 sanguinis
665 2261 696 2288 aut
711 2265 740 2288 re-

38 2308 127 2349 uerentie,
138 2307 192 2341 vieini
205 2307 276 2341 vicinos
289 2311 307 2340 et
317 2306 386 2340 amicos
400 2306 440 2340 neci
453 2307 538 2340 tradunt:
550 2312 568 2341 et
579 2307 664 2341 atrociter
675 2307 694 2341 in
708 2317 740 2342 ore

38 2360 92 2402 gladii
103 2360 153 2394 mille
163 2361 213 2394 viros
224 2370 258 2404 pro
270 2359 343 2394 Christo
354 2359 443 2393 occidunt.
466 2359 545 2393 Sanctus
556 2370 600 2394 vero
611 2359 741 2403 Amphibalus,

38 2413 118 2456 vndique
130 2413 238 2457 corporibus
249 2412 351 2447 occisorum
359 2411 441 2453 vallatus,
451 2413 514 2446 beatas
525 2412 596 2446 animas
607 2412 655 2446 letus
666 2413 741 2448 domino

40 2467 184 2500 commendabat.
207 2465 263 2500 Cuius
275 2465 349 2500 brachia
360 2464 425 2509 pagani
436 2463 481 2498 loris
492 2463 621 2508 astringentes,
629 2471 672 2501 ante
683 2476 742 2510 equos
750 2480 771 2509 40

59 2537 65 2556 ¹
75 2539 161 2570 Extracted
167 2540 208 2569 from
214 2539 252 2569 Vita
258 2539 321 2577 Albani,
328 2539 345 2569 in
351 2538 386 2569 Aet.
394 2538 423 2569 SS.
430 2537 471 2569 Bou.
478 2537 521 2575 June
527 2537 546 2570 V.
554 2547 569 2577 p.
578 2548 611 2577 131.
706 2540 713 2559 ²
723 2540 742 2572 E.

38 2578 92 2610 tutius.
153 2579 159 2598 ⁵
169 2580 187 2610 T.
194 2580 258 2610 recenti.
