1762 2803
207 141 252 196 mr
266 139 367 192 &aucto
383 139 504 193 mabalon
520 141 637 202 episcopo.
729 157 773 201 259

71 260 152 302 auderet,
166 261 235 295 audiuit
248 261 335 304 angelum
348 262 372 295 ad
388 260 461 305 singula
475 263 619 305 respondentem
632 265 651 296 et
664 261 773 305 obsequium

71 311 88 346 ei
107 313 226 348 deferentem.
254 313 330 348 Peracta
349 319 410 348 autem
429 314 485 349 missa
504 314 588 349 minister
605 314 735 358 introspiciens
754 320 773 348 et

70 366 156 409 angelum
173 377 210 401 non
225 365 296 409 videns,
311 366 394 411 trepidus
409 368 432 401 ad
447 368 506 402 virum
523 368 554 402 dei
571 367 649 403 accessit
665 372 683 402 et
699 378 773 402 causam

70 419 113 462 fuge
132 430 165 454 sue
183 419 201 454 ei
219 420 310 463 exposuit,
325 420 421 454 sciscitans
436 421 459 454 ab
477 431 500 454 eo
517 427 580 455 utrum
595 421 669 465 etipse
685 420 772 465 angelum

70 470 151 506 vidisset.
174 472 197 506 Et
215 472 256 507 ille:
278 472 345 514 ‘Beue,
360 472 424 518 inquit,
440 472 483 515 vidi,
499 479 517 507 et
534 484 570 518 que
587 473 632 509 dicis
650 473 723 515 audiui;
739 474 791 512 sed5

70 525 186 558 benedictum
194 525 217 558 sit
225 535 293 559 nomen
305 526 335 559 dei
345 526 480 569 omnipotentis,
491 526 533 568 quia
544 526 586 559 licet
596 537 607 559 a
617 531 635 560 te
646 526 681 559 sim
692 526 773 567 relictus,

69 575 89 608 in
102 586 154 610 sacro
167 582 230 611 tamen
242 577 273 611 dei
285 577 367 612 misterio
380 588 417 611 non
430 588 472 612 sum
485 578 508 611 ab
521 589 543 611 eo
555 578 651 612 desertus?
675 577 773 612 interdixit

70 629 119 663 enim
135 630 152 664 ei
166 630 226 665 modis
239 630 306 674 quibus
320 630 384 675 potuit,
396 641 420 665 ne
433 631 476 666 dum
488 630 559 666 uiueret
573 630 657 676 cuiquam
669 641 709 667 rem
722 630 772 666 illam

69 676 297 719 innotesceret-Obiit
312 689 373 718 autem
388 689 464 718 sanctus
479 683 578 719 Oswaldus
593 695 642 719 anno
657 684 715 729 gratie
727 695 772 718 uon-

70 737 173 780 gentesimo
184 737 391 781 nonagesimosecundo,
401 742 419 771 et
430 737 548 781 episcopatus
560 737 589 771 sui
602 737 702 779 tricesimo,
713 737 772 781 pridie
782 745 801 769 ro

70 788 105 823 kal.
119 789 188 824 Marcii.
222 790 266 824 Post
285 790 354 825 obitum
372 800 416 825 vero
435 790 475 825 eius
494 800 543 825 anno
562 790 669 825 duodecimo
686 789 772 826 Alduifus

70 842 187 875 eboracensis
202 843 356 886 archiepiscopus,
372 843 484 877 reuelatione
496 843 558 877 diuina
572 842 683 884 admonitus,
698 843 772 886 Wigor·

69 892 125 936 niam,
137 893 169 927 vbi
182 900 257 928 sanctus
271 894 369 929 Oswaldus
383 895 496 938 sepulturam
510 895 596 939 elegerat,
609 904 718 939 properans,
729 904 773 929 ossa

70 946 128 981 sancti
141 946 226 981 antistitis
237 947 261 981 de
272 952 321 981 terra
332 947 399 982 leuauit
412 952 430 981 et
443 947 462 982 in
474 947 542 981 scrinio
555 958 597 982 cum
609 946 690 982 maximo
702 947 772 982 honore

70 999 169 1034 collocauit.
189 1001 244 1045 Aqua
251 1011 295 1034 vero
303 1011 344 1035 cum
354 1012 390 1045 qua
400 1011 442 1034 ossa
452 1001 513 1034 lauata
523 1005 572 1041 sunt,
580 1000 628 1034 cecis
635 1000 701 1041 visum,
710 1000 771 1035 surdis
782 1007 799 1039 ¹5

69 1052 157 1095 auditum,
175 1053 244 1088 claudis
263 1064 354 1097 gressum,
370 1059 389 1088 et
407 1053 546 1099 quibuscunque
565 1053 656 1088 debilibus
673 1054 771 1088 sanitatem

69 1106 153 1140 restituit.
175 1106 290 1140 Vestimenta
304 1107 353 1141 enim
367 1107 429 1141 omnia
442 1107 513 1149 integra
527 1113 545 1141 et
558 1106 626 1141 illibata
639 1106 658 1140 in
672 1107 771 1149 sepulchro

69 1157 125 1191 odore
143 1157 252 1192 suauissimo
270 1158 369 1202 fragrantia
388 1164 461 1202 reperta
480 1164 528 1192 sunt.
573 1151 681 1192 Monachus
696 1158 770 1203 quidam

70 1210 168 1246 Rameseie
177 1213 238 1246 cancri
249 1212 310 1246 vlcere
319 1211 338 1245 in
349 1212 422 1246 maxilla
432 1212 457 1246 ita
465 1221 565 1257 percussus
577 1217 622 1252 erat,
631 1216 650 1247 vt
661 1217 770 1256 consumpta

69 1268 110 1297 cute
117 1269 135 1298 et
143 1275 203 1305 carne,
210 1265 258 1300 nuda
264 1264 374 1307 mandibula,
379 1264 424 1299 nudi
432 1265 497 1300 dentes
505 1275 547 1299 cum
555 1264 634 1308 gingiuis
641 1264 645 1284 ¹
654 1270 770 1308 apparerent.
779 1273 799 1297 ao

70 1315 136 1350 Hicin
148 1317 194 1350 festo
207 1316 265 1351 sancti
278 1317 358 1351 Oswaldi
371 1318 394 1351 dc
408 1317 463 1361 cipho
475 1316 493 1350 in
508 1327 544 1361 quo
557 1317 606 1351 idem
619 1321 694 1351 sanctus
707 1316 770 1351 bibere

68 1368 154 1411 solebat,
163 1379 204 1402 cum
216 1380 282 1412 magna
294 1369 392 1403 deuotione
403 1374 421 1402 et
432 1370 469 1403 fide
480 1369 551 1409 bibens,
559 1368 668 1413 absumpt0³
679 1374 730 1412 potu,
737 1379 771 1403 vas

68 1431 146 1454 vacuum
161 1420 262 1454 tabescenti
277 1420 351 1454 maxille
363 1421 425 1454 statim
438 1421 524 1466 apposuit
536 1427 554 1456 et
567 1421 647 1456 strictius
662 1421 731 1456 iunxit:
748 1421 771 1455 Et

69 1478 129 1507 amoto
137 1479 179 1518 post
187 1474 279 1508 modicum
289 1484 299 1508 a
309 1474 383 1508 maxilla
391 1474 469 1517 vasculo,
477 1473 502 1508 ita
510 1474 565 1508 totius
574 1473 634 1508 morbi
644 1474 706 1508 sanies
716 1478 771 1518 atque

68 1528 146 1570 putredo
160 1527 199 1561 vasi
214 1527 292 1566 adhesit,
304 1533 324 1562 vt
337 1527 462 1571 redintegrata
476 1538 488 1561 a
502 1527 590 1572 languore
605 1526 685 1569 maxilla,
700 1527 770 1561 nullum
779 1539 799 1570 25

68 1579 150 1623 preteriti
163 1580 206 1613 mali
219 1580 303 1614 inditium
319 1579 433 1624 deprehendi
446 1585 510 1624 posset
522 1580 541 1614 in
553 1580 589 1614 illa.
612 1580 634 1614 In
646 1579 770 1614 testimouium

68 1637 128 1666 autem
148 1633 193 1666 tanti
212 1633 294 1666 miraculi
313 1638 331 1667 et
349 1632 422 1667 virtutis
437 1633 472 1675 dei,
487 1633 561 1666 maxilla
579 1633 610 1666 illa
626 1633 681 1677 paulo
695 1643 772 1676 semper

68 1684 186 1719 rubicundior
201 1691 239 1719 erat
255 1686 317 1720 altera.
362 1678 446 1730 Quidam
459 1690 521 1719 mutus
536 1686 559 1719 ab
572 1685 648 1719 infantia
659 1684 678 1718 in
691 1685 771 1728 quadam

68 1737 126 1771 sancti
142 1737 224 1771 Oswaldi
239 1737 337 1772 festiuitate
352 1737 397 1771 vidit
412 1738 505 1781 quendam
521 1737 555 1772 sibi
572 1736 654 1781 ignotum
673 1737 771 1771 reuerendi

68 1789 129 1825 uultus
137 1790 236 1833 hominem,
245 1791 312 1826 decora
321 1790 390 1826 canicie
401 1790 494 1834 fulgidum,
503 1790 611 1825 sacerdotali
618 1796 670 1826 veste
678 1790 770 1831 amictum,
778 1803 799 1833 ³⁰

68 1844 152 1877 baculum
168 1854 223 1877 manu
238 1850 341 1887 gestantem
357 1844 408 1887 quasi
423 1854 434 1877 a
449 1844 489 1877 loco
504 1843 598 1887 sepulchri
613 1843 672 1877 sancti
687 1843 770 1887 episcopi

68 1896 91 1928 ad
101 1906 122 1929 se
131 1901 267 1940 properantem.
290 1896 324 1930 Cui
336 1906 398 1930 coram
409 1906 429 1929 se
440 1895 542 1929 transeunti
554 1895 598 1929 dum
611 1900 665 1939 caput
677 1894 771 1929 humiliter

67 1948 168 1989 inclinaret,
183 1948 224 1991 ipse
238 1948 298 1981 leuato
313 1948 378 1982 baculo
393 1958 436 1981 eum
449 1948 468 1981 in
482 1948 527 1981 collo
540 1948 631 1991 percussit
644 1952 662 1981 ct
675 1947 770 1991 disparuit.

67 2001 98 2034 Ad
109 2013 164 2045 quem
173 2001 230 2036 ictum
240 2001 270 2035 ille
281 2001 361 2043 territus
369 2001 417 2035 illico
426 2011 493 2046 magna
504 2000 593 2045 coagulati
602 2001 697 2044 sanguinis
707 2011 771 2035 massa

68 2065 92 2088 ex
102 2065 134 2089 ore
145 2054 193 2089 illius
204 2055 223 2089 in
234 2061 302 2089 terram
315 2055 397 2096 cadente,
408 2054 487 2088 clamare
499 2055 559 2099 cepit:
573 2054 694 2096 ‘Succurrite,
706 2064 769 2099 queso,
778 2065 797 2097 35

68 2109 173 2150 succurrite,
185 2114 209 2150 et,
222 2119 245 2143 ne
259 2108 348 2152 sanguine
360 2119 402 2142 meo
415 2107 493 2142 ecclesia
506 2107 576 2141 domini
587 2107 670 2148 violetur,
683 2107 725 2141 hinc
739 2118 769 2143 me

67 2161 176 2195 festinanter
190 2162 259 2196 eiicite.’
288 2162 370 2196 Eductus
385 2166 437 2196 extra
452 2160 550 2195 ecclesiam
565 2161 645 2195 vbertirn
659 2159 770 2204 sanguinem

68 2214 134 2257 emisit,
146 2219 165 2249 et
178 2215 253 2249 modum
267 2225 301 2249 sue
313 2215 412 2248 curationis
425 2213 566 2248 circumstantes
577 2213 656 2249 edocuit.
700 2207 770 2248 Voraci

67 2266 142 2300 ssamma
153 2267 217 2300 vrbem
231 2266 326 2310 Wigornie
339 2267 380 2300 vice
395 2266 474 2309 quadam
489 2266 620 2310 conflagrante,
634 2276 678 2300 mox
689 2272 709 2300 vt
722 2266 770 2300 fere·

67 2318 128 2353 trum⁴
139 2318 198 2353 sancti
213 2318 306 2353 flammis⁵
318 2319 400 2362 accessit,
411 2317 460 2363 ignis
471 2317 557 2363 elanguit,
568 2329 603 2353 nec
614 2318 690 2354 ulterius
701 2318 769 2365 aliquid
777 2334 798 2366 40

67 2373 198 2418 absumpturus
204 2373 211 2391 ⁶
218 2374 237 2406 in
246 2383 267 2406 se
275 2373 346 2407 defecit.
369 2372 433 2407 Stabat
441 2372 491 2406 enim
502 2375 589 2417 pauperis
600 2373 694 2408 cuiusdam
702 2374 770 2409 domus

67 2426 157 2460 arundine
168 2430 224 2468 texta,
234 2436 245 2460 a
256 2425 285 2459 sui
296 2425 357 2460 medio
372 2425 444 2468 integra
457 2431 476 2459 et
489 2436 540 2467 sana,
551 2425 608 2460 altera
620 2426 659 2460 eius
671 2425 769 2461 medietate

67 2478 119 2521 quasi
137 2479 161 2511 ad
179 2479 331 2521 perpendiculum
346 2489 357 2511 a
373 2488 445 2511 summo
459 2488 519 2522 usque
533 2479 553 2512 in
568 2484 636 2513 terram
652 2479 769 2522 conflagrata.

86 2550 203 2590 ¹E.ginginis.
258 2551 365 2583 ²E.selebat
419 2550 548 2591 'Rassumpto
602 2551 682 2584 *Emit
733 2550 768 2584 ’ἢ

67 2592 133 2631 flamma,
140 2592 158 2623 T.
166 2592 236 2623 flammis
277 2592 283 2609 ⁸
293 2592 311 2623 E.
318 2595 431 2631 assumpturus.

406 2659 435 2684 52
