1762 2803
262 71 308 129 Da
323 72 423 127 &aucto
438 71 550 133 bactro.
728 87 756 130 23

54 200 97 234 bant
108 197 148 231 loca
158 195 240 230 solitaria
251 194 339 227 nonnulla
347 203 369 227 ae
379 194 453 228 deserta
464 193 483 227 in
494 198 544 227 terra
555 202 589 227 sna
599 193 658 235 magis
666 197 713 235 apta,
720 203 756 237 que

54 249 142 287 voluntati
150 249 189 283 eius
197 247 281 291 exposita
287 245 386 281 aduentum
392 246 431 281 eius
438 246 563 289 expectabant.
580 244 613 280 llle
621 245 670 280 enim
679 244 756 280 naturali

54 315 116 338 amore
128 308 177 336 terre
188 312 222 334 sue
233 300 304 334 illectus
316 298 387 333 nunciis
396 299 507 333 fauorabiles
516 309 571 333 aures
582 298 678 338 inclinans,
688 304 706 331 et
717 308 757 331 mo·

54 356 96 392 nitis
111 355 150 390 fere
163 353 289 397 acquiescens,
301 351 320 386 in
334 351 434 386 crastinum
449 357 511 386 tamen
526 352 575 396 quod
590 351 625 385 deo
640 351 721 397 placeret
736 362 757 386 se

54 411 143 444 facturum
150 406 240 451 promisit.
260 405 281 440 ln
289 410 392 440 noctevero
400 405 485 448 sequenti
492 404 549 439 multa
556 405 575 440 in
583 406 645 439 animo
653 405 756 446 reuoluens,
765 414 774 444 5

54 462 122 507 etquid
130 460 165 495 sibi
173 459 235 495 vtilius
243 459 290 494 soret
299 458 392 502 ignorans,
401 459 424 493 ad
434 468 508 493 crucem
514 458 533 492 in
542 457 582 493 eius
589 458 669 492 oratorio
676 463 757 492 erectam

54 525 155 550 conuersus
163 524 205 547 cum
213 510 313 556 lachrymis
321 522 374 545 orare
382 510 430 556 cepit
438 511 513 546 dicens:
524 510 614 546 ‘Domine
621 511 677 546 lhesu
683 511 757 546 Christe

54 569 79 602 fili
90 567 119 601 dei
130 566 172 608 viui,
184 565 215 609 qui
226 564 281 609 primi
293 564 373 597 hominis
384 564 456 597 ruinam
468 563 542 608 gloriosi
554 564 649 608 sanguinis
658 563 683 597 tui
694 563 757 608 precio

54 630 147 664 reparans,
161 630 172 653 a
184 616 340 662 supercelestibus
354 617 376 650 ad
390 621 459 651 terram
473 617 587 651 descendere
602 616 687 661 dignatus
699 627 725 657 es,
738 621 757 650 et

54 681 212 707 carnem-sumens
220 671 244 704 de
252 669 329 713 virgine,
335 669 414 703 hostiam
422 679 456 712 pro
464 669 592 713 redemptione
599 670 673 713 generis
681 669 757 703 humani
766 679 784 700 ro

54 724 139 764 obtulisti,
152 729 170 757 te
183 723 244 763 adoro,
257 728 275 756 te
290 722 361 762 inuoco,
377 720 463 764 quatinus
478 721 533 755 michi
548 722 640 765 peccatori
655 726 674 755 et
688 721 757 755 misero

54 776 126 821 pietatis
140 780 158 810 et
170 773 293 809 miserationis
306 779 338 808 tue
349 785 386 808 non
398 773 446 808 desit
458 773 575 818 suffragium
590 778 608 808 et
619 773 668 818 quod
680 773 756 808 bonitati

54 836 84 865 tue
96 829 149 864 suerit
161 833 263 871 acceptum,
270 826 368 861 temeritati
379 837 420 861 mee
432 826 507 871 spiritus
518 832 561 861 tuus
571 826 654 872 aspirare
661 826 756 871 dignetur.¹

55 883 95 917 Hec
107 888 125 916 et
137 882 171 916 alia
182 881 213 915 illo
224 891 266 915 cum
276 880 345 924 gemitu
356 885 375 915 et
385 879 485 924 lachrymis
492 885 622 925 prosequente,
630 879 689 914 crucis
697 880 757 925 imago

54 935 72 969 in
80 945 135 969 voces
143 933 224 968 resoluta
231 934 321 967 humanas
329 933 424 977 respondit
431 932 495 967 dicens
503 944 507 967 :
515 932 634 975 ‘Dilectemi
640 933 676 967 iam
684 933 756 977 pridem
766 943 784 974 ¹⁵

53 988 72 1022 in
81 993 129 1022 terra
137 986 236 1021 natiuitatis
244 992 281 1027 tue,
288 997 331 1020 eum
338 986 394 1020 decor
401 985 484 1019 mulieris
495 990 514 1020 et
523 986 608 1019 nobilitas
617 991 667 1019 tuam
675 991 757 1020 mentem

54 1040 139 1080 alliceret,
151 1038 314 1073 misericorditera
326 1037 394 1080 nuptiis
406 1037 495 1078 reuocaui,
506 1037 575 1072 celeste
585 1036 696 1071 desiderium
707 1037 757 1072 cordi

54 1096 85 1125 tuo
94 1091 169 1125 inserui.
191 1091 221 1124 Ab
233 1090 264 1124 illa
274 1090 324 1124 enim
335 1089 364 1124 die
375 1090 398 1124 ad
408 1090 539 1124 beatitudinem
547 1090 584 1124 vite
592 1089 728 1134 predestinatus
735 1101 757 1124 es

54 1149 123 1186 eterne,
129 1149 147 1178 et
153 1144 172 1178 in
179 1143 226 1177 libro
231 1143 268 1178 vite
274 1154 342 1177 nomen
348 1148 400 1177 tuum
407 1142 495 1187 scriptum
503 1154 540 1177 non
548 1143 639 1177 delebitur
644 1143 663 1177 in
668 1144 757 1178 seculum.

54 1197 135 1231 Viriliter
142 1208 176 1241 age
184 1202 203 1231 et
211 1197 324 1231 confortetur
331 1206 362 1231 cor
369 1201 431 1237 tuum;
445 1196 464 1230 in
472 1196 501 1230 his
508 1207 545 1240 que
553 1196 618 1241 cepisti
626 1207 732 1241 perseuera,
738 1203 756 1231 et
765 1208 785 1230 ao

55 1250 89 1284 loci
96 1250 150 1284 huius
158 1250 275 1284 solitudinem
282 1260 341 1293 vsque
347 1250 370 1283 ad
376 1249 475 1284 finemvite
481 1254 512 1283 tue
518 1250 623 1284 nullatenus
629 1249 757 1294 derelinquas.¹

55 1302 100 1336 Cum
112 1302 162 1336 enim
176 1303 210 1336 hec
226 1302 317 1347 proferret
332 1302 399 1346 imago,
410 1308 497 1346 tanquam
513 1302 605 1346 loquentis
617 1302 696 1337 hominis
709 1303 757 1337 labia

55 1354 125 1389 moueri
139 1355 254 1389 videbantur.
283 1354 317 1389 Vir
331 1359 392 1389 autem
408 1354 438 1389 dei
453 1366 495 1389 cum
510 1354 609 1399 lachrymis
624 1360 642 1389 et
657 1355 757 1399 gratiarum

55 1407 125 1441 actione
133 1407 173 1441 solo
180 1412 289 1451 prostratus,
295 1406 360 1441 iterato
366 1406 415 1450 cepit
423 1406 509 1441 inuocare
517 1406 591 1441 dicens:
604 1407 694 1441 ‘Domine
701 1407 757 1442 lhesu

55 1458 127 1493 Christe
139 1459 189 1493 salus
201 1464 219 1493 et
231 1459 334 1503 redemptio
346 1470 393 1501 mea,
404 1470 448 1503 spes
459 1459 513 1493 vnica
524 1470 571 1500 mea,
578 1458 620 1493 iube
630 1460 686 1493 etiam
693 1466 713 1493 vt
722 1471 757 1494 nec
766 1472 785 1502 ²5

55 1512 119 1546 volens
127 1513 150 1547 ab
158 1512 192 1547 hac
202 1512 262 1548 insula
272 1512 375 1548 discedam.²
399 1513 437 1548 Nec
448 1524 506 1555 mora,
513 1512 615 1557 vigiliarum
626 1519 644 1548 et
654 1513 757 1548 orationum

54 1565 140 1598 instantia
151 1566 236 1609 fatigatus
247 1576 289 1600 cum
300 1565 363 1610 sopori
374 1566 458 1600 membra
469 1567 526 1605 daret,
534 1566 630 1600 confestim
639 1566 690 1611 quasi
701 1567 757 1611 gladii

55 1616 131 1652 horrore
144 1630 249 1663 percussus,
262 1618 294 1653 vix
306 1618 412 1654 inchoatum
425 1629 525 1663 sompnum
537 1619 672 1663 interrumpere
683 1626 757 1655 coactus

55 1675 88 1705 est.
111 1670 197 1707 Manibus
204 1683 248 1706 vero
257 1673 280 1706 ad
290 1683 339 1715 genu
349 1671 427 1714 iniectis,
435 1671 544 1715 grauissima
554 1672 662 1716 egritudinis
673 1673 758 1708 molestia

55 1722 79 1755 ibi
86 1734 107 1757 se
115 1728 181 1758 tactum
189 1726 279 1759 aduertit:
292 1735 328 1768 que
336 1726 359 1759 de
367 1725 396 1759 die
407 1725 426 1759 in
434 1725 482 1759 diem
490 1726 606 1759 inualescens
613 1725 633 1759 in
640 1726 692 1759 vlcus
699 1725 757 1760 maxi-
766 1735 786 1765 30

55 1784 105 1810 mum
113 1777 200 1819 excreuit,
206 1782 225 1812 et
232 1776 295 1812 sanies
300 1776 381 1822 quotidie
389 1777 432 1812 inde
440 1789 477 1812 non
485 1777 558 1812 modica
565 1778 668 1820 emanauit3
679 1778 758 1813 interius

55 1827 130 1863 demum
145 1835 294 1874 computrescens
309 1831 387 1866 fetorem
402 1830 543 1866 intollerabilem
562 1831 651 1866 exalabat.
681 1831 758 1876 Proprio

55 1884 116 1915 tamen
129 1882 192 1916 labore
204 1883 275 1925 viuens,
288 1889 306 1918 et
319 1883 424 1927 quotidiano
437 1883 489 1927 operi
502 1882 597 1925 insistens,
610 1884 689 1928 agellum
703 1895 757 1919 suum

55 1933 139 1975 excoluit,
153 1940 221 1969 terram
237 1946 275 1970 non
290 1936 331 1971 sine
345 1936 410 1970 baculo
425 1940 538 1970 sustentatus
553 1935 644 1981 aperiens.
674 1936 758 1981 Cumque

56 1987 117 2029 operis
134 1987 219 2022 instantia
236 1988 321 2034 fatigatus
339 1989 470 2034 aliquantulum
488 1990 580 2033 respirare
594 1990 649 2024 vellet
664 2000 675 2024 a
690 1991 758 2033 labore,
766 2003 786 2033 35

57 2036 112 2080 lapidi
120 2038 208 2082 insidens,
216 2052 265 2084 genu
273 2043 377 2076 morbidum
388 2047 451 2076 contra
460 2043 519 2076 solem
530 2043 640 2086 exponebat.
661 2043 714 2077 Tunc
724 2055 758 2088 pu·

55 2090 131 2124 tredinis
143 2093 250 2129 sublatentis
260 2095 354 2138 generatio
364 2106 427 2139 praua,
434 2095 525 2131 vermium
532 2095 618 2131 videlicet
628 2095 686 2141 copia,
695 2103 759 2132 contra

56 2143 100 2176 solis
111 2145 196 2179 ardorem
207 2148 230 2180 ad
242 2148 334 2181 exteriora
345 2149 434 2182 scaturire
445 2148 499 2193 cepit.
522 2148 546 2183 Et
555 2159 598 2183 cum
608 2148 626 2183 in
637 2154 705 2184 terram
716 2160 759 2194 pro·

56 2201 142 2238 repentes
157 2199 250 2243 caderent,
265 2201 375 2262 recolligens
390 2212 423 2236 eos
438 2201 494 2238 dixit.
514 2202 598 2245 ‘Redite
613 2203 677 2245 redite,
692 2208 710 2238 et
725 2203 758 2238 im·

56 2249 143 2284 mundam
155 2257 221 2287 nature
233 2258 295 2288 vestre
308 2253 404 2299 originem,
419 2266 455 2299 que
468 2267 502 2290 vos
515 2255 630 2298 hereditabit,
645 2257 758 2292 consumite!
766 2267 786 2297 4ο

57 2298 111 2334 Dedit
123 2308 183 2337 autem
195 2305 281 2340 dominus
291 2307 401 2350 agriculture
411 2318 445 2342 sue
455 2309 474 2342 in
482 2314 532 2343 terra
539 2308 596 2343 sterili
603 2308 673 2343 fructus
680 2309 759 2344 incredi-

57 2350 113 2387 bilis·
108 2363 253 2401 incrementum3
270 2364 289 2393 et
300 2365 368 2404 quanto
379 2361 439 2395 acrius
450 2367 469 2395 et
480 2361 602 2396 miserabilius
612 2362 640 2397 vis
650 2362 758 2406 egritudinis

56 2402 194 2443 inualitudinem
206 2411 289 2455 corporis
297 2414 414 2456 perurgebat,
422 2414 486 2449 hilaris
497 2420 560 2449 tamen
568 2420 587 2449 et
598 2415 617 2448 in
625 2425 676 2449 omni
671 2415 759 2449 'tribula-

57 2456 111 2491 tionis
121 2461 205 2504 angustia
216 2464 251 2498 deo
262 2464 331 2508 gratias
342 2476 400 2509 agens
411 2477 487 2511 semper
496 2467 622 2511 permanebat
665 2460 701 2501 Vir
709 2467 759 2503 enim

57 2506 91 2546 iste
99 2521 136 2548 non
144 2515 203 2551 solum
211 2517 305 2560 presentia
313 2523 331 2554 et
338 2529 397 2564 prope
405 2519 469 2564 posita,
477 2520 511 2555 sed
518 2520 574 2555 etiam
582 2519 642 2555 sutura
650 2524 668 2557 et
675 2520 759 2557 absentia
