1762 2803
146 151 188 193 2¹82
336 149 416 202 imm
431 146 548 210 iiussssssliflst
563 148 655 211 flubii&

145 272 203 315 pedes
210 269 283 305 Patricii
292 270 315 306 ad
323 281 377 305 suurn
385 276 449 315 pectus
457 271 558 316 colligabat,
566 276 584 307 et
592 272 649 306 noluit
657 271 737 305 dormire
745 282 787 308 cum
795 280 847 319 patre

146 335 184 367 suo,
190 325 222 360 sed
229 324 284 359 ssebat
292 324 327 359 nisi
333 335 375 359 cum
382 324 459 359 Patricio
466 325 560 360 dormiret.
575 326 621 360 Cum
630 330 690 359 autem
699 336 753 361 mane
760 326 848 364 Patricius

146 388 220 413 currum
233 378 347 420 ascenderet,
359 383 377 412 et
388 389 425 412 vno
436 379 484 422 pede
496 378 515 412 in
527 388 600 413 currum
612 378 688 421 eieuato,
700 378 778 414 alterum
791 382 848 417 tenuit

146 442 192 474 puer
199 431 266 466 strictis
272 431 361 473 manibus,
367 431 442 465 dicens:
451 431 575 476 ‘Dimitt[it]e¹
583 442 613 466 me
619 433 668 476 apud
674 431 771 466 Patricium
776 439 848 477 patrem

129 494 137 524 5
146 495 208 519 meum
216 483 320 527 proprium!
343 483 396 519 Tunc
404 483 450 519 dixit
459 490 544 521 sanctus:
557 484 661 529 ‘Baptizate
669 495 716 527 eum,
725 489 743 519 et
750 485 822 522 eleuate
829 487 848 522 in

146 546 229 570 currum:
242 536 328 579 quoniam
335 537 389 570 heres
395 537 448 581 regni
454 537 495 570 deii
502 539 541 571 est)
580 531 627 571 Post
634 538 668 570 hec
674 538 724 571 venit
732 538 820 573 Patricius
825 542 848 573 ad

145 600 231 635 campum
247 589 301 634 areg,
316 595 336 625 vt
351 591 420 635 pascha
435 591 547 633 celebraret;
564 596 583 625 et
601 591 663 634 ignem
678 590 777 625 succendit,
805 592 849 627 Erat

145 650 207 679 autem
215 654 282 688 magna
290 644 411 689 solempnitas
418 645 437 678 in
445 644 485 679 loco
493 645 528 684 iiio,
536 644 555 677 in
561 655 597 688 qua
605 655 645 678 mos
653 648 692 677 erat
697 649 717 677 vt
725 654 780 678 nemo
786 643 848 689 ignem

145 698 266 732 succenderet
273 696 292 731 in
299 697 349 731 omni
357 697 456 742 prouincia,
462 698 521 732 donec
527 697 578 743 prius
586 697 604 731 in
612 697 642 731 illo
648 697 687 731 loco
695 707 785 731 accensus
793 705 847 733 esset.

119 762 138 783 ro
146 749 193 784 Cum
201 755 263 784 autem
271 761 305 784 rex
315 750 406 794 Leogaire
414 751 490 785 vidisset
500 751 567 794 ignem,
576 750 610 785 ait:
624 750 679 791 ‘Quis
687 760 743 784 ausus
751 756 779 784 est
786 751 848 794 ignem

146 804 248 837 accendere
254 804 313 837 donec
321 803 373 847 prius
381 803 400 837 in
406 804 460 837 domo
467 814 508 838 mea
514 804 643 837 accendaturi’
663 802 697 837 Cui
703 813 768 846 magus
775 803 849 847 quidam

147 855 182 891 ait:
195 856 245 890 ‘Nisi
253 856 301 900 ignis
309 856 344 891 iste
352 856 469 900 extinguatur
476 855 495 890 in
503 856 537 890 hac
545 861 603 898 nocte,
609 855 650 900 ipse
657 855 780 900 principatum
788 856 807 889 in
815 857 848 891 hac

146 909 206 945 insula
215 909 285 945 tenebit
296 909 315 944 in
325 914 414 952 eternum,
422 915 440 945 et
452 909 476 944 hii
488 920 529 945 cum
539 910 605 954 quibus
617 909 651 943 erit
661 909 743 944 doctrina
753 908 803 944 eius!
826 910 849 945 Et

146 963 228 1007 perrexit
239 974 272 997 rex
283 975 325 997 cum
333 974 366 998 suo
374 963 461 1005 exercitu,
469 967 489 997 vt
498 964 560 1007 ignem
571 964 691 1007 extingueret.
715 963 738 996 Et
748 962 773 996 ait
784 974 849 1008 magus

120 1027 138 1058 15
147 1016 169 1050 ad
181 1026 255 1061 regem:
270 1016 322 1050 ‘Noli
333 1020 353 1050 tu
364 1016 416 1050 exire
427 1016 450 1050 ad
462 1015 556 1050 hominem
568 1016 624 1056 illum,
636 1026 660 1049 ne
671 1015 736 1049 adores
748 1026 801 1059 eum;
816 1017 849 1050 sed

146 1069 176 1103 ille
188 1074 264 1103 vocetur
278 1069 301 1103 ad
314 1074 338 1110 te,
351 1074 369 1103 et
383 1080 438 1103 nemo
452 1074 535 1112 assurgat
550 1068 569 1102 in
582 1070 662 1102 aduentu
678 1068 728 1103 eius)
751 1068 789 1102 Sed
801 1080 849 1104 vnus

146 1126 207 1155 tamen
214 1132 238 1155 ex
244 1121 285 1164 iliis,
290 1122 365 1156 nomine
372 1121 424 1165 Dego
431 1122 443 1163 ³,
449 1121 529 1156 surrexit
536 1133 540 1156 :
552 1127 571 1155 et
576 1121 669 1155 benedixit
674 1121 725 1155 ilium
732 1121 825 1164 Patricius,
831 1127 849 1157 et

145 1173 202 1208 vitam
208 1178 291 1208 eternam
298 1174 382 1217 promisit
390 1174 418 1215 ei;
430 1179 448 1208 et
456 1174 486 1207 ille
492 1174 568 1207 credidit
575 1175 614 1207 deo.
653 1166 700 1208 Erat
707 1179 768 1208 autem
775 1175 848 1218 quidam

146 1238 211 1271 magus
220 1226 251 1271 qui
260 1226 341 1271 grauiter
348 1227 446 1261 resistebat
454 1228 499 1262 deo:
512 1227 563 1261 cuius
574 1226 690 1261 obstinatiam
697 1227 763 1261 videns
774 1232 848 1262 sanctus

120 1293 139 1315 20
147 1280 170 1314 ait
181 1281 204 1314 ad
213 1280 319 1315 dominum:
332 1280 423 1315 ‘Domine
434 1281 465 1324 qui
476 1280 538 1314 omnia
548 1285 607 1324 potes,
616 1281 645 1315 hic
655 1280 723 1324 impius
733 1280 848 1325 blasphemat

146 1345 214 1369 nomen
226 1338 288 1369 tuum:
300 1334 354 1368 eieua
364 1333 416 1368 ilium
427 1334 482 1377 foras,
493 1339 511 1368 et
523 1334 558 1368 cito
569 1333 667 1368 moriatur.²
690 1333 731 1368 Hiis
743 1333 801 1376 dictis,
812 1334 848 1368 ele·

146 1393 199 1420 uatus
211 1391 239 1419 est
251 1397 315 1430 magus
327 1387 345 1419 in
357 1398 405 1428 aere,
414 1392 432 1421 et
443 1387 510 1421 iterum
522 1388 614 1421 demissus
624 1387 647 1421 de
659 1387 732 1430 superis
743 1398 784 1421 cum
794 1387 849 1430 giobo

147 1438 200 1480 niuis,
211 1449 266 1472 verso
278 1440 337 1482 capite
351 1440 374 1472 ad
386 1439 472 1482 lapidem,
485 1439 607 1473 comminutus
619 1444 637 1473 et
648 1444 730 1472 mortuus
742 1445 774 1473 est.
796 1439 848 1472 Tunc

147 1502 180 1527 rex
188 1492 245 1528 iratus
253 1492 333 1528 surrexit
341 1502 383 1527 cum
390 1502 423 1527 suo
429 1492 518 1535 exercitu,
522 1497 541 1526 vt
549 1496 633 1526 sanctum
641 1491 737 1526 occideret.
757 1491 780 1525 Et
787 1491 848 1525 statim

120 1556 138 1587 2⁵
147 1550 257 1580 terremotus
268 1544 327 1579 iactus
338 1549 367 1580 est
378 1556 461 1589 magnus,
469 1549 488 1579 et
499 1544 588 1580 tonitrus*
599 1550 616 1579 et
628 1544 675 1589 ignis
687 1549 705 1578 et
716 1549 782 1579 ventus
793 1546 848 1579 vehe-

147 1609 211 1641 mens3
220 1603 237 1632 et
243 1599 349 1632 ceciderunt
355 1609 379 1632 ex
385 1598 412 1633 eis
418 1598 475 1632 multi.
494 1598 601 1642 Ceterisque
607 1599 643 1632 huc
647 1598 726 1642 illucque
732 1597 849 1642 fugientibus,

147 1651 236 1685 remansit
247 1662 281 1685 rex
292 1662 334 1685 curn
344 1657 421 1696 quatuor
428 1651 479 1694 viris,
487 1651 547 1686 latens
558 1651 577 1685 in
589 1652 667 1696 quodam
675 1652 720 1693 loco,
728 1663 770 1686 cum
781 1662 848 1696 magno

147 1704 219 1737 timore.
241 1704 296 1737 Venit
306 1709 367 1738 autem
378 1703 442 1747 regina
452 1705 474 1738 ad
483 1704 587 1745 Patricium,
595 1710 613 1738 et
625 1705 670 1738 dixit
682 1704 709 1739 ei:
722 1704 793 1737 ‘Homo
801 1704 849 1737 iuste

147 1763 165 1792 et
173 1763 244 1802 potens,
253 1768 276 1791 ne
284 1757 351 1801 perdas
359 1768 433 1801 regem:
444 1756 507 1791 veniet
515 1757 569 1799 enim,
575 1761 593 1791 et
601 1767 660 1801 genua
668 1757 734 1798 flectet,
741 1762 759 1791 et
766 1756 848 1792 adorabit

119 1824 139 1853 3⁰
147 1811 241 1845 dominum
250 1811 312 1845 tuum'
335 1811 358 1844 Et
365 1811 416 1844 venit
424 1822 457 1844 rex
465 1810 529 1847 timore
537 1816 605 1845 tractus
610 1810 622 1853 ⁶,
630 1817 649 1845 et
658 1822 719 1855 genua
726 1810 778 1845 ssexit
788 1821 849 1845 coram

147 1869 216 1906 sancto,
222 1868 241 1897 et
248 1863 301 1897 finxit
309 1874 330 1897 se
337 1865 414 1897 adorare
421 1877 425 1906 5
437 1865 470 1897 sed
479 1864 533 1898 corde
541 1875 578 1898 non
586 1864 676 1899 credebat.
696 1863 780 1898 Crastina
788 1869 848 1897 autem

146 1917 176 1952 die
187 1916 238 1952 venit
250 1916 338 1951 Patricius
350 1927 392 1951 cum
404 1922 444 1951 octo
452 1916 496 1952 viris
507 1917 530 1951 ad
542 1917 616 1951 domum
628 1917 687 1961 regis:
704 1922 722 1951 et
733 1916 794 1951 statim
806 1922 848 1951 ante

146 1980 189 2003 eum
201 1968 255 2003 ianue
266 1975 330 2013 aperte
342 1974 391 2012 sunt,
403 1974 421 2003 et
433 1970 541 2004 cenantibus
553 1970 588 2004 illis
603 1970 678 2003 intrauit
689 1970 708 2003 in
720 1971 795 2003 domum
807 1980 849 2003 con·

146 2022 195 2064 uiuii,
207 2027 225 2056 et
239 2033 294 2056 nemo
305 2021 386 2056 surrexit
399 2027 441 2057 ante
453 2032 500 2059 eum.
522 2021 574 2056 Tunc
587 2027 641 2066 poeta
653 2022 701 2067 regis
715 2022 794 2057 surrexit
806 2026 848 2056 ante

119 2091 138 2120 35
147 2086 189 2110 eum
197 2081 215 2111 et
223 2074 299 2110 credidit
307 2076 347 2109 deo.
370 2074 393 2109 Et
401 2086 443 2109 eum
451 2074 530 2109 sedisset
539 2075 633 2118 Patricius,
642 2075 692 2109 dedit
699 2075 716 2110 ei
724 2085 758 2109 rex
765 2080 848 2119 pateram

147 2140 204 2171 suam,
212 2133 231 2162 vt
242 2128 318 2162 biberet.
341 2127 393 2162 Tunc
404 2138 468 2173 magus
479 2128 553 2172 quidam
564 2128 639 2163 immisit
650 2128 718 2173 aliquid
729 2139 753 2163 ex
760 2139 804 2163 vase
815 2138 848 2163 suo

146 2181 166 2216 in
174 2185 256 2226 pateram
263 2181 319 2215 iiiam.
341 2180 411 2215 Videns
419 2187 480 2216 autem
488 2182 522 2216 hoc
529 2183 623 2224 Patricius,
629 2183 718 2217 conuertit
726 2194 747 2217 os
754 2188 817 2226 patere
825 2181 847 2216 ad

147 2236 226 2277 palmam
232 2245 296 2268 suam:
308 2240 326 2267 et
334 2235 383 2267 stetit
391 2234 450 2277 liquor
457 2235 475 2268 in
483 2241 552 2278 patera,
558 2241 576 2269 et
584 2237 622 2269 sola
628 2240 679 2280 gutta
686 2235 717 2269 illa
722 2236 787 2270 cecidit
794 2245 849 2278 quam

147 2297 212 2331 magus
221 2286 306 2320 immisit:
319 2291 337 2320 et
347 2291 410 2331 potum
420 2287 469 2330 bibit,
478 2294 496 2321 et
507 2288 567 2321 mirati
579 2293 627 2321 sunt.
672 2282 699 2322 Et
709 2294 751 2332 post
761 2288 848 2332 pusillum

118 2360 139 2390 40
147 2340 193 2375 dixit
208 2349 283 2384 magus:
303 2340 408 2374 ‘Faciamus
423 2340 485 2385 signa'
514 2341 617 2385 Respondit
633 2342 733 2377 Patricius:
753 2341 848 2383 ‘Qualiai¹

148 2394 170 2428 Et
183 2393 207 2428 ait
219 2404 294 2437 magus:
311 2393 432 2428 ‘inducamus
445 2395 507 2428 niuem
521 2405 578 2439 super
589 2396 667 2430 terram)
691 2394 779 2429 Patricius
792 2394 848 2428 dixit:

147 2447 205 2481 ‘Nolo
215 2451 279 2480 contra
285 2446 397 2480 voluntatem
406 2448 435 2481 dei
445 2447 514 2481 iacere!
536 2448 588 2481 Tunc
599 2458 663 2492 magus
674 2458 708 2492 per
717 2448 849 2482 incantationes

147 2511 190 2538 suas
203 2498 275 2533 induxit
288 2498 350 2533 niuem
366 2510 421 2544 super
435 2504 493 2534 totum
509 2511 599 2543 campum.
621 2500 654 2534 Vir
667 2500 697 2534 dei
710 2501 744 2535 ait:
761 2501 849 2544 ‘Depone

166 2579 172 2596 ¹
182 2579 200 2609 Τ,
207 2578 290 2616 Dimittite,
297 2577 315 2608 E.
322 2577 392 2608 Dimitte.
429 2577 434 2595 ²
444 2577 475 2608 Vit.
481 2578 516 2608 mei,
553 2578 559 2596 ³
570 2589 588 2608 so
594 2578 625 2614 Ff.;
637 2579 681 2617 Colg.
688 2590 691 2610 :
703 2579 733 2609 Ero
739 2580 802 2609 nomine
808 2578 848 2608 iilius

147 2620 199 2658 Dego,
205 2618 231 2657 qui
236 2628 278 2649 nunc
284 2618 359 2649 adoratur
363 2618 379 2648 in
385 2618 447 2649 civitate
453 2618 506 2649 Siane.
533 2618 560 2649 *so
566 2619 589 2658 T,
596 2619 613 2650 E.
619 2620 703 2650 tonitruus.
732 2619 774 2650 ⁵vit.
780 2623 848 2651 coactus.
