1762 2803
144 121 199 178 388,
335 119 414 171 mona
429 116 546 178 tarmus
561 115 654 178 analio.

145 244 224 273 mortem
237 238 297 273 carnis
312 239 447 283 imperpetuum
459 238 597 273 frueris—ciues
610 237 728 271 Hierusalem
741 236 815 270 celestis
826 247 847 271 ae

146 292 252 326 domestici¹
260 292 316 333 dei—,
324 292 339 325 si
349 302 371 325 ea
379 303 415 334 que
423 293 489 325 desunt
497 291 610 334 passionum,
615 290 682 324 Christi
692 300 754 323 amore
764 289 783 322 in
792 299 847 323 earne

145 344 398 388 tuapatientersuppleueris.
414 343 498 377 Vidimus
504 354 584 388 namque
590 342 847 387 multiplicesvrbis²labores,

146 398 265 432 ecclesiarum
276 397 366 437 incendia,
374 397 453 429 filiorum
463 407 533 436 necem,
541 401 572 429 tua
581 407 623 429 cuni
630 395 708 428 vinculis
719 394 816 437 obprobria
824 400 847 435 et,

129 458 138 487 5
146 455 188 494 post
196 449 281 493 impensa
288 449 382 492 beneficia,
389 448 480 493 duplicata
487 453 583 481 tormenta.
603 448 656 490 Quod
664 458 708 491 ergo
716 447 806 491 reliquum
815 452 848 488 est,

147 501 218 536 deitatis
231 502 313 545 potentia
323 502 401 536 vallatus
412 501 472 535 libens
485 501 555 544 excipe,
568 501 628 535 sciens
644 510 681 534 non
695 510 737 534 esse
748 500 848 543 condignas

146 554 244 599 passiones
252 554 306 589 huius
313 554 402 598 temporis
413 555 436 588 ad
447 560 602 598 superuenturam
610 553 686 597 gloriam
694 564 730 597 que
738 552 849 587 reuelabitur

146 608 199 642 inte.
221 607 274 641 Vnus
286 619 366 652 namque
378 607 417 642 dies
429 608 452 641 ad
464 607 579 651 supplicium,
590 608 623 641 sed
634 607 681 651 iugis
693 617 714 640 ae
725 606 848 650 sempiternus

147 662 181 695 erit
195 661 218 694 ad
233 661 335 705 premium.¹
365 661 415 695 Inter
430 661 464 694 hec
481 661 566 694 laxantur
578 660 656 701 vincula,
670 664 688 693 et
702 659 773 702 integre
788 658 849 692 omnis

121 724 140 745 10
147 714 229 756 corporis
236 719 311 747 sanatur
318 714 381 757 plaga3
394 714 489 756 Elphegus
496 714 578 756 psallens
584 723 626 747 cum
632 711 757 755 psallentibus,
764 711 849 746 exultans

147 777 189 801 cum
208 767 337 809 exultantibus,
356 767 428 800 incedit.
460 766 515 799 Mane
533 770 594 799 autem
613 765 659 799 lacto
678 775 719 798 curn
738 769 849 798 armatorum

147 829 203 853 manu
211 829 247 852 non
256 829 314 862 parua
322 820 345 852 de
355 829 428 852 carcere
439 817 527 859 educitur,
536 823 554 851 et
564 827 620 861 super
629 817 731 850 iumentum
742 816 818 860 positus,
827 817 849 850 ad

147 871 233 905 iudicium
239 872 355 915 pertrahitur.
375 871 467 905 Dixerunt
473 876 534 904 autem
543 871 559 904 ei
568 883 571 904 :
584 869 661 903 ‘Solue⁸
669 880 739 911 aurum,
745 869 850 903 autmundo

148 925 203 959 hodie
219 926 255 959 eris
270 925 404 969 spectaculum?
428 925 451 958 Et
464 924 504 959 ille:
523 925 606 959 ‘Aurum
619 923 672 958 vobis
685 922 746 957 diuine
760 921 850 967 sapientie

94 1009 96 1011 .
122 989 140 1018 ¹5
148 990 238 1023 propono,
245 984 265 1012 vt
275 979 338 1012 relicta
346 979 426 1012 vanitate
437 989 492 1022 quam
502 977 581 1021 diligitis,
590 978 613 1010 ad
622 988 679 1011 vnum
686 976 748 1011 viuum
759 981 777 1010 et
784 987 849 1010 verum

149 1034 204 1066 deum
216 1033 276 1065 studia
287 1032 402 1065 conuertatis.
426 1032 479 1073 Quod
491 1031 507 1064 si
519 1030 615 1064 consilium
627 1030 656 1064 dei
668 1040 702 1074 per
713 1040 743 1064 me
754 1030 806 1064 vobis
818 1039 850 1063 an-

149 1085 254 1118 nunciatum
262 1084 352 1118 obstinata
359 1089 421 1118 mente
430 1083 543 1127 spreueritis,
551 1083 609 1127 peiori
617 1083 699 1126 profecto
707 1093 761 1126 quam
770 1082 851 1116 Sodoma

149 1142 208 1170 morte
219 1136 308 1179 peribitis,
318 1147 352 1170 nec
363 1136 382 1169 in
396 1137 429 1169 hac
442 1141 491 1169 terra
503 1136 639 1178 imperpetuum
651 1135 775 1169 radicabitis⁴.’
798 1135 850 1168 Tunc

149 1188 222 1232 dyaboli
237 1188 326 1222 satellites
341 1188 359 1221 in
373 1188 435 1231 ipsum
450 1187 552 1231 prosiliunt,
565 1187 636 1221 auersis
651 1188 746 1221 securibus
759 1186 850 1227 deiiciunt,

122 1254 141 1277 κο
149 1241 241 1285 lapidibus
253 1252 295 1275 eum
307 1242 411 1275 obruentes.
434 1240 470 1283 Qui
481 1252 541 1284 genua
552 1241 634 1282 ssectens,
646 1240 692 1274 hanc
704 1241 804 1274 orationem
816 1240 851 1273 deo

149 1295 195 1329 fudit
210 1295 284 1328 dicens:
301 1294 413 1328 ‘Altissimi⁵
428 1293 485 1338 patris
500 1293 598 1338 unigenite,
612 1293 667 1328 Ibesu
681 1293 759 1334 Christe,
772 1292 802 1337 qui
817 1303 851 1337 per

148 1354 221 1383 uterum
233 1348 299 1382 intacte
310 1348 386 1391 virginis
397 1347 464 1382 venisti
477 1347 496 1381 in
509 1348 558 1381 hune
570 1348 660 1380 mundum
671 1352 777 1390 peccatores
791 1346 852 1380 saluos

150 1402 221 1436 facere:
238 1407 256 1434 et
267 1412 297 1435 me
309 1401 327 1434 in
339 1412 385 1445 pace
396 1401 475 1445 suscipe,
487 1406 505 1435 et
516 1401 556 1435 istis
568 1401 666 1434 miserere.¹
690 1400 713 1434 Et
724 1400 821 1444 prolapsus
833 1399 851 1433 in

149 1461 218 1488 terram
233 1454 336 1497 iterumque
350 1465 454 1497 resurgens,
468 1456 528 1487 denuo
542 1454 568 1486 sic
581 1454 615 1487 ait:
633 1453 708 1486 ‘Pastor
723 1454 776 1494 bone,
789 1458 852 1496 pastor

123 1518 141 1549 25
151 1506 253 1551 singularis,
268 1506 316 1541 filios
335 1506 412 1541 ecclesie
429 1506 488 1551 quosa
505 1505 537 1541 tibi
556 1505 637 1541 moriens
656 1506 770 1548 commendo,
789 1506 852 1540 tuere?

150 1561 257 1594 Acen-rens
269 1564 330 1593 autem
338 1559 418 1603 quidam,
427 1570 482 1603 quem
490 1564 508 1593 et
519 1558 572 1602 ipse⁷
584 1560 607 1592 de
618 1558 728 1593 sacrofonte
740 1564 852 1602 susceperat,

151 1613 230 1647 securim
242 1613 297 1656 capiti
307 1613 356 1646 illius
367 1612 431 1645 infixit.
448 1613 484 1654 Qui
492 1612 553 1646 statim
564 1612 582 1645 in
592 1619 656 1646 eterna
664 1612 721 1655 pace⁸
728 1612 852 1655 requiescens,

151 1665 240 1700 victorem
249 1665 332 1709 spiritum
345 1676 385 1699 cum
398 1665 496 1709 triumpho,
505 1665 629 1699 tertiodecimo
639 1664 727 1699 kalendas
736 1664 784 1705 maii,
792 1664 853 1709 dirigit

152 1719 175 1752 ad
191 1719 256 1752 celum.
279 1718 374 1762 Principes
388 1724 448 1752 autem
463 1718 563 1759 Danorum,
577 1717 672 1762 cupientes
686 1727 739 1751 suurn
752 1717 822 1752 facinus
835 1724 853 1752 et

124 1783 143 1812 5⁰
153 1770 231 1814 Elphegi
243 1771 319 1814 gloriam
331 1771 435 1813 obscurare,
447 1782 513 1814 corpus
525 1771 573 1804 illius
585 1770 660 1804 ssumine
671 1770 755 1814 immergi
767 1775 853 1813 statuunt,

151 1824 185 1858 rati
202 1823 278 1857 sceleris
296 1823 424 1857 enormitatem
442 1835 464 1857 eo
481 1823 551 1857 facilius
567 1823 639 1866 contegi
654 1834 710 1866 posse
725 1834 761 1866 quo
776 1823 816 1857 eius
831 1824 853 1857 ab

151 1877 256 1911 hominibus
271 1878 361 1910 memoria
373 1877 472 1910 tolleretur.
495 1877 533 1910 Sed
547 1878 596 1920 quod
610 1877 670 1910 Dani⁰
683 1877 706 1910 ad
720 1876 854 1917 contumeliam,

152 1929 236 1965 Christus
245 1929 328 1973 Elphego
334 1930 405 1973 parauit
411 1930 434 1964 ad
440 1929 522 1973 gloriam.
546 1928 631 1963 Protinus
637 1939 717 1973 namque
725 1928 784 1964 omnis
791 1929 854 1974 populi

152 1983 247 2018 multitudo
254 1994 290 2026 que
297 1984 328 2016 illo
337 1984 414 2017 docente
422 1994 504 2017 errorem
510 1983 606 2022 abiecerat,
613 1988 683 2016 armata
688 1983 776 2026 procedit,
783 1984 854 2017 malens

125 2048 143 2076 35
152 2046 193 2069 cum
202 2035 286 2068 defuncto
296 2035 365 2077 pariter
375 2036 489 2075 occumbere,
497 2046 552 2077 quam
562 2035 606 2067 illud
616 2045 683 2077 corpus
693 2035 744 2068 cuius
753 2035 854 2068 ministerio

152 2086 300 2121 sanctificationis
311 2092 418 2132 susceperat
430 2086 538 2130 misterium,
549 2097 637 2131 aquarum
647 2086 729 2131 voragini
740 2088 813 2121 tradere
825 2088 854 2121 ab·

152 2133 272 2175 sorbendum.
296 2140 359 2183 Itaque
371 2151 438 2184 corpus
449 2140 479 2173 all
490 2140 563 2174 diuerso
574 2140 642 2184 populo
654 2146 752 2181 seruatum,
761 2152 795 2175 nec
807 2152 854 2175 mer-

152 2194 229 2239 gebatur
236 2204 270 2227 nec
278 2193 406 2237 sepeliebatur.
429 2193 512 2237 Vespere
520 2198 581 2227 autem
589 2193 683 2238 Vtriusque
693 2193 749 2238 partis
759 2200 854 2229 senatores

152 2247 267 2288 conueniunt,
278 2252 298 2280 vt
309 2252 358 2280 tante
370 2246 491 2280 contentionis
502 2246 553 2280 litem
565 2246 604 2280 suis
616 2247 715 2280 rationibus
727 2247 855 2281 determinent.

124 2314 144 2343 40
153 2300 228 2334 Factum
238 2305 266 2333 est
277 2304 337 2333 autem
349 2300 430 2333 omnium
441 2310 519 2333 assensu
528 2304 548 2333 vt
559 2299 577 2332 in
588 2310 686 2333 commune
697 2310 762 2333 omnes
772 2305 854 2334 sanctum

152 2355 252 2397 deposcant
260 2353 346 2397 quatinus
357 2353 373 2388 si
384 2353 428 2397 quid
435 2353 495 2387 valeat
503 2353 552 2397 apud
561 2354 616 2387 deum
628 2364 687 2396 suum,
696 2353 714 2387 in
725 2354 759 2388 hoc
770 2354 855 2398 ambiguo

152 2407 233 2451 potentie
250 2418 283 2440 sue
297 2406 384 2440 virtutem
397 2407 486 2440 ostendat.
515 2406 579 2448 ‘Ecce
593 2406 677 2450 inquiunt
691 2406 743 2449 Dani,
757 2418 820 2441 ramus
832 2408 855 2441 de

152 2459 223 2493 fraxino
235 2459 309 2492 excisus
315 2459 332 2499 ¹¹,
340 2470 395 2492 succo
409 2465 427 2492 et
440 2459 507 2492 cortice
521 2459 596 2492 omnino
609 2460 700 2493 nudatus:
713 2459 728 2492 si
740 2460 790 2493 hunc
802 2459 856 2492 huius

172 2522 397 2554 ¹Boll,eiuis..domesticus.
419 2522 451 2552 ΊΕ.
458 2522 515 2553 verbis.
534 2522 568 2552 Βιιῐ.
576 2533 606 2553 om.
625 2522 780 2553 ⁴T.E.iudicabitis.
798 2522 829 2553 ὅΤ.
837 2523 854 2553 Ε.

152 2562 238 2593 Altisslme.
260 2562 356 2599 ⁶al.quam.
376 2563 476 2599 ⁷alipsum,
498 2563 532 2592 ⁸T.
540 2563 557 2593 E.
567 2563 657 2600 patriaml.
666 2572 709 2600 pace.
731 2563 856 2598 ⁹Boll.Danis;

153 2602 191 2633 er.
201 2602 259 2631 Dauus.
280 2602 292 2620 ¹⁰
303 2603 323 2632 al.
330 2603 350 2631 ab
357 2611 389 2632 uno
396 2611 415 2632 ac
423 2603 437 2633 d.
459 2602 469 2619 ¹¹
480 2602 498 2633 E.
506 2603 581 2633 abscisus¹
