1762 2803
123 103 166 170 3⁶8
314 100 394 153 mota
410 97 526 161 tremat
541 99 634 162 onnia.

122 221 177 254 modo
188 220 285 254 demersus
296 230 316 254 es
329 219 347 253 in
360 218 463 255 infernum!
487 221 556 264 (Disce)
571 232 615 265 ergo
628 220 670 265 quia
680 221 710 265 qui
723 231 744 255 se
755 220 826 255 extollit

123 272 256 308 humiliabitur.³
271 272 323 306 Tunc
330 271 360 307 ilie
369 273 419 308 uelut
427 284 492 309 amens
498 275 574 309 effectus
582 280 600 308 et
608 273 738 319 de(cepcionis)
747 285 780 308 sue
788 284 825 308 non

123 326 184 361 ferens
196 326 290 370 pudorem,
303 326 377 370 grauius
392 338 403 362 a
416 338 437 363 se
451 328 499 372 (ipso
515 328 609 372 decipitur,
621 339 675 372 quam
689 327 747 362 fuerat
760 328 778 371 a)
794 328 825 362 de-

122 380 207 414 monibus
219 380 312 423 deceptus.
335 380 389 424 (Cum
401 382 450 414 enim
462 392 483 415 se
495 392 581 426 reparare
592 386 610 415 et
621 381 722 422 cer)tamen
734 391 825 415 renouare

105 433 202 473 sdeberet,
218 432 327 476 (desperans
344 434 480 477 semetipsum),
496 434 568 468 tradidit
585 445 606 467 se
625 434 675 467 omni
690 433 789 477 impudicie
807 439 825 467 et

122 484 234 529 impietatib]

157 652 171 689 ll
184 644 218 687 Dr
229 662 300 687 seuero
311 645 437 697 Tmpooono
448 653 607 688 ancnrrrrscoro²
618 664 641 688 er
652 654 787 688 conrassonsi.

122 735 203 813 ANno
215 735 285 769 domini
295 736 431 770 sexcentesimo
442 736 558 780 sexagesimo
570 741 640 780 quarto,
652 741 723 771 mortuo
737 735 826 780 archiepi-

183 798 240 832 scopo
252 788 359 831 Deusdedit,
371 789 438 823 missus
450 795 477 823 est
492 789 570 823 Romam
580 789 680 834 Wigardus
693 788 789 834 presbiter,
797 789 825 823 vir

122 840 239 877 doctissimus
250 842 274 877 de
285 853 353 886 genere
364 842 471 887 Anglorum,
484 844 507 877 ab
522 843 602 887 Egberto
617 854 661 888 rege
675 841 794 886 Cantuar[ie]‚
807 848 825 876 et

96 904 114 926 10
123 894 185 930 Oswio
193 905 237 940 rege
245 895 453 939 Northanhumbrorum,
460 901 479 931 vt
487 896 506 930 in
513 896 672 940 archiepiscopum
682 900 825 931 consecraretur.

123 949 159 989 Qui
170 959 212 982 eum
225 948 305 981 Romam
316 951 403 989 venisset,
411 959 453 981 eum
464 949 549 982 omnibus
561 959 610 992 pene
618 949 649 992 qui
657 959 699 982 eum
707 959 729 982 eo
736 952 826 982 venerant

123 1000 227 1043 pestilentia
238 1000 382 1044 superueniente
394 1001 466 1035 deletus
475 1006 508 1035 est.
531 1001 577 1035 Cum
589 1005 650 1035 autem
658 1000 752 1035 Adrianus
762 999 825 1042 abbas,

122 1060 141 1087 vt
152 1053 171 1087 in
184 1052 223 1087 eius
234 1052 271 1087 vita
283 1054 367 1096 superius
381 1053 444 1098 liquet,
455 1065 466 1088 a
477 1053 567 1088 Vitaliano
579 1064 628 1098 papa
640 1053 712 1094 accitus,
725 1063 772 1088 onus
787 1051 825 1097 epi-

122 1112 209 1150 scopatus
221 1106 284 1139 subire
295 1105 403 1140 humilitatis
413 1108 471 1150 gratia
481 1113 578 1149 recusaret,
589 1107 668 1141 indutias
679 1107 737 1151 petiit,
749 1106 765 1140 si
778 1106 825 1140 sorte

96 1167 113 1198 15
122 1158 177 1194 alium
188 1158 219 1203 qui
230 1158 329 1204 episcopus
341 1160 456 1194 ordinaretur
466 1171 489 1194 ex
500 1165 584 1205 tempore
593 1165 657 1205 posset
668 1161 757 1195 inuenire.
781 1159 825 1193 Erat

122 1213 162 1257 ipso
174 1218 257 1256 tempore
269 1212 330 1247 Rome
341 1213 443 1247 monachus
456 1214 508 1247 beato
520 1213 601 1247 Adriano
611 1219 671 1255 notus,
679 1213 753 1247 nomine
764 1212 825 1246 Theo-

122 1266 183 1308 dorus,
196 1269 249 1299 natus
262 1265 333 1298 Tharso
345 1264 414 1307 cilicie,
425 1265 453 1299 vir
463 1265 482 1298 in
493 1266 570 1299 seculari
583 1271 602 1300 et
615 1265 677 1300 diuina
691 1265 797 1306 litteratura,
806 1268 825 1299 et

122 1329 177 1363 grece
185 1318 284 1354 instructus
293 1323 311 1353 et
319 1318 380 1360 latine,
385 1318 465 1362 probus⁴
472 1319 559 1360 moribus,
565 1325 583 1353 et
588 1324 635 1354 etate
643 1319 766 1360 venerandus,
772 1317 825 1351 idest

122 1383 181 1406 annos
189 1363 260 1406 habens'
268 1370 321 1405 etatis
329 1371 425 1416 sexaginta
432 1382 471 1407 sex.
487 1371 542 1406 Hunc
549 1372 614 1407 beatus
622 1371 716 1407 Adrianus
724 1382 758 1416 pro
766 1381 786 1406 se
792 1371 825 1405 ob-

96 1434 115 1454 ao
123 1426 163 1459 tulit
171 1424 257 1470 pontifici,
266 1424 317 1458 eum⁵
325 1425 431 1459 aiiternulla
436 1424 506 1460 ratione
513 1430 577 1470 posset
582 1426 666 1460 euadere⁴
682 1425 742 1468 Quem
748 1428 767 1460 vl
775 1424 824 1459 idem

123 1489 172 1522 papa
179 1478 277 1520 ordinaret,
286 1488 308 1511 ea
316 1479 391 1511 demum
401 1478 507 1513 condicione
515 1478 620 1522 impetrauit
627 1484 647 1513 vt
654 1478 695 1522 ipse
707 1488 750 1512 eum
757 1478 825 1522 perdu-

124 1536 173 1565 ceret
182 1531 301 1573 Britanniam,
309 1535 327 1564 et
335 1530 352 1564 ei
360 1530 443 1565 doctrine
453 1537 560 1575 cooperator
567 1532 654 1573 existens,
662 1531 759 1575 diiigenter
767 1535 825 1564 atten-

123 1587 175 1618 deret
183 1594 207 1617 ne
215 1583 258 1626 quid
264 1583 295 1616 ille
303 1584 415 1617 contrarium
423 1583 494 1618 veritati
500 1584 548 1626 fidei,
552 1585 653 1618 Grecorum
659 1595 716 1625 more,
720 1584 739 1617 in
748 1582 825 1617 ecclesia

123 1638 152 1670 cui
160 1641 244 1681 preesset
251 1635 379 1669 introduceret.
398 1636 434 1678 Qui
442 1636 564 1671 subdiaconus
572 1636 671 1678 ordinatus,
677 1640 754 1679 quatuor
759 1645 824 1679 expec-

97 1698 114 1729 ¹5
123 1690 168 1724 tauit
175 1698 250 1724 menses
259 1690 317 1723 donec
323 1688 348 1723 illi
357 1699 409 1723 coma
417 1694 513 1733 cresceret,
521 1700 557 1734 quo
565 1688 584 1724 in
592 1699 678 1725 coronam
685 1688 747 1724 tondi⁶
755 1692 824 1734 posset.

124 1744 219 1778 Habuerat
225 1743 275 1776 enim
281 1747 376 1776 tonsuram
384 1754 435 1778 more
442 1743 562 1777 Orientalium
569 1743 627 1777 sancti
636 1743 687 1777 Pauli
692 1742 775 1788 apostoli.
788 1742 824 1784 Qui

123 1797 217 1831 ordinatus
226 1800 254 1830 est
261 1806 272 1829 a
278 1795 368 1829 Vitaliano
377 1806 425 1840 papa
433 1806 481 1830 anno
489 1796 557 1830 domini
565 1796 700 1830 sexcentesimo
708 1794 824 1840 sexagesimo

123 1855 192 1883 octauo.
215 1849 250 1889 Qui
259 1848 372 1881 Britanniam
379 1849 461 1890 veniens,
470 1849 519 1882 dedit
527 1849 587 1881 statim
594 1849 676 1882 Adriano
682 1848 743 1882 abbati
750 1857 824 1881 monas-

122 1902 188 1937 terium
202 1900 249 1935 beati
262 1900 312 1934 Petri
325 1901 402 1945 apostoli
414 1902 463 1946 apud
475 1901 596 1943 Cantuariam,
607 1902 637 1936 vbi
649 1901 782 1945 archiepiscopi
795 1911 824 1935 se·

95 1964 115 1993 50
123 1956 175 2000 peliri
183 1955 254 1996 solent;
265 1959 283 1989 et
291 1960 388 1998 peragrata
395 1954 456 1988 insula
463 1958 505 1997 tota,
514 1958 584 1988 rectum
591 1953 665 1989 uiuendi
673 1953 762 1996 ordinem,
769 1953 824 1988 ritum

123 2008 227 2044 celebrandi
240 2009 308 2053 pasche
321 2007 434 2051 canonicum,
450 2013 560 2053 cooperante
575 2008 640 2043 abbate
655 2008 743 2050 Adriano,
758 2008 825 2042 docuit.

123 2064 141 2097 Is
153 2063 203 2097 enim
214 2062 285 2106 primus
296 2066 335 2096 erat
346 2061 365 2095 in
375 2061 519 2105 archiepiscopis
529 2060 558 2096 cui
569 2062 628 2095 omnis
636 2061 738 2106 Anglorum
746 2061 825 2096 ecclesia

123 2126 189 2150 manus
200 2115 245 2149 dare
256 2114 372 2149 consentiret.
395 2114 523 2158 ⁷Congregata
534 2119 595 2149 autem
607 2114 737 2157 discipulorum
745 2119 824 2153 caterua,

142 2183 147 2201 ¹
158 2184 195 2215 Aut.
204 2188 220 2213 et
227 2183 287 2213 Colleet
294 2183 311 2212 in
318 2182 336 2214 T.
343 2192 347 2214 z

142 2227 213 2263 Theliae
219 2232 272 2269 presul
279 2231 340 2267 eximie,
347 2236 402 2269 pastor
407 2231 466 2269 gregis,
472 2231 528 2261 doctor
534 2231 606 2269 egregie:
617 2231 672 2263 Funde
679 2241 735 2270 preces
743 2231 764 2262 ad
771 2239 825 2268 regem

122 2272 172 2310 glorie
179 2281 208 2310 pro
215 2272 265 2301 salute
272 2276 298 2301 tue
305 2272 367 2302 familie.
389 2271 407 2301 V.
417 2272 481 2301 Arnauit
488 2280 528 2302 eum.

144 2312 192 2349 Deus
196 2319 289 2356 quibeatum
294 2318 377 2348 Theliaum
382 2318 489 2348 consessorem
495 2321 538 2348 tuum
546 2318 626 2349 doctorem
632 2319 736 2358 (precipuum
742 2318 825 2349 catholice-

122 2369 153 2397 que
162 2360 200 2389 iidei
209 2359 324 2396 predicatorem
333 2359 392 2394 eligere
402 2358 476 2395 dignatus
482 2367 505 2394 es,
513 2363 566 2395 presta
575 2368 659 2395 quesumus
668 2363 686 2389 ut
695 2359 730 2397 ipso
740 2368 769 2396 pro
779 2358 825 2387 nobis

122 2400 230 2429 intercedente
244 2402 343 2435 peccatorum
360 2397 463 2435 (nostrorum)
478 2398 523 2427 malis
537 2408 624 2428 mereamur
637 2399 675 2428 exui
688 2404 705 2429 et
718 2399 747 2428 tibi
760 2398 825 2427 domino

121 2439 188 2468 sinceris
194 2438 273 2467 mentibus
279 2436 355 2473 famulari,
363 2445 395 2474 per.

141 2485 148 2502 ¹
157 2486 175 2515 T.
183 2486 263 2524 episcopo.
303 2483 309 2500 ³
319 2483 400 2521 Abridged
408 2483 447 2514 from
455 2483 482 2514 the
489 2483 525 2513 Vita
532 2484 553 2521 by
559 2484 632 2514 Gosceiiu
640 2485 655 2514 in
664 2485 698 2515 MS.
702 2484 750 2521 Vesp.
760 2484 779 2514 B.
786 2482 824 2513 XX.

122 2527 132 2555 f.
140 2534 219 2564 ²²3·23²l
230 2524 319 2560 Harl.105;
329 2533 350 2553 au
356 2523 468 2561 amplification
475 2523 493 2553 oi
499 2524 543 2554 Beda
550 2523 571 2554 H.
577 2524 596 2555 E.
604 2524 632 2555 111.
639 2534 658 2565 29
664 2525 679 2556 ff.
724 2524 729 2543 ¹
740 2524 758 2554 Ε,
766 2522 824 2562 probis.

121 2567 127 2582 ¹
139 2566 155 2596 Ε.
163 2565 265 2605 pontificium.
306 2563 312 2581 ⁵
322 2563 340 2594 E.
348 2564 399 2595 condi.
438 2562 444 2582 ἵ
455 2564 478 2596 Cf.
485 2563 522 2595 Vita
528 2564 545 2595 S.
552 2564 623 2597 Adriani.
