1762 2803
68 158 103 189 us.
110 159 158 190 mn.
165 159 184 189 1³-
191 168 204 190 ι.
213 159 235 198 a]
296 148 359 201 tttte
374 147 411 201 ἐ.
422 147 545 207 dorilaei.
727 161 771 209 705

69 269 131 312 Helye,
143 275 195 313 atque
209 268 326 312 importabiles
338 269 454 304 abstinentias
467 269 591 305 uenerabilium
606 275 674 313 patrum
687 269 716 313 qui
731 269 772 304 olim

69 322 215 354 conuersabantur
223 321 241 354 in
249 321 293 355 Sithi
299 320 310 355 ¹.
332 322 375 356 Erat
384 321 430 356 enim
441 321 525 356 diabolice
534 320 652 365 persuasionis
663 319 744 362 intencio,
754 325 773 353 ut

69 370 97 405 ille
108 382 177 414 prorsus
190 382 201 406 a
213 371 319 406 comestione
332 378 412 413 cessaret,
425 373 492 417 sibique
504 373 564 408 mortis
577 372 650 407 exicium
662 372 774 406 diuturnitate

69 421 127 455 ieiunii
138 427 244 465 prouocaret.
267 422 286 455 Si
297 421 343 456 enim
356 422 437 457 ieiunium
450 423 527 466 regulam
538 423 623 457 modestis
634 428 652 457 et
664 423 773 457 discretionis

69 472 141 512 excedit,
152 473 208 505 subito
216 473 286 514 languet
297 482 365 514 corpus,
375 472 433 505 deficit
444 473 519 515 spiritus,
529 474 604 506 aufertur
614 473 687 506 orationi
695 473 790 513 affectus,5

70 521 165 563 operationi
178 521 254 563 effectus,
266 521 329 563 caligat
342 521 490 564 contemplationis
505 523 569 564 oculus,
581 527 604 563 et,
616 529 634 557 ut
647 523 701 557 multa
712 522 773 566 paucis

70 572 162 613 includam,
170 572 217 615 apud
226 582 245 605 se
256 571 343 605 homicida
352 577 384 612 est,
392 573 438 615 apud
447 572 499 606 deum
510 573 608 614 sacrilegus,
616 579 633 607 et
643 580 701 608 eterne
713 572 773 608 mortis

70 622 204 665 dampnabiliter
214 632 258 655 reus.
282 622 381 663 intelligens
391 628 449 655 autem
460 623 513 655 homo
523 623 551 655 dei
561 623 646 656 diabolice
654 623 773 667 temptationis

70 672 160 711 astuciam,
172 671 252 705 inuncata
266 672 329 704 Christi
345 671 408 709 uirtute
422 671 518 713 psallebat:
536 671 622 714 ‘Exurgat
635 672 678 707 deus
692 679 709 707 et
723 673 773 707 dissi·

71 727 133 765 pentur
140 720 205 756 inimici
215 721 258 764 eius,
269 726 286 756 et
295 721 361 764 fugiant
371 721 399 764 qui
409 721 482 756 oderunt
493 732 532 756 eum
542 732 553 756 a
563 721 607 756 facie
617 721 665 756 eius!
688 723 724 756 lllis
733 732 774 765 ergo
783 735 802 759 ιο

71 771 219 812 euanescentibus,
233 770 319 814 flebilique
333 772 400 805 ulutatu
414 778 431 805 et
446 772 538 806 mestuosis
552 772 649 815 planctibus
665 772 775 816 implentibus

70 823 164 864 regionem,
177 823 238 856 beatus
252 823 347 856 Guthlacus
359 822 417 855 omnia
429 822 511 865 deinceps
523 821 587 855 diaboli
598 828 724 864 temptamenta
735 833 775 856 con·

71 872 215 915 tempsit—Sane
226 873 279 906 multe
290 879 330 906 sunt
343 872 408 906 astucie
421 873 499 912 sathane,
512 873 534 906 de
547 871 609 915 quibus
622 873 711 916 apostolus
724 872 775 907 dicit:

72 923 123 956 ‘Non
138 922 236 965 ignoramus
251 922 327 956 astuciae
342 923 423 956 sathane.¹
447 924 539 965 Propterea
555 923 615 966 paucis
630 923 691 957 diebus
706 922 776 966 elapsis,

72 973 127 1007 noctis
145 973 248 1016 intempeste
266 973 338 1007 silencio
355 972 403 1006 irruit
417 972 435 1006 in
451 973 539 1010 hominem
557 973 585 1009 dei
600 973 667 1007 infinita
681 974 775 1007 demonum
785 985 803 1016 ¹5

72 1024 164 1057 multitudo
170 1036 175 1064 ;
188 1035 199 1057 a
209 1030 254 1058 terra
265 1035 319 1067 usque
329 1023 353 1057 ad
364 1025 419 1058 celum
431 1030 477 1058 totus
487 1034 517 1057 aer
528 1023 631 1067 implebatur
640 1024 746 1067 prestigiosis
758 1030 775 1059 et

71 1074 165 1107 iarualibus
180 1075 273 1108 demonum
287 1074 352 1106 formis.
374 1074 450 1116 Rapiunt
464 1084 505 1107 enm
519 1074 589 1116 spiritus
603 1075 713 1115 monstruosi,
728 1081 776 1107 extra

73 1125 133 1158 cellam
146 1125 217 1165 ducunt,
231 1125 309 1158 membra
323 1125 359 1158 eius
374 1124 450 1167 alligant,
465 1123 555 1168 ipsumque
570 1124 661 1167 paludibus
676 1125 743 1160 cenosis
758 1131 776 1159 et

73 1175 162 1218 profundis
181 1175 288 1216 immergunt.
311 1175 362 1207 illum
376 1174 439 1209 itenun
453 1180 568 1217 asportantes,
582 1185 614 1217 per
628 1175 722 1218 asperrima
738 1176 777 1209 locu

73 1227 148 1267 trahunt,
161 1232 178 1260 et
189 1236 220 1269 per
231 1225 355 1259 inextricabiles
366 1225 444 1268 ueprium
455 1224 555 1259 densitates.
577 1227 655 1269 Cumque
668 1236 708 1269 pars
720 1226 776 1260 noctis
786 1237 805 1261 ro

73 1278 131 1311 adhuc
143 1277 218 1310 maxima
232 1284 334 1320 superesset,
347 1276 411 1312 instant
424 1276 524 1314 uerberibus
537 1282 555 1310 et
567 1276 658 1311 tormentis
671 1283 689 1311 ut
703 1276 776 1312 insulam

73 1327 185 1361 festinancius
193 1327 271 1367 deserat,
282 1327 343 1359 mortis
350 1326 426 1358 immane
436 1326 539 1369 supplicium
548 1326 605 1359 eidem
616 1327 713 1361 terribiliter
721 1327 777 1361 inten-

73 1383 136 1417 tantes,
145 1377 160 1410 si
171 1387 182 1409 a
192 1376 230 1410 loco
240 1376 363 1410 dominationis
374 1386 404 1412 sue
414 1374 538 1419 tempestiuus²
545 1386 580 1410 non
591 1377 665 1411 recedat.
689 1379 729 1420 lpse
736 1388 777 1410 uero

73 1428 127 1462 nichil
146 1427 206 1468 sciens,
221 1427 274 1460 nichil
293 1426 368 1469 sapiens,
382 1426 434 1461 nichil
453 1427 536 1462 inuocans
554 1433 611 1470 preter
630 1428 722 1469 Christum,
737 1438 776 1462 cum

74 1477 164 1522 psalmista
176 1477 256 1511 dicebat:
274 1476 400 1513 ‘Prouidebam
414 1477 502 1512 domiuum
515 1477 533 1511 in
545 1484 639 1520 conspectu
652 1488 691 1512 meo
704 1488 777 1521 semper,
786 1492 805 1523 ²5

74 1529 156 1573 quoniam
171 1539 182 1562 a
197 1527 262 1562 dextris
277 1534 303 1561 est
320 1527 373 1561 michi
388 1538 410 1561 ne
428 1529 546 1561 commoueat.¹
571 1528 702 1562 Nobilissimum
719 1528 778 1572 itaque

75 1580 145 1613 cedrum
158 1584 233 1612 uestram
245 1578 302 1610 nullus
314 1577 447 1619 temptationum
460 1577 543 1617 incursus,
554 1578 611 1611 nullus
626 1578 694 1612 hostilis
705 1579 778 1612 turbinis

74 1634 130 1664 terror
140 1627 195 1672 potuit
206 1626 293 1661 inclinare.
317 1626 474 1676 CrescitbGuthlaci
486 1627 576 1670 paciencia
586 1627 667 1662 lacessita
679 1628 750 1668 iniuriis,
761 1634 779 1662 et

75 1674 158 1713 molestiis
166 1679 229 1713 afflicta
236 1678 338 1721 grandescit.
355 1677 427 1712 ‘Beatus
434 1679 487 1712 homo
493 1678 541 1712 cuius
548 1684 574 1713 est
581 1689 644 1714 nomen
650 1679 714 1714 domini
722 1680 779 1723 spes';

75 1732 152 1771 ‘beatus
160 1729 234 1770 domine,
239 1730 265 1762 uir
273 1729 320 1762 cuius
328 1734 354 1762 est
363 1729 443 1762 auxilium
450 1740 461 1761 a
468 1729 496 1762 te.¹
520 1729 609 1762 Fundatus
616 1729 661 1762 enirn
669 1729 686 1762 in
694 1730 728 1763 fide
736 1736 753 1764 et
761 1730 779 1763 in
787 1743 807 1773 50

75 1790 134 1813 amore
142 1779 211 1819 Christi,
219 1779 317 1811 ‘crescebat
325 1785 413 1820 tamquam
421 1779 506 1812 edificium
516 1778 603 1820 spirituale
610 1779 627 1812 in
636 1779 719 1821 templum
729 1790 779 1814 sanc·

76 1836 113 1864 tum
123 1829 141 1862 in
149 1828 229 1862 domino.¹
253 1829 268 1861 Ο
278 1829 350 1870 abyssus
358 1828 465 1868 iudiciorum,
472 1839 483 1862 o
490 1827 528 1861 fons
538 1827 655 1861 misericordie
665 1829 719 1862 deusl
736 1829 779 1872 Quis

28 1889 30 1891 ·
76 1881 122 1913 hanc
134 1879 215 1920 abyssum
226 1877 340 1911 considerauit
350 1884 367 1911 et
378 1888 413 1911 non
425 1877 504 1920 expauit?
527 1877 570 1918 Quis
581 1877 603 1911 de
612 1878 647 1911 hoc
657 1879 705 1912 fonte
715 1878 779 1912 dulcis·

77 1930 121 1965 simo
129 1928 172 1963 bibit
179 1934 196 1962 et
203 1934 221 1962 te
228 1939 263 1961 non
271 1928 348 1961 amauit?
371 1929 391 1961 In
403 1934 432 1961 tuo
440 1937 505 1968 amore,
513 1927 587 1968 domine,
595 1927 654 1962 omnia
663 1929 697 1963 hec
707 1928 780 1964 sustinet

77 1981 148 2021 fortiter,
156 1979 249 2022 pacienter,
257 1985 274 2012 et
284 1979 362 2013 dulciter.
384 1979 462 2021 Cumque
471 1983 517 2012 esset
524 1978 586 2012 ‘homo
594 1977 654 2012 similis
664 1979 715 2013 nobis
724 1980 779 2023 passi·
788 1991 807 2023 35

77 2030 202 2070 bilis,'o1nnino
209 2030 290 2062 deficeret
298 2030 315 2062 in
323 2028 370 2062 duris
376 2035 393 2062 et
400 2030 418 2062 in
426 2029 499 2062 miseriis
507 2039 541 2061 non
549 2028 654 2068 subsisteret,
659 2028 692 2062 nisi
701 2029 781 2062 Christus

77 2079 163 2113 habitaret
176 2079 193 2112 in
206 2089 232 2111 eo.
253 2078 358 2121 Accepimus
372 2078 419 2111 enim
434 2078 456 2111 ab
469 2077 553 2121 apostolo,
568 2077 655 2112 Christum
670 2079 748 2113 habitare
762 2079 780 2112 in

79 2130 159 2164 cordibus
170 2128 239 2170 nostris,
249 2139 281 2172 per
292 2128 371 2171 spiritum
382 2133 465 2169 sanctum,
477 2126 506 2171 qui
515 2128 567 2162 datus
579 2133 606 2161 est
618 2128 675 2162 nobis.
696 2128 782 2163 Videntes

79 2187 137 2215 autem
144 2179 241 2222 spirituales
248 2178 326 2221 nequicie
334 2179 381 2221 quod
388 2177 441 2211 nichil
450 2178 562 2220 proficiebant
572 2178 655 2212 aduersus
663 2180 782 2212 constanciam

78 2230 111 2264 uiri
122 2230 161 2264 dei:
178 2235 285 2263 assumentes
296 2239 341 2270 eum,
353 2228 425 2270 flagellis
437 2227 501 2268 ferreis,
513 2233 531 2261 et
542 2227 632 2261 horrendis
643 2229 709 2262 alarum
720 2229 781 2263 strido·
789 2243 809 2273 4⁰

79 2282 126 2315 ribus
134 2280 191 2323 ipsum
199 2285 279 2322 torquent
286 2285 303 2313 et
311 2279 397 2319 cruciant3
409 2278 483 2313 eundem
493 2277 567 2322 denique
577 2279 678 2313 subuectum
689 2280 712 2314 ad
721 2281 782 2320 nubes,

80 2331 97 2365 in
103 2330 238 2373 septemtrionali
244 2331 296 2372 plaga
302 2330 333 2362 celi
340 2328 450 2362 constituunt.
469 2329 519 2370 Cepit
524 2339 593 2372 quoque
598 2334 635 2363 tota
641 2330 672 2363 celi
678 2329 730 2363 facies
736 2330 782 2363 nube

79 2379 174 2423 caliginosa
185 2379 287 2421 nigrescere,
299 2378 432 2413 innumerabiles
443 2377 489 2411 enim
501 2384 557 2412 turme
567 2379 681 2421 malignorum
692 2378 781 2421 spirituum

80 2430 168 2464 confluunt
174 2441 179 2470 ς
191 2435 261 2472 captum
270 2429 340 2472 rapiunt
348 2436 366 2463 et
376 2429 398 2462 ad
409 2429 467 2462 fauces
478 2428 544 2470 insemi,
554 2428 674 2462 miserabiliter
684 2428 782 2470 affligendo,

80 2481 180 2526 perducunt.
203 2479 277 2513 Sanctus
291 2489 332 2513 uero
347 2480 443 2514 Guthlacus
457 2479 529 2514 fetorem
544 2479 622 2513 senciens
636 2479 750 2521 gehennalem
764 2485 809 2521 et45

230 2578 237 2596 ¹
247 2579 281 2612 MS.
289 2579 337 2612 cithi.
477 2580 483 2598 ¹
493 2580 513 2611 T.
520 2580 540 2610 E.
547 2579 642 2620 tempestiue.

103 2629 172 2673 von‘n.
420 2644 446 2670 zz
