1762 2803
94 117 136 161 392
283 104 363 158 uota
378 102 495 166 tuumne
511 102 604 167 bruta

93 223 136 259 illuc
143 224 271 270 properabant.
294 224 353 261 Etvix
361 225 438 261 salutato
446 225 589 271 archiepiscopo,
595 224 796 269 sciscitabanturquare

96 277 141 322 [in]¹
150 277 234 322 ingressu
242 288 275 312 suo
283 278 380 322 episcopos
388 278 437 323 regis
446 279 623 314 excommunicasset
633 282 652 313 et
663 277 796 321 suspendisset.

96 330 173 365 Miserat
185 330 235 364 enim
250 335 292 364 ante
307 331 407 365 aduentum
422 341 476 365 suum
490 332 565 366 clericos
578 342 622 365 suos
637 341 678 365 curn
693 329 752 372 bullis,
765 328 796 374 qui

95 382 193 429 episcopos
204 393 246 418 cum
256 382 332 427 clericis,
340 389 394 429 prout
402 395 458 430 supra
468 384 581 430 exprimitur,
589 382 770 420 excommunicarunt
780 387 798 418 et

79 449 87 480 5
96 437 237 481 suspenderunt.
256 436 462 482 Archiepiscopusvero
469 444 565 473 mansuete
573 438 677 482 respondit:
689 447 752 481 regem
760 446 797 470 non

96 495 172 534 propter
182 489 217 523 hoc
228 489 320 525 offensum
326 490 338 534 ²,
345 501 380 525 nec
391 502 412 526 sc
423 491 520 536 quicquam
531 497 594 527 contra
605 501 668 535 regern
678 490 708 525 uel
719 499 798 534 regnum

96 543 173 585 secisse3
185 542 219 575 sed
230 542 254 577 de
265 542 324 586 ipsius
335 544 385 588 regis
396 544 518 588 permissione
529 543 556 578 sic
567 543 634 578 sactum
646 553 694 586 esse,
701 546 721 577 vt
732 541 798 576 iniuria

96 605 151 639 quam
164 594 247 639 episcopi
260 596 279 629 in
291 596 409 632 coronatione
423 597 455 632 filii
468 596 517 642 regis
530 596 606 632 ecclesie
617 606 651 631 sue
663 597 749 637 fecerant,
761 604 798 629 non

96 652 202 682 remaneret
211 648 306 693 impunita.
329 649 371 684 Hiis
379 649 451 692 auditis,
459 649 559 685 modestius
567 649 636 694 loquuti
644 653 697 693 sunt;
709 649 800 683 instanter

70 715 89 737 ro
97 706 159 736 tamen
170 701 286 746 postulantes
297 707 316 737 vt
328 703 425 748 episcopos
436 702 604 750 excommunicatos
616 703 719 738 absolueret
730 706 749 736 et
760 711 799 735 sus-

98 764 172 798 pensos.
195 755 249 797 Quod
257 756 406 801 archiepiscopus
414 757 437 791 ad
443 756 539 790 consilium
547 756 622 796 distulit,
628 757 686 790 donec
693 755 712 788 in
720 754 799 788 crastino

98 807 216 841 cantuariam
223 807 300 842 veniret.
345 802 369 842 In
378 808 457 842 crastino
465 808 530 852 prefati
540 807 607 842 milites
617 817 659 842 curn
667 806 737 842 clericis
745 805 800 841 trium

98 859 229 904 episcoporum
248 860 271 894 ad
290 859 448 905 archiepiscopum
463 860 565 904 uenientes,
579 859 653 895 nomine
672 860 800 904 episcoporum

99 912 233 947 absolutionem
241 914 361 958 postularunt.
384 914 489 959 Respondit
496 914 525 950 uir
534 913 574 949 dei:
586 914 684 959 episcopos
695 912 801 948 auctoritate

71 980 78 1003 r
81 981 90 1012 5
99 977 148 1011 pape
154 967 327 1010 excommunicatos,
332 978 366 1002 nec
374 967 433 1012 ipsius
440 978 482 1003 esse
490 967 621 1002 atantoiudice
627 966 692 1011 ligatos
698 967 801 1001 absoluere.

100 1020 147 1054 Cum
152 1030 197 1055 uero
202 1020 332 1063 urgentissime
339 1020 434 1063 instarent,
440 1020 485 1054 dixit
493 1020 641 1065 archiepiscopus
647 1020 696 1064 quod
703 1021 726 1054 de
732 1019 801 1054 domini

99 1083 148 1116 pape
156 1072 254 1107 clementia
262 1073 348 1114 confisus,
356 1083 391 1116 pro
397 1073 447 1106 bono
454 1073 504 1115 pacis
512 1073 531 1106 in
539 1073 573 1106 hoc
581 1072 656 1106 articulo
661 1077 758 1115 usurparet
766 1082 802 1115 que

100 1122 169 1158 domini
180 1134 227 1168 pape
235 1129 294 1168 erant,
305 1124 382 1169 prestita
392 1130 454 1159 tamen
464 1124 546 1158 cautione
554 1130 574 1159 ut
585 1124 663 1159 ecclesie
674 1124 738 1159 iuditio
748 1135 802 1170 pare-

100 1183 152 1212 rent:
165 1176 245 1221 alioquin
254 1188 275 1212 se
283 1179 318 1212 hoc
328 1178 417 1212 facturum
428 1179 538 1221 nullatenus,
546 1177 629 1221 precise³
637 1177 741 1223 respondit,
760 1177 802 1212 Hoc

73 1246 92 1268 20
100 1230 126 1265 illi
131 1230 233 1273 audientes
238 1230 355 1274 indignanter
360 1235 482 1273 recesserunt,
488 1236 506 1265 et
512 1231 569 1265 multa
574 1230 594 1264 in
599 1231 685 1275 superbia
690 1236 708 1265 et
715 1230 802 1264 abusione

100 1282 171 1327 loquuti
179 1289 227 1318 sunt.
270 1277 430 1328 Archiepiscopus
439 1289 499 1318 autem
508 1282 624 1318 eboracensis
634 1284 774 1318 londoniensem
785 1288 803 1318 et

101 1335 259 1371 saresburiensem
269 1337 295 1371 sic
303 1337 402 1370 commouit
409 1342 428 1370 vt
438 1347 490 1369 mare
497 1337 636 1370 transfretantes
646 1346 709 1379 regem
719 1338 802 1370 adirent:

102 1393 120 1423 et
132 1388 208 1432 querulo
220 1398 307 1422 sermone
318 1399 362 1422 mox
373 1393 481 1422 enarrarunt
492 1398 547 1433 quam
558 1388 693 1432 precipitanter,
703 1394 774 1423 temere
785 1393 804 1423 et

101 1442 182 1485 superbe
194 1441 343 1485 archiepiscopus
354 1441 373 1475 in
385 1442 474 1475 aduentus
485 1441 513 1475 sui
523 1441 574 1476 initio
584 1451 661 1486 regnum
669 1441 804 1486 perturbauerit

75 1509 82 1531 r
85 1509 93 1539 5
102 1498 121 1529 et
129 1494 257 1537 sacerdotium,
265 1505 310 1538 pace
318 1494 369 1538 regia
379 1494 413 1528 sibi
421 1504 509 1528 concessa
518 1495 601 1529 abutens.
624 1495 707 1539 Cumque
715 1494 734 1528 in
742 1494 804 1529 multis

102 1548 162 1583 uirum
174 1546 203 1581 dei
215 1552 337 1590 accusassent,
349 1546 373 1581 ait
384 1558 429 1582 rex:
443 1547 474 1582 ‘Si
485 1557 551 1582 omnes
564 1547 747 1583 excommunicationi
761 1548 804 1582 sub·

103 1601 162 1634 iacent
176 1600 288 1634 coronationi
301 1600 333 1634 filii
346 1600 383 1634 mei
394 1599 535 1642 consentientes,
547 1611 587 1644 ego,
598 1611 632 1644 per
645 1601 707 1635 oculos
720 1601 755 1645 dei,
767 1611 804 1634 non

104 1652 201 1687 excludor?
225 1652 307 1693 Qualiter
315 1652 364 1686 enim
372 1658 390 1685 et
398 1658 486 1695 quantum
494 1664 528 1686 rex
536 1657 643 1696 commotus,
651 1653 707 1686 immo
718 1653 737 1686 in
747 1663 805 1696 quan·

103 1710 143 1739 turn
158 1705 239 1739 furorem
253 1715 288 1749 per
302 1705 344 1738 illos
358 1710 376 1738 et
391 1705 490 1749 complices
509 1715 552 1739 suos
571 1715 672 1740 conuersus
686 1705 745 1748 fuerit,
760 1706 805 1740 ordo

76 1772 96 1803 ³0
104 1758 199 1804 sequentis
212 1758 289 1794 historie
301 1759 404 1794 declarabit.
448 1752 533 1794 Veniens
545 1758 606 1802 itaque
617 1758 734 1793 Cantuariam
747 1758 806 1794 archi-

104 1813 208 1856 episcopus,
216 1815 234 1846 et
242 1811 342 1847 honorifice
353 1812 376 1847 ab
384 1812 469 1847 omnibus
478 1816 581 1856 susceptus,
589 1812 699 1856 preparabat
707 1823 728 1846 se
736 1810 806 1856 alump-

104 1876 148 1900 num
156 1876 211 1900 suum
219 1876 297 1909 puerum
305 1866 368 1900 videre
376 1876 444 1908 regem,
453 1871 471 1899 et
478 1870 543 1909 postea
550 1865 660 1908 prouinciam
668 1871 767 1908 aquatam
775 1866 806 1900 din

104 1918 172 1952 absens
184 1917 243 1951 fuerat
253 1918 334 1953 circuire.
357 1918 381 1952 Et
392 1929 435 1952 ecce
446 1928 488 1952 curn
499 1917 518 1951 in
530 1916 596 1951 itinere
606 1922 661 1959 esset,
670 1917 718 1961 regis
730 1917 806 1952 iunioris

104 1969 171 2012 nuncii,
184 1979 208 2004 cx
222 1969 297 2004 nomine
312 1969 361 2014 regis
376 1981 400 2005 ne
413 1970 522 2014 procederet
537 1968 647 2013 inhibentes,
660 1968 695 2004 ad*
710 1970 807 2004 ecclesiam

77 2034 95 2066 35
104 2034 156 2058 suam
165 2033 207 2059 eum
215 2022 275 2058 redire
283 2023 414 2067 precipiebam.
436 2023 507 2066 Quibus
512 2023 541 2058 vir
549 2028 623 2057 sanctus
631 2033 675 2057 mox
682 2023 778 2066 respondit
786 2034 807 2057 se

105 2077 209 2110 nullatenus
224 2081 299 2120 propter
314 2076 440 2110 inhibitionem
454 2077 501 2111 hanc
516 2085 650 2119 regressurum,
661 2074 697 2109 nisi
710 2075 752 2119 quia
764 2080 807 2110 tunc

105 2128 187 2163 solennis
197 2129 263 2162 natalis
273 2129 342 2163 domini
349 2130 426 2173 urgebat
434 2129 479 2171 dics,
487 2140 523 2173 quo
532 2128 609 2163 ecclesie
619 2138 653 2162 sue
663 2129 729 2162 abesse
739 2129 808 2164 noluit:

105 2186 124 2215 et
131 2182 156 2215 ita
163 2191 249 2215 reuersus
257 2186 290 2215 est.
335 2175 374 2216 Die
382 2191 426 2215 uero
434 2181 499 2215 natalis
507 2180 581 2221 domini,
589 2179 620 2223 qui
628 2180 651 2214 ab
658 2180 739 2214 aduentu
747 2190 780 2214 suo
788 2180 808 2214 in

105 2233 192 2277 Angliam
199 2233 297 2267 vicesimus
308 2234 397 2277 septimus
407 2238 451 2276 erat,
459 2232 607 2277 archiepiscopus
618 2242 722 2267 sermonem
732 2233 774 2268 lecit
784 2235 807 2268 ad

78 2304 98 2334 40
106 2288 195 2332 populum
207 2291 225 2320 et
237 2287 285 2331 quod
297 2286 373 2322 instaret
384 2293 458 2332 tempus
469 2285 594 2321 dissolutionis
606 2296 639 2320 sue
650 2292 669 2321 et
680 2286 699 2321 in
710 2287 762 2322 breui
774 2287 808 2322 mi-

106 2345 169 2385 graret
179 2340 201 2374 ab
209 2339 237 2373 eis
247 2339 331 2384 predixit,
339 2345 357 2374 et
367 2339 475 2374 nominatim
483 2339 587 2375 ceruicosos
594 2344 643 2374 terre
650 2344 669 2373 et
678 2339 777 2384 plerosque
784 2340 808 2374 de

106 2393 175 2436 aulicis,
186 2403 258 2427 necnon
270 2392 389 2437 Ranulphum
400 2393 423 2426 de
435 2392 486 2426 Brok
496 2397 515 2427 et
526 2393 628 2426 Robertum
639 2392 663 2427 de
675 2392 730 2434 Brok,
738 2393 770 2437 qui
781 2393 808 2427 iu·

106 2451 190 2481 mentum
205 2445 338 2490 archiepiscopi
353 2445 486 2488 mutilauerant,
500 2449 589 2489 perpetuo
604 2444 716 2479 anathemati
730 2444 809 2480 tradidit.

166 2561 262 2592 ¹om.inE.
303 2559 448 2592 ²al.offensurum.
489 2558 606 2599 ⁵T.prescisc.
646 2558 744 2591 ⁴T.setad.
