1762 2803
263 116 309 173 Dc
324 115 425 169 aanor
440 116 570 171 militib&
722 132 769 178 439

67 245 151 288 parceret
163 238 246 274 hostilis:
257 238 317 273 incole
329 249 374 273 uero
385 238 448 273 diuine
461 238 549 274 auxilium
560 238 645 283 pietatis¹
656 240 770 282 inuocantes,

67 294 132 331 celitus
147 303 168 328 se
183 290 271 328 vindicari
286 291 377 326 continuis
392 292 423 326 diu
438 291 594 336 inprecationibus
609 292 735 336 postulabant3
750 299 769 329 et

67 347 151 393 quamuis
169 345 265 379 maledici¹
280 354 358 388 regnum
370 344 401 378 dei
415 344 512 388 possidere
527 355 565 379 non
581 351 665 389 possunt,
679 345 770 381 creditum

68 407 96 436 est
111 405 173 433 tamen
188 398 237 441 quod
252 396 278 431 hii
294 396 352 441 [qui]³
366 397 431 431 merito
446 396 546 441 impietatis
559 408 594 432 sue
608 397 770 438 maledicebantur,

67 452 122 493 ocius,
135 448 209 485 domino
221 447 299 490 vindice,
311 459 370 494 penas
385 448 414 483 sui
424 454 487 484 reatus
498 448 575 484 luerent.
598 448 621 484 Et
635 449 722 494 quoniam
736 459 787 491 rex5

68 504 124 541 noluit
135 502 199 538 audire
210 501 386 538 reuerendissimum
398 509 470 548 patrem
485 503 585 547 Egbertum
597 514 621 538 ne
632 503 712 540 Scotiam
724 504 770 539 nihil

68 570 88 594 se
100 558 193 592 ledentem
205 556 326 601 impugnaret,
339 556 401 591 datum
414 560 442 592 est
457 555 483 591 illi
498 567 522 591 ex
534 567 583 602 pena
594 558 663 602 peccati
679 556 732 600 illius,
745 567 770 592 ne

68 613 122 647 etiam
133 621 182 645 anno
192 615 282 654 sequente
292 610 361 644 amicos
372 620 421 651 suos,
430 614 449 644 et
460 609 548 655 precipue
558 610 631 645 beatum
644 610 771 653 Cuthbertum,

68 666 98 709 qui
109 665 171 707 ipsum
182 664 205 695 ab
217 662 291 695 interitu
301 672 389 696 reuocare
398 662 501 706 cupiebant,
509 663 585 697 audiret.
606 662 635 696 Ex
643 673 679 707 quo
686 668 771 707 tempore

68 726 112 762 spes
125 714 173 760 cepit
186 720 205 750 et
217 713 275 749 virtus
291 713 343 759 regni
356 714 459 758 Anglorum
474 714 538 757 fluere,
553 725 596 749 nam
613 714 658 750 Picti
673 719 692 749 et
707 714 770 750 Scoti⁴
780 725 799 748 ιο

68 775 135 805 terram
154 767 279 812 possessionis
297 778 336 809 sue,
353 778 409 812 quam
426 772 525 803 tenuerunt
539 767 613 812 Anglil,
628 773 646 802 et
662 766 771 811 libertatem,

68 826 182 867 receperunt,
194 823 260 865 ‘quam
272 826 290 855 et
300 826 399 855 tenuerunt
409 831 445 865 per
455 831 514 856 annos
525 821 646 866 quadraginta
657 822 702 864 sex,'
716 826 736 857 vt
746 821 771 857 ait

69 874 131 910 Beda⁰
146 873 192 908 libro
205 880 270 918 quarto
284 873 362 918 capitulo
375 873 463 908 vicesimo
477 880 547 919 quarto.
569 874 621 909 Tunc
636 875 686 909 enim
698 875 771 919 expulsi

68 933 111 963 sunt
122 933 140 962 et
151 927 206 961 occisi
217 926 274 970 Angli
287 927 310 961 de
322 927 416 970 prouincia
427 926 463 968 illa,
474 932 493 961 et
504 937 548 970 pars
559 928 611 970 regni
623 926 749 961 Berniciorum
760 938 772 961 a

68 978 114 1015 mari
126 979 223 1014 Scotorum
236 989 294 1024 usque
309 978 403 1022 Twedam,
416 990 475 1024 usque
487 984 530 1014 tunc
545 979 621 1024 regibus
633 979 798 1024 Northanhum-15

68 1035 142 1069 brorum
155 1032 241 1074 subiecta,
253 1031 328 1067 omnino
341 1032 400 1067 ablata
411 1038 445 1074 est,
456 1042 491 1068 nec
501 1042 561 1078 usque
573 1033 596 1068 ad
608 1038 690 1069 nostram
702 1038 770 1069 etatem

68 1087 87 1121 in
95 1091 163 1121 statum
174 1086 273 1130 pristinum
285 1091 303 1119 et
314 1085 452 1127 subiectionem,
460 1086 530 1120 occulto
541 1086 571 1120 dei
579 1088 689 1121 aduersante
698 1086 770 1129 iudicio,

68 1139 126 1182 redigi
134 1139 198 1183 potuit.
221 1138 332 1181 tEgsridust
340 1138 407 1182 itaque,
415 1137 446 1182 qui
454 1143 538 1173 sanctum
543 1138 650 1173 Wilfridum
658 1139 709 1173 nullo
717 1145 770 1184 pacto

69 1193 88 1226 in
95 1192 192 1226 amicitiam
200 1201 253 1225 suam
261 1190 346 1235 dignatus
354 1196 382 1225 est
390 1191 492 1232 admittere,
499 1191 565 1225 merito
572 1191 640 1233 debuit,
648 1203 670 1226 eo
678 1192 771 1237 despecto,

69 1244 91 1276 ab
104 1242 175 1277 eisdem
188 1242 272 1277 hostibus
285 1241 331 1276 mori
343 1252 390 1286 quos
401 1242 453 1286 prius
466 1242 506 1276 eius
517 1252 572 1286 prece
583 1243 650 1277 meruit
661 1252 695 1277 sue
706 1241 770 1278 ditioni
779 1255 799 1279 ro

69 1295 145 1331 feliciter
156 1295 252 1331 subiicere.
277 1294 347 1330 Eadem
359 1294 409 1330 enim
421 1295 467 1330 hora
478 1306 515 1340 qua
527 1306 561 1330 rex
572 1295 623 1340 graui
636 1295 685 1331 bello
697 1306 772 1341 preme-

69 1349 136 1392 baturl,
152 1353 227 1383 sanctus
241 1347 339 1383 Willridus
357 1348 414 1383 sacris
432 1347 530 1384 missarum
545 1349 640 1384 solemniis
659 1349 771 1392 intendebat,

69 1413 147 1446 cumque
163 1402 211 1436 dicto
223 1401 312 1436 ‘Sursum
323 1402 387 1435 corda’
399 1402 545 1446 responderetur
560 1402 668 1437 ‘Habemus
679 1403 702 1436 ad
713 1403 772 1437 domi-

69 1456 124 1497 num,'
132 1459 195 1499 raptus
206 1453 225 1489 in
237 1454 305 1489 mentis
313 1464 410 1489 excessum
417 1453 462 1489 vidit
472 1453 567 1499 Egiridum
578 1455 638 1500 capite
645 1465 708 1491 cesum
716 1455 772 1491 morti

69 1509 197 1543 succumbere:
211 1512 229 1542 et
237 1517 278 1542 cum
286 1507 305 1542 in
313 1507 467 1553 prefacione‘per
472 1507 566 1543 Christum
574 1507 668 1544 dominum
676 1509 772 1544 nostrum’
780 1522 799 1553 ²⁵

69 1561 164 1603 diceretur,
177 1561 250 1607 aspexit
263 1565 281 1595 et
293 1572 337 1596 ecce
350 1561 386 1595 duo
399 1560 475 1605 maligni
486 1560 562 1606 spiritus
573 1562 653 1597 animam
667 1562 716 1608 regis
729 1568 772 1598 ante

69 1613 127 1658 ipsius
147 1615 211 1649 oculos
230 1614 359 1649 miserabiliter
381 1615 479 1649 attulerunt
503 1614 566 1658 sicque
588 1616 680 1650 horrendo
702 1616 772 1660 gemitu

69 1666 192 1709 suspirantem
205 1675 269 1701 secum
282 1667 305 1700 ad
318 1665 385 1700 inferni
394 1666 473 1700 claustra
483 1666 594 1701 detulerunt.
616 1666 666 1701 Illico
678 1666 747 1701 Accam
753 1666 773 1709 ¹⁰,

69 1719 191 1761 presbiterum
210 1728 270 1761 suum,
288 1718 360 1753 uocauit
379 1724 398 1753 et
416 1719 434 1754 ei
452 1723 518 1754 cuncta
533 1730 570 1765 que
586 1720 657 1754 viderat
675 1719 772 1754 enarrauit.

71 1764 172 1817 Diuulgata
183 1772 244 1816 itaque
255 1772 305 1816 regis
316 1777 380 1815 morte,
387 1772 497 1808 Theodorus
508 1772 657 1817 archiepiscopus
664 1772 771 1808 Wiliridum
780 1786 800 1815 3⁰

69 1825 92 1859 ad
103 1835 124 1860 se
135 1825 199 1860 venire
210 1825 258 1869 fecit,
269 1825 298 1859 cui
310 1830 328 1860 et
339 1825 396 1859 dixit:
410 1825 460 1869 ‘Fili,
471 1825 528 1861 immo
538 1825 626 1861 virtutum
638 1826 709 1862 meritis
719 1832 772 1872 pater

70 1879 190 1920 sanctissime,
203 1890 237 1922 ego
250 1878 281 1922 qui
294 1880 317 1912 ad
331 1878 365 1912 hoc
379 1889 413 1923 pre
424 1879 491 1913 ceteris
504 1879 613 1914 constitutus
625 1890 676 1913 eram
688 1885 707 1913 vt
720 1881 771 1914 omni

69 1930 159 1966 iniusticie
173 1943 210 1976 que
224 1931 243 1965 in
259 1932 293 1965 hoc
308 1942 366 1975 regno
381 1942 476 1976 emergere
494 1936 558 1976 posset
572 1930 677 1974 obuiarem3
695 1932 771 1977 propria

69 1983 165 2028 fragilitate
177 1986 267 2029 subactus,
280 1984 364 2029 plurimis
376 1984 408 2018 tibi
420 1985 559 2019 aduersantibus
570 1984 629 2020 fateor
639 1984 716 2020 multum
728 1995 772 2031 pcc·

70 2040 127 2072 cando
135 2039 226 2074 consensi.
241 2039 279 2074 Sed
286 2038 331 2073 mihi
339 2039 411 2082 culpam
418 2039 482 2073 fatenti
490 2043 508 2073 et
516 2038 579 2073 intimo
587 2039 643 2073 corde
650 2039 771 2084 penitentiam
780 2049 799 2082 ³5

70 2091 130 2134 agenti
142 2091 189 2137 pius,
197 2102 260 2137 queso,
268 2092 322 2126 venie
333 2091 409 2136 largitor
419 2091 491 2126 assiste.
514 2091 583 2126 Vltima
593 2102 661 2136 nempe
670 2102 717 2134 mee,
725 2092 772 2127 sicut

70 2144 136 2185 cernis,
144 2156 193 2178 nunc
201 2145 270 2178 instant
277 2150 361 2188 tempora
369 2143 406 2178 vite
413 2156 418 2178 z
430 2154 451 2177 ac
458 2154 494 2188 per
503 2143 538 2178 hoc
547 2146 596 2188 quod
604 2145 698 2189 deprecor,
706 2155 772 2187 annue,

70 2200 89 2229 et
96 2196 203 2241 suppliciter
210 2208 221 2232 a
228 2208 259 2233 me
266 2196 369 2241 postulatus
377 2196 470 2232 intercede
477 2206 512 2242 pro
519 2199 560 2232 me?
582 2197 616 2232 Cui
626 2198 657 2232 ille
665 2198 772 2243 respondit:

70 2249 104 2284 ‘Et
111 2251 185 2294 quidem
193 2251 256 2285 multis
263 2262 294 2286 me
298 2250 445 2285 tribulationibus
452 2255 471 2285 te
478 2251 604 2286 consentiente
609 2251 701 2294 afflIctum,
709 2256 773 2297 pastor

70 2305 181 2347 venerande,
191 2316 230 2339 non
240 2304 315 2340 nescio:
326 2304 374 2339 absit
384 2310 453 2348 tamen,
460 2303 508 2339 absit
518 2309 538 2340 vt
549 2305 583 2340 hoc
594 2310 613 2340 te
624 2305 696 2340 malicia
706 2305 773 2341 iecisse
780 2320 801 2352 40

71 2356 190 2400 crediderim
209 2368 279 2400 verum,
293 2364 313 2392 vt
328 2358 399 2399 estimo,
416 2368 439 2392 ea
456 2358 517 2401 potius
534 2358 636 2392 intentione
654 2358 712 2393 iecisti
730 2359 773 2402 quia

70 2407 145 2444 volebas
157 2420 187 2445 me
200 2421 234 2456 per
246 2410 297 2456 ipsas
309 2410 435 2446 tribulationes
449 2411 469 2445 in
483 2409 571 2456 patientia
586 2411 674 2454 exerceri,
687 2410 773 2456 quatinus

90 2501 96 2520 ¹
107 2502 125 2534 Ε.
132 2504 196 2542 pietatis
203 2504 283 2535 auxilium.
337 2504 343 2523 ²
353 2505 372 2536 E.
379 2505 458 2536 maledicti
508 2504 514 2523 ³
524 2514 555 2537 om.
563 2506 579 2535 in
587 2506 605 2537 E.
655 2505 661 2525 ¹
672 2506 711 2536 Bed.
718 2516 749 2537 om.
756 2510 773 2536 et

71 2540 120 2572 Secti.
175 2544 364 2576 ³liedaddsetScotti.
423 2545 457 2576 ⁸13.
465 2545 511 2576 bedo.
565 2545 681 2578 ¹ciEadmer.
738 2545 773 2578 ⁸T.

72 2579 154 2619 Egbertus.
194 2585 201 2604 ⁹
211 2584 230 2615 E.
237 2585 338 2624 primebatur.
379 2584 391 2604 ¹⁰
401 2585 419 2615 E.
426 2589 481 2616 actam.
