1762 2803
117 205 119 211 ¹
132 207 174 252 522
321 194 401 247 lllflbfl
417 191 533 255 liffeim&
548 192 640 256 anglie.

131 315 174 359 quia
184 314 248 359 paraui
257 314 274 349 ei
286 315 382 350 mulierem
393 325 428 359 per
437 315 488 349 cuius
498 316 653 359 pulchritudinem
664 315 764 352 subicietur
775 320 832 357 nobis.

132 369 170 403 Sed
182 368 216 402 hoc
228 368 288 402 facere
300 380 337 402 non
349 373 414 413 potero
425 368 461 402 nisi
472 368 520 403 insra
534 369 638 414 quindecim
652 371 721 404 annos)
745 371 775 405 ‘Si
787 372 832 409 intra

131 422 181 455 hunc
192 420 296 461 terminum,
304 421 328 455 ait
339 421 431 465 magister,
440 421 491 454 illum
503 422 603 466 deciperes,
612 422 697 465 magnam
706 432 745 457 rem
753 423 833 461 faceres!

132 473 212 518 Contigit
220 478 280 508 autem
288 483 310 508 eo
316 479 398 518 tempore
406 478 425 509 vt
433 474 519 508 sacerdos
527 485 581 510 mane
590 473 697 509 cimiterium
705 473 755 510 iuxta
763 486 832 514 morem

115 527 246 570 scircumiens,
254 526 361 562 infantulam
372 528 423 561 iuxta
433 538 507 561 crucem
519 528 597 572 positam
607 527 703 562 inueniret.
724 528 784 570 Quam
796 531 833 574 pie-

132 586 169 615 tate
181 585 241 614 motus
254 580 352 624 accipiens,
365 581 431 615 nutrici
444 591 485 615 earn
499 581 638 623 commendauit,
651 586 669 615 et
682 581 732 615 illam
746 583 764 616 in
778 584 833 620 filiam

132 634 226 677 adoptans,
234 632 304 668 litteras
316 633 387 668 discere
398 633 445 668 fecit.
468 633 551 678 Cumque
561 644 620 668 annos
630 634 731 678 pubertatis
738 635 833 679 attigisset,

132 685 172 720 eius
187 685 322 728 pulchritudine
337 686 413 720 allectus
428 686 447 720 in
463 686 609 732 concupiscentia
625 685 664 720 eius
679 687 765 730 temptari
780 689 833 732 cepit.

133 738 191 771 Nocte
199 738 284 781 sequenti
291 743 389 782 postquam
397 738 458 782 puella
464 738 554 772 actionem
561 738 663 781 presbitero
671 740 798 782 concessisset,
803 741 834 775 de·

106 804 125 825 ro
133 802 198 826 mones
210 791 229 825 in
240 791 293 825 horto
307 792 395 826 heremite
407 791 536 826 conuenientes
550 802 637 835 magnum
649 792 672 825 de
686 802 777 827 consensu
789 793 834 829 sacto

133 845 221 889 gaudium
236 852 364 888 conceperunt.
393 846 458 887 ‘Ecce,
472 845 530 888 inquit
543 846 616 887 demon,
627 845 719 889 presbiter
732 857 787 890 quem
802 859 835 891 per

133 899 230 932 mulierem
238 909 268 931 me
276 899 396 942 decepturum
404 898 497 939 dixeram
509 897 545 931 iarn
553 898 588 931 feci
596 899 644 940 quod
655 897 743 941 avirgine
751 910 806 942 quam
816 900 834 934 in

134 950 190 986 tiliam
201 951 320 995 adoptauerat
331 955 350 985 et
361 950 518 985 sanctimonialem
529 950 590 984 facere
600 950 713 992 decreuerat,
724 960 835 987 consensum

134 1003 193 1049 stupri
209 1008 274 1047 petens
289 1003 399 1048 impetrauit,
414 1008 432 1038 et
443 1014 484 1038 cras
497 1003 543 1038 hora
554 1003 656 1038 meridiana
668 1014 714 1048 opus
727 1004 835 1049 nepharium

108 1059 158 1104 15ad
173 1057 258 1092 effectum
271 1059 380 1100 perducam?
403 1057 475 1092 Gratias
490 1068 535 1101 ergo
548 1058 565 1092 ei
577 1057 664 1101 magister
678 1057 714 1101 egit
729 1063 747 1092 et
760 1058 836 1093 viriliter

134 1110 196 1154 ipsum
204 1109 270 1144 secisse
278 1109 354 1144 dicebat.
377 1110 412 1144 Die
422 1110 483 1155 itaque
495 1111 574 1145 crastina
583 1110 674 1155 presbiter
681 1110 761 1155 puellam
768 1122 835 1146 vocans

135 1162 235 1209 intrqduxit
246 1162 295 1195 illam
306 1163 325 1195 in
337 1163 439 1196 cubiculum
451 1174 510 1203 suum,
521 1169 539 1197 et
550 1174 591 1196 earn
602 1163 621 1195 in
633 1163 680 1196 lecto
692 1163 790 1196 collocauit.
814 1164 836 1197 Et

135 1220 186 1249 stans
198 1220 240 1248 ante
251 1215 318 1249 lectum
330 1216 348 1249 in
361 1215 481 1259 temptatione
492 1217 570 1259 positus,
581 1215 624 1259 quid
636 1215 717 1249 facturus
728 1221 778 1250 esset
789 1216 836 1260 cogi-

135 1269 185 1304 tauit.
208 1268 231 1302 Et
239 1269 313 1303 tandem
320 1269 339 1303 in
346 1279 366 1304 se
374 1279 466 1311 reuersus,
475 1279 570 1316 quousque
578 1269 647 1303 rediret
654 1269 733 1313 puellam
740 1274 836 1313 expectare

109 1336 128 1358 ao
135 1321 193 1355 iussit.
216 1321 239 1355 Et
250 1322 273 1355 ad
285 1321 352 1356 ostium
361 1321 438 1356 cubiculi
449 1321 550 1364 diuertens,
558 1322 635 1356 cultrum
647 1320 723 1365 arripuit
734 1326 752 1356 et
763 1321 837 1365 propria

136 1375 219 1410 membra
229 1374 288 1410 virilia
299 1375 396 1410 abscidens
408 1375 457 1410 foras
467 1375 550 1419 proiecit.
565 1374 629 1417 ‘Quia
641 1374 704 1418 inquit,
716 1375 798 1418 putastis,
806 1375 837 1410 de·

136 1438 206 1469 mones,
215 1428 263 1471 quod
274 1438 311 1462 non
321 1428 444 1462 intellexerim
452 1429 581 1471 temptationes
589 1431 673 1462 vestras?
696 1427 724 1460 Dc
736 1428 837 1471 perditione

136 1491 178 1514 mea
185 1480 215 1514 vel
223 1480 260 1514 filie
272 1491 313 1515 mee
324 1491 361 1515 non
371 1481 479 1524 gaudebitis,
487 1480 529 1524 quia
540 1491 575 1514 nec
586 1491 616 1514 me
626 1491 660 1514 nec
672 1480 731 1523 ipsam
739 1480 838 1514 habebitis!

137 1533 226 1577 Sequenti
237 1533 286 1567 enim
298 1540 351 1569 nocte
362 1545 404 1568 cum
416 1534 499 1568 diabolus
510 1533 632 1577 interrogaret
644 1533 753 1577 discipulum
761 1533 804 1577 quid
816 1533 838 1567 de

111 1603 129 1633 25
138 1586 240 1631 presbitero
253 1591 313 1620 actum
326 1587 396 1630 fuisset,
409 1592 427 1620 et
438 1587 469 1620 ille
480 1597 521 1620 rem
532 1592 603 1631 gestam
615 1591 726 1625 enarrasset,
737 1586 790 1620 iussit
802 1596 838 1619 ma-

138 1640 195 1683 gister
201 1644 221 1672 vt
228 1640 296 1672 demon
305 1640 336 1673 ille
347 1640 427 1683 grauiter
438 1640 570 1682 flagellaretur3
582 1645 600 1673 et
612 1639 638 1672 sic
650 1643 751 1673 conuentus
763 1638 841 1673 soluitur⁴

139 1691 235 1736 spirituum
247 1692 388 1726 immundorum.
411 1692 502 1725 Sacerdos
514 1697 575 1725 autem
586 1691 668 1735 puellam
679 1701 734 1735 quam
745 1691 838 1732 nutrierat,

139 1746 174 1780 deo
181 1745 290 1779 seruituram
298 1745 465 1780 sanctimonialibus
473 1745 607 1780 commendauit
612 1745 623 1780 ¹.

226 1850 241 1886 li
254 1843 287 1884 DE
298 1861 369 1884 SANCTO
380 1844 482 1885 WLSTANO
493 1860 580 1884 EPlscoro
592 1860 615 1883 ET
626 1850 758 1884 CONFESSOREss.

139 1916 251 1995 AMabilis
262 1918 297 1951 deo
306 1918 403 1952 Wlstauus
414 1922 433 1953 in
445 1917 539 1961 prouincia
549 1918 676 1952 warewicensi
687 1917 780 1960 oriundus,
792 1922 810 1952 et
821 1917 839 1950 in

111 1982 131 2012 ‚30
199 1972 310 2006 monasterio
318 1973 341 2006 de
350 1968 414 2015 ‘Burgo
424 1971 489 2005 litteris
500 1976 518 2005 et
528 1972 592 2005 officiis
600 1971 728 2005 ecclesiasticis
736 1971 839 2007 instructus,

139 2024 226 2059 amissam
234 2035 307 2059 morose
315 2025 403 2068 cantabat,
414 2024 495 2069 aliasque
507 2024 599 2059 orationes
607 2023 700 2066 adiiciens,
708 2023 752 2059 solis
760 2024 840 2058 fidelium

140 2077 260 2114 oblationibus
265 2084 361 2113 contentus
366 2084 411 2113 erat.
425 2078 460 2113 Hic
465 2078 516 2121 virgo
522 2078 609 2120 existens,
614 2077 702 2122 superflui
708 2083 762 2121 potus
767 2085 841 2121 semper

141 2142 214 2176 expers,
231 2131 270 2165 esui
286 2132 368 2166 earnium
384 2132 471 2172 indulsit;
488 2131 554 2174 quibus
569 2138 632 2166 tamen
647 2132 758 2175 spernendis
771 2128 840 2165 occasio

140 2185 181 2218 talis
194 2184 238 2218 fuit:
253 2184 288 2217 Die
300 2186 378 2228 quadam
390 2185 466 2218 eumad
481 2185 568 2227 placitum
579 2185 671 2227 quoddam
686 2184 773 2224 exiturus,
785 2183 841 2217 missa

113 2246 132 2277 35
141 2237 232 2271 celebrata
247 2236 307 2271 cibum
322 2248 396 2272 sumere
411 2236 478 2279 statuit,
494 2238 577 2282 apposita
592 2236 630 2280 igni
645 2247 694 2279 auca,
709 2236 763 2271 nidor
778 2236 841 2270 aduste

141 2290 201 2326 carnis
214 2300 268 2324 nares
282 2291 390 2325 celebrantis
406 2290 493 2335 oppleuit,
508 2292 554 2325 odor
568 2295 649 2324 mentem
664 2290 758 2325 aduocauit
764 2290 776 2326 ⁴.
804 2287 841 2323 Sed

161 2380 167 2398 1
178 2379 201 2409 Os
206 2379 233 2409 the
240 2379 277 2409 Aut.
285 2379 301 2409 iu
307 2380 331 2417 T.,
339 2380 378 2417 only
385 2390 394 2410 a
401 2380 433 2410 lew
439 2380 493 2410 tuords
500 2389 527 2410 are
535 2379 616 2411 readable:

163 2443 166 2450 .
184 2441 188 2448 .
205 2441 209 2449 .
229 2441 233 2448 .
250 2419 293 2454 regis
310 2442 314 2449 .
332 2442 352 2449 ..
370 2441 373 2448 .
391 2420 460 2449 concinis
467 2420 509 2448 celes
527 2443 531 2450 .
548 2443 552 2450 .
571 2441 575 2449 .
593 2420 640 2449 deuot
657 2441 661 2449 .
678 2441 682 2449 .
700 2441 704 2449 .
721 2419 771 2455 ipsum
779 2427 808 2456 pos
820 2437 842 2446 ..

141 2459 215 2489 wlsinum
236 2480 240 2488 .
262 2480 265 2487 .
286 2481 290 2488 .
311 2458 386 2487 sublimas
407 2481 410 2489 .
432 2480 436 2488 .
457 2480 461 2487 .
478 2467 531 2487 naass
549 2480 553 2488 .
574 2480 578 2487 .
595 2458 655 2487 interce
675 2480 679 2488 .
700 2479 704 2488 .
727 2479 731 2486 .
752 2480 756 2487 .
777 2463 841 2486 reamur.

161 2497 168 2516 ²
179 2498 207 2527 Ed.
215 2496 231 2525 in
238 2496 257 2526 A.
266 2496 294 2526 SS.
303 2497 342 2528 Boll.
351 2498 387 2534 Jan.
395 2497 415 2527 Il.
423 2507 438 2535 p.
446 2498 476 2526 610
484 2497 522 2536 (aud
530 2497 601 2534 Suriusl;
611 2497 689 2535 compiled
697 2496 736 2526 from
744 2498 771 2527 the
779 2497 814 2526 Vita
822 2494 842 2530 by

141 2538 186 2568 Will.
195 2537 247 2567 malm.
254 2537 270 2565 in
279 2538 312 2567 MS.
319 2538 373 2566 Claud.
379 2537 424 2573 ΑΜ,
432 2538 457 2566 ed.
465 2538 518 2574 partly
524 2538 540 2566 in
545 2538 626 2566 Wharton
633 2538 648 2566 ii.
656 2547 727 2574 239—270
732 2538 763 2566 and
769 2535 842 2565 Mabiilon

142 2578 169 2608 Vl.
178 2577 193 2606 ii.
201 2578 235 2614 836,
244 2577 275 2606 and
286 2576 306 2607 its
317 2577 416 2614 abridgment
426 2577 442 2606 in
451 2576 484 2606 MS.
493 2576 537 2608 Harl.
548 2587 582 2615 322,
591 2577 622 2606 and
633 2577 673 2606 from
680 2576 723 2606 Will.
734 2576 786 2606 Itlalm.
796 2575 843 2618 Gesta

143 2618 189 2648 Pont.
199 2618 225 2653 lV,
234 2617 324 2647 Florentius
332 2617 409 2654 Wigorn„
420 2616 475 2646 Ailred
484 2616 521 2647 Vita
528 2617 544 2648 S.
554 2617 633 2652 Edwardi,
640 2617 671 2645 and
682 2616 710 2645 the
717 2616 757 2646 liber
767 2616 820 2645 Mirac.
827 2620 842 2641 11¹

143 2658 177 2689 MS.
186 2658 259 2688 Dunelm.
266 2657 285 2687 B.
293 2657 319 2690 IV.
360 2658 366 2674 ³
377 2657 401 2688 Cf.
409 2657 435 2688 W.
443 2657 464 2687 Μ.
473 2657 518 2687 Pont.
559 2657 564 2675 ¹
575 2657 616 2689 Bon.
623 2656 700 2687 auocauit.
