1762 2803
264 106 310 162 De
325 104 425 160 &aneto
441 107 568 168 aedom,
720 110 759 153 181

60 240 113 266 suurn
126 229 145 263 in
157 229 225 263 sanctis
237 227 323 273 operibus
334 228 466 273 perseuerauit,
478 235 496 264 et
507 228 524 263 ei
535 229 585 264 tilius
596 238 641 263 suus
653 228 708 263 Latro
720 239 762 263 sues

60 283 120 325 cessit,
128 283 159 326 qui
167 288 185 316 et
193 287 267 317 sanctus
275 281 332 324 suit¹.]

139 412 164 449 nl
177 405 210 446 DE
222 423 292 447 SANCTO
305 405 401 446 Mathone
414 423 501 447 Episcopo
513 423 535 446 ET
546 412 680 447 CONFESSORE3.

98 490 179 535 Empore
185 490 277 526 Valeriani
285 490 401 535 imperatoris
408 490 463 525 Mello
469 491 474 509 ⁴
481 490 561 535 quidam,
567 492 589 525 de
597 490 661 525 Maiori
668 490 762 525 Britannia

108 545 201 585 oriundus,
210 545 289 579 Romam
300 545 354 587 venit,
362 549 381 578 vt
391 545 449 589 patrie
460 555 493 579 sue
505 545 592 579 tributum
604 544 689 585 solueret,
700 550 717 579 et
728 544 762 579 im-

60 598 139 642 peratori
147 598 230 632 seruiret.
253 598 322 642 Ibique,
330 598 375 632 sicut
383 608 424 631 mos
431 603 475 639 erat,
483 609 525 631 cum
533 598 587 632 sociis
595 598 633 631 suis
641 598 664 631 ad
672 598 762 642 templum
772 607 780 635 5

61 651 125 683 Martis
141 651 206 683 ductus
221 656 254 692 est,
266 656 286 684 vt
301 651 416 684 sacrificaret.
439 649 462 683 Et
475 651 552 684 audiens
565 650 681 693 Stephanum
694 661 761 693 papam
775 679 779 685 .

60 702 123 748 paucis
138 702 243 738 christianis
257 703 372 747 euangelium
386 702 453 737 Christi
466 702 598 746 predicantem,
610 703 666 737 verba
681 703 721 738 eius
736 709 763 737 at-

60 756 122 796 tendit,
130 761 148 790 et
158 755 245 798 eredidit;
257 756 368 800 baptismum
377 756 430 790 abeo
440 756 492 800 petiit
502 761 519 790 ct
531 756 605 800 accepit.
629 755 652 789 Et
662 756 763 791 instructus

60 811 83 844 ab
94 821 121 852 eo,
128 809 212 854 quicquid
222 810 300 844 habebat
308 809 395 851 vendidit,
402 820 453 844 arma
463 809 523 852 etiam,
532 819 573 844 cum
581 809 647 853 quibus
657 809 762 852 militabant,

60 863 92 905 [et]
100 863 212 904 pauperibus
219 863 315 905 errogauit.
338 863 399 903 Quem
407 863 488 904 prefatus
495 872 544 905 papa
556 862 590 894 sibi
602 863 721 895 adherentem
729 873 763 905 per
774 874 792 894 ιο

61 925 125 948 omnes
138 914 216 948 ecclesie
229 915 297 958 gradus
310 925 368 958 vsque
384 915 406 948 ad
422 914 544 948 sacerdotium
559 913 655 958 promouit.
679 913 762 959 Cumque

60 967 132 1002 ieiuniis
144 973 162 1001 et
172 967 239 1011 vigiliis
250 969 331 1010 instaret,
341 968 420 1012 quadam
432 968 462 1001 die
473 967 549 1001 missam
561 978 583 1001 eo
595 967 704 1009 celebrante,
711 968 763 1002 vide-

60 1025 102 1056 runt
114 1020 155 1066 ipse
170 1026 188 1055 et
203 1031 251 1065 papa
264 1021 350 1066 angelum
362 1021 392 1055 dei
404 1026 484 1055 stantem
496 1021 518 1055 ad
532 1020 627 1056 dexteram
641 1020 714 1056 altaris:
731 1022 762 1066 qui

61 1080 133 1118 peracta
141 1074 197 1108 missa
205 1074 254 1108 dedit
263 1074 279 1108 ei
285 1075 355 1118 virgam
362 1075 472 1118 pastoralem
478 1085 533 1119 quam
540 1084 594 1109 manu
601 1074 680 1116 tenebat,
686 1074 750 1109 dicens
757 1088 762 1110 :

61 1127 139 1172 ‘Accipe
150 1129 221 1171 virgam
232 1129 266 1162 sub
278 1139 314 1171 qua
324 1139 378 1172 reges
391 1129 479 1172 populum
491 1128 639 1172 rothomagensis
652 1127 730 1162 ciuitatis
743 1129 761 1162 in
773 1139 778 1159 1
781 1140 790 1167 ,ς

62 1181 147 1214 Neustrie
154 1180 227 1214 finibus.
249 1181 290 1214 Tibi
298 1180 347 1214 enim
355 1180 391 1213 illic
399 1186 507 1224 preparatus
518 1185 545 1214 est
556 1190 566 1213 a
574 1173 609 1213 deo'
618 1180 680 1220 locus;
692 1186 710 1214 et
720 1180 762 1214 licet

61 1232 111 1266 labor
122 1231 213 1276 incognite
222 1232 263 1266 vie⁸
273 1232 306 1266 tibi
317 1232 340 1265 sit
350 1243 445 1274 onerosus,
455 1242 571 1276 nequaquam
581 1237 643 1265 tamen
654 1231 686 1265 tibi
697 1233 761 1265 timen-

61 1286 115 1319 dum:
127 1285 213 1329 quoniam
221 1286 255 1319 sub
261 1285 326 1318 vmbra
333 1285 402 1318 alarum
409 1296 483 1319 suarum
489 1291 572 1329 proteget
580 1291 599 1318 te
605 1285 690 1318 dominus
696 1285 762 1320 ihesus

61 1337 155 1372 Christus.j
174 1338 226 1372 Tunc
238 1344 312 1381 accepta
321 1337 447 1372 benedictione
458 1348 469 1371 a
481 1348 534 1382 papa,
542 1337 576 1371 iter
587 1337 668 1382 arripuit.
688 1337 761 1372 Etcum

60 1391 141 1426 uenisset
155 1391 299 1433 Autisiodorum,
310 1393 381 1436 virgam
396 1397 461 1426 tenens
477 1402 532 1436 quam
547 1391 571 1425 ab
586 1390 652 1436 angelo
667 1398 791 1437 acceperam

61 1446 152 1488 quendam
162 1446 235 1488 bipenni
243 1446 364 1486 vulneratum,
372 1445 423 1479 cuius
434 1455 468 1488 pes
479 1446 498 1478 in
510 1445 556 1478 duas
566 1450 627 1487 partes
637 1445 707 1478 diuisus
718 1452 763 1486 erat,

61 1497 142 1531 oratione
150 1496 197 1530 sacta
204 1496 251 1530 illico
259 1495 337 1531 sanauit.
360 1495 497 1540 Rothomagum
503 1496 577 1530 tandem
583 1497 666 1538 veniens,
672 1501 690 1530 et
698 1496 763 1532 minis·

61 1550 126 1584 terium
134 1561 188 1585 suum
196 1550 274 1585 fideliter
281 1550 366 1595 implens,
374 1550 437 1584 multis
444 1550 540 1584 virtutibus
548 1556 566 1584 et
574 1550 667 1585 miraculis
675 1550 735 1585 clarus
743 1551 761 1585 in

61 1613 106 1646 pace
114 1603 187 1647 quieuit.

83 1682 131 1725 [MS.
139 1682 178 1717 Tib.
186 1683 242 1717 adds:
360 1682 460 1717 Narruli0⁷.

82 1749 140 1790 Venit
158 1756 256 1800 aliquando
270 1758 344 1801 quidam
362 1758 386 1791 ab
401 1758 447 1792 urbe
463 1757 528 1799 Roma,
543 1757 573 1800 qui
592 1756 626 1800 [in]
641 1757 711 1800 palacio
728 1757 762 1793 im·
773 1770 790 1799 :5

61 1809 161 1852 peratoris8
174 1821 260 1853 magnum
273 1811 333 1845 locum
345 1812 412 1852 habuit,
425 1817 443 1844 et
455 1811 546 1844 habitabat
559 1811 578 1843 in
591 1810 655 1843 Scithi.
678 1810 762 1847 Habebat

61 1867 121 1895 autem
130 1874 193 1896 secum
201 1874 258 1896 unum
266 1874 340 1897 seruum
349 1863 380 1907 qui
388 1864 502 1897 ministrabat
514 1863 537 1896 ei.
557 1862 628 1895 Videns
638 1868 700 1896 autem
710 1874 763 1907 pres·

61 1914 107 1949 biter
119 1915 196 1949 ecclesie
207 1915 331 1950 infirmitatem
343 1916 387 1958 eius,
396 1921 413 1950 et
425 1926 538 1960 cognoscens
546 1915 588 1959 quia
599 1915 622 1949 de
631 1915 701 1950 deliciis
712 1924 762 1953 esset

62 1968 89 2003 uir
96 1969 131 2012 ille,
140 1970 163 2004 de
174 1969 209 2004 hiis
216 1981 252 2015 que
261 1969 284 2014 (ei
293 1970 384 2012 dominus)
393 1971 477 2011 donabat,
485 1969 619 2005 transmittebat
627 1969 650 2003 et
672 1969 708 2012 Qui
720 1981 761 2006 cum

62 2022 148 2065 (iecisset)
154 2023 218 2067 uiginti
226 2023 306 2067 quinque
314 2033 372 2057 annos
380 2023 398 2057 in
405 2023 468 2065 Scithi,
474 2023 540 2065 (sactus
545 2023 581 2064 est)
589 2023 618 2055 uir
624 2024 763 2067 contemplator,
771 2035 791 2064 3⁰

62 2075 117 2108 multa
125 2076 230 2119 preuidens,
238 2081 256 2109 et
264 2075 388 2118 nlominatus).
410 2074 495 2109 Audiens
505 2081 567 2108 autem
577 2074 651 2118 quidam
659 2076 683 2110 de
691 2077 763 2120 magnis

81 2151 86 2169 ¹
98 2153 158 2183 Collect
165 2154 181 2183 in
189 2153 207 2184 T.
215 2164 219 2184 τ

82 2190 100 2228 Ο
111 2198 171 2228 Mellite
178 2199 273 2235 dulcissime,
280 2199 359 2236 condigne
369 2203 396 2228 tuo
406 2199 475 2235 nomine,
482 2198 541 2237 pictate
550 2198 628 2236 mellifice,
635 2199 706 2229 bonitate
714 2201 763 2230 melli-

62 2237 96 2275 flue,
107 2243 123 2269 et
133 2239 205 2278 melliger
215 2239 284 2278 caritate,
295 2240 331 2270 diuo
341 2239 388 2278 plene
398 2239 479 2269 carismate
490 2243 505 2270 et
516 2239 602 2277 graciarum
613 2243 688 2270 nectare:
698 2244 764 2279 paterna

62 2286 91 2308 nos
98 2278 135 2309 soue
143 2289 194 2317 prece.
215 2280 233 2310 V.
245 2280 297 2310 Iustus
304 2279 418 2319 germissnabit}

82 2317 116 2360 Da,
127 2333 217 2362 quesumus,
228 2325 329 2362 omnipotens
339 2326 383 2360 deus,
390 2329 407 2354 ut
414 2325 441 2361 qui
451 2324 492 2353 beati
500 2323 570 2362 (Melliti)
577 2324 673 2354 confessoris
684 2325 706 2354 tui
716 2329 764 2364 atque

62 2364 141 2399 pontificis
147 2365 313 2395 commemoracionem
323 2365 393 2402 colimus,
400 2364 435 2394 eius
444 2364 485 2402 apud
495 2368 510 2394 te
519 2364 659 2395 intercessionibus
666 2365 763 2404 adiuuemur,

62 2411 95 2439 per.

81 2444 87 2460 ²
98 2444 183 2474 Extracted
190 2445 230 2474 from
240 2445 268 2474 the
275 2445 315 2474 Acta
322 2445 338 2474 in
344 2445 364 2474 A.
373 2444 402 2474 SS.
411 2444 452 2473 Boll.
460 2454 479 2473 aa
487 2444 522 2474 Oct
530 2444 559 2473 IX.
567 2454 582 2481 p.
589 2453 624 2480 572
646 2445 693 2473 Same
703 2450 764 2476 extract

63 2480 78 2509 in
86 2482 189 2520 ldorubritius,
195 2483 227 2514 Vit.
236 2483 265 2513 SS.
274 2483 294 2514 ll.
303 2484 341 2521 156:
351 2483 370 2513 ci
379 2483 435 2513 Petrus
443 2483 463 2513 de
470 2483 521 2513 Natal.
529 2484 578 2514 Catal.
586 2483 614 2513 lx.
622 2494 634 2513 c.
642 2493 667 2522 93.
732 2485 738 2502 ³
748 2490 764 2514 et

63 2522 102 2552 tons.
111 2533 141 2553 om.
149 2523 165 2553 in
173 2524 190 2554 T.
244 2523 371 2554 ⁴al.lllellonus.
420 2522 671 2555 tanna-militoninnomo.
726 2524 763 2555 ⁵n1.

62 2560 187 2597 vie,T.E.uite.
227 2562 306 2594 'aava
315 2563 356 2594 Patr.
364 2571 421 2602 p.925.
461 2562 572 2595 ³om.inVP.
