1762 2803
197 122 243 178 Do
258 120 358 174 &autu
374 119 476 179 choma
492 120 675 184 aculeatarum.
744 137 787 182 375

85 255 129 280 vero
142 243 218 279 Gilberti
229 243 309 279 famulus
320 243 372 288 quasi
384 244 407 279 ad
419 243 543 289 spectaculum
555 255 597 279 cum
609 244 675 280 ceteris
686 256 790 288 accurrens,

85 308 127 332 cum
135 297 212 342 propius
219 298 309 332 accedens
316 308 357 332 eam
364 302 489 341 cognosceret,
494 309 536 332 cum
542 297 658 332 festinatione
666 300 689 332 ad
695 299 790 333 dominum

85 362 139 386 suum
153 350 212 393 rediit,
226 357 244 385 et
257 350 353 385 admiraldi
366 351 422 385 tiliam
435 351 539 394 aduenisse,
552 362 606 397 quam
619 351 679 387 cuncti
691 357 790 397 sequentes

85 405 227 445 admirabantur,
242 404 340 438 nunciauit.
368 404 421 445 Quod
436 414 478 438 cum
493 404 525 438 vix
540 405 614 438 tandem
629 405 706 438 credere
721 410 790 449 posset,

86 456 178 491 Richardo
188 456 241 490 iussit
251 457 275 490 ad
283 457 374 500 quandam
385 462 487 490 matronam
495 456 512 491 ei
520 457 598 491 vicinam
608 457 687 502 puellam
698 457 807 494 adducerer

85 517 104 545 et
118 510 219 544 honorifice
233 510 250 544 ei
265 510 284 543 in
299 509 385 545 omnibus
399 510 509 545 ministrare.
536 510 583 545 Cum
598 515 659 545 autem
675 510 790 546 Richardum

85 564 145 609 puella
156 563 226 598 videret
236 568 255 598 et
266 574 309 598 eum
319 569 433 608 agnosceret,
444 574 488 598 mox
499 564 551 607 quasi
563 569 635 598 mortua
646 565 716 606 cecidit,
726 565 791 599 iacens

85 617 104 651 in
112 616 171 651 extasi
181 616 274 661 resupina.
296 617 327 653 Ab
334 617 365 651 illa
372 616 439 651 mentis
448 616 558 652 alienatione
566 617 641 652 tandem
648 617 672 652 ad
680 628 700 652 se
709 627 790 660 reuersa,

85 672 108 705 ad
118 671 184 704 dictam
195 675 303 712 matronam,
314 670 361 706 sicut
370 670 442 705 iussum
453 670 516 711 suerat,
524 670 625 704 adducitur.
648 670 728 714 Contigit
738 670 789 704 enim

85 729 168 766 tempore
177 722 208 756 illo
218 723 236 756 in
245 723 323 756 ecclesia
334 722 392 758 sancti
401 722 451 756 Pauli
462 733 497 756 sex
508 723 606 766 episcopos
617 722 669 766 regni
681 728 699 756 et
711 722 790 757 ecclesie
799 734 819 755 ro

85 775 158 820 negotia
173 784 210 809 non
225 784 290 818 pamm
306 775 363 809 ardua
378 779 502 818 pertractare:
519 773 585 819 quibus
599 773 693 809 Gilbertus
708 786 750 809 cum
763 775 790 809 rei

85 830 137 870 geste
147 824 232 860 ordinem
243 824 325 860 seriatim
336 825 459 870 exposuisset,
467 836 511 860 mox
523 826 641 860 cicestrensis
652 826 751 871 episcopus
762 826 790 860 in-

85 878 281 921 dubitanter'asseruit,
289 878 336 912 hanc
343 880 457 914 vocationem
465 889 503 913 non
511 879 611 913 humanam
622 880 655 914 sed
663 878 725 923 potius
733 879 790 914 luisse

85 932 172 972 diuinam,
186 937 204 965 et
219 931 310 974 magnifici
325 933 387 976 operis
402 932 473 976 prolem
486 931 582 972 edituram,
594 931 646 966 cuius
661 932 758 966 sanctitate
771 938 790 966 ct

85 985 147 1019 labore
162 984 271 1022 uniuersalis
290 990 340 1018 esset
359 984 437 1019 ecclesia
454 985 477 1019 ad
493 984 561 1020 Christi
576 984 653 1027 gloriam
669 984 790 1020 sublimanda.
799 994 817 1025 15

86 1038 169 1083 Cumque
178 1038 256 1072 adducta
266 1038 327 1083 puella
337 1038 482 1082 interrogaretur
492 1047 526 1083 per
534 1037 653 1080 Richardum,
661 1048 725 1073 eorum
733 1036 790 1073 inter·

85 1097 163 1136 pretem,
175 1092 191 1125 si
202 1092 258 1126 vellet
271 1091 364 1135 baptizari,
375 1092 482 1135 respondit:
498 1091 569 1126 ‘Huius
581 1091 608 1126 rei
621 1101 676 1126 causa
689 1101 700 1126 a
713 1091 790 1126 remotis

85 1144 184 1189 prouinciis
195 1144 231 1179 huc
242 1144 314 1187 adueni,
323 1145 422 1179 dummodo
430 1144 523 1179 Gilbertus
529 1144 607 1178 uoluerit
617 1143 662 1178 mihi
672 1144 790 1179 matrimonio

85 1197 176 1241 copulari:
199 1196 293 1240 Baptizata
306 1199 366 1240 itaque
379 1198 446 1240 puella,
458 1197 538 1231 Matildis
549 1202 630 1239 vocatur,
642 1202 661 1230 et
674 1196 756 1230 Gilherto
769 1196 789 1230 in

86 1249 190 1293 coniugium
200 1249 280 1292 traditur,
288 1249 369 1283 breuiter
380 1255 442 1284 tamen
453 1249 476 1283 de
488 1250 524 1284 fide
536 1250 624 1283 catholica
635 1250 686 1294 prius
697 1249 789 1284 instructa.
798 1260 818 1283 ao

86 1301 148 1336 Prima
157 1302 206 1336 enim
217 1302 294 1340 carnalis
305 1303 369 1347 copule
379 1307 432 1336 nocte
443 1307 527 1336 sanctum
534 1302 631 1344 Thomam,
640 1302 720 1337 futurum
732 1302 790 1337 archi·

86 1356 193 1401 episcopum
205 1360 222 1390 et
236 1355 334 1398 martirem,
346 1360 453 1400 genuerunt.
476 1355 498 1390 ln
510 1356 590 1390 crastino
603 1366 647 1391 vero
660 1355 753 1391 Gilbertus
766 1356 789 1391 ad

85 1415 153 1444 terram
162 1415 243 1444 sanctam
251 1414 301 1444 tanto
309 1409 400 1444 desiderio
408 1409 513 1444 reuertendi
523 1409 640 1451 afficiebatur,
648 1410 697 1453 quod
705 1409 791 1453 suspiriis

85 1463 162 1505 agitatus
169 1463 240 1496 vultum
253 1461 306 1495 solito
314 1462 432 1505 pretenderet
439 1461 544 1495 tristiorem.
566 1461 661 1506 Cogitabat
670 1462 720 1496 enim
727 1461 791 1496 vxoris

86 1526 151 1549 sexum
162 1514 251 1559 fragilem,
259 1519 326 1549 etatem
334 1520 422 1554 teneram,
430 1515 510 1559 linguam
521 1514 607 1560 ignotam,
615 1520 633 1549 et
644 1525 679 1559 per
688 1515 791 1550 absentiam
799 1525 818 1556 ²5

86 1579 138 1602 suam
149 1568 230 1612 pericula
241 1568 319 1612 proinde
330 1578 367 1601 non
378 1577 435 1611 parua
447 1567 507 1602 eidem
521 1568 544 1602 de
557 1568 604 1602 facili
617 1567 716 1613 prouenire
730 1578 791 1612 posse.

86 1621 191 1655 Aduertens
199 1626 260 1655 autem
267 1631 314 1655 vxor
321 1620 391 1654 vultum
399 1619 458 1654 mariti
467 1621 486 1654 in
495 1620 573 1655 diuersis
581 1625 676 1663 mutatum,
684 1631 725 1655 cum
734 1621 791 1656 multa

85 1685 162 1718 precum
173 1674 259 1709 instantia
270 1673 345 1710 tristicie
356 1683 431 1711 causam
442 1674 465 1707 ab
477 1684 500 1707 eo
510 1674 585 1709 tandem
596 1674 678 1708 extorsit.
700 1674 741 1716 Que
748 1680 791 1709 voto

85 1737 119 1760 suo
127 1737 165 1760 non
175 1728 235 1761 solum
245 1726 314 1767 annuit,
322 1726 378 1761 immo
388 1725 459 1768 rogauit
466 1730 491 1766 vt,
499 1737 607 1770 quocunque
614 1727 668 1760 modo
676 1737 710 1760 suo
718 1726 792 1771 placere

86 1784 149 1822 posset
164 1778 256 1819 conditori,
271 1779 321 1813 nulla
335 1779 359 1812 de
374 1789 396 1811 ea
411 1778 472 1812 habita
486 1778 638 1821 consideratione,
651 1784 689 1813 tam
703 1784 790 1825 prompte
800 1794 820 1824 30

86 1833 228 1878 exsequeretur¹
236 1843 291 1878 quam
302 1834 373 1867 deuote.
396 1831 472 1875 ‘Sperq
480 1831 543 1875 inquit,
552 1832 630 1867 firmiter
639 1837 657 1866 et
668 1832 691 1866 de
702 1833 737 1867 deo
749 1842 791 1867 meo

86 1890 156 1921 tantum
168 1886 239 1921 confido
251 1885 282 1930 qui
293 1885 316 1919 ad
328 1883 438 1929 agnitionem
448 1884 528 1919 nominis
539 1885 567 1919 sui
578 1895 609 1919 me
620 1884 697 1927 uocauit,
706 1886 762 1929 quod,
772 1891 791 1921 te

86 1939 140 1973 etiam
154 1940 235 1981 absente,
248 1938 293 1982 [me]
307 1949 344 1972 non
356 1939 435 1979 deseret,
447 1938 485 1978 sed,
497 1937 543 1972 sicut
556 1938 607 1981 prius
621 1939 664 1971 dum
677 1938 739 1981 ipsum
753 1949 791 1972 non

86 2001 211 2035 agnoscerem,
223 1990 309 2026 intactam
322 1991 345 2024 ab
361 1990 411 2027 omni
424 1989 505 2034 periculo
519 1989 640 2024 conseruabit.
662 1990 742 2025 Tantum
756 2001 791 2035 pro

86 2045 150 2078 solatio
162 2043 287 2078 Richardum²
298 2042 343 2077 mihi
354 2042 444 2086 relinque,
455 2041 487 2087 qui
498 2041 560 2087 lingua
571 2053 613 2076 mea
625 2043 714 2085 eruditus,
725 2043 791 2079 ceteris
800 2058 819 2090 35

86 2097 153 2132 melius
161 2097 206 2132 mihi
213 2097 285 2131 nouerit
293 2096 407 2131 ministrare!
430 2095 523 2131 Gilbertus
530 2095 586 2140 igitur
591 2096 639 2130 letus
647 2096 729 2140 effectus,
735 2107 791 2142 quam

87 2150 141 2185 eitius
154 2156 226 2195 poterat
238 2150 381 2185 Hierosolimam
392 2149 486 2193 protectus
497 2154 530 2184 est.
558 2149 602 2183 Post
613 2155 651 2183 tres
663 2160 722 2184 annos
733 2156 751 2184 et
764 2150 791 2185 di-

86 2203 161 2239 midium
170 2204 249 2246 rediens,
255 2209 273 2237 et
281 2203 338 2237 fillum
346 2212 400 2237 suum
405 2202 495 2237 Thomam
504 2202 573 2237 cunctis
581 2202 681 2247 gratiosum
689 2203 792 2246 inueniens,

87 2267 128 2292 cum
136 2268 194 2293 vxore
206 2268 239 2292 sua
249 2267 284 2301 per
294 2256 362 2302 aliquot
373 2266 431 2291 annos
442 2254 558 2290 laudabiliter
564 2255 615 2298 vixit,
623 2261 641 2290 et
649 2256 704 2291 vitam
715 2256 792 2292 feliciter

87 2311 227 2344 consummauit.
239 2334 241 2339 ·
264 2302 348 2344 ³Beatus
355 2308 410 2353 igitur
417 2309 503 2351 Thomas,
508 2308 634 2342 londoniensis
641 2309 692 2342 vrbis
699 2309 791 2353 indigena,
799 2319 820 2350 40

86 2368 184 2405 parentum
197 2360 317 2397 mediocrium
329 2361 391 2406 proles
404 2360 486 2403 illustris,
498 2371 510 2395 a
522 2360 589 2407 primis
602 2360 725 2396 adolescentie
738 2361 792 2397 annis

87 2416 144 2459 gratia
158 2416 254 2461 multiplici
266 2416 333 2450 ditatus
346 2421 379 2450 est.
405 2415 449 2450 Erat
462 2415 512 2450 enim
525 2420 594 2450 statura
607 2425 701 2459 procerus,
713 2416 791 2450 decorus

87 2468 150 2512 forma,
158 2469 232 2514 ingenio
239 2469 343 2514 perspicax,
351 2467 409 2503 dulcis
419 2473 438 2503 et
448 2468 537 2503 iucundus
544 2467 627 2512 eloqui03
639 2467 760 2513 morigeratus
767 2468 791 2503 ad

87 2523 199 2567 exemplum,
207 2522 290 2567 prudens
301 2523 324 2556 ad
335 2521 449 2567 sapientiam,
457 2521 557 2556 iuuenilem
566 2526 681 2556 venustatem
692 2520 738 2555 facie
749 2530 791 2565 pre-

148 2590 154 2607 ¹
164 2591 182 2621 T.
191 2591 208 2620 E.
216 2582 335 2628 assequeretur(
372 2589 379 2607 ²
388 2590 407 2621 T.
414 2589 496 2620 ricardum.
536 2588 542 2606 ¹
553 2589 578 2621 Cl.
584 2588 616 2618 Vit.
623 2589 645 2626 by
651 2589 661 2625 J
663 2588 688 2619 oh.
696 2587 729 2621 Sal,
