<?xml version="1.0" encoding="UTF-8"?>
<!DOCTYPE html PUBLIC "-//W3C//DTD XHTML 1.0 Transitional//EN"
    "http://www.w3.org/TR/xhtml1/DTD/xhtml1-transitional.dtd">
<html xmlns="http://www.w3.org/1999/xhtml" xml:lang="en" lang="en">
 <head>
  <title>
</title>
<meta http-equiv="Content-Type" content="text/html;charset=utf-8" />
  <meta name='ocr-system' content='tesseract 3.04.00' />
  <meta name='ocr-capabilities' content='ocr_page ocr_carea ocr_par ocr_line ocrx_word'/>
</head>
<body>
  <div class='ocr_page' id='page_1' title='image "./MN5111ucmf_0/MN5111ucmf_0_0149.png"; bbox 0 0 1762 2803; ppageno 0'>
   <div class='ocr_carea' id='block_1_1' title="bbox 251 137 753 196">
    <p class='ocr_par' dir='ltr' id='par_1_1' title="bbox 251 137 753 196">
     <span class='ocr_line' id='line_1_1' title="bbox 251 137 753 196; baseline -0.016 -1"><span class='ocrx_word' id='word_1_1' title='bbox 251 140 296 196; x_wconf 69' lang='lat' dir='ltr'><strong>Dr</strong></span> <span class='ocrx_word' id='word_1_2' title='bbox 312 138 411 192; x_wconf 57' lang='lat' dir='ltr'><strong>&amp;anuo</strong></span> <span class='ocrx_word' id='word_1_3' title='bbox 427 137 551 193; x_wconf 69' lang='lat' dir='ltr'><strong>antelmo.</strong></span> <span class='ocrx_word' id='word_1_4' title='bbox 724 152 753 196; x_wconf 77' lang='lat'><strong>59</strong></span> 
     </span>
    </p>
   </div>
   <div class='ocr_carea' id='block_1_2' title="bbox 47 260 785 2533">
    <p class='ocr_par' dir='ltr' id='par_1_2' title="bbox 47 260 785 2533">
     <span class='ocr_line' id='line_1_2' title="bbox 51 260 753 306; baseline -0.004 -10"><span class='ocrx_word' id='word_1_5' title='bbox 51 261 107 306; x_wconf 87' lang='lat' dir='ltr'><strong>igitur&#39;</strong></span> <span class='ocrx_word' id='word_1_6' title='bbox 114 261 175 296; x_wconf 91' lang='lat' dir='ltr'><strong>minus</strong></span> <span class='ocrx_word' id='word_1_7' title='bbox 184 262 277 297; x_wconf 87' lang='lat' dir='ltr'><strong>Christum</strong></span> <span class='ocrx_word' id='word_1_8' title='bbox 286 266 368 305; x_wconf 84' lang='lat' dir='ltr'>negaret,</span> <span class='ocrx_word' id='word_1_9' title='bbox 376 260 392 295; x_wconf 92' lang='lat' dir='ltr'><strong>si</strong></span> <span class='ocrx_word' id='word_1_10' title='bbox 399 271 468 294; x_wconf 85' lang='lat' dir='ltr'><strong>vesana</strong></span> <span class='ocrx_word' id='word_1_11' title='bbox 476 270 542 294; x_wconf 89' lang='lat' dir='ltr'><strong>manus</strong></span> <span class='ocrx_word' id='word_1_12' title='bbox 550 270 592 294; x_wconf 92' lang='lat' dir='ltr'><strong>eum</strong></span> <span class='ocrx_word' id='word_1_13' title='bbox 601 260 623 294; x_wconf 89' lang='lat' dir='ltr'><strong>ad</strong></span> <span class='ocrx_word' id='word_1_14' title='bbox 631 260 666 293; x_wconf 90' lang='lat' dir='ltr'><strong>hoc</strong></span> <span class='ocrx_word' id='word_1_15' title='bbox 674 264 753 293; x_wconf 89' lang='lat' dir='ltr'><strong>mortem</strong></span> 
     </span>
     <span class='ocr_line' id='line_1_3' title="bbox 50 311 754 360; baseline -0.004 -11"><span class='ocrx_word' id='word_1_16' title='bbox 50 316 188 360; x_wconf 87' lang='lat' dir='ltr'><strong>intemptando1</strong></span> <span class='ocrx_word' id='word_1_17' title='bbox 211 315 350 360; x_wconf 89' lang='lat' dir='ltr'><strong>constringeret.</strong></span> <span class='ocrx_word' id='word_1_18' title='bbox 379 313 434 348; x_wconf 84' lang='lat' dir='ltr'>Vnde</span> <span class='ocrx_word' id='word_1_19' title='bbox 454 314 508 348; x_wconf 89' lang='lat' dir='ltr'><strong>datur</strong></span> <span class='ocrx_word' id='word_1_20' title='bbox 531 312 614 358; x_wconf 85' lang='lat' dir='ltr'><strong>intelligi,</strong></span> <span class='ocrx_word' id='word_1_21' title='bbox 636 312 702 347; x_wconf 93' lang='lat' dir='ltr'><strong>miram</strong></span> <span class='ocrx_word' id='word_1_22' title='bbox 720 311 754 346; x_wconf 67' lang='lat' dir='ltr'><strong>,nr</strong></span> 
     </span>
     <span class='ocr_line' id='line_1_4' title="bbox 50 365 753 413; baseline -0.004 -10"><span class='ocrx_word' id='word_1_23' title='bbox 50 374 115 413; x_wconf 90' lang='lat' dir='ltr'><strong>pectus</strong></span> <span class='ocrx_word' id='word_1_24' title='bbox 128 368 168 404; x_wconf 88' lang='lat' dir='ltr'><strong>eius</strong></span> <span class='ocrx_word' id='word_1_25' title='bbox 180 368 270 404; x_wconf 87' lang='lat' dir='ltr'><strong>iusticiam</strong></span> <span class='ocrx_word' id='word_1_26' title='bbox 283 367 338 404; x_wconf 75' lang='lat' dir='ltr'><strong>eum³</strong></span> <span class='ocrx_word' id='word_1_27' title='bbox 349 366 461 412; x_wconf 81' lang='lat' dir='ltr'><strong>possedisse,</strong></span> <span class='ocrx_word' id='word_1_28' title='bbox 473 366 546 411; x_wconf 88' lang='lat' dir='ltr'><strong>quando</strong></span> <span class='ocrx_word' id='word_1_29' title='bbox 557 365 614 402; x_wconf 89' lang='lat' dir='ltr'><strong>vitam</strong></span> <span class='ocrx_word' id='word_1_30' title='bbox 625 376 678 401; x_wconf 86' lang='lat' dir='ltr'><strong>suam</strong></span> <span class='ocrx_word' id='word_1_31' title='bbox 690 365 753 400; x_wconf 91' lang='lat' dir='ltr'><strong>maluit</strong></span> 
     </span>
     <span class='ocr_line' id='line_1_5' title="bbox 50 419 753 466; baseline -0.006 -10"><span class='ocrx_word' id='word_1_32' title='bbox 50 422 94 456; x_wconf 87' lang='lat' dir='ltr'><strong>dare</strong></span> <span class='ocrx_word' id='word_1_33' title='bbox 113 432 168 464; x_wconf 88' lang='lat' dir='ltr'><strong>quam</strong></span> <span class='ocrx_word' id='word_1_34' title='bbox 187 427 250 466; x_wconf 90' lang='lat' dir='ltr'><strong>spreta</strong></span> <span class='ocrx_word' id='word_1_35' title='bbox 268 421 356 456; x_wconf 85' lang='lat' dir='ltr'><strong>charitate</strong></span> <span class='ocrx_word' id='word_1_36' title='bbox 375 420 470 464; x_wconf 84' lang='lat' dir='ltr'><strong>proximos</strong></span> <span class='ocrx_word' id='word_1_37' title='bbox 491 430 535 454; x_wconf 91' lang='lat' dir='ltr'><strong>suos</strong></span> <span class='ocrx_word' id='word_1_38' title='bbox 554 419 684 454; x_wconf 75' lang='lat' dir='ltr'><strong>scandalizare.</strong></span> <span class='ocrx_word' id='word_1_39' title='bbox 714 419 753 453; x_wconf 88' lang='lat' dir='ltr'><strong>Nec</strong></span> 
     </span>
     <span class='ocr_line' id='line_1_6' title="bbox 50 472 770 518; baseline -0.003 -10"><span class='ocrx_word' id='word_1_40' title='bbox 50 473 147 517; x_wconf 89' lang='lat' dir='ltr'><strong>immerito,</strong></span> <span class='ocrx_word' id='word_1_41' title='bbox 164 480 184 509; x_wconf 91' lang='lat' dir='ltr'><strong>vt</strong></span> <span class='ocrx_word' id='word_1_42' title='bbox 204 485 252 517; x_wconf 93' lang='lat' dir='ltr'><strong>reor,</strong></span> <span class='ocrx_word' id='word_1_43' title='bbox 272 474 321 508; x_wconf 90' lang='lat' dir='ltr'><strong>inter</strong></span> <span class='ocrx_word' id='word_1_44' title='bbox 343 478 435 517; x_wconf 84' lang='lat' dir='ltr'><strong>martyres</strong></span> <span class='ocrx_word' id='word_1_45' title='bbox 457 478 574 518; x_wconf 87' lang='lat' dir='ltr'><strong>computatur</strong></span> <span class='ocrx_word' id='word_1_46' title='bbox 593 472 624 517; x_wconf 91' lang='lat' dir='ltr'><strong>qui</strong></span> <span class='ocrx_word' id='word_1_47' title='bbox 647 482 681 516; x_wconf 89' lang='lat' dir='ltr'><strong>pro</strong></span> <span class='ocrx_word' id='word_1_48' title='bbox 703 477 770 511; x_wconf 78' lang='lat' dir='ltr'><strong>tantas</strong></span> 
     </span>
     <span class='ocr_line' id='line_1_7' title="bbox 51 524 753 571; baseline -0.003 -11"><span class='ocrx_word' id='word_1_49' title='bbox 51 527 122 560; x_wconf 89' lang='lat' dir='ltr'><strong>iusticia</strong></span> <span class='ocrx_word' id='word_1_50' title='bbox 135 532 213 561; x_wconf 88' lang='lat' dir='ltr'><strong>mortem</strong></span> <span class='ocrx_word' id='word_1_51' title='bbox 229 533 295 571; x_wconf 91' lang='lat' dir='ltr'><strong>sponte</strong></span> <span class='ocrx_word' id='word_1_52' title='bbox 310 525 421 560; x_wconf 82' lang='lat' dir='ltr'><strong>sustinuisse</strong></span> <span class='ocrx_word' id='word_1_53' title='bbox 435 526 525 560; x_wconf 86' lang='lat' dir='ltr'><strong>veraciter</strong></span> <span class='ocrx_word' id='word_1_54' title='bbox 539 525 655 570; x_wconf 81' lang='lat' dir='ltr'><strong>predicatur:</strong></span> <span class='ocrx_word' id='word_1_55' title='bbox 672 524 719 558; x_wconf 89' lang='lat' dir='ltr'><strong>Nam</strong></span> <span class='ocrx_word' id='word_1_56' title='bbox 735 532 753 559; x_wconf 89' lang='lat' dir='ltr'><strong>et</strong></span> 
     </span>
     <span class='ocr_line' id='line_1_8' title="bbox 51 578 753 624; baseline -0.001 -12"><span class='ocrx_word' id='word_1_57' title='bbox 51 580 116 613; x_wconf 90' lang='lat' dir='ltr'><strong>beatus</strong></span> <span class='ocrx_word' id='word_1_58' title='bbox 136 579 228 613; x_wconf 87' lang='lat' dir='ltr'><strong>lohannes</strong></span> <span class='ocrx_word' id='word_1_59' title='bbox 246 579 333 624; x_wconf 79' lang='lat' dir='ltr'><strong>Baptista,</strong></span> <span class='ocrx_word' id='word_1_60' title='bbox 352 579 383 623; x_wconf 89' lang='lat' dir='ltr'><strong>qui</strong></span> <span class='ocrx_word' id='word_1_61' title='bbox 402 579 501 623; x_wconf 86' lang='lat' dir='ltr'><strong>precipuus</strong></span> <span class='ocrx_word' id='word_1_62' title='bbox 516 584 586 623; x_wconf 79' lang='lat' dir='ltr'><strong>martyr</strong></span> <span class='ocrx_word' id='word_1_63' title='bbox 601 578 682 612; x_wconf 89' lang='lat' dir='ltr'><strong>creditur</strong></span> <span class='ocrx_word' id='word_1_64' title='bbox 696 583 714 611; x_wconf 94' lang='lat' dir='ltr'><strong>et</strong></span> <span class='ocrx_word' id='word_1_65' title='bbox 729 578 753 612; x_wconf 90' lang='lat' dir='ltr'><strong>ab</strong></span> 
     </span>
     <span class='ocr_line' id='line_1_9' title="bbox 52 631 752 676; baseline -0.001 -10"><span class='ocrx_word' id='word_1_66' title='bbox 52 631 129 666; x_wconf 89' lang='lat' dir='ltr'><strong>ecclesia</strong></span> <span class='ocrx_word' id='word_1_67' title='bbox 140 638 243 675; x_wconf 86' lang='lat' dir='ltr'><strong>veneratur,</strong></span> <span class='ocrx_word' id='word_1_68' title='bbox 256 644 293 667; x_wconf 91' lang='lat' dir='ltr'><strong>non</strong></span> <span class='ocrx_word' id='word_1_69' title='bbox 307 632 350 676; x_wconf 90' lang='lat' dir='ltr'><strong>quia</strong></span> <span class='ocrx_word' id='word_1_70' title='bbox 362 631 455 667; x_wconf 89' lang='lat' dir='ltr'><strong>Christum</strong></span> <span class='ocrx_word' id='word_1_71' title='bbox 467 642 541 676; x_wconf 87' lang='lat' dir='ltr'><strong>negare,</strong></span> <span class='ocrx_word' id='word_1_72' title='bbox 555 632 588 667; x_wconf 90' lang='lat' dir='ltr'><strong>sed</strong></span> <span class='ocrx_word' id='word_1_73' title='bbox 602 631 644 676; x_wconf 91' lang='lat' dir='ltr'><strong>quia</strong></span> <span class='ocrx_word' id='word_1_74' title='bbox 656 631 752 666; x_wconf 88' lang='lat' dir='ltr'><strong>veritatem</strong></span> 
     </span>
     <span class='ocr_line' id='line_1_10' title="bbox 51 684 753 730; baseline -0.001 -11"><span class='ocrx_word' id='word_1_75' title='bbox 51 690 112 719; x_wconf 86' lang='lat' dir='ltr'><strong>tacere</strong></span> <span class='ocrx_word' id='word_1_76' title='bbox 123 685 180 720; x_wconf 92' lang='lat' dir='ltr'><strong>noluit</strong></span> <span class='ocrx_word' id='word_1_77' title='bbox 191 685 261 720; x_wconf 86' lang='lat' dir='ltr'><strong>occisus</strong></span> <span class='ocrx_word' id='word_1_78' title='bbox 271 690 304 720; x_wconf 92' lang='lat' dir='ltr'><strong>est.</strong></span> <span class='ocrx_word' id='word_1_79' title='bbox 327 685 350 719; x_wconf 90' lang='lat' dir='ltr'><strong>Et</strong></span> <span class='ocrx_word' id='word_1_80' title='bbox 361 684 405 730; x_wconf 91' lang='lat' dir='ltr'><strong>quid</strong></span> <span class='ocrx_word' id='word_1_81' title='bbox 416 685 471 719; x_wconf 89' lang='lat' dir='ltr'><strong>distat</strong></span> <span class='ocrx_word' id='word_1_82' title='bbox 483 684 589 719; x_wconf 88' lang='lat' dir='ltr'><strong>intermori</strong></span> <span class='ocrx_word' id='word_1_83' title='bbox 601 696 635 729; x_wconf 91' lang='lat' dir='ltr'><strong>pro</strong></span> <span class='ocrx_word' id='word_1_84' title='bbox 647 684 723 727; x_wconf 89' lang='lat' dir='ltr'><strong>iusticia,</strong></span> <span class='ocrx_word' id='word_1_85' title='bbox 735 690 753 719; x_wconf 89' lang='lat' dir='ltr'><strong>et</strong></span> 
     </span>
     <span class='ocr_line' id='line_1_11' title="bbox 51 737 781 782; baseline 0 -11"><span class='ocrx_word' id='word_1_86' title='bbox 51 738 97 772; x_wconf 89' lang='lat' dir='ltr'><strong>mori</strong></span> <span class='ocrx_word' id='word_1_87' title='bbox 111 749 145 781; x_wconf 90' lang='lat' dir='ltr'><strong>pro</strong></span> <span class='ocrx_word' id='word_1_88' title='bbox 156 739 245 773; x_wconf 83' lang='lat' dir='ltr'><strong>veritate?</strong></span> <span class='ocrx_word' id='word_1_89' title='bbox 268 739 315 773; x_wconf 90' lang='lat' dir='ltr'><strong>Cum</strong></span> <span class='ocrx_word' id='word_1_90' title='bbox 327 739 376 772; x_wconf 90' lang='lat' dir='ltr'><strong>enim</strong></span> <span class='ocrx_word' id='word_1_91' title='bbox 389 738 473 772; x_wconf 90' lang='lat' dir='ltr'><strong>Christus</strong></span> <span class='ocrx_word' id='word_1_92' title='bbox 486 738 554 772; x_wconf 90' lang='lat' dir='ltr'><strong>veritas</strong></span> <span class='ocrx_word' id='word_1_93' title='bbox 567 743 585 772; x_wconf 92' lang='lat' dir='ltr'><strong>et</strong></span> <span class='ocrx_word' id='word_1_94' title='bbox 597 738 668 772; x_wconf 88' lang='lat' dir='ltr'><strong>iusticia</strong></span> <span class='ocrx_word' id='word_1_95' title='bbox 680 737 708 779; x_wconf 90' lang='lat' dir='ltr'><strong>sit,</strong></span> <span class='ocrx_word' id='word_1_96' title='bbox 721 738 752 782; x_wconf 93' lang='lat' dir='ltr'><strong>qui</strong></span> <span class='ocrx_word' id='word_1_97' title='bbox 762 749 781 771; x_wconf 85' lang='lat' dir='ltr'><strong>ro</strong></span> 
     </span>
     <span class='ocr_line' id='line_1_12' title="bbox 51 790 753 836; baseline 0.001 -11"><span class='ocrx_word' id='word_1_98' title='bbox 51 803 85 836; x_wconf 87' lang='lat' dir='ltr'><strong>pro</strong></span> <span class='ocrx_word' id='word_1_99' title='bbox 97 791 175 827; x_wconf 84' lang='lat' dir='ltr'><strong>ueritate</strong></span> <span class='ocrx_word' id='word_1_100' title='bbox 188 797 207 827; x_wconf 86' lang='lat' dir='ltr'><strong>et</strong></span> <span class='ocrx_word' id='word_1_101' title='bbox 219 791 291 827; x_wconf 88' lang='lat' dir='ltr'><strong>iusticia</strong></span> <span class='ocrx_word' id='word_1_102' title='bbox 302 791 380 826; x_wconf 88' lang='lat' dir='ltr'><strong>moritur</strong></span> <span class='ocrx_word' id='word_1_103' title='bbox 394 802 429 835; x_wconf 87' lang='lat' dir='ltr'><strong>pro</strong></span> <span class='ocrx_word' id='word_1_104' title='bbox 444 790 517 826; x_wconf 86' lang='lat' dir='ltr'><strong>Christo</strong></span> <span class='ocrx_word' id='word_1_105' title='bbox 531 790 612 826; x_wconf 90' lang='lat' dir='ltr'><strong>moritur.</strong></span> <span class='ocrx_word' id='word_1_106' title='bbox 640 790 676 834; x_wconf 84' lang='lat' dir='ltr'><strong>Qui</strong></span> <span class='ocrx_word' id='word_1_107' title='bbox 691 797 753 826; x_wconf 87' lang='lat' dir='ltr'><strong>autem</strong></span> 
     </span>
     <span class='ocr_line' id='line_1_13' title="bbox 54 843 754 888; baseline 0.001 -10"><span class='ocrx_word' id='word_1_108' title='bbox 54 855 88 888; x_wconf 89' lang='lat' dir='ltr'><strong>pro</strong></span> <span class='ocrx_word' id='word_1_109' title='bbox 103 844 175 880; x_wconf 89' lang='lat' dir='ltr'><strong>Christo</strong></span> <span class='ocrx_word' id='word_1_110' title='bbox 190 844 272 888; x_wconf 87' lang='lat' dir='ltr'><strong>moritur,</strong></span> <span class='ocrx_word' id='word_1_111' title='bbox 285 844 361 880; x_wconf 89' lang='lat' dir='ltr'><strong>ecclesia</strong></span> <span class='ocrx_word' id='word_1_112' title='bbox 376 849 424 879; x_wconf 88' lang='lat' dir='ltr'><strong>teste</strong></span> <span class='ocrx_word' id='word_1_113' title='bbox 439 848 509 888; x_wconf 83' lang='lat' dir='ltr'><strong>martyr</strong></span> <span class='ocrx_word' id='word_1_114' title='bbox 524 844 606 879; x_wconf 89' lang='lat' dir='ltr'><strong>habetur.</strong></span> <span class='ocrx_word' id='word_1_115' title='bbox 629 843 697 879; x_wconf 86' lang='lat' dir='ltr'><strong>Beatus</strong></span> <span class='ocrx_word' id='word_1_116' title='bbox 709 855 754 879; x_wconf 84' lang='lat' dir='ltr'><strong>vero</strong></span> 
     </span>
     <span class='ocr_line' id='line_1_14' title="bbox 52 897 753 943; baseline 0.001 -12"><span class='ocrx_word' id='word_1_117' title='bbox 52 897 147 942; x_wconf 85' lang='lat' dir='ltr'><strong>Elphegus</strong></span> <span class='ocrx_word' id='word_1_118' title='bbox 163 910 211 943; x_wconf 87' lang='lat' dir='ltr'><strong>eque</strong></span> <span class='ocrx_word' id='word_1_119' title='bbox 225 910 260 943; x_wconf 90' lang='lat' dir='ltr'><strong>pro</strong></span> <span class='ocrx_word' id='word_1_120' title='bbox 274 897 350 940; x_wconf 83' lang='lat' dir='ltr'><strong>iusticia,</strong></span> <span class='ocrx_word' id='word_1_121' title='bbox 367 903 387 933; x_wconf 90' lang='lat' dir='ltr'><strong>vt</strong></span> <span class='ocrx_word' id='word_1_122' title='bbox 403 898 468 932; x_wconf 91' lang='lat' dir='ltr'><strong>beatus</strong></span> <span class='ocrx_word' id='word_1_123' title='bbox 484 897 577 932; x_wconf 88' lang='lat' dir='ltr'><strong>lohannes</strong></span> <span class='ocrx_word' id='word_1_124' title='bbox 593 909 660 942; x_wconf 90' lang='lat' dir='ltr'><strong>passus</strong></span> <span class='ocrx_word' id='word_1_125' title='bbox 676 903 704 932; x_wconf 91' lang='lat' dir='ltr'><strong>est</strong></span> <span class='ocrx_word' id='word_1_126' title='bbox 718 909 753 943; x_wconf 92' lang='lat' dir='ltr'><strong>pro</strong></span> 
     </span>
     <span class='ocr_line' id='line_1_15' title="bbox 52 951 754 995; baseline 0 -9"><span class='ocrx_word' id='word_1_127' title='bbox 52 951 138 986; x_wconf 90' lang='lat' dir='ltr'><strong>veritate:</strong></span> <span class='ocrx_word' id='word_1_128' title='bbox 151 952 189 986; x_wconf 90' lang='lat' dir='ltr'><strong>Cur</strong></span> <span class='ocrx_word' id='word_1_129' title='bbox 196 962 240 995; x_wconf 89' lang='lat' dir='ltr'><strong>ergo</strong></span> <span class='ocrx_word' id='word_1_130' title='bbox 249 951 307 995; x_wconf 86' lang='lat' dir='ltr'><strong>magis</strong></span> <span class='ocrx_word' id='word_1_131' title='bbox 316 952 338 985; x_wconf 91' lang='lat' dir='ltr'><strong>de</strong></span> <span class='ocrx_word' id='word_1_132' title='bbox 346 952 405 993; x_wconf 84' lang='lat' dir='ltr'><strong>unius,</strong></span> <span class='ocrx_word' id='word_1_133' title='bbox 417 962 472 995; x_wconf 90' lang='lat' dir='ltr'><strong>quam</strong></span> <span class='ocrx_word' id='word_1_134' title='bbox 482 951 505 985; x_wconf 92' lang='lat' dir='ltr'><strong>de</strong></span> <span class='ocrx_word' id='word_1_135' title='bbox 515 951 590 985; x_wconf 88' lang='lat' dir='ltr'><strong>alterius</strong></span> <span class='ocrx_word' id='word_1_136' title='bbox 599 962 644 985; x_wconf 89' lang='lat' dir='ltr'><strong>vero</strong></span> <span class='ocrx_word' id='word_1_137' title='bbox 653 957 754 995; x_wconf 85' lang='lat' dir='ltr'><strong>sanctoque</strong></span> 
     </span>
     <span class='ocr_line' id='line_1_16' title="bbox 52 1003 781 1048; baseline -0.001 -11"><span class='ocrx_word' id='word_1_138' title='bbox 52 1003 139 1048; x_wconf 87' lang='lat' dir='ltr'><strong>martyrio</strong></span> <span class='ocrx_word' id='word_1_139' title='bbox 152 1004 249 1047; x_wconf 87' lang='lat' dir='ltr'><strong>quisquam</strong></span> <span class='ocrx_word' id='word_1_140' title='bbox 262 1003 347 1048; x_wconf 84' lang='lat' dir='ltr'><strong>ambigat,</strong></span> <span class='ocrx_word' id='word_1_141' title='bbox 360 1013 401 1038; x_wconf 89' lang='lat' dir='ltr'><strong>cum</strong></span> <span class='ocrx_word' id='word_1_142' title='bbox 415 1003 474 1048; x_wconf 80' lang='lat' dir='ltr'><strong>[par]⁴</strong></span> <span class='ocrx_word' id='word_1_143' title='bbox 485 1014 540 1039; x_wconf 87' lang='lat' dir='ltr'><strong>causa</strong></span> <span class='ocrx_word' id='word_1_144' title='bbox 556 1004 575 1038; x_wconf 92' lang='lat' dir='ltr'><strong>in</strong></span> <span class='ocrx_word' id='word_1_145' title='bbox 589 1004 652 1039; x_wconf 87' lang='lat' dir='ltr'><strong>mortis</strong></span> <span class='ocrx_word' id='word_1_146' title='bbox 667 1003 754 1048; x_wconf 84' lang='lat' dir='ltr'><strong>passione</strong></span> <span class='ocrx_word' id='word_1_147' title='bbox 763 1014 781 1045; x_wconf 85' lang='lat'><strong>15</strong></span> 
     </span>
     <span class='ocr_line' id='line_1_17' title="bbox 51 1056 754 1102; baseline 0 -11"><span class='ocrx_word' id='word_1_148' title='bbox 51 1062 150 1101; x_wconf 82' lang='lat' dir='ltr'><strong>utrumque</strong></span> <span class='ocrx_word' id='word_1_149' title='bbox 155 1056 269 1092; x_wconf 62' lang='lat' dir='ltr'><strong>detineatlt&#39;</strong></span> <span class='ocrx_word' id='word_1_150' title='bbox 285 1056 316 1091; x_wconf 90' lang='lat' dir='ltr'><strong>Ad</strong></span> <span class='ocrx_word' id='word_1_151' title='bbox 324 1057 358 1091; x_wconf 89' lang='lat' dir='ltr'><strong>hec</strong></span> <span class='ocrx_word' id='word_1_152' title='bbox 366 1056 486 1091; x_wconf 84' lang='lat' dir='ltr'><strong>Lamlrancus</strong></span> <span class='ocrx_word' id='word_1_153' title='bbox 495 1056 527 1091; x_wconf 87' lang='lat' dir='ltr'><strong>ait:</strong></span> <span class='ocrx_word' id='word_1_154' title='bbox 537 1057 617 1100; x_wconf 67' lang='lat' dir='ltr'><strong>‘Fateon</strong></span> <span class='ocrx_word' id='word_1_155' title='bbox 624 1056 689 1102; x_wconf 86' lang='lat' dir='ltr'><strong>inquit,</strong></span> <span class='ocrx_word' id='word_1_156' title='bbox 697 1057 754 1091; x_wconf 88' lang='lat' dir='ltr'><strong>subti-</strong></span> 
     </span>
     <span class='ocr_line' id='line_1_18' title="bbox 52 1109 754 1154; baseline 0 -10"><span class='ocrx_word' id='word_1_157' title='bbox 52 1111 90 1144; x_wconf 89' lang='lat' dir='ltr'><strong>lem</strong></span> <span class='ocrx_word' id='word_1_158' title='bbox 98 1110 230 1154; x_wconf 86' lang='lat' dir='ltr'><strong>perspicaciam</strong></span> <span class='ocrx_word' id='word_1_159' title='bbox 238 1115 256 1144; x_wconf 90' lang='lat' dir='ltr'><strong>et</strong></span> <span class='ocrx_word' id='word_1_160' title='bbox 264 1110 391 1153; x_wconf 83' lang='lat' dir='ltr'><strong>perspicacem</strong></span> <span class='ocrx_word' id='word_1_161' title='bbox 400 1109 518 1143; x_wconf 85' lang='lat' dir='ltr'><strong>subtilitatem</strong></span> <span class='ocrx_word' id='word_1_162' title='bbox 526 1109 595 1153; x_wconf 83' lang='lat' dir='ltr'><strong>ingenii</strong></span> <span class='ocrx_word' id='word_1_163' title='bbox 603 1109 628 1143; x_wconf 93' lang='lat' dir='ltr'><strong>tui</strong></span> <span class='ocrx_word' id='word_1_164' title='bbox 633 1111 754 1144; x_wconf 89' lang='lat' dir='ltr'><strong>vehementer</strong></span> 
     </span>
     <span class='ocr_line' id='line_1_19' title="bbox 53 1161 753 1206; baseline 0.001 -10"><span class='ocrx_word' id='word_1_165' title='bbox 53 1162 136 1206; x_wconf 89' lang='lat' dir='ltr'><strong>approbo</strong></span> <span class='ocrx_word' id='word_1_166' title='bbox 144 1168 163 1196; x_wconf 88' lang='lat' dir='ltr'><strong>et</strong></span> <span class='ocrx_word' id='word_1_167' title='bbox 169 1173 254 1205; x_wconf 89' lang='lat' dir='ltr'><strong>veneror,</strong></span> <span class='ocrx_word' id='word_1_168' title='bbox 262 1163 351 1205; x_wconf 87' lang='lat' dir='ltr'><strong>firmaque</strong></span> <span class='ocrx_word' id='word_1_169' title='bbox 361 1161 431 1196; x_wconf 91' lang='lat' dir='ltr'><strong>ratione</strong></span> <span class='ocrx_word' id='word_1_170' title='bbox 438 1167 470 1196; x_wconf 90' lang='lat' dir='ltr'><strong>tua</strong></span> <span class='ocrx_word' id='word_1_171' title='bbox 477 1162 559 1204; x_wconf 90' lang='lat' dir='ltr'><strong>edoctus,</strong></span> <span class='ocrx_word' id='word_1_172' title='bbox 566 1162 641 1196; x_wconf 89' lang='lat' dir='ltr'><strong>beatum</strong></span> <span class='ocrx_word' id='word_1_173' title='bbox 650 1162 753 1206; x_wconf 84' lang='lat' dir='ltr'><strong>Elphegum</strong></span> 
     </span>
     <span class='ocr_line' id='line_1_20' title="bbox 52 1214 754 1259; baseline 0 -9"><span class='ocrx_word' id='word_1_174' title='bbox 52 1220 71 1250; x_wconf 93' lang='lat' dir='ltr'><strong>vt</strong></span> <span class='ocrx_word' id='word_1_175' title='bbox 82 1226 127 1250; x_wconf 90' lang='lat' dir='ltr'><strong>vere</strong></span> <span class='ocrx_word' id='word_1_176' title='bbox 138 1221 238 1259; x_wconf 90' lang='lat' dir='ltr'><strong>martyrem</strong></span> <span class='ocrx_word' id='word_1_177' title='bbox 248 1214 316 1250; x_wconf 89' lang='lat' dir='ltr'><strong>Christi</strong></span> <span class='ocrx_word' id='word_1_178' title='bbox 327 1215 415 1258; x_wconf 90' lang='lat' dir='ltr'><strong>deinceps</strong></span> <span class='ocrx_word' id='word_1_179' title='bbox 427 1226 457 1249; x_wconf 90' lang='lat' dir='ltr'><strong>me</strong></span> <span class='ocrx_word' id='word_1_180' title='bbox 467 1214 527 1249; x_wconf 87' lang='lat' dir='ltr'><strong>colere</strong></span> <span class='ocrx_word' id='word_1_181' title='bbox 536 1226 557 1249; x_wconf 89' lang='lat' dir='ltr'><strong>ac</strong></span> <span class='ocrx_word' id='word_1_182' title='bbox 567 1216 652 1250; x_wconf 87' lang='lat' dir='ltr'><strong>venerari</strong></span> <span class='ocrx_word' id='word_1_183' title='bbox 663 1227 687 1250; x_wconf 88' lang='lat' dir='ltr'><strong>ex</strong></span> <span class='ocrx_word' id='word_1_184' title='bbox 699 1216 754 1250; x_wconf 88' lang='lat' dir='ltr'><strong>corde</strong></span> 
     </span>
     <span class='ocr_line' id='line_1_21' title="bbox 53 1268 782 1312; baseline -0.001 -9"><span class='ocrx_word' id='word_1_185' title='bbox 53 1269 136 1303; x_wconf 82' lang='lat' dir='ltr'><strong>confido&#39;</strong></span> <span class='ocrx_word' id='word_1_186' title='bbox 159 1269 203 1303; x_wconf 89' lang='lat' dir='ltr'><strong>Post</strong></span> <span class='ocrx_word' id='word_1_187' title='bbox 218 1269 253 1303; x_wconf 88' lang='lat' dir='ltr'><strong>hec</strong></span> <span class='ocrx_word' id='word_1_188' title='bbox 268 1279 312 1304; x_wconf 89' lang='lat' dir='ltr'><strong>vero</strong></span> <span class='ocrx_word' id='word_1_189' title='bbox 327 1269 350 1302; x_wconf 91' lang='lat' dir='ltr'><strong>ab</strong></span> <span class='ocrx_word' id='word_1_190' title='bbox 366 1269 456 1311; x_wconf 89' lang='lat' dir='ltr'><strong>Osberno,</strong></span> <span class='ocrx_word' id='word_1_191' title='bbox 470 1268 553 1303; x_wconf 88' lang='lat' dir='ltr'><strong>eiusdem</strong></span> <span class='ocrx_word' id='word_1_192' title='bbox 567 1269 645 1303; x_wconf 85' lang='lat' dir='ltr'><strong>ecclesie</strong></span> <span class='ocrx_word' id='word_1_193' title='bbox 658 1270 753 1312; x_wconf 87' lang='lat' dir='ltr'><strong>monacho,</strong></span> <span class='ocrx_word' id='word_1_194' title='bbox 763 1281 782 1302; x_wconf 66' lang='grc' dir='ltr'><strong>πο</strong></span> 
     </span>
     <span class='ocr_line' id='line_1_22' title="bbox 52 1320 754 1365; baseline 0.001 -10"><span class='ocrx_word' id='word_1_195' title='bbox 52 1332 89 1356; x_wconf 87' lang='lat' dir='ltr'><strong>uon</strong></span> <span class='ocrx_word' id='word_1_196' title='bbox 101 1321 160 1356; x_wconf 88' lang='lat' dir='ltr'><strong>solum</strong></span> <span class='ocrx_word' id='word_1_197' title='bbox 172 1322 210 1356; x_wconf 91' lang='lat' dir='ltr'><strong>vite</strong></span> <span class='ocrx_word' id='word_1_198' title='bbox 223 1321 269 1356; x_wconf 76' lang='lat' dir='ltr'><strong>sue⁶</strong></span> <span class='ocrx_word' id='word_1_199' title='bbox 282 1320 377 1355; x_wconf 88' lang='lat' dir='ltr'><strong>historiam</strong></span> <span class='ocrx_word' id='word_1_200' title='bbox 389 1321 412 1354; x_wconf 93' lang='lat' dir='ltr'><strong>ad</strong></span> <span class='ocrx_word' id='word_1_201' title='bbox 424 1321 528 1365; x_wconf 88' lang='lat' dir='ltr'><strong>legendum,</strong></span> <span class='ocrx_word' id='word_1_202' title='bbox 540 1332 605 1356; x_wconf 86' lang='lat' dir='ltr'><strong>verum</strong></span> <span class='ocrx_word' id='word_1_203' title='bbox 617 1321 671 1356; x_wconf 84' lang='lat' dir='ltr'><strong>etiam</strong></span> <span class='ocrx_word' id='word_1_204' title='bbox 683 1322 754 1357; x_wconf 91' lang='lat' dir='ltr'><strong>musico</strong></span> 
     </span>
     <span class='ocr_line' id='line_1_23' title="bbox 53 1374 754 1419; baseline 0 -10"><span class='ocrx_word' id='word_1_205' title='bbox 53 1375 176 1409; x_wconf 86' lang='lat' dir='ltr'><strong>modulamine</strong></span> <span class='ocrx_word' id='word_1_206' title='bbox 190 1376 213 1409; x_wconf 89' lang='lat' dir='ltr'><strong>ad</strong></span> <span class='ocrx_word' id='word_1_207' title='bbox 226 1375 335 1415; x_wconf 87' lang='lat' dir='ltr'><strong>canendum,</strong></span> <span class='ocrx_word' id='word_1_208' title='bbox 347 1375 430 1417; x_wconf 84' lang='lat' dir='ltr'><strong>diligenti</strong></span> <span class='ocrx_word' id='word_1_209' title='bbox 444 1374 504 1408; x_wconf 91' lang='lat' dir='ltr'><strong>studio</strong></span> <span class='ocrx_word' id='word_1_210' title='bbox 517 1375 557 1409; x_wconf 90' lang='lat' dir='ltr'><strong>fieri</strong></span> <span class='ocrx_word' id='word_1_211' title='bbox 572 1376 661 1419; x_wconf 87' lang='lat' dir='ltr'><strong>precepit,</strong></span> <span class='ocrx_word' id='word_1_212' title='bbox 676 1376 754 1409; x_wconf 90' lang='lat' dir='ltr'><strong>auctori-</strong></span> 
     </span>
     <span class='ocr_line' id='line_1_24' title="bbox 53 1420 754 1471; baseline 0.001 -10"><span class='ocrx_word' id='word_1_213' title='bbox 53 1427 107 1469; x_wconf 90' lang='lat' dir='ltr'><strong>zauit,</strong></span> <span class='ocrx_word' id='word_1_214' title='bbox 116 1431 134 1460; x_wconf 92' lang='lat' dir='ltr'><strong>et</strong></span> <span class='ocrx_word' id='word_1_215' title='bbox 142 1427 161 1460; x_wconf 93' lang='lat' dir='ltr'><strong>in</strong></span> <span class='ocrx_word' id='word_1_216' title='bbox 169 1426 246 1461; x_wconf 87' lang='lat' dir='ltr'><strong>ecclesia</strong></span> <span class='ocrx_word' id='word_1_217' title='bbox 255 1427 291 1470; x_wconf 90' lang='lat' dir='ltr'><strong>legi</strong></span> <span class='ocrx_word' id='word_1_218' title='bbox 303 1426 408 1470; x_wconf 85' lang='lat' dir='ltr'><strong>cantarique</strong></span> <span class='ocrx_word' id='word_1_219' title='bbox 415 1426 498 1460; x_wconf 90' lang='lat' dir='ltr'><strong>instituit.</strong></span> <span class='ocrx_word' id='word_1_220' title='bbox 536 1420 612 1461; x_wconf 84' lang='lat' dir='ltr'><strong>Nobilis</strong></span> <span class='ocrx_word' id='word_1_221' title='bbox 620 1427 694 1471; x_wconf 91' lang='lat' dir='ltr'><strong>quidam</strong></span> <span class='ocrx_word' id='word_1_222' title='bbox 702 1428 754 1471; x_wconf 84' lang='lat' dir='ltr'><strong>lepra</strong></span> 
     </span>
     <span class='ocr_line' id='line_1_25' title="bbox 52 1478 755 1524; baseline 0.003 -11"><span class='ocrx_word' id='word_1_223' title='bbox 52 1490 158 1524; x_wconf 85' lang='lat' dir='ltr'><strong>percussus,</strong></span> <span class='ocrx_word' id='word_1_224' title='bbox 170 1484 223 1513; x_wconf 86' lang='lat' dir='ltr'><strong>nocte</strong></span> <span class='ocrx_word' id='word_1_225' title='bbox 237 1480 315 1523; x_wconf 87' lang='lat' dir='ltr'><strong>quadam</strong></span> <span class='ocrx_word' id='word_1_226' title='bbox 327 1490 361 1523; x_wconf 90' lang='lat' dir='ltr'><strong>per</strong></span> <span class='ocrx_word' id='word_1_227' title='bbox 371 1478 432 1514; x_wconf 92' lang='lat' dir='ltr'><strong>visum</strong></span> <span class='ocrx_word' id='word_1_228' title='bbox 443 1480 552 1514; x_wconf 87' lang='lat' dir='ltr'><strong>admonetur</strong></span> <span class='ocrx_word' id='word_1_229' title='bbox 562 1484 582 1514; x_wconf 85' lang='lat' dir='ltr'><strong>vt</strong></span> <span class='ocrx_word' id='word_1_230' title='bbox 593 1480 609 1514; x_wconf 87' lang='lat' dir='ltr'><strong>si</strong></span> <span class='ocrx_word' id='word_1_231' title='bbox 621 1480 682 1515; x_wconf 87' lang='lat' dir='ltr'><strong>sanari</strong></span> <span class='ocrx_word' id='word_1_232' title='bbox 693 1481 755 1524; x_wconf 91' lang='lat' dir='ltr'><strong>vellet,</strong></span> 
     </span>
     <span class='ocr_line' id='line_1_26' title="bbox 53 1532 782 1576; baseline 0 -10"><span class='ocrx_word' id='word_1_233' title='bbox 53 1533 134 1567; x_wconf 85' lang='lat' dir='ltr'><strong>Beccum</strong></span> <span class='ocrx_word' id='word_1_234' title='bbox 147 1533 217 1574; x_wconf 90' lang='lat' dir='ltr'><strong>adiens,</strong></span> <span class='ocrx_word' id='word_1_235' title='bbox 229 1543 301 1576; x_wconf 87' lang='lat' dir='ltr'><strong>aquam,</strong></span> <span class='ocrx_word' id='word_1_236' title='bbox 310 1533 359 1565; x_wconf 85' lang='lat' dir='ltr'><strong>vnde</strong></span> <span class='ocrx_word' id='word_1_237' title='bbox 372 1542 439 1565; x_wconf 88' lang='lat' dir='ltr'><strong>manus</strong></span> <span class='ocrx_word' id='word_1_238' title='bbox 451 1532 537 1566; x_wconf 86' lang='lat' dir='ltr'><strong>Anselmi</strong></span> <span class='ocrx_word' id='word_1_239' title='bbox 545 1533 652 1567; x_wconf 83' lang='lat' dir='ltr'><strong>lauarentur</strong></span> <span class='ocrx_word' id='word_1_240' title='bbox 663 1533 682 1567; x_wconf 92' lang='lat' dir='ltr'><strong>in</strong></span> <span class='ocrx_word' id='word_1_241' title='bbox 693 1534 755 1575; x_wconf 82' lang='lat' dir='ltr'><strong>missa,</strong></span> <span class='ocrx_word' id='word_1_242' title='bbox 764 1546 782 1576; x_wconf 78' lang='lat'><strong>²5</strong></span> 
     </span>
     <span class='ocr_line' id='line_1_27' title="bbox 52 1579 755 1630; baseline 0.001 -10"><span class='ocrx_word' id='word_1_243' title='bbox 52 1585 71 1620; x_wconf 93' lang='lat' dir='ltr'><strong>in</strong></span> <span class='ocrx_word' id='word_1_244' title='bbox 85 1591 149 1630; x_wconf 90' lang='lat' dir='ltr'><strong>potum</strong></span> <span class='ocrx_word' id='word_1_245' title='bbox 163 1590 250 1620; x_wconf 89' lang='lat' dir='ltr'><strong>sumeret.</strong></span> <span class='ocrx_word' id='word_1_246' title='bbox 273 1585 314 1628; x_wconf 79' lang='lat' dir='ltr'><strong>Quo</strong></span> <span class='ocrx_word' id='word_1_247' title='bbox 325 1584 378 1627; x_wconf 87' lang='lat' dir='ltr'><strong>lacto,</strong></span> <span class='ocrx_word' id='word_1_248' title='bbox 389 1584 462 1619; x_wconf 90' lang='lat' dir='ltr'><strong>sanitati</strong></span> <span class='ocrx_word' id='word_1_249' title='bbox 475 1584 547 1629; x_wconf 84' lang='lat' dir='ltr'><strong>integre</strong></span> <span class='ocrx_word' id='word_1_250' title='bbox 562 1585 669 1621; x_wconf 87' lang='lat' dir='ltr'><strong>restituitur.</strong></span> <span class='ocrx_word' id='word_1_251' title='bbox 710 1579 755 1621; x_wconf 78' lang='lat' dir='ltr'><strong>litlo-</strong></span> 
     </span>
     <span class='ocr_line' id='line_1_28' title="bbox 53 1637 755 1684; baseline 0.001 -11"><span class='ocrx_word' id='word_1_252' title='bbox 53 1639 123 1673; x_wconf 85' lang='lat' dir='ltr'><strong>nachus</strong></span> <span class='ocrx_word' id='word_1_253' title='bbox 139 1638 214 1682; x_wconf 92' lang='lat' dir='ltr'><strong>quidam</strong></span> <span class='ocrx_word' id='word_1_254' title='bbox 226 1638 246 1673; x_wconf 94' lang='lat' dir='ltr'><strong>in</strong></span> <span class='ocrx_word' id='word_1_255' title='bbox 261 1643 330 1673; x_wconf 87' lang='lat' dir='ltr'><strong>tantam</strong></span> <span class='ocrx_word' id='word_1_256' title='bbox 346 1637 471 1682; x_wconf 89' lang='lat' dir='ltr'><strong>temptationis</strong></span> <span class='ocrx_word' id='word_1_257' title='bbox 486 1639 586 1682; x_wconf 90' lang='lat' dir='ltr'><strong>procellam</strong></span> <span class='ocrx_word' id='word_1_258' title='bbox 602 1639 721 1684; x_wconf 85' lang='lat' dir='ltr'><strong>demergitur,</strong></span> <span class='ocrx_word' id='word_1_259' title='bbox 735 1646 755 1675; x_wconf 88' lang='lat' dir='ltr'><strong>vt</strong></span> 
     </span>
     <span class='ocr_line' id='line_1_29' title="bbox 53 1691 755 1736; baseline 0.003 -10"><span class='ocrx_word' id='word_1_260' title='bbox 53 1692 194 1726; x_wconf 85' lang='lat' dir='ltr'><strong>succedentibus</strong></span> <span class='ocrx_word' id='word_1_261' title='bbox 207 1691 242 1725; x_wconf 91' lang='lat' dir='ltr'><strong>sibi</strong></span> <span class='ocrx_word' id='word_1_262' title='bbox 255 1691 311 1726; x_wconf 84' lang='lat' dir='ltr'><strong>variis</strong></span> <span class='ocrx_word' id='word_1_263' title='bbox 323 1691 453 1736; x_wconf 88' lang='lat' dir='ltr'><strong>cogitationum</strong></span> <span class='ocrx_word' id='word_1_264' title='bbox 468 1692 580 1734; x_wconf 80' lang='lat' dir='ltr'><strong>tumultibus,</strong></span> <span class='ocrx_word' id='word_1_265' title='bbox 594 1692 625 1727; x_wconf 86' lang='lat' dir='ltr'><strong>vix</strong></span> <span class='ocrx_word' id='word_1_266' title='bbox 638 1693 706 1728; x_wconf 92' lang='lat' dir='ltr'><strong>mentis</strong></span> <span class='ocrx_word' id='word_1_267' title='bbox 721 1704 755 1729; x_wconf 86' lang='lat' dir='ltr'><strong>sue</strong></span> 
     </span>
     <span class='ocr_line' id='line_1_30' title="bbox 53 1744 756 1790; baseline 0.004 -11"><span class='ocrx_word' id='word_1_268' title='bbox 53 1756 129 1790; x_wconf 90' lang='lat' dir='ltr'><strong>compos</strong></span> <span class='ocrx_word' id='word_1_269' title='bbox 145 1745 238 1779; x_wconf 86' lang='lat' dir='ltr'><strong>existeret.</strong></span> <span class='ocrx_word' id='word_1_270' title='bbox 265 1745 349 1789; x_wconf 89' lang='lat' dir='ltr'><strong>Cumque</strong></span> <span class='ocrx_word' id='word_1_271' title='bbox 365 1744 436 1789; x_wconf 89' lang='lat' dir='ltr'><strong>singula</strong></span> <span class='ocrx_word' id='word_1_272' title='bbox 451 1744 542 1779; x_wconf 81' lang='lat' dir='ltr'><strong>Anselmo</strong></span> <span class='ocrx_word' id='word_1_273' title='bbox 557 1756 599 1780; x_wconf 93' lang='lat' dir='ltr'><strong>cum</strong></span> <span class='ocrx_word' id='word_1_274' title='bbox 613 1757 680 1790; x_wconf 87' lang='lat' dir='ltr'><strong>magna</strong></span> <span class='ocrx_word' id='word_1_275' title='bbox 695 1746 756 1782; x_wconf 85' lang='lat' dir='ltr'><strong>cordis</strong></span> 
     </span>
     <span class='ocr_line' id='line_1_31' title="bbox 53 1798 784 1842; baseline 0.004 -10"><span class='ocrx_word' id='word_1_276' title='bbox 53 1798 162 1832; x_wconf 89' lang='lat' dir='ltr'><strong>contritione</strong></span> <span class='ocrx_word' id='word_1_277' title='bbox 174 1798 279 1841; x_wconf 89' lang='lat' dir='ltr'><strong>reuelasset,</strong></span> <span class='ocrx_word' id='word_1_278' title='bbox 291 1798 326 1832; x_wconf 89' lang='lat' dir='ltr'><strong>hoc</strong></span> <span class='ocrx_word' id='word_1_279' title='bbox 339 1799 398 1832; x_wconf 91' lang='lat' dir='ltr'><strong>solum</strong></span> <span class='ocrx_word' id='word_1_280' title='bbox 410 1798 440 1842; x_wconf 92' lang='lat' dir='ltr'><strong>pio</strong></span> <span class='ocrx_word' id='word_1_281' title='bbox 452 1798 523 1841; x_wconf 83' lang='lat' dir='ltr'><strong>affeetu,</strong></span> <span class='ocrx_word' id='word_1_282' title='bbox 537 1798 605 1833; x_wconf 87' lang='lat' dir='ltr'><strong>scilicet</strong></span> <span class='ocrx_word' id='word_1_283' title='bbox 619 1800 712 1834; x_wconf 86' lang='lat' dir='ltr'><strong>‘consulat</strong></span> <span class='ocrx_word' id='word_1_284' title='bbox 723 1800 755 1835; x_wconf 93' lang='lat' dir='ltr'><strong>tibi</strong></span> <span class='ocrx_word' id='word_1_285' title='bbox 765 1812 784 1841; x_wconf 77' lang='lat'><strong>50</strong></span> 
     </span>
     <span class='ocr_line' id='line_1_32' title="bbox 54 1850 755 1896; baseline 0.003 -10"><span class='ocrx_word' id='word_1_286' title='bbox 54 1852 109 1886; x_wconf 91' lang='lat' dir='ltr'><strong>deus¹</strong></span> <span class='ocrx_word' id='word_1_287' title='bbox 118 1851 134 1885; x_wconf 90' lang='lat' dir='ltr'><strong>ei</strong></span> <span class='ocrx_word' id='word_1_288' title='bbox 142 1851 243 1895; x_wconf 90' lang='lat' dir='ltr'><strong>respondit.</strong></span> <span class='ocrx_word' id='word_1_289' title='bbox 260 1852 300 1885; x_wconf 88' lang='lat' dir='ltr'><strong>Nec</strong></span> <span class='ocrx_word' id='word_1_290' title='bbox 308 1862 365 1893; x_wconf 91' lang='lat' dir='ltr'><strong>mora,</strong></span> <span class='ocrx_word' id='word_1_291' title='bbox 372 1856 422 1885; x_wconf 87' lang='lat' dir='ltr'><strong>tanta</strong></span> <span class='ocrx_word' id='word_1_292' title='bbox 430 1850 498 1885; x_wconf 86' lang='lat' dir='ltr'><strong>mentis</strong></span> <span class='ocrx_word' id='word_1_293' title='bbox 505 1851 627 1895; x_wconf 90' lang='lat' dir='ltr'><strong>tranquillitas</strong></span> <span class='ocrx_word' id='word_1_294' title='bbox 635 1852 719 1896; x_wconf 88' lang='lat' dir='ltr'><strong>protinus</strong></span> <span class='ocrx_word' id='word_1_295' title='bbox 727 1859 755 1888; x_wconf 91' lang='lat' dir='ltr'><strong>est</strong></span> 
     </span>
     <span class='ocr_line' id='line_1_33' title="bbox 54 1897 755 1950; baseline 0.004 -12"><span class='ocrx_word' id='word_1_296' title='bbox 54 1910 121 1946; x_wconf 90' lang='lat' dir='ltr'><strong>secuta,</strong></span> <span class='ocrx_word' id='word_1_297' title='bbox 126 1910 146 1938; x_wconf 90' lang='lat' dir='ltr'><strong>vt</strong></span> <span class='ocrx_word' id='word_1_298' title='bbox 154 1905 214 1938; x_wconf 86' lang='lat' dir='ltr'><strong>subito</strong></span> <span class='ocrx_word' id='word_1_299' title='bbox 222 1903 268 1938; x_wconf 90' lang='lat' dir='ltr'><strong>alius</strong></span> <span class='ocrx_word' id='word_1_300' title='bbox 275 1904 328 1938; x_wconf 89' lang='lat' dir='ltr'><strong>fieret</strong></span> <span class='ocrx_word' id='word_1_301' title='bbox 336 1914 391 1948; x_wconf 87' lang='lat' dir='ltr'><strong>quam</strong></span> <span class='ocrx_word' id='word_1_302' title='bbox 399 1903 463 1938; x_wconf 83' lang='lat' dir='ltr'><strong>iuerat.</strong></span> <span class='ocrx_word' id='word_1_303' title='bbox 499 1897 595 1938; x_wconf 81' lang='lat' dir='ltr'><strong>Defuncto</strong></span> <span class='ocrx_word' id='word_1_304' title='bbox 602 1915 646 1949; x_wconf 85' lang='lat' dir='ltr'><strong>rege</strong></span> <span class='ocrx_word' id='word_1_305' title='bbox 652 1904 755 1950; x_wconf 85' lang='lat' dir='ltr'><strong>Anglorum</strong></span> 
     </span>
     <span class='ocr_line' id='line_1_34' title="bbox 54 1957 755 2001; baseline 0.003 -10"><span class='ocrx_word' id='word_1_306' title='bbox 54 1958 153 1999; x_wconf 93' lang='lat' dir='ltr'><strong>Willelmo,</strong></span> <span class='ocrx_word' id='word_1_307' title='bbox 172 1957 277 1991; x_wconf 89' lang='lat' dir='ltr'><strong>Willelmus</strong></span> <span class='ocrx_word' id='word_1_308' title='bbox 297 1957 363 1999; x_wconf 83' lang='lat' dir='ltr'><strong>Rufus,</strong></span> <span class='ocrx_word' id='word_1_309' title='bbox 382 1957 431 1990; x_wconf 89' lang='lat' dir='ltr'><strong>filius</strong></span> <span class='ocrx_word' id='word_1_310' title='bbox 450 1957 495 1998; x_wconf 88' lang='lat' dir='ltr'><strong>eius,</strong></span> <span class='ocrx_word' id='word_1_311' title='bbox 512 1968 590 2001; x_wconf 90' lang='lat' dir='ltr'><strong>regnum</strong></span> <span class='ocrx_word' id='word_1_312' title='bbox 606 1958 688 1992; x_wconf 88' lang='lat' dir='ltr'><strong>obtinuit.</strong></span> <span class='ocrx_word' id='word_1_313' title='bbox 718 1959 755 1993; x_wconf 90' lang='lat' dir='ltr'><strong>Hic</strong></span> 
     </span>
     <span class='ocr_line' id='line_1_35' title="bbox 53 2009 755 2055; baseline 0.001 -11"><span class='ocrx_word' id='word_1_314' title='bbox 53 2016 125 2044; x_wconf 86' lang='lat' dir='ltr'><strong>mortuo</strong></span> <span class='ocrx_word' id='word_1_315' title='bbox 142 2010 256 2052; x_wconf 85' lang='lat' dir='ltr'><strong>Lamsranco,</strong></span> <span class='ocrx_word' id='word_1_316' title='bbox 273 2009 360 2044; x_wconf 87' lang='lat' dir='ltr'><strong>ecclesias</strong></span> <span class='ocrx_word' id='word_1_317' title='bbox 379 2020 400 2044; x_wconf 88' lang='lat' dir='ltr'><strong>ac</strong></span> <span class='ocrx_word' id='word_1_318' title='bbox 419 2009 529 2044; x_wconf 89' lang='lat' dir='ltr'><strong>monasteria</strong></span> <span class='ocrx_word' id='word_1_319' title='bbox 548 2009 603 2044; x_wconf 90' lang='lat' dir='ltr'><strong>totius</strong></span> <span class='ocrx_word' id='word_1_320' title='bbox 621 2010 688 2055; x_wconf 86' lang='lat' dir='ltr'><strong>Anglie</strong></span> <span class='ocrx_word' id='word_1_321' title='bbox 703 2012 755 2055; x_wconf 88' lang='lat' dir='ltr'><strong>graui</strong></span> 
     </span>
     <span class='ocr_line' id='line_1_36' title="bbox 54 2061 783 2106; baseline 0.003 -11"><span class='ocrx_word' id='word_1_322' title='bbox 54 2063 131 2096; x_wconf 93' lang='lat' dir='ltr'><strong>nimium</strong></span> <span class='ocrx_word' id='word_1_323' title='bbox 140 2062 261 2106; x_wconf 88' lang='lat' dir='ltr'><strong>oppressione</strong></span> <span class='ocrx_word' id='word_1_324' title='bbox 267 2061 336 2095; x_wconf 80' lang='lat' dir='ltr'><strong>afflixit.</strong></span> <span class='ocrx_word' id='word_1_325' title='bbox 359 2062 416 2095; x_wconf 89' lang='lat' dir='ltr'><strong>Cuius</strong></span> <span class='ocrx_word' id='word_1_326' title='bbox 423 2062 549 2106; x_wconf 85' lang='lat' dir='ltr'><strong>oppressionis</strong></span> <span class='ocrx_word' id='word_1_327' title='bbox 557 2073 606 2097; x_wconf 85' lang='lat' dir='ltr'><strong>anuo</strong></span> <span class='ocrx_word' id='word_1_328' title='bbox 615 2068 679 2106; x_wconf 88' lang='lat' dir='ltr'><strong>quarto</strong></span> <span class='ocrx_word' id='word_1_329' title='bbox 687 2064 755 2098; x_wconf 82' lang='lat' dir='ltr'><strong>Ansel·</strong></span> <span class='ocrx_word' id='word_1_330' title='bbox 764 2074 783 2104; x_wconf 80' lang='lat'><strong>35</strong></span> 
     </span>
     <span class='ocr_line' id='line_1_37' title="bbox 54 2114 756 2160; baseline 0.001 -11"><span class='ocrx_word' id='word_1_331' title='bbox 54 2126 96 2150; x_wconf 94' lang='lat' dir='ltr'><strong>mus</strong></span> <span class='ocrx_word' id='word_1_332' title='bbox 112 2115 199 2149; x_wconf 89' lang='lat' dir='ltr'><strong>inuitatus</strong></span> <span class='ocrx_word' id='word_1_333' title='bbox 214 2115 237 2149; x_wconf 90' lang='lat' dir='ltr'><strong>ab</strong></span> <span class='ocrx_word' id='word_1_334' title='bbox 253 2114 333 2159; x_wconf 83' lang='lat' dir='ltr'><strong>Hugone</strong></span> <span class='ocrx_word' id='word_1_335' title='bbox 348 2115 439 2149; x_wconf 90' lang='lat' dir='ltr'><strong>cestrensi</strong></span> <span class='ocrx_word' id='word_1_336' title='bbox 454 2114 519 2149; x_wconf 89' lang='lat' dir='ltr'><strong>comite</strong></span> <span class='ocrx_word' id='word_1_337' title='bbox 536 2114 635 2160; x_wconf 87' lang='lat' dir='ltr'><strong>multisque</strong></span> <span class='ocrx_word' id='word_1_338' title='bbox 652 2115 756 2160; x_wconf 86' lang='lat' dir='ltr'><strong>Anglorum</strong></span> 
     </span>
     <span class='ocr_line' id='line_1_38' title="bbox 54 2167 755 2214; baseline 0.003 -12"><span class='ocrx_word' id='word_1_339' title='bbox 54 2168 168 2213; x_wconf 90' lang='lat' dir='ltr'><strong>principibus</strong></span> <span class='ocrx_word' id='word_1_340' title='bbox 176 2168 207 2213; x_wconf 91' lang='lat' dir='ltr'><strong>qui</strong></span> <span class='ocrx_word' id='word_1_341' title='bbox 216 2179 258 2203; x_wconf 91' lang='lat' dir='ltr'><strong>eum</strong></span> <span class='ocrx_word' id='word_1_342' title='bbox 268 2167 369 2202; x_wconf 87' lang='lat' dir='ltr'><strong>animarum</strong></span> <span class='ocrx_word' id='word_1_343' title='bbox 378 2179 453 2203; x_wconf 88' lang='lat' dir='ltr'><strong>suarum</strong></span> <span class='ocrx_word' id='word_1_344' title='bbox 463 2169 554 2203; x_wconf 89' lang='lat' dir='ltr'><strong>medicum</strong></span> <span class='ocrx_word' id='word_1_345' title='bbox 563 2169 660 2213; x_wconf 87' lang='lat' dir='ltr'><strong>elegerant,</strong></span> <span class='ocrx_word' id='word_1_346' title='bbox 668 2169 755 2214; x_wconf 83' lang='lat' dir='ltr'><strong>Angliam</strong></span> 
     </span>
     <span class='ocr_line' id='line_1_39' title="bbox 54 2221 755 2266; baseline 0.001 -9"><span class='ocrx_word' id='word_1_347' title='bbox 54 2222 150 2266; x_wconf 87' lang='lat' dir='ltr'><strong>ingressus</strong></span> <span class='ocrx_word' id='word_1_348' title='bbox 161 2228 194 2258; x_wconf 91' lang='lat' dir='ltr'><strong>est.</strong></span> <span class='ocrx_word' id='word_1_349' title='bbox 219 2221 305 2257; x_wconf 86' lang='lat' dir='ltr'><strong>Venienti</strong></span> <span class='ocrx_word' id='word_1_350' title='bbox 314 2227 376 2256; x_wconf 89' lang='lat' dir='ltr'><strong>autem</strong></span> <span class='ocrx_word' id='word_1_351' title='bbox 384 2222 407 2256; x_wconf 91' lang='lat' dir='ltr'><strong>ad</strong></span> <span class='ocrx_word' id='word_1_352' title='bbox 415 2221 484 2256; x_wconf 91' lang='lat' dir='ltr'><strong>curiam</strong></span> <span class='ocrx_word' id='word_1_353' title='bbox 492 2221 546 2266; x_wconf 88' lang='lat' dir='ltr'><strong>regis,</strong></span> <span class='ocrx_word' id='word_1_354' title='bbox 554 2233 588 2257; x_wconf 84' lang='lat' dir='ltr'><strong>rex</strong></span> <span class='ocrx_word' id='word_1_355' title='bbox 595 2221 636 2266; x_wconf 92' lang='lat' dir='ltr'><strong>ipse</strong></span> <span class='ocrx_word' id='word_1_356' title='bbox 644 2222 667 2257; x_wconf 85' lang='lat' dir='ltr'><strong>ad</strong></span> <span class='ocrx_word' id='word_1_357' title='bbox 675 2222 755 2258; x_wconf 90' lang='lat' dir='ltr'><strong>hostium</strong></span> 
     </span>
     <span class='ocr_line' id='line_1_40' title="bbox 54 2275 756 2324; baseline 0.003 -15"><span class='ocrx_word' id='word_1_358' title='bbox 54 2276 121 2309; x_wconf 88' lang='lat' dir='ltr'><strong>domus</strong></span> <span class='ocrx_word' id='word_1_359' title='bbox 131 2276 167 2309; x_wconf 92' lang='lat' dir='ltr'><strong>sibi</strong></span> <span class='ocrx_word' id='word_1_360' title='bbox 175 2276 259 2320; x_wconf 81' lang='lat' dir='ltr'><strong>gaudens</strong></span> <span class='ocrx_word' id='word_1_361' title='bbox 266 2275 349 2317; x_wconf 87' lang='lat' dir='ltr'><strong>occurrit,</strong></span> <span class='ocrx_word' id='word_1_362' title='bbox 360 2275 407 2310; x_wconf 91' lang='lat' dir='ltr'><strong>etin</strong></span> <span class='ocrx_word' id='word_1_363' title='bbox 418 2276 480 2309; x_wconf 89' lang='lat' dir='ltr'><strong>oscula</strong></span> <span class='ocrx_word' id='word_1_364' title='bbox 491 2275 530 2309; x_wconf 86' lang='lat' dir='ltr'><strong>eius</strong></span> <span class='ocrx_word' id='word_1_365' title='bbox 539 2286 602 2324; x_wconf 81' lang='lat' dir='ltr'><strong>ruens,</strong></span> <span class='ocrx_word' id='word_1_366' title='bbox 613 2286 648 2319; x_wconf 87' lang='lat' dir='ltr'><strong>per</strong></span> <span class='ocrx_word' id='word_1_367' title='bbox 659 2276 756 2311; x_wconf 82' lang='lat' dir='ltr'><strong>dexteram</strong></span> 
     </span>
     <span class='ocr_line' id='line_1_41' title="bbox 47 2328 785 2373; baseline 0.001 -11"><span class='ocrx_word' id='word_1_368' title='bbox 47 2328 95 2363; x_wconf 47' lang='lat' dir='ltr'><strong>*eius</strong></span> <span class='ocrx_word' id='word_1_369' title='bbox 108 2329 132 2363; x_wconf 89' lang='lat' dir='ltr'><strong>ad</strong></span> <span class='ocrx_word' id='word_1_370' title='bbox 144 2330 209 2364; x_wconf 87' lang='lat' dir='ltr'><strong>sedem</strong></span> <span class='ocrx_word' id='word_1_371' title='bbox 224 2340 276 2363; x_wconf 87' lang='lat' dir='ltr'><strong>suam</strong></span> <span class='ocrx_word' id='word_1_372' title='bbox 288 2329 379 2373; x_wconf 81' lang='lat' dir='ltr'><strong>perduxit.</strong></span> <span class='ocrx_word' id='word_1_373' title='bbox 402 2329 483 2363; x_wconf 88' lang='lat' dir='ltr'><strong>Demum</strong></span> <span class='ocrx_word' id='word_1_374' title='bbox 495 2329 601 2370; x_wconf 86' lang='lat' dir='ltr'><strong>Anselmus,</strong></span> <span class='ocrx_word' id='word_1_375' title='bbox 614 2329 703 2364; x_wconf 88' lang='lat' dir='ltr'><strong>secretius</strong></span> <span class='ocrx_word' id='word_1_376' title='bbox 714 2341 755 2366; x_wconf 86' lang='lat' dir='ltr'><strong>cum</strong></span> <span class='ocrx_word' id='word_1_377' title='bbox 764 2341 785 2371; x_wconf 78' lang='lat'><strong>⁴0</strong></span> 
     </span>
     <span class='ocr_line' id='line_1_42' title="bbox 54 2381 757 2426; baseline 0.004 -11"><span class='ocrx_word' id='word_1_378' title='bbox 54 2392 98 2426; x_wconf 85' lang='lat' dir='ltr'><strong>rege</strong></span> <span class='ocrx_word' id='word_1_379' title='bbox 106 2387 185 2425; x_wconf 86' lang='lat' dir='ltr'><strong>acturus,</strong></span> <span class='ocrx_word' id='word_1_380' title='bbox 194 2387 265 2416; x_wconf 85' lang='lat' dir='ltr'><strong>ceteros</strong></span> <span class='ocrx_word' id='word_1_381' title='bbox 273 2383 361 2417; x_wconf 87' lang='lat' dir='ltr'><strong>secedere</strong></span> <span class='ocrx_word' id='word_1_382' title='bbox 369 2387 436 2416; x_wconf 90' lang='lat' dir='ltr'><strong>monet.</strong></span> <span class='ocrx_word' id='word_1_383' title='bbox 459 2381 538 2416; x_wconf 92' lang='lat' dir='ltr'><strong>Omissis</strong></span> <span class='ocrx_word' id='word_1_384' title='bbox 549 2381 604 2426; x_wconf 82' lang='lat' dir='ltr'><strong>igitur</strong></span> <span class='ocrx_word' id='word_1_385' title='bbox 613 2382 719 2418; x_wconf 88' lang='lat' dir='ltr'><strong>monasterii</strong></span> <span class='ocrx_word' id='word_1_386' title='bbox 728 2383 757 2418; x_wconf 86' lang='lat' dir='ltr'><strong>sui</strong></span> 
     </span>
     <span class='ocr_line' id='line_1_43' title="bbox 55 2435 756 2481; baseline 0.004 -13"><span class='ocrx_word' id='word_1_387' title='bbox 55 2435 120 2477; x_wconf 88' lang='lat' dir='ltr'><strong>causis,</strong></span> <span class='ocrx_word' id='word_1_388' title='bbox 132 2446 196 2479; x_wconf 85' lang='lat' dir='ltr'><strong>regem</strong></span> <span class='ocrx_word' id='word_1_389' title='bbox 204 2436 228 2470; x_wconf 92' lang='lat' dir='ltr'><strong>de</strong></span> <span class='ocrx_word' id='word_1_390' title='bbox 238 2436 267 2470; x_wconf 92' lang='lat' dir='ltr'><strong>his</strong></span> <span class='ocrx_word' id='word_1_391' title='bbox 275 2446 311 2480; x_wconf 86' lang='lat' dir='ltr'><strong>que</strong></span> <span class='ocrx_word' id='word_1_392' title='bbox 319 2435 367 2469; x_wconf 88' lang='lat' dir='ltr'><strong>fama</strong></span> <span class='ocrx_word' id='word_1_393' title='bbox 377 2435 400 2469; x_wconf 89' lang='lat' dir='ltr'><strong>de</strong></span> <span class='ocrx_word' id='word_1_394' title='bbox 408 2445 430 2469; x_wconf 92' lang='lat' dir='ltr'><strong>eo</strong></span> <span class='ocrx_word' id='word_1_395' title='bbox 438 2435 508 2469; x_wconf 88' lang='lat' dir='ltr'><strong>serebat</strong></span> <span class='ocrx_word' id='word_1_396' title='bbox 516 2445 593 2478; x_wconf 87' lang='lat' dir='ltr'><strong>arguere</strong></span> <span class='ocrx_word' id='word_1_397' title='bbox 601 2435 654 2479; x_wconf 87' lang='lat' dir='ltr'><strong>cepit,</strong></span> <span class='ocrx_word' id='word_1_398' title='bbox 662 2446 697 2470; x_wconf 88' lang='lat' dir='ltr'><strong>nec</strong></span> <span class='ocrx_word' id='word_1_399' title='bbox 708 2437 756 2481; x_wconf 89' lang='lat' dir='ltr'><strong>quic-</strong></span> 
     </span>
     <span class='ocr_line' id='line_1_44' title="bbox 55 2482 758 2533; baseline 0.007 -13"><span class='ocrx_word' id='word_1_400' title='bbox 55 2497 111 2531; x_wconf 89' lang='lat' dir='ltr'><strong>quam</strong></span> <span class='ocrx_word' id='word_1_401' title='bbox 119 2498 183 2523; x_wconf 89' lang='lat' dir='ltr'><strong>eorum</strong></span> <span class='ocrx_word' id='word_1_402' title='bbox 191 2498 228 2533; x_wconf 87' lang='lat' dir='ltr'><strong>que</strong></span> <span class='ocrx_word' id='word_1_403' title='bbox 232 2488 258 2523; x_wconf 91' lang='lat' dir='ltr'><strong>illi</strong></span> <span class='ocrx_word' id='word_1_404' title='bbox 264 2488 341 2523; x_wconf 87' lang='lat' dir='ltr'><strong>dicenda</strong></span> <span class='ocrx_word' id='word_1_405' title='bbox 346 2498 387 2523; x_wconf 89' lang='lat' dir='ltr'><strong>esse</strong></span> <span class='ocrx_word' id='word_1_406' title='bbox 393 2488 467 2531; x_wconf 89' lang='lat' dir='ltr'><strong>sciebat,</strong></span> <span class='ocrx_word' id='word_1_407' title='bbox 473 2486 546 2521; x_wconf 89' lang='lat' dir='ltr'><strong>silentio</strong></span> <span class='ocrx_word' id='word_1_408' title='bbox 553 2487 626 2532; x_wconf 91' lang='lat' dir='ltr'><strong>pressit.</strong></span> <span class='ocrx_word' id='word_1_409' title='bbox 661 2488 668 2508; x_wconf 81' lang='lat'>⁷</span> <span class='ocrx_word' id='word_1_410' title='bbox 676 2482 758 2525; x_wconf 82' lang='lat' dir='ltr'><strong>Flebant</strong></span> 
     </span>
    </p>
   </div>
   <div class='ocr_carea' id='block_1_3' title="bbox 55 2561 758 2634">
    <p class='ocr_par' dir='ltr' id='par_1_3' title="bbox 55 2561 758 2634">
     <span class='ocr_line' id='line_1_45' title="bbox 76 2561 758 2594; baseline 0.006 -4"><span class='ocrx_word' id='word_1_411' title='bbox 76 2562 233 2594; x_wconf 87' lang='lat' dir='ltr'><strong>¹Vit.intendendo.</strong></span> <span class='ocrx_word' id='word_1_412' title='bbox 297 2562 406 2593; x_wconf 78' lang='lat' dir='ltr'><strong>²om.inVit.</strong></span> <span class='ocrx_word' id='word_1_413' title='bbox 466 2561 577 2593; x_wconf 80' lang='lat' dir='ltr'><strong>³om.inVit.</strong></span> <span class='ocrx_word' id='word_1_414' title='bbox 637 2564 683 2594; x_wconf 65' lang='lat' dir='ltr'><strong>iorn.</strong></span> <span class='ocrx_word' id='word_1_415' title='bbox 691 2564 732 2594; x_wconf 86' lang='lat' dir='ltr'><strong>inT.</strong></span> <span class='ocrx_word' id='word_1_416' title='bbox 740 2564 758 2594; x_wconf 86' lang='lat' dir='ltr'><strong>E.</strong></span> 
     </span>
     <span class='ocr_line' id='line_1_46' title="bbox 55 2600 475 2634; baseline 0.005 -4"><span class='ocrx_word' id='word_1_417' title='bbox 55 2600 61 2618; x_wconf 78' lang='lat'><strong>³</strong></span> <span class='ocrx_word' id='word_1_418' title='bbox 71 2601 89 2632; x_wconf 84' lang='lat' dir='ltr'><strong>E.</strong></span> <span class='ocrx_word' id='word_1_419' title='bbox 97 2601 190 2634; x_wconf 86' lang='lat' dir='ltr'><strong>detineatur.</strong></span> <span class='ocrx_word' id='word_1_420' title='bbox 250 2601 298 2633; x_wconf 65' lang='lat' dir='ltr'><strong>‘vit</strong></span> <span class='ocrx_word' id='word_1_421' title='bbox 305 2602 343 2633; x_wconf 89' lang='lat' dir='ltr'><strong>eius.</strong></span> <span class='ocrx_word' id='word_1_422' title='bbox 403 2600 409 2618; x_wconf 81' lang='lat'>⁷</span> <span class='ocrx_word' id='word_1_423' title='bbox 419 2600 475 2632; x_wconf 85' lang='lat' dir='ltr'><strong>added.</strong></span> 
     </span>
    </p>
   </div>
   <div class='ocr_carea' id='block_1_4' title="bbox 0 0 891 2803">
    <p class='ocr_par' dir='ltr' id='par_1_4' title="bbox 0 0 891 2803">
     <span class='ocr_line' id='line_1_47' title="bbox 0 0 891 2803; baseline 0 0"><span class='ocrx_word' id='word_1_424' title='bbox 0 0 891 2803; x_wconf 95' lang='lat' dir='ltr'><strong> </strong></span> 
     </span>
    </p>
   </div>
  </div>
 </body>
</html>
