1762 2803
113 149 115 155 ·
129 148 173 200 700
386 142 510 203 appetente
527 145 574 191 ΙΙΙ.

126 254 185 288 diuine
193 255 325 296 dispensationis
333 255 432 296 mysterium
440 255 538 289 nunciabat.
562 258 640 298 Cumque
650 256 667 288 in
675 255 728 289 extasi
736 261 753 291 et
761 261 830 298 stupore

127 304 222 337 secundum
236 305 293 337 uarios
308 304 361 337 animi
376 310 433 337 motus
447 305 557 347 opinionibus
570 304 655 349 ambiguis
668 306 781 340 fluctuarent:
796 315 830 339 vna

127 354 239 389 obstetricum
254 355 341 389 dedomo
356 355 386 389 illa
400 355 490 396 egrediens
505 356 625 391 miraculosam
639 356 708 390 infantis
723 356 831 390 natiuitatem

128 405 227 446 annunciat,
244 405 336 448 diuineque
353 404 467 439 miserationis
484 408 582 450 presagium
599 407 638 441 uiue
656 407 704 440 uocis
722 406 832 440 attestatione

111 455 222 492 sconiinnat.

189 538 220 570 DE
230 545 283 571 FAMA
294 545 391 573 MIRACULI
403 547 425 572 IN
436 547 556 574 NATIUITATE
568 548 592 574 ET
603 547 697 575 BAPTISMO
708 546 774 573 suunt.

166 606 207 649 Epit
216 606 263 640 fama
273 607 317 640 tanti
325 607 403 641 miraculi
411 619 442 651 per
452 608 549 651 prouincias
556 608 655 643 adiacentes
665 608 724 642 crebra
733 616 832 640 commean-

187 656 232 691 cium
247 657 330 692 relatione
346 659 460 701 plebescerel,
474 664 556 702 ceperunt
574 659 633 703 populi
650 658 727 692 diuinam
745 657 763 690 in
779 668 833 700 puero

129 706 279 749 magnificenciam
297 710 424 749 commendare,
439 720 472 751 que
489 715 537 742 tante
555 709 627 742 uisionis
642 715 703 741 euentu
718 708 790 748 dignata
807 712 833 739 est

129 756 234 799 primitiuam
247 759 334 792 nascentis
349 758 442 792 infanciam
462 759 555 792 declarare.
578 759 646 791 Octauo
661 758 719 801 itaque
734 757 762 789 die
776 755 834 798 bapti-

103 819 122 843 10
130 813 182 850 zatus,
192 813 210 841 et
221 808 316 841 Guthlacus
327 808 344 841 in
354 808 440 851 baptismo
449 813 521 842 uocatus
531 813 568 842 est:
584 808 629 852 quod
640 806 778 852 interpretatione
788 805 833 840 felici

130 865 180 904 sonat
189 857 237 891 ‘belli
245 859 318 891 donum¹
325 858 361 891 siue
367 859 372 875 ‘
377 861 441 892 bonum
449 860 524 901 donum,’
531 860 577 892 iuxta
584 859 654 901 ydioma
661 859 761 901 Anglorum.
776 859 792 891 A
800 858 833 891 deo

130 909 177 943 enim
187 909 261 942 donatus
271 914 297 942 est
309 909 413 951 parentibus,
422 915 441 943 ut
451 915 510 943 contra
521 919 630 952 oppressores
642 919 701 943 eorum
713 909 758 942 bella
767 912 834 950 gereret

130 970 151 991 ac
158 960 180 991 de
188 958 255 990 illorum
262 958 334 991 uictoria
341 959 454 1001 triumphales
462 960 520 992 titulos
527 964 627 1001 reportaret.
648 960 686 1000 Vel,
695 958 741 1000 quod
748 957 834 1000 plerisque

130 1008 256 1050 competencius
271 1008 327 1041 uisum
343 1013 375 1049 est,
390 1009 437 1041 iuxta
452 1009 512 1042 datum
527 1009 611 1052 optimum
627 1009 725 1050 donumque
739 1007 834 1050 perfectum

104 1064 122 1096 15
128 1058 270 1101 descendensque
280 1069 291 1091 a
301 1064 350 1102 patre
360 1058 449 1102 luminum,
460 1065 520 1094 contra
529 1059 626 1102 spirituales
635 1058 723 1102 nequicias
733 1056 835 1101 multiplicia

130 1110 175 1143 bella
185 1109 243 1150 gessit,
255 1119 266 1142 a
277 1109 379 1142 demonibus
389 1110 466 1151 grauiter
478 1110 552 1143 afflictus
564 1110 631 1143 fortiter
642 1119 671 1142 eos
683 1109 728 1150 uicit,
740 1118 833 1150 omnesque

131 1159 168 1191 illas
186 1164 304 1192 monstruosas
322 1158 367 1192 acies
386 1160 408 1192 de
425 1159 480 1193 insula
499 1159 603 1200 Croilandie,
618 1169 671 1201 quam
686 1158 733 1199 longi
751 1157 834 1198 temporis

130 1207 254 1249 prescriptione
270 1207 386 1241 uendicabant
403 1208 421 1241 in
437 1219 491 1249 suam,
506 1215 585 1251 potenter
599 1208 649 1242 eiecit
663 1218 684 1241 ac
699 1207 757 1249 procul
772 1207 834 1249 imper·

130 1263 201 1300 petuum
217 1257 304 1299 relegauit.
333 1258 435 1291 Proficiebat
449 1269 493 1301 puer
509 1264 560 1300 etate,
575 1265 592 1292 et
609 1257 668 1301 gracia
686 1257 732 1301 apud
749 1257 800 1290 deum
817 1262 834 1290 et

104 1319 124 1340 ιο
131 1309 214 1342 homines.
238 1309 280 1341 Erat
292 1314 350 1349 autem
361 1309 406 1342 facie
418 1309 549 1342 serenissimus:
565 1309 590 1343 sic
599 1310 646 1342 enim
657 1309 699 1342 deus
710 1308 776 1341 uultum
785 1307 834 1350 pueri

132 1361 207 1403 quadam
221 1359 306 1393 hilaritate
317 1359 412 1401 fauorabili,
424 1360 499 1402 quodam
512 1360 590 1402 angelico
602 1360 670 1402 placore
683 1363 797 1398 serenauerat,
810 1358 834 1391 ita

131 1410 178 1443 dicta
196 1415 213 1442 et
231 1410 278 1442 facta
296 1409 340 1442 illius
357 1409 433 1452 quodam
454 1410 512 1443 celesti
531 1411 577 1443 dono
594 1409 726 1452 gratificauerat,
744 1414 763 1441 ut
780 1408 833 1441 corda

131 1460 220 1493 hominum
234 1460 269 1492 solo
283 1465 376 1502 conspectu
389 1459 420 1493 sibi
433 1459 531 1493 conciliaret
545 1460 562 1492 in
576 1459 652 1501 graciam
663 1464 680 1492 et
691 1459 772 1492 fauorem.
796 1459 834 1491 lani

131 1509 295 1553 quintumdecimum
305 1520 369 1542 annum
380 1510 490 1552 impleuerat:
503 1511 563 1553 suique
575 1510 643 1552 generis
653 1508 731 1542 inimicos
741 1508 834 1541 inualuisse

105 1567 124 1598 25
132 1559 245 1602 conspiciens,
252 1559 298 1601 cepit
305 1561 328 1592 ad
335 1559 418 1593 militares
425 1567 474 1593 actus
482 1560 528 1593 iuxta
535 1560 579 1593 illius
591 1561 641 1593 etatis
652 1558 758 1601 exigenciam
768 1559 835 1591 feruen-

132 1610 169 1642 cius
181 1614 253 1642 estuare.
276 1610 372 1643 Decoratus
383 1609 441 1653 itaque
452 1609 521 1652 cingulo
532 1610 606 1652 militari,
615 1610 690 1643 virorum
700 1609 770 1643 tortium
779 1615 836 1643 trans·

133 1661 191 1693 cendit
203 1660 299 1701 audaciam,
312 1659 431 1702 adiunctisque
445 1660 477 1692 sibi
490 1660 543 1702 copiis
555 1659 661 1701 militaribus,
674 1659 720 1702 cepit
734 1658 751 1691 in
764 1659 835 1692 hostiles

132 1710 205 1753 populos
217 1709 314 1743 immaniter
323 1709 406 1751 deseuire,
417 1710 518 1752 impugnare
528 1711 584 1751 urbes,
592 1711 662 1744 castella
671 1711 774 1749 subuertere,
782 1719 803 1742 ac
813 1709 836 1742 de

132 1760 198 1793 bellicis
211 1759 277 1792 actibus
291 1759 326 1792 suis
339 1759 384 1801 cepit
399 1759 523 1792 inestimabiles
537 1760 582 1792 fame
595 1758 653 1792 titulos
666 1759 747 1802 optinere.
771 1758 835 1791 Mirum

105 1817 125 1847 30
132 1808 214 1843 tamenin
220 1810 290 1842 modurn
296 1809 314 1842 in
320 1808 358 1852 ipsa
364 1809 463 1843 crudelitate
468 1809 563 1843 annorum²
568 1810 646 1843 hostibus
652 1810 687 1843 suis
692 1810 788 1843 misericors
793 1815 835 1851 erat,

133 1860 192 1903 eisque
201 1860 223 1893 de
233 1860 298 1902 rapinis
309 1866 326 1893 et
337 1860 395 1902 predis
407 1866 474 1903 partem
485 1861 556 1894 terciam
568 1862 673 1895 retundebat.
695 1862 759 1894 Verum
768 1860 809 1904 quia
818 1860 836 1893 in

133 1922 154 1944 eo
165 1922 196 1945 uas
206 1910 294 1944 electionis
307 1911 416 1954 dispensacio
429 1911 460 1945 sibi
472 1911 531 1945 diuina
542 1913 645 1956 preuiderat,
656 1922 691 1946 non
705 1911 784 1945 sustinuit
796 1922 835 1944 eum

133 1962 196 1995 diutius
208 1962 225 1994 in
236 1961 329 2004 perniciem
339 1962 406 2004 proprie
418 1963 477 1995 salutis
488 1973 582 2003 excurrere,
593 1964 624 1996 sed
634 1969 698 2004 quanto
709 1962 727 1995 in
739 1961 837 1995 armorum²

133 2011 196 2044 milicia
207 2010 302 2044 feruencior
313 2012 373 2051 iuerat,
383 2017 431 2044 tanto
442 2012 532 2045 ardencius
543 2012 620 2045 animum
631 2011 668 2045 eius
679 2011 764 2044 desiderio
774 2010 837 2044 milicie

106 2071 125 2104 35
134 2059 225 2104 spiritualis
234 2060 313 2094 dominus
320 2061 431 2096 accendebat.

168 2151 199 2182 Du
211 2150 291 2183 Mrnrcm
303 2157 360 2183 nunni
372 2152 474 2184 Gurnnncr
485 2159 510 2185 ΕΤ
521 2159 548 2185 nn
559 2159 697 2187 conunusrortn
708 2159 800 2186 Etusnnn.

135 2214 140 2231 ‘
184 2215 288 2255 Ecogitabat
296 2215 362 2249 iuuenis
370 2216 408 2249 dies
416 2227 456 2249 suos
463 2216 481 2249 in
489 2217 602 2251 amaritudine
609 2218 667 2251 anime
675 2218 715 2252 sue.'
736 2217 764 2250 Ad
772 2227 837 2250 merno-

206 2263 249 2297 riam
261 2266 352 2299 reducebat
364 2266 484 2309 dampnabiles
494 2266 549 2301 exitus
560 2279 620 2310 regum
631 2278 766 2311 magnorumque
774 2267 837 2311 princi·

134 2326 176 2360 pum
190 2314 212 2348 de
226 2324 298 2358 quorum
314 2316 366 2359 stirpe
381 2317 498 2352 descenderat.
521 2319 629 2361 intelligebat
645 2319 692 2362 quod
706 2329 770 2362 pompa
784 2318 837 2361 glorie

135 2365 216 2401 secularis
232 2366 290 2398 furnus
306 2372 332 2399 est
348 2373 365 2399 et
381 2368 446 2410 ‘uapor
460 2370 483 2402 ad
499 2369 586 2402 modicum
603 2367 687 2413 parens⁸.'
714 2369 783 2403 Sciebat
797 2369 838 2413 quia

109 2425 129 2456 40
135 2419 196 2450 breues
211 2420 250 2448 sunt
265 2415 303 2448 dies
320 2416 400 2458 hominis,
415 2419 453 2451 finis
470 2429 512 2452 uero
530 2420 596 2460 dubius,
612 2419 666 2452 exitus
680 2419 771 2459 horribilis,
786 2419 838 2452 iudex

135 2465 220 2505 terribilis,
228 2476 274 2508 pena
281 2465 373 2499 infinibilis.
397 2468 500 2501 Conuocatis
508 2468 559 2509 igitur
569 2467 713 2502 commilitonibus
723 2468 763 2509 suis,
772 2468 837 2502 eisdem

136 2526 167 2550 sue
185 2515 302 2550 conuersionis
321 2516 406 2550 desideria
423 2517 510 2551 reuelauit.
533 2519 639 2560 ‘Hactenus
657 2518 716 2563 inquit,
734 2518 785 2552 amici
803 2518 837 2552 mei

182 2583 188 2603 ¹
198 2592 209 2615 r.
217 2585 347 2623 percrebresceret
427 2585 434 2604 ¹
444 2586 478 2617 MS.
485 2596 562 2617 annorum.
643 2587 649 2605 ³
660 2588 679 2619 T.
685 2588 703 2619 E.
711 2597 790 2628 apparens.
