1762 2803
100 129 152 181 '566
372 112 496 181 apparuit
513 123 545 168 ΙΙ.

108 245 233 279 ministrabant.
257 244 294 278 Illic
307 254 348 286 ergo
362 243 465 286 quibusdam
476 243 520 277 casis
533 249 551 277 et
564 252 617 286 paruo
630 243 704 276 oratorio
717 244 808 290 instructis,

109 303 181 340 ortoque
198 297 221 330 ad
236 297 282 330 olera
297 295 443 330 subministranda
458 296 540 337 plantato,
554 294 608 329 tribus
622 294 743 330 habitauerunt
754 299 809 333 annis.

110 349 140 381 Set
153 347 193 390 quia
205 340 314 380 nullomodo
326 345 406 387 indignus
418 346 532 378 conueniebat
543 345 568 378 eis
581 345 634 385 locus,
646 355 681 377 non
693 351 729 378 tam
740 355 809 390 propter

109 397 232 430 infertilitatem
250 407 303 439 quam
318 402 409 428 ventorum
427 397 573 437 procellarumque
589 394 712 435 inmanitatem,
729 400 809 433 retardati

92 455 100 484 5
110 447 257 480 contristabantur.
280 448 323 479 Erat
334 451 392 478 autem
402 445 472 487 quidam
483 446 531 478 collis
543 446 560 478 in
571 445 628 477 medio
637 445 691 486 insule
700 456 752 487 super
759 458 809 489 quem

109 508 148 531 cum
163 497 243 531 undecim
255 494 337 540 [sanctus]
352 495 412 529 sedere
425 501 443 529 et
456 495 521 529 dictare
532 500 644 528 consueuerat
656 495 754 539 discipulis:
770 499 810 534 hinc

109 559 149 581 vero
160 548 204 581 silua
215 548 320 590 conspicitur
329 548 392 579 decora
402 552 419 579 et
430 547 479 579 vallis
490 547 548 579 medio
560 546 657 586 constituta,
669 547 691 579 ad
703 553 758 580 ortum
770 550 809 584 solis

110 604 213 640 conspecta;
232 604 259 631 set
273 607 356 639 magnum
370 597 451 638 pelagus,
462 596 489 629 cui
504 596 566 629 fluuius
581 595 641 637 ingens
653 595 728 638 iungitur
742 600 810 633 nomine

109 647 189 690 Ampnis,
197 648 246 690 quasi
253 648 288 681 fere
296 646 332 680 bini
343 645 411 678 miliarii
421 646 480 688 spacio
491 646 575 679 intererat.
598 646 614 677 A
624 646 673 679 vallis
684 648 743 680 autem
754 649 810 682 medio

84 709 103 728 10
111 699 169 740 fundo,
177 698 213 732 sole
228 698 291 731 cotidie
304 696 382 741 protinus
396 702 459 737 exorto,
467 696 515 739 quasi
529 696 585 728 fumus
598 695 615 728 in
628 697 682 729 altum
695 697 811 739 porrigebatur

111 750 179 790 nebula,
192 750 274 792 locusque
286 748 326 782 inde
339 747 400 780 cotidie
415 747 537 789 aspicientibus
551 746 648 780 leuissimus
663 749 762 790 apparebat.
783 751 811 783 Ad

111 800 158 834 hunc
166 811 207 843 ergo
214 801 271 834 locum
279 797 341 833 deduci
349 797 456 840 flagitabant,
464 795 503 831 etc.1
526 797 606 840 Quadam
616 797 668 840 igitur
675 797 703 832 die
712 799 754 832 dum
764 811 811 834 more

112 851 162 884 solito
174 862 225 893 super
236 850 332 893 predictum
344 848 405 881 collem
417 848 470 880 tercia
482 849 526 881 hora
539 848 606 890 expleta
619 848 636 880 in
648 859 700 881 vnum
714 852 811 892 congregati

112 901 231 934 conuenissent
242 907 259 933 et
269 900 326 932 locum
337 899 381 930 vltra
392 898 490 930 mare—vbi
502 904 563 940 postea
573 908 641 930 sacrum
652 909 714 941 corpus
725 899 761 931 eius
773 911 812 934 cum

86 962 103 993 15
112 951 264 984 innumerabilibus
279 953 377 983 sanctorum
392 948 477 980 sociorum
495 947 578 991 requieuit
596 948 811 992 corporibus-aspicerent

112 1007 201 1042 semotum,
213 1007 231 1033 et
242 998 324 1043 pergendi
335 998 358 1031 ad
369 998 416 1031 illum
427 999 511 1031 haberent
523 1004 593 1031 votum:
611 999 656 1031 lacta
669 999 716 1041 prius
728 1000 812 1041 oracione,

112 1051 154 1085 dixit
161 1051 250 1084 fratribus:
262 1052 361 1083 ‘Tantusne
372 1048 416 1081 inest
424 1048 473 1082 vobis
486 1049 543 1082 adhuc
552 1054 622 1091 tamque
631 1049 698 1082 validus
708 1061 756 1083 amor
763 1057 781 1084 vt
790 1052 813 1085 ad

112 1103 168 1135 locum
176 1101 271 1143 properetis
279 1110 331 1142 quem
339 1100 361 1132 de
368 1100 419 1140 longe
427 1099 525 1141 conspicitis
532 1100 548 1132 ?’
572 1099 598 1132 Illi
610 1105 668 1133 autem
676 1111 706 1142 pre
714 1101 812 1135 confusione

112 1151 206 1193 stupefacti,
213 1151 349 1192 responderunt:
361 1154 365 1165 ‘
373 1148 453 1188 Domine,
464 1149 527 1181 scimus
538 1148 578 1190 quia
586 1149 639 1181 homo
650 1149 677 1181 dei
686 1160 716 1190 es;
728 1150 771 1183 sicut
779 1156 812 1191 tua,

85 1209 104 1230 ²⁰
112 1201 136 1235 ita
147 1206 205 1235 nostra
216 1200 248 1234 erit
259 1199 346 1233 voluntas?
369 1199 401 1231 llle
414 1203 473 1231 autem
486 1198 575 1232 mitissime
587 1198 623 1232 ait:
640 1198 670 1233 ‘Si
683 1199 734 1233 vultis
746 1206 813 1234 tantum

112 1250 222 1294 proscindere
230 1251 333 1294 profundum
342 1254 358 1281 et
365 1249 421 1281 locum
429 1249 477 1281 illum
485 1249 538 1290 adire,
546 1248 605 1282 flexis²
612 1254 638 1282 ter
646 1249 719 1292 genibus
728 1250 813 1284 Christum

113 1302 201 1335 dominum
214 1301 300 1334 humiliter
311 1306 371 1341 rogate
381 1305 400 1332 vt
415 1299 429 1331 si
441 1299 476 1331 dux
492 1306 509 1332 et
522 1310 579 1332 comes
593 1299 641 1332 vobis
655 1300 716 1333 adesse
730 1300 813 1343 dignatur,

112 1353 161 1387 vobis
173 1353 225 1386 hodie
237 1352 304 1394 signum
315 1350 420 1383 demonstret
432 1349 550 1383 notissimum.¹
575 1351 614 1391 Quo
625 1349 683 1384 dicto:
696 1352 778 1393 ‘Teneat
790 1352 813 1384 in-

113 1404 155 1445 quit,
163 1403 279 1445 vnusquisque
284 1400 345 1444 prioris
352 1400 459 1441 precedentis
466 1401 546 1433 manum!
561 1399 594 1433 ΑῐΒ
601 1400 629 1433 vbi
635 1401 668 1433 hec
674 1401 722 1441 dixit,
728 1402 814 1443 sequentis

87 1463 105 1494 25
114 1463 132 1485 se
143 1459 204 1485 tenens
216 1452 277 1495 prioris
291 1451 384 1491 dexteram,
397 1449 458 1482 ceteris
472 1450 505 1483 hoc
518 1450 578 1483 ordine
593 1449 617 1482 ita
628 1450 723 1493 agentibus,
735 1451 814 1494 profundi

113 1504 165 1537 maris
173 1503 235 1536 ostium
243 1502 299 1536 baculi
307 1500 390 1543 percussit
398 1500 473 1543 cuspide.
496 1501 548 1534 Cuius
556 1510 595 1534 cum
604 1511 634 1534 ora
642 1500 731 1543 tetigisset,
740 1501 814 1544 Moisay·

114 1564 154 1586 cum
165 1558 203 1596 post
214 1552 267 1585 maris
278 1550 324 1585 rubri
335 1549 426 1583 transitum
437 1561 476 1583 cum
487 1551 567 1584 undecim
578 1550 673 1584 decantans
684 1563 761 1593 ymnum,
769 1552 814 1585 nullo

114 1604 176 1636 timore
188 1602 282 1644 perturbati
295 1600 344 1634 siccis
356 1601 429 1642 pedibus
444 1601 547 1633 transierunt
562 1611 592 1643 per
607 1601 676 1633 siccum.
699 1602 815 1643 IngredIentes

115 1653 166 1694 igitur
177 1652 238 1685 siluam
250 1650 363 1693 pergrandem
375 1660 426 1691 super
438 1660 468 1682 ora
481 1650 535 1683 litoris
550 1651 606 1690 sitam,
618 1651 743 1694 lustrantesque
755 1652 815 1684 vallem

88 1713 107 1742 3⁰
115 1713 148 1745 que
160 1701 206 1745 prius
217 1701 243 1735 eis
254 1702 276 1734 de
287 1702 338 1741 longe
349 1705 457 1742 apparuerat,
471 1700 573 1734 inuenerunt
584 1701 671 1743 quendam
683 1701 700 1734 in
711 1701 768 1735 medio
779 1702 815 1735 eius

115 1753 187 1787 fundum
199 1752 216 1786 in
229 1752 300 1785 modum
311 1750 363 1784 funde
375 1750 473 1784 formatum.
497 1750 534 1784 Illic
547 1761 587 1793 ergo
601 1751 632 1784 tuti
645 1751 704 1785 sedere
716 1752 816 1792 maluerunt,

116 1805 167 1838 deum
179 1815 209 1847 per
220 1803 278 1836 omnia
290 1801 408 1845 glorificantes.
423 1803 429 1841 ΙΙ
443 1803 487 1835 Cum
498 1809 555 1836 autem
568 1803 642 1845 quadam
654 1802 682 1836 die
693 1810 762 1846 propter
773 1814 817 1846 aque

115 1854 257 1897 longinquitatem
272 1852 350 1894 discipuli
364 1851 431 1893 fatigati
445 1852 530 1894 cepissent
545 1853 593 1886 illum
608 1864 668 1895 rogare
681 1860 699 1887 vt
714 1864 777 1896 aquam
792 1853 816 1886 eis

116 1906 169 1946 daret,
181 1903 258 1937 consulte
270 1901 357 1935 constituit
369 1912 398 1934 eos
410 1906 427 1934 vt
440 1902 463 1935 ad
475 1913 527 1944 opera
539 1902 616 1935 iniuncta
627 1903 781 1945 proficiscerentur;
799 1907 816 1936 at

89 1965 107 1994 35
116 1955 149 1989 illis
157 1954 207 1988 iussis
215 1953 240 1986 eis
250 1952 375 1993 obedientibus
384 1951 430 1984 solus
438 1952 456 1984 in
467 1953 540 1985 claustro
550 1952 620 1986 relictus
631 1959 662 1987 est.
684 1955 790 1996 Expandens
798 1963 816 1986 se

116 2006 134 2039 in
149 2003 233 2045 oracione,
247 2003 371 2046 deprecabatur
383 2002 434 2036 deum
448 2001 519 2037 dicens:
534 2002 620 2037 ‘Domine
636 2004 687 2037 lhesu
703 2003 776 2046 Christe,
788 2001 816 2046 qui

116 2057 181 2091 siccam
192 2066 252 2098 rupem
263 2055 357 2097 producere
369 2064 431 2095 aquam
443 2053 509 2087 sicienti
521 2054 585 2097 populo
598 2060 628 2087 tuo
640 2054 657 2087 in
668 2055 738 2088 heremo
749 2054 817 2097 largiter

117 2106 186 2146 iussisti,
194 2106 276 2147 digneris,
284 2114 343 2147 queso,
351 2110 368 2137 et
375 2103 416 2136 huic
426 2104 528 2145 paruissimo
536 2105 659 2137 monachorum
669 2106 716 2147 gregi
728 2105 793 2147 aperire
801 2110 817 2137 et

118 2158 159 2189 dare
166 2156 231 2188 fontem
239 2165 287 2197 aque,
293 2154 338 2187 vnde
346 2153 457 2186 ministraturi
469 2153 486 2186 in
494 2155 527 2187 hoc
535 2156 573 2187 loco
581 2154 627 2187 sitim
635 2154 702 2196 possint
710 2153 817 2196 extinguere!

89 2220 110 2249 40
119 2208 158 2240 Hoc
170 2205 227 2248 itaque
239 2205 268 2238 vbi
280 2205 352 2244 dixerat,
364 2203 413 2246 quasi
426 2204 507 2237 circulum
518 2204 536 2237 in
547 2204 618 2238 modum
629 2204 682 2239 fontis
692 2206 714 2238 de
726 2205 781 2239 baculi
792 2202 816 2238 sui

118 2257 190 2300 cuspide
197 2256 248 2290 fecit:
261 2261 278 2289 et
290 2266 329 2288 ecce
339 2266 379 2288 mox
390 2266 434 2297 aque
445 2255 540 2297 largissime
551 2266 618 2298 egresse
630 2262 669 2290 sunt
680 2262 697 2290 et
708 2257 746 2290 lons
758 2262 818 2298 patens

118 2307 242 2351 liquidissimus
255 2305 339 2348 apparuit,
350 2310 367 2337 et
381 2305 440 2337 statim
451 2316 500 2337 oram
511 2306 579 2338 termini
592 2306 617 2338 sui
630 2307 714 2339 excedens
726 2317 746 2339 ac
760 2310 818 2338 contra

119 2359 160 2390 solis
171 2362 228 2388 ortum
239 2357 325 2397 profluens
338 2354 377 2387 litus
391 2361 474 2395 appetens
487 2367 506 2388 se
517 2356 580 2397 dirigit.
603 2357 671 2388 Fratres
683 2362 741 2389 autem
752 2356 819 2397 expleta

119 2408 196 2440 iniuncta
207 2416 260 2447 opera
270 2409 376 2436 reuertentes
387 2403 498 2446 videntesque
509 2406 543 2437 hoc
553 2406 619 2447 grande
630 2406 735 2446 miraculum,
747 2406 818 2437 multum

91 2477 110 2510 45
119 2457 175 2501 gauisi
188 2461 227 2489 sunt
239 2460 255 2488 et
267 2455 319 2487 deum
330 2453 348 2485 in
360 2455 394 2486 hoc
406 2454 449 2486 sicut
463 2454 480 2486 in
492 2456 571 2488 omnibus
582 2455 672 2489 virtutibus
683 2456 719 2489 eius
731 2456 819 2488 laudantes

119 2510 197 2544 adorant.
207 2509 214 2548 ss
225 2508 271 2540 [nter
281 2507 314 2540 hec
325 2510 373 2539 tanta
384 2511 401 2539 et
414 2505 516 2539 admiranda
527 2506 616 2550 mirabilia,
628 2508 702 2551 quadam
714 2513 765 2541 nocte
778 2506 818 2540 dum

224 2574 230 2594 ¹
240 2585 258 2606 so
265 2574 298 2606 MS.
409 2572 415 2591 ⁹
425 2573 458 2604 MS.
466 2573 533 2606 flexibus.
644 2575 650 2593 ³
660 2585 671 2606 r.
680 2575 715 2607 Aet
