1762 2803
92 115 137 170 bt
153 112 253 166 &flattu
270 113 394 164 θῐῦὶΰῆϊΰῦ
411 112 482 174 132ssss
498 115 522 164 tt
537 116 661 178 &filim
689 128 733 170 349

32 236 61 273 vel
72 234 242 278 circumpositarum
253 234 335 277 gentium
347 233 419 269 ferocia.
442 233 533 269 Mortuam
544 238 562 269 et
570 245 618 279 pene
626 234 733 269 exhaustam

33 288 164 325 Normanniam
175 287 241 332 ingens
253 286 336 331 pecuniis
347 292 438 322 sustentat
448 287 522 332 Anglia,
530 287 588 322 donec
600 293 618 322 et
630 287 670 332 ipsa
681 298 734 323 exac-

32 350 91 377 torum
99 341 182 376 fortassis
189 340 276 375 violentia
283 341 390 374 succumbat
396 341 407 374 ¹.

146 437 159 473 ‘l
174 429 208 470 DE
219 446 290 471 SANCTO
303 429 403 470 Enwnnbo
415 447 464 470 REGE
476 447 498 471 ET
510 437 619 472 MARTYREffi.

38 503 77 580 Μ
86 500 144 535 Ortuo
156 505 217 534 autem
230 511 274 544 rege
288 499 366 545 Edgaro,
379 499 467 535 successit
484 500 586 535 Edwardus
598 500 647 535 filius
659 499 704 542 eius,
717 505 735 535 et

107 553 191 597 regnauit
202 553 256 587 annis
269 553 328 587 tribus
340 564 381 587 cum
394 552 474 588 dimidio.
502 553 556 588 Hunc
572 554 680 588 Dunstanus
696 554 751 599 epi-5

32 617 103 650 scopus,
116 612 179 640 contra
191 607 303 640 voluntatem
315 606 415 649 opimatum
427 612 445 640 et
457 618 542 649 nouerce,
557 618 621 650 regem
635 608 735 641 coronauit.

33 660 79 694 Nam
86 659 160 703 quidam
167 659 242 693 fratrem
251 660 291 693 eius
300 660 424 699 Ethelredum,
431 660 454 694 de
462 660 543 693 secunda
549 669 605 694 vxore
612 660 734 704 progenitum,

33 714 131 756 elegerunt.
154 712 278 754 Quamobrem
294 713 402 747 Dunstanus
418 711 522 757 episcopus,
536 723 577 747 cum
590 713 678 747 Oswaldo
692 714 734 748 ebo-

33 765 103 799 racensi
111 765 199 808 episcopo
211 771 229 798 et
240 765 349 808 quibusdam
361 765 457 804 abbatibus
468 770 485 798 et
496 766 578 804 ducibus,
587 765 698 799 Edwardum
710 777 734 799 ex

32 818 91 863 prima
102 828 160 852 virore
174 818 245 853 Ellleda
258 817 346 863 genitum,
358 823 376 852 vt
388 823 441 862 pater
451 817 491 851 eius
502 817 584 852 moriens
599 818 683 860 iusserat,
695 818 734 862 qui·
744 834 763 854 ro

32 872 109 905 busdam
125 871 282 905 murmurantibus
298 871 389 905 nobilibus
401 870 420 904 in
434 881 497 914 regem
509 870 628 905 consecrauit.
651 871 735 906 Nouerca

33 925 109 969 insuper
120 924 212 967 Edwardi,
226 924 310 966 alfritha,
323 924 380 959 filium
396 934 450 958 suum
462 923 582 959 Ethelredunr
594 924 692 969 paruulum
703 925 735 960 vix

32 982 141 1021 septennem
156 988 266 1022 promouere
281 979 304 1012 ad
322 988 399 1022 regnum
415 977 520 1019 conabatur,
531 982 550 1011 vt
568 977 629 1021 potius
644 977 679 1012 sub
695 978 735 1012 eius

33 1030 106 1063 nomine
117 1040 196 1073 regnare
208 1030 306 1064 videretur.
330 1030 405 1064 Factum
417 1035 446 1063 est
457 1034 575 1070 autemeam
587 1040 620 1063 rex
633 1030 735 1063 Edwardus

33 1082 136 1126 quindecim
141 1087 191 1116 esset
196 1093 285 1116 annorum
291 1082 430 1117 in³d0rsetania
436 1080 531 1124 prouincia
536 1081 587 1116 iuxta
593 1082 653 1116 villam
660 1082 735 1117 nomine
745 1097 763 1128 ¹5

33 1135 122 1168 Warham
133 1136 225 1169 venationi
237 1147 279 1169 cum
293 1135 356 1170 multis
368 1134 459 1169 nobilibus
469 1133 584 1169 intenderet:
600 1135 623 1169 ad
634 1134 735 1170 videndum

33 1188 107 1222 fratrem
118 1199 172 1222 suum
184 1189 303 1224 Ethelredum
313 1189 335 1223 ad
344 1195 424 1223 castrum
433 1187 508 1222 nomine
517 1188 578 1232 Corph
587 1199 672 1232 gressum
681 1199 735 1223 suum

33 1241 97 1285 dirigit.
121 1242 144 1276 Et
154 1242 254 1286 assumptis
264 1253 327 1277 secum
336 1241 405 1286 paucis,
415 1241 517 1286 ceterisque
526 1241 594 1286 ubique
605 1241 701 1286 dispersis,
711 1242 734 1276 ad

33 1296 107 1328 domum
116 1306 196 1329 nouerce
206 1307 239 1330 sue
250 1296 362 1339 properauit.
385 1296 426 1337 Quo
437 1294 503 1335 audito,
515 1295 567 1339 quasi
576 1295 598 1328 de
606 1296 686 1329 aduentu
695 1296 735 1329 eius

33 1348 166 1390 congratulans,
179 1348 252 1383 obuiam
267 1349 284 1383 ei
296 1349 384 1393 procedit,
397 1349 463 1382 blande
475 1358 518 1381 euin
532 1347 598 1382 salutat
609 1353 628 1382 et
641 1349 664 1382 ad
679 1359 733 1382 suum
743 1366 762 1387 υ

34 1400 131 1442 hospitium
145 1401 214 1435 inuitat.
239 1401 273 1442 Qui
286 1412 327 1435 cum
340 1406 433 1441 renueret,
445 1400 475 1435 et⁴
486 1400 561 1435 fratrem
573 1411 626 1435 suum
639 1401 703 1436 videre
716 1406 735 1436 et

33 1451 98 1496 alloqui
109 1463 130 1486 se
139 1453 186 1487 velle
198 1453 321 1493 denunciaret,
330 1463 403 1486 rursum
414 1452 444 1486 illa
455 1452 522 1486 adalia
533 1463 553 1486 se
563 1458 667 1487 commenta
675 1459 734 1487 trans-

33 1504 99 1546 ferens,
108 1505 158 1539 iubet
168 1506 237 1549 absque
248 1506 334 1539 dilatione
343 1506 378 1539 sibi
389 1511 453 1550 potum
465 1504 571 1548 propinari:
582 1511 607 1547 vt,
615 1505 659 1539 dum
671 1512 734 1550 potum

33 1558 142 1601 degustaret,
151 1559 259 1603 oportunius
267 1559 316 1604 quod
324 1558 411 1603 cogitaret
419 1558 508 1603 expleret.
531 1558 584 1592 Vnus
592 1557 665 1592 interim
673 1558 735 1593 animo

33 1611 117 1645 audacior
125 1616 143 1645 et
153 1612 223 1646 scelere
234 1612 337 1653 immanior,
345 1612 428 1646 osculum
436 1611 487 1656 pacis
495 1612 512 1645 ei
520 1612 576 1652 dedit,
583 1618 603 1646 vt
610 1622 685 1646 omnem
694 1623 735 1647 sus·
745 1626 762 1655 25

33 1663 120 1705 pitionem
132 1665 217 1699 auferens
228 1676 270 1699 eum
281 1664 351 1698 facilius
363 1664 464 1699 suffocaret.
488 1664 588 1708 Postquam
596 1675 640 1699 vero
648 1665 734 1709 poculum

33 1725 43 1748 a
54 1715 142 1759 pincerna
153 1717 256 1762 suscipiens
268 1717 295 1751 ori
307 1722 414 1762 apponeret,
426 1717 457 1761 qui
470 1717 553 1751 osculum
566 1717 600 1751 sibi
614 1717 699 1752 intulerat
711 1729 734 1752 ex

33 1769 110 1803 aduerso
125 1770 209 1804 insiliens
224 1771 296 1805 cultello
311 1781 355 1804 mox
370 1771 410 1804 eius
424 1770 496 1804 viscera
511 1770 608 1804 transfixit.
632 1771 667 1812 Qui
683 1772 734 1814 graui

33 1818 111 1856 inflictus
126 1823 208 1863 vulnere,
221 1833 262 1857 cum
277 1823 371 1866 paululum
382 1823 426 1857 inde
438 1823 548 1861 diuertisset,
563 1823 587 1856 de
602 1833 650 1865 equo
665 1823 694 1857 cui
708 1824 735 1857 in-

33 1874 105 1908 sederat
116 1876 176 1909 subito
186 1876 205 1909 in
216 1882 285 1909 terram
297 1887 385 1910 corruens
392 1874 489 1920 expirant,
498 1874 634 1918 quintodecimo
645 1875 734 1910 kalendas
743 1887 762 1916 3³

33 1926 99 1968 aprilis,
113 1938 161 1961 anno
177 1928 234 1971 gratie
247 1928 387 1972 nongentesimo
402 1927 594 1971 octuagesimoprimo.
616 1927 661 1960 Erat
672 1934 733 1962 autem

34 1976 51 2011 ln
64 1980 129 2014 eadem
142 1981 197 2015 domo
209 1980 275 2016 mulier
284 1981 363 2025 quedam
376 1991 387 2014 a
400 1980 494 2014 natiuitatc
508 1990 556 2022 ceca,
566 1990 621 2024 quam
634 1988 734 2015 memorata

34 2032 95 2074 regina
104 2034 172 2076 pietate
184 2041 202 2069 et
211 2035 278 2069 Christi
289 2046 352 2069 amore
363 2035 434 2069 alebat:
446 2045 482 2078 que
493 2034 537 2067 dum
549 2032 633 2077 sequenti
645 2039 698 2067 nocte
709 2034 734 2068 ibi

33 2094 73 2118 cum
82 2097 158 2131 corpore
167 2098 219 2121 sacro
227 2088 266 2122 sola
273 2093 405 2132 pernoctasset,
410 2087 522 2130 intempesta
530 2086 588 2120 noctis
596 2087 641 2120 hora
647 2086 734 2121 diuinitus

33 2136 94 2172 lumen
113 2140 201 2175 emissum
221 2142 296 2175 domum
315 2141 399 2186 repleuit,
415 2146 433 2175 et
448 2141 541 2175 oculorum
557 2150 632 2174 suorum
647 2139 734 2175 tenebras
743 2151 761 2182 35

33 2188 97 2234 fugans
112 2193 186 2227 luminis
202 2194 302 2228 claritatem
318 2193 402 2228 reddidit.
425 2193 498 2238 Regina
514 2203 558 2237 ergo
572 2193 607 2227 hoc
622 2193 700 2237 cognito,
714 2194 733 2227 in

33 2240 77 2277 locis
87 2245 153 2280 abditis
162 2252 181 2281 et
191 2247 304 2292 palustribus
314 2247 367 2281 iussit
374 2257 448 2292 corpus,
456 2257 480 2281 ne
491 2255 603 2290 aquoquam
614 2245 734 2288 inueniretur,

33 2295 109 2340 detegit
132 2299 200 2343 Elapso
208 2306 269 2334 autem
277 2305 319 2343 post
327 2300 361 2334 hec
369 2310 423 2342 anno,
430 2300 528 2343 columpna
535 2299 593 2333 instar
600 2298 646 2333 lucis
654 2299 736 2343 desuper

53 2356 57 2374 ¹
67 2358 132 2398 Antiph.
141 2362 157 2391 in
164 2363 183 2392 T.
191 2363 282 2401 destroyed.
303 2362 373 2393 Collect:

58 2398 110 2445 Deus,
117 2409 143 2447 qui
149 2410 211 2440 beatum
218 2420 272 2449 regem
279 2411 374 2441 Edwardum
379 2410 485 2440 consessorem
492 2413 535 2439 tuum
542 2408 630 2438 eternitatis
635 2408 685 2446 gloria
690 2419 735 2440 coro-
786 2420 790 2428 ·

33 2446 78 2488 uasti,
85 2448 110 2476 lac
116 2459 152 2485 nos,
159 2459 250 2487 quesumus,
257 2452 278 2480 ita
285 2460 321 2480 eum
328 2451 399 2480 uenerari
406 2450 422 2479 in
430 2450 480 2485 terris,
489 2454 505 2478 ut
512 2458 547 2478 cum
555 2458 574 2478 eo
580 2448 660 2486 possimus
667 2460 736 2488 regnare

33 2492 49 2512 ιη
56 2486 98 2525 celis,
107 2496 136 2524 per
143 2488 184 2526 (Sar.
193 2490 233 2528 Br.).
449 2506 451 2509 ·

52 2522 58 2539 ²
68 2524 116 2557 Short
120 2532 182 2559 extract
187 2530 226 2559 from
231 2530 258 2559 the
262 2530 299 2559 Vita
304 2529 332 2568 (by
337 2529 405 2559 Eadmer
409 2528 421 2567 l)
429 2528 445 2557 in
453 2527 487 2557 ms.
494 2527 549 2557 Addit.
558 2528 611 2563 11881,
618 2528 670 2559 Rawl.
677 2529 694 2561 C.
700 2539 735 2567 440,

34 2561 155 2605 Raw1.a.903;
168 2568 187 2599 cl.
196 2569 323 2600 Chr.Bromton.
359 2569 442 2599 'nvtinl
478 2567 552 2598 ‘alsct
586 2568 734 2609 'Vithumotegi
