1762 2803
243 97 288 154 bo
303 96 403 151 &anuo
420 96 547 155 oudino.
732 109 746 153 9

44 219 81 255 vite
93 230 126 254 sue
137 229 186 253 anno
197 218 266 261 militie,
278 224 297 254 vt
308 218 425 264 premittitur,
437 229 458 253 se
469 219 524 260 dedit,
536 224 554 253 et
565 223 605 253 octo
620 216 674 253 annis
685 217 704 251 in
716 217 746 252 illa

45 272 138 307 ferocitate
150 278 168 307 et
181 272 262 307 vanitate
275 273 385 316 permansit3
402 278 420 307 et
434 272 538 317 quindecim
551 272 605 307 annis
617 271 636 306 in
649 271 747 306 solitudine

44 326 100 359 vitam
114 326 149 359 deo
159 326 263 369 placentem
276 326 333 359 duxit.
378 319 451 369 Elapso
458 335 503 359 vero
516 330 557 369 post
571 324 641 359 obitum
652 323 692 358 eius
702 322 747 357 anni

44 378 117 419 circulo,
125 388 167 411 cum
174 388 227 412 soror
234 378 274 412 eius
281 388 317 412 vna
325 388 367 412 cum
373 378 463 423 religiosis
474 376 583 422 presbiteris
590 388 657 421 corpus
663 382 747 411 sanctum

44 431 140 465 decentius
151 431 240 465 collocare
251 431 312 472 vellet,
325 436 383 465 totum
394 441 462 475 corpus
473 430 566 474 integrum
578 435 597 465 et
614 430 765 474 incorruptum,5

45 483 143 518 dormienti
155 483 214 528 magis
222 494 277 528 quam
285 489 357 518 mortuo
369 483 446 518 similius
457 483 556 518 inuenitur.
579 483 657 518 Brachia
668 482 718 517 enim
730 488 748 517 et

45 536 96 581 digiti
103 537 128 570 ita
135 537 185 571 ssecti
192 542 210 571 et
218 536 260 571 duci
271 543 362 581 poterant,
370 547 391 571 ac
403 537 419 571 si
430 537 524 579 humores,
532 536 597 580 spiritu
609 536 707 576 mediante,
714 546 749 580 per

45 600 102 623 venas
110 595 236 630 excurrerent,
244 591 333 633 neruique
345 589 391 623 nihil
402 589 422 623 in
433 595 493 624 morte
503 589 552 624 beati
559 589 594 623 viri
605 589 629 623 de
640 599 674 623 sue
682 588 748 623 viuaci-

45 642 87 677 tatis
103 642 181 676 efficatia
196 643 325 686 perdidissent.
348 642 416 676 Omnia
431 648 492 677 autem
504 643 619 683 vestimenta,
632 643 698 685 quibus
709 647 748 675 erat

46 695 145 736 inuolutus,
160 694 236 729 omnino
253 695 366 736 intemerata,
380 694 459 739 pristino
475 696 555 730 candore
574 695 702 739 splendebant.
726 693 749 728 Et
759 704 777 725 ιο

46 757 114 791 corpus
121 747 162 781 eius
169 758 227 793 super
234 753 304 781 terram
311 747 331 781 in
339 747 410 781 tumulo
415 757 456 782 cum
465 757 531 792 magna
540 746 651 782 exultatione
658 752 676 781 et
682 746 749 792 gaudio

47 801 127 835 locatum
139 806 173 836 est.
216 794 289 836 Audito
296 811 341 835 vero
352 800 402 834 obitu
413 801 448 835 viri
459 801 495 843 dei,
504 801 624 835 Ethelbaldus
636 800 679 835 exul
692 800 749 834 nimio

47 854 110 887 dolore
121 859 222 896 correptus,
234 864 275 887 cum
287 853 350 888 multis
361 852 455 887 lachrimis
463 853 513 888 venit
524 854 547 887 ad
559 853 678 897 sepulchrum
690 852 748 887 sancti

46 905 86 946 viri,
95 906 158 938 dicens
166 918 170 939 :
183 906 210 938 ‘O
216 906 241 938 mi
249 910 306 947 pater,
314 915 349 948 ego
356 905 419 938 infelix
429 905 472 938 exul
479 916 515 949 quo
522 905 552 938 ibo
559 909 565 939 i
572 905 616 949 quid
624 905 688 938 faciam
695 906 702 938 ?
713 914 750 948 quo

48 968 78 991 me
86 961 169 991 vertam?
192 957 245 992 Nunc
253 958 313 1001 primo
321 968 351 992 me
362 957 450 991 miserum
459 963 478 992 et
486 958 559 992 exulem
568 968 684 1000 recognosco.
708 956 750 990 Non
758 968 778 997 ¹5

48 1010 129 1051 deseras,
146 1014 199 1053 pater
212 1009 307 1051 Guthlace,
322 1009 371 1043 hunc
386 1010 487 1051 desertum,
499 1010 548 1043 hunc
563 1010 637 1044 exulem
652 1009 751 1050 abiectum,

49 1061 107 1096 filium
115 1062 189 1105 doloris,
196 1073 263 1106 vagum
272 1068 290 1096 et
298 1062 401 1107 profugum,
409 1062 513 1107 expositum
521 1063 609 1107 periculis
617 1069 636 1098 et
643 1062 751 1097 tormentis!

49 1114 91 1149 Hiis
99 1121 117 1149 et
125 1115 187 1150 multis
195 1115 234 1150 aliis
243 1127 284 1150 cum
293 1116 366 1159 planctu
374 1122 393 1150 et
401 1116 470 1160 gemitu
478 1116 537 1158 dictis,
545 1118 610 1160 elapsa
617 1127 684 1161 magna
692 1115 751 1150 noctis

48 1174 101 1212 parte
108 1168 153 1203 vidit
162 1169 261 1203 oratorium
272 1168 379 1203 circumfusi
390 1168 465 1203 luminis
476 1169 575 1213 splendore
587 1169 695 1203 mirabiliter
705 1170 751 1202 irra-

49 1221 123 1264 diatum,
134 1223 245 1266 beatumque
260 1221 369 1257 Guthlacum
381 1222 444 1257 celesti
456 1223 527 1267 fulgore
539 1223 675 1266 splendentem,
685 1228 703 1256 et
715 1222 749 1256 hec
760 1235 780 1256 ro

49 1275 105 1309 verba
112 1274 147 1309 sibi
154 1276 245 1309 dicentem
252 1287 257 1310 ι
266 1277 270 1293 ‘
278 1275 311 1309 Fili
317 1275 431 1317 charissime,
436 1275 521 1310 dominus
527 1281 546 1310 te
552 1276 634 1320 respexit
641 1287 645 1310 :
654 1275 726 1310 confide
733 1281 751 1309 et

50 1328 159 1369 confortare,
166 1329 209 1371 quia
216 1329 264 1361 inira
275 1328 370 1362 biennium
381 1329 454 1362 labores
465 1329 491 1361 tui
500 1329 556 1362 finem
568 1329 667 1369 habebunt,
675 1333 693 1361 et
701 1338 752 1361 recu-

50 1379 124 1422 perabis
131 1380 150 1414 in
159 1381 228 1415 honore
235 1385 253 1415 et
260 1380 318 1424 gloria
325 1390 402 1423 regnum
408 1381 471 1414 tuum!
493 1380 517 1414 Et
523 1381 566 1414 dum
573 1386 648 1415 sanctus
655 1379 753 1423 longitudi-

51 1442 94 1466 nem
100 1432 171 1467 dierum
179 1433 268 1475 [suorum]
274 1433 348 1476 viteque
354 1432 429 1466 finalem
435 1438 504 1467 metam
510 1439 528 1466 et
534 1434 568 1467 alia
574 1444 611 1478 que
616 1439 694 1467 ventura
700 1438 753 1468 erant

51 1481 103 1526 quasi
112 1483 135 1517 ad
143 1483 215 1518 oculum
224 1484 330 1526 declararet,
338 1489 356 1519 et
367 1483 397 1519 ille
409 1483 481 1528 signum
490 1489 581 1529 quereret,
589 1484 659 1519 addidit
666 1489 751 1519 sanctus:
761 1495 780 1525 ²5

51 1537 55 1554 ‘
63 1535 140 1578 Signum
148 1536 183 1572 hoe
191 1543 209 1572 et
216 1537 303 1572 indicium
311 1537 342 1571 tibi
350 1538 379 1579 sit,
384 1537 426 1581 quia
433 1537 462 1572 die
469 1537 548 1572 crastina
558 1543 600 1572 ante
608 1538 672 1572 horam
680 1536 752 1572 tertiam

52 1588 162 1624 habitatores
170 1590 225 1625 huius
232 1590 267 1624 loci
275 1590 319 1624 citra
330 1601 383 1635 spem
396 1601 459 1625 eorum
467 1591 519 1625 vberi
530 1591 659 1625 alimentorum
670 1590 753 1624 consola-

52 1642 101 1676 tione
108 1644 224 1686 gaudebunt'
244 1644 297 1685 Quod
306 1655 347 1677 cum
356 1644 476 1677 Ethelbaldus
483 1644 579 1687 impletum
585 1644 662 1684 videret,
668 1642 753 1686 spiritum

52 1694 103 1736 prius
108 1696 224 1729 vacillantem
231 1695 250 1729 in
259 1706 293 1738 spe
301 1701 319 1729 et
326 1695 392 1729 fiducia
400 1695 491 1729 stabiliuit.
507 1696 546 1729 Nec
551 1706 609 1737 mora,
613 1696 659 1729 deus
667 1706 753 1739 persecu-

52 1750 110 1780 torem
116 1747 155 1781 eius
164 1748 186 1781 de
194 1749 255 1782 medio
263 1747 342 1790 abstulit,
350 1748 478 1782 exterminauit
484 1748 568 1783 inimicos
575 1748 620 1790 eius,
627 1753 645 1782 et
653 1753 695 1781 ante
702 1747 754 1783 bien·
763 1756 783 1787 30

52 1799 102 1833 nium
110 1800 242 1843 plenitudinem
251 1802 301 1844 regie
308 1802 403 1845 potestatis
410 1801 493 1835 obtinuit.
536 1794 594 1844 Cepit
601 1801 652 1835 enim
660 1801 716 1840 locus,
723 1800 754 1834 vbi

53 1852 135 1894 sepultus
152 1859 180 1888 est
195 1854 301 1895 Guthlacus,
316 1853 419 1888 innumeris
433 1854 543 1888 choruscare
561 1853 664 1887 miraculis:
683 1853 754 1886 Omnes

53 1903 102 1938 enim
109 1904 128 1939 in
135 1906 171 1942 fide
180 1906 248 1941 Christi
259 1911 278 1941 et
288 1906 347 1941 sancti
358 1906 469 1942 confessoris
480 1907 584 1942 reuerentia
592 1907 615 1941 de
627 1906 665 1941 suis
674 1905 755 1940 necessi·

53 1957 120 1993 tatibus
127 1961 209 1994 remedia
216 1965 307 2006 petentes,
313 1960 341 1995 sui
347 1960 384 1996 voti
390 1960 489 1996 efficaciam
497 1958 592 2004 consequti
600 1958 697 1995 sunt—¹
703 1951 755 1995 Con-

53 2012 109 2044 cessit
126 2018 188 2047 autem
207 2024 241 2048 rex
255 2014 381 2056 Ethelbaldus,
396 2014 442 2048 sicut
455 2012 523 2048 viuenti
536 2012 624 2048 Guthlaco
639 2012 755 2057 promiserat,
764 2021 783 2052 35

54 2064 161 2107 absolutam,
169 2066 246 2101 liberam
254 2073 272 2100 et
280 2067 360 2111 quietam
368 2067 417 2100 illius
425 2066 485 2101 insule
492 2071 556 2101 sancto
563 2066 593 2100 dei
604 2071 622 2101 et
633 2066 672 2100 eius
683 2076 756 2100 succes-

54 2116 125 2152 soribus
141 2119 268 2155 mansionem:
287 2121 390 2165 adiecitque
406 2120 457 2164 regia
473 2119 603 2160 munificentia,
618 2124 638 2154 vt
656 2119 697 2153 iure
714 2129 756 2163 per·

54 2174 109 2210 petuo
117 2176 135 2204 et
141 2172 251 2206 inconcussa
258 2173 377 2216 possessione
386 2172 490 2207 obtinerent
498 2172 579 2216 quinque
587 2171 664 2205 miliaria
675 2170 756 2215 regionis

54 2219 102 2255 illius
114 2223 136 2256 ad
149 2223 245 2267 orientem,
252 2225 271 2258 id
284 2230 312 2259 est
320 2235 378 2268 vsque
390 2226 413 2259 ad
421 2225 490 2259 fossam
499 2235 536 2269 que
544 2229 620 2258 vocatur
627 2222 730 2264 ‘Asendiq'
738 2229 756 2258 et

54 2272 89 2306 tria
100 2275 123 2308 ad
134 2276 253 2319 occidentem,
262 2278 343 2322 quinque
350 2289 395 2312 vero
406 2279 429 2311 ad
441 2278 543 2319 meridiem,
553 2282 572 2312 et
579 2278 660 2321 quinque
671 2277 694 2310 ad
705 2276 756 2320 aqui·
764 2284 785 2315 4⁰

55 2322 123 2360 ionem.
142 2328 183 2363 Hec
191 2335 252 2365 autem
260 2330 322 2365 omnia
328 2332 352 2365 ab
357 2330 407 2366 omni
413 2330 507 2366 exactione
514 2336 533 2366 et
539 2329 671 2366 consuetudine
678 2329 757 2365 seculari

55 2387 130 2419 prorsus
142 2383 215 2425 exemit,
227 2385 338 2428 plenamque
350 2385 369 2419 in
383 2385 468 2419 omnibus
480 2385 583 2419 libertatem
595 2384 655 2428 sigillo
665 2383 727 2427 regali,
737 2383 756 2417 in

55 2430 182 2477 episcoporum
189 2441 207 2470 et
215 2447 312 2480 procerum
318 2437 418 2480 presentia,
423 2437 543 2472 confirmauit.
562 2436 586 2470 Et
590 2436 633 2481 quia
639 2436 690 2470 locus
696 2436 758 2480 patus-

55 2482 88 2518 tris
97 2484 187 2523 insolidus
199 2495 238 2524 erat
248 2493 282 2525 nec
293 2490 361 2525 molem
371 2491 492 2526 edificationis
504 2491 576 2535 lapidee
585 2489 677 2524 sustinere
688 2495 758 2533 posset,

114 2545 119 2560 ¹
131 2546 154 2575 Cs.
162 2548 248 2579 Ordericus
254 2549 311 2579 Vitalis
319 2549 340 2580 ll.
349 2549 372 2586 E,
381 2549 436 2587 lnguls
441 2549 484 2579 Hist.
493 2549 516 2589 (in
523 2549 543 2579 A.
551 2548 581 2579 SS.
589 2547 630 2578 Boll.
638 2557 653 2585 p.
660 2547 694 2587 5⁰)-
