1762 2803
92 148 135 190 170
153 109 155 112 ⁵
282 136 361 187 rauna
377 133 494 196 termut
510 133 602 196 anglia.

90 258 109 290 in
121 256 208 291 anteriori
215 262 268 301 parte
276 258 342 291 rubeas
349 258 354 277 ¹
362 258 392 291 et2
400 257 419 292 in
427 258 524 301 posteriori
536 257 608 292 candidi
618 258 685 292 coloris
697 258 793 295 distinctas

91 311 170 354 plurima
183 312 334 355 tergiuersatione
347 311 425 354 gestiuit.
449 312 503 346 Iussu
515 323 558 355 ergo
570 311 637 345 Cadoci
649 312 739 347 adductel
751 320 794 348 sunt

92 375 159 398 nouem
167 374 226 406 vacce,
235 368 253 397 et
263 362 309 397 susis
320 364 343 397 ad
352 364 407 398 deum
415 364 500 407 precibus
511 364 530 397 in
538 364 637 408 prelibatus
646 366 717 399 colores
725 372 794 401 mutate

92 421 140 456 sunt,
147 423 165 450 et
173 416 220 449 inter
228 426 293 449 manus
301 416 403 449 tenentium
411 417 451 449 illas
460 417 478 450 in
485 421 583 460 conspectu
592 418 641 460 regis
649 418 668 450 in
674 419 727 452 filicis
735 420 794 453 fasces

75 479 83 507 5
93 469 250 511 transfigurantur.
273 468 314 509 Quo
322 467 367 510 viso,
376 479 433 511 super
444 468 511 503 iniusta
522 469 609 512 petitione
618 471 691 504 veniam
703 471 795 506 humiliter

93 532 126 555 rex
134 521 226 555 Arthurus
236 520 327 564 flagitauit.
372 514 423 556 Cum
435 523 510 565 regulus
521 522 595 570 quidam
603 522 682 557 vicinam
694 523 795 568 regionem,

92 573 156 607 incolis
170 573 257 612 offensus,
269 579 379 617 congregato
391 575 473 608 exercitu
484 580 556 608 vastare
567 575 627 617 vellet,
639 577 702 620 populi
715 577 795 621 regionis

93 626 184 671 perterriti
196 632 279 661 sanctum
292 626 384 661 Cadocum
396 633 499 670 exorantes,
511 628 608 662 dixerunt:
623 628 717 670 ‘Domine
729 631 795 664 adiuua

93 691 132 722 nos,
141 686 159 714 et
168 691 211 714 erue
219 691 253 713 nos
262 681 285 713 de
293 691 348 714 manu
357 680 406 723 regis
414 680 479 715 huius:
492 680 534 724 quia
541 692 649 725 quecunque
657 683 733 726 petieris
742 694 753 716 a
761 684 795 717 deo

66 744 85 765 10
93 733 211 777 impetrabis!
230 733 356 776 ‘Constantes
364 733 427 777 inquit,
433 738 492 768 estote
500 739 518 767 et
526 734 582 767 nolite
589 734 654 768 timere
661 747 665 777 ;
677 736 700 769 ad
708 736 796 770 nichilum

93 788 171 821 deducet
182 787 267 820 dominus
277 787 361 821 inimicos
371 789 455 821 nostros?
478 787 561 831 Cumque
572 793 624 822 nocte
634 788 665 823 illa
674 799 716 822 cum
724 789 795 824 clericis

93 851 159 883 preces
172 841 206 873 deo
218 840 301 882 fudisset,
313 851 368 873 mane
380 840 426 873 sacto
440 840 538 883 columpna
551 840 605 874 nubis
617 842 728 884 precedebat
742 853 795 877 eum:

94 904 130 937 que
138 892 216 927 tentoria
224 892 273 936 regis
281 892 367 936 operiens
375 892 424 926 diem
432 893 541 935 obscurauit,
550 899 569 927 vt
577 893 638 927 nullus
647 894 725 928 alterum
733 894 796 929 videre

95 952 163 990 posset.
183 945 206 979 Et
214 946 305 980 accedens
309 945 338 979 vir
343 951 418 979 sanctus
426 947 449 979 ad
455 956 518 988 regem
525 945 580 980 dixit:
593 946 664 989 ‘Salue,
670 957 708 980 rex.
728 948 796 990 Queso,

69 1010 86 1039 15
95 998 158 1042 inquit,
166 998 182 1032 si
190 998 209 1030 in
217 997 274 1031 oculis
282 998 318 1031 tuis
326 998 402 1041 gratiam
410 998 477 1040 inueni,
486 998 542 1032 verba
550 1008 591 1031 mea
598 1000 646 1032 bene
655 999 739 1042 suscipe.¹
763 1000 796 1033 Cui

96 1061 140 1086 rex:
155 1052 259 1094 ‘Loquere’
271 1050 334 1094 inquit,
356 1051 440 1094 ‘thuid‚
452 1051 511 1094 inquit
522 1056 602 1094 sanetus,
612 1052 635 1085 ad
646 1052 724 1095 patriam
736 1063 796 1086 meam

96 1110 166 1138 armata
177 1114 232 1137 manu
244 1104 333 1147 predandi
342 1104 462 1147 vastandique
474 1113 529 1137 causa
540 1104 635 1146 aduenisti,
645 1104 743 1148 presertim
755 1112 796 1139 cum

95 1158 113 1192 id
124 1169 161 1191 non
172 1158 302 1191 meruissem?
326 1156 349 1191 Et
360 1156 385 1191 ait
396 1167 440 1191 rex:
453 1156 529 1190 ‘Fateor
540 1168 570 1190 me
580 1155 599 1190 in
609 1162 627 1191 te
638 1168 736 1201 peccasse,
748 1158 797 1202 quod

96 1212 150 1246 stulte
159 1211 193 1255 egi,
201 1210 294 1254 propicius
302 1215 320 1244 et
330 1210 435 1244 misertcors
442 1210 515 1244 veniam
525 1210 643 1244 concedendo
653 1211 731 1253 remitte,
739 1217 757 1245 et
768 1216 798 1245 tua

69 1275 87 1296 κο
95 1263 227 1298 intercessione
236 1263 358 1297 tenebrositas
368 1263 404 1296 ista
411 1263 504 1307 discedat.¹
527 1263 606 1297 Sanctus
615 1263 650 1297 ait:
663 1264 799 1298 ‘Remittentur

96 1318 129 1351 tibi
144 1316 254 1360 pregrandia
273 1316 353 1349 facinora
369 1318 410 1349 tua)
438 1315 461 1348 Et
476 1315 535 1349 adhuc
550 1326 572 1348 eo
588 1316 678 1358 loquente,
694 1316 725 1349 lux
741 1316 799 1350 estiua

97 1370 178 1413 desuper
187 1367 245 1402 effusa
254 1367 330 1401 nimiam
340 1367 459 1401 serenitatem
469 1367 561 1401 incastris
572 1367 643 1402 inludit.
666 1368 689 1401 Et
700 1368 798 1412 procidens

97 1434 117 1457 se
125 1433 159 1456 rex
167 1422 185 1456 in
193 1421 258 1455 faciem
266 1430 323 1461 suam,
332 1420 399 1464 gratias
408 1420 424 1454 ei
433 1420 493 1454 retulit
501 1424 518 1453 et
527 1421 581 1454 deum
590 1421 701 1465 glorificauit.
739 1414 798 1456 Filius

97 1476 192 1509 cuiusdam
200 1475 248 1518 regis
259 1485 301 1508 cum
309 1473 424 1507 multitudine
432 1474 506 1517 copiosa
516 1474 539 1507 ad
547 1473 659 1517 diripiendas
670 1474 799 1517 possessiones

71 1537 88 1567 25
98 1528 210 1562 [lustralium
219 1527 320 1570 Britonum,
327 1533 345 1561 et
352 1533 421 1561 terram
429 1526 502 1570 penitus
510 1526 657 1570 depopulandam
665 1527 719 1561 venit.
743 1527 799 1562 Cuius

98 1581 169 1625 equites
181 1591 223 1614 cum
234 1580 296 1623 ignem
307 1580 326 1613 in
338 1580 425 1613 horreum
436 1580 495 1613 sancti
506 1580 574 1614 Cadoci
587 1580 686 1622 misissent,
698 1585 716 1614 et
729 1586 799 1615 tantum

99 1635 164 1669 fumari
172 1639 240 1680 posset,
248 1633 309 1667 sumus
319 1631 377 1667 instar
384 1631 439 1677 lignei
447 1632 506 1677 postis
514 1637 564 1666 recto
572 1632 643 1667 tramite
651 1644 709 1678 vsque
717 1634 739 1668 ad
748 1635 800 1678 papi·

99 1688 167 1722 lionenr
182 1686 214 1720 filii
229 1686 278 1730 regis
293 1686 375 1728 tetendit,
388 1691 406 1719 et
421 1686 484 1719 lumen
497 1687 591 1719 oculorum
604 1686 686 1720 omnium
701 1687 800 1722 obcecault.

100 1741 169 1774 Orante
178 1745 239 1773 autem
247 1745 330 1772 sanctum
338 1740 430 1772 Cadocum
438 1749 480 1771 cum
488 1739 588 1772 humilitate
596 1739 633 1772 filio
641 1740 689 1782 regis
701 1745 719 1772 et
726 1740 799 1774 veniam

72 1803 91 1832 30
99 1799 178 1838 petente,
187 1791 278 1835 priscam⁴
288 1792 377 1824 luminum
388 1791 445 1824 aciem
456 1800 497 1824 cum
508 1791 546 1824 suis
557 1790 631 1834 recepit.
676 1784 800 1836 Congregatis

99 1853 160 1881 autem
168 1844 263 1889 discipulis
275 1845 319 1886 suis,
331 1844 355 1877 ait
367 1844 413 1878 illis:
430 1843 530 1885 ‘Quoniam
543 1843 629 1887 quideml
641 1843 703 1877 diuino
716 1851 760 1878 nutu
772 1850 801 1879 ter

100 1898 249 1940 Hierosolimam,
262 1896 367 1942 septiesque
380 1896 459 1930 Romam
475 1907 508 1940 pro
523 1896 553 1930 dei
568 1906 631 1930 amore
645 1897 738 1940 profectus
753 1908 800 1940 sum,

45 1996 49 2001 Ι
100 1956 184 1997 superest
191 1955 210 1985 vt
221 1951 285 1985 orandi
293 1949 350 1995 gratia
361 1950 384 1984 ad
392 1948 489 1984 ecclesiam
498 1949 556 1984 sancti
564 1949 640 1984 Andree
647 1949 666 1984 in
675 1950 739 1985 Scocia
747 1952 801 1995 profi·

100 2008 168 2041 ciscar)
191 2005 231 2047 Quo
247 2015 288 2038 cum
303 2009 394 2048 pergeret,
409 2003 493 2048 apparuit
512 2002 529 2036 ei
548 2004 624 2047 angelus
643 2003 711 2037 domini
727 2005 800 2039 dicens:

73 2068 91 2098 35
100 2060 203 2094 ‘Dominus
218 2059 264 2092 deus
279 2063 321 2092 tuus
335 2068 370 2101 per
385 2067 415 2091 me
430 2056 462 2090 tibi
476 2056 554 2101 precipit
569 2067 593 2090 ne
609 2056 650 2090 hinc
665 2057 755 2099 discedas,
768 2059 801 2092 sed

101 2118 173 2156 septem
181 2121 271 2145 annorum
279 2110 341 2154 spacio
349 2109 406 2154 gratia
414 2109 533 2143 conuertendi
543 2110 631 2153 populum
639 2110 662 2143 ad
669 2110 737 2144 Christi
745 2111 800 2144 fidem

100 2166 119 2200 in
126 2164 309 2209 hoclocopersistas.’
326 2163 505 2207 lbiverolpopulum
510 2162 575 2205 docuit,
581 2162 684 2207 baptizauit,
690 2168 801 2207 cunctosque

101 2219 196 2263 languidos
208 2217 282 2253 curauit.
306 2217 389 2259 Quadam
396 2228 441 2251 vero
452 2217 481 2251 die
493 2217 537 2250 dum
546 2222 614 2250 terram
624 2217 647 2250 ad
657 2217 801 2251 construendum

101 2271 232 2307 monasterium
240 2271 316 2311 foderet,
324 2280 345 2304 os
355 2269 396 2304 colli
407 2270 502 2304 cuiusdam
510 2270 565 2313 prisci
575 2269 654 2313 gigantis
664 2273 802 2303 monstruosum

73 2338 93 2367 40
101 2337 122 2361 ac
130 2324 241 2360 incredibilis
249 2323 354 2367 quantitatis
364 2322 439 2357 inuenit.
462 2322 485 2357 Et
496 2322 588 2356 admirans
599 2326 674 2356 sanctus
682 2320 737 2356 dixit:
750 2321 802 2356 ‘Non

101 2381 124 2415 ad
138 2389 198 2414 escam
212 2389 272 2423 neque
285 2377 308 2412 ad
322 2382 386 2421 potum
397 2377 469 2419 vadam,
481 2376 515 2411 sed
530 2376 565 2411 erit
576 2374 631 2410 michi
642 2374 699 2409 oratio
711 2385 745 2418 pro
757 2374 803 2418 cibo,

101 2434 196 2477 lachryme
209 2443 242 2476 pro
254 2437 304 2475 potu,
316 2432 375 2464 donec
387 2431 422 2464 hoc
435 2430 538 2474 prodigium
551 2429 604 2464 nobis
617 2440 628 2463 a
640 2429 675 2463 deo
688 2430 799 2473 propaletur.

103 2486 173 2521 Eadem
185 2491 237 2520 nocte
249 2485 325 2530 angelus
337 2483 406 2519 domini
417 2494 508 2529 apparens
519 2483 536 2517 ei
546 2481 604 2517 dixit:
617 2481 674 2516 ‘Ecce
685 2482 753 2518 clamor
764 2494 804 2519 ora-

123 2555 226 2585 ¹Vitrubei.
266 2554 361 2584 tonatur.
403 2553 510 2583 ³E.addueti.
551 2552 608 2581 *Bou
616 2552 701 2589 pristinam.
746 2553 804 2583 ⁵Boll.

103 2595 239 2633 Quandoquidem.
280 2594 286 2612 ⁰
295 2595 326 2624 Vin
335 2594 386 2631 igitur.
