1762 2803
127 100 172 156 tu
188 97 288 152 &auctu
303 96 420 158 nutantia
434 102 463 152 ut
478 98 662 162 tsstuutpnutun.
716 104 746 156 69

43 233 114 268 ponens
122 221 140 256 in
148 221 228 262 vasculo,
236 221 294 255 noluit
301 220 320 254 in
329 220 444 255 stomachum
452 220 541 265 recipere,
547 231 592 256 vero
599 231 663 256 amore
670 221 745 265 spiritus

43 286 117 312 carnem
129 274 252 309 maceratione
263 274 359 317 castigans.
383 274 428 308 Erat
439 285 518 318 namque
532 274 551 309 in
562 274 625 309 verbis
635 274 746 317 fructuosus,

43 341 79 364 non
91 328 167 363 friuola¹
176 328 253 362 audiens
265 328 298 362 sed
308 327 364 368 vtilia,
374 328 465 371 scripture
477 338 529 362 sacre
541 328 623 362 feruidus
634 329 746 370 degustator.

43 382 199 416 Consuetudinem
219 389 332 415 conseruans
350 379 447 424 completis
465 379 559 415 matutinis
578 381 667 425 reliquam
687 379 746 415 noctis

43 434 145 479 portionem
157 433 218 468 studio
229 431 334 467 deuotionis
345 434 413 467 ducere
424 433 540 477 peruigilem,
548 435 583 467 deo
595 434 630 467 soli
642 433 763 473 mentaliters

43 486 132 526 conscius,
143 486 217 520 assidue
229 490 348 529 perscrutans
360 491 412 520 actus
423 485 538 530 quotidianos
550 485 617 521 eiulatu
630 485 692 520 flebili.
714 485 746 521 sie

43 539 148 574 meditando
163 544 182 573 et
197 538 338 583 contemplando
351 549 410 584 usque
422 540 445 574 ad
457 543 532 584 tempus
547 538 676 574 celebrationis
689 540 746 574 misse

42 594 61 627 in
80 592 250 628 aurora-nobiliter
266 592 381 636 occupatus⁹,
400 597 516 635 prearmatus
535 598 599 627 contra
614 593 663 634 vitia,
677 592 746 637 gratias

43 646 124 681 omnium
143 644 233 679 conditori
251 644 348 688 insigniter
367 644 481 678 ministrauit.
503 644 562 679 Tante
581 644 685 679 deuotionis
703 644 746 688 igne

43 708 170 742 preaccensus,
182 697 271 730 virtutum
284 697 364 731 culmine
376 696 489 738 sublimatus,
501 696 614 730 orationibus
626 695 746 731 solertissime
756 706 774 726 10

43 755 146 793 occupatus,
159 748 270 794 benignitate
285 749 373 794 repletus,
385 747 431 784 vixit
446 747 568 783 circumtus0³
582 747 647 783 solatio
662 749 746 794 perpetui

42 803 92 837 iubili
112 803 187 837 etheree
205 801 292 845 regionis.
323 801 380 836 Cuius
402 802 505 837 modestam
529 801 641 847 patientiam,
660 803 746 837 maximis

42 855 192 901 temptationibus
208 856 351 901 comprobatam,
367 866 483 900 consequens
500 855 614 901 experientie
630 856 746 891 aduersantia

43 909 143 944 certissime
159 909 264 943 declarabit.
308 902 375 942 Vnus*
387 909 410 942 de
421 909 508 943 fratribus
522 908 540 942 in
554 909 619 944 eodem
635 908 746 944 monasterio

42 962 98 997 vitam
113 962 209 1007 professus
221 962 329 1007 regularem,
345 961 476 1007 indignationis
491 962 570 998 stimulis
585 962 702 1007 superfluose
714 974 746 997 ex·
755 972 773 1001 ¹5

43 1018 120 1060 agitatus
131 1022 150 1050 et
160 1021 262 1049 commotus
270 1015 376 1059 enormiter,
389 1015 407 1050 in
420 1016 462 1050 aula
473 1015 503 1050 vbi
516 1015 586 1060 prefata
599 1015 746 1051 mansuetudinis

43 1070 127 1103 columba
139 1080 180 1101 eum
192 1068 353 1101 circumstantibus
364 1068 505 1101 communicauit
517 1068 642 1108 familiaribus,
653 1072 747 1112 protectus

43 1119 126 1155 ascendit
133 1119 277 1165 presumptionis
289 1120 353 1165 clipeo,
364 1125 383 1155 et
393 1120 475 1155 inflatiuo
485 1120 583 1156 inflationis
594 1120 659 1165 spiritu
667 1120 747 1165 plurima

43 1174 161 1218 distorquens
176 1173 263 1215 conuicia,
278 1172 396 1218 benignitatis
412 1174 515 1209 beatificum
531 1180 629 1218 patronum
646 1174 746 1208 commina-

43 1226 123 1261 tionibus
130 1231 149 1260 et
156 1227 260 1271 querulosis
268 1226 378 1261 clamoribus
386 1227 409 1260 ad
417 1226 530 1261 iracundiam
540 1237 641 1272 prouocare
648 1226 746 1261 nitebatur.
755 1238 774 1259 ao

44 1280 84 1322 Qui,
96 1279 212 1324 simplicitate
225 1285 245 1314 vt
257 1280 315 1314 fuerat
328 1280 409 1324 repletus
425 1280 533 1320 columbina,
545 1280 595 1314 fellia
607 1280 696 1314 offensiue
710 1280 746 1314 ira·

43 1333 108 1365 cundie
121 1333 186 1376 pocula
197 1338 296 1375 prouocate
309 1332 410 1371 declinans,
422 1331 492 1365 eunctis
504 1331 664 1366 circumstantibus
676 1331 746 1366 infesti-

44 1390 108 1419 nanter
119 1383 205 1426 attonitis
219 1383 295 1419 minimo
307 1384 399 1419 sermonis
409 1384 460 1419 titulo
471 1395 508 1418 non
519 1385 618 1430 respondit.
640 1385 694 1420 Vnus
701 1396 747 1420 vero

43 1448 84 1472 cum
99 1443 163 1472 sancto
175 1436 282 1472 familiarius
297 1437 316 1471 in
329 1438 406 1482 agendis
420 1439 530 1482 preelectus,
546 1443 668 1482 properanter
682 1438 746 1473 subse-

44 1491 117 1534 quentia
136 1491 220 1535 prorupit
238 1491 257 1524 in
276 1491 343 1525 verba:
363 1491 411 1525 ‘Cur
429 1495 467 1525 tam
485 1490 548 1534 grauia
566 1497 641 1535 tamque
663 1490 746 1535 patimini
755 1501 773 1530 25

43 1555 126 1587 onerosa,
142 1545 186 1577 dum
205 1544 245 1578 solo
263 1545 320 1578 verbo
335 1543 402 1578 vinculi
422 1543 549 1579 obedientialis
568 1544 617 1579 hune
633 1545 656 1578 ad
672 1544 745 1579 claustri

44 1597 120 1640 gradum
133 1597 229 1630 confestim
244 1595 330 1639 potuistis
345 1595 452 1630 remittere?
474 1596 503 1630 En
518 1597 621 1631 sententias
636 1596 746 1631 defensoriis

44 1648 185 1694 propugnaculis
196 1648 279 1693 palliatas
290 1648 372 1693 undique
384 1649 515 1685 circumuoluit.
539 1649 568 1684 En
581 1650 604 1684 de
617 1649 671 1685 fouea
682 1650 746 1685 hericii

44 1703 185 1746 occulciorisque
204 1702 275 1736 malicie
294 1703 369 1736 latibulo
387 1702 511 1737 innocentiam
530 1708 650 1746 prosternens
673 1703 745 1747 perflati

43 1756 120 1789 tumoris
131 1755 208 1790 sibilusl
219 1754 316 1789 emanauit.
339 1755 377 1789 Cur
388 1754 504 1790 dehonestati
517 1756 593 1791 honoris
605 1756 745 1791 irreuerentiam
754 1769 774 1799 30

44 1818 80 1842 non
89 1808 196 1853 percipitis?
219 1808 257 1843 Cur
267 1813 317 1843 tante
328 1808 400 1842 malicie
412 1808 494 1843 sobolem
506 1820 544 1842 non
556 1809 689 1853 expugnatis?’
712 1809 745 1843 Cui

44 1862 143 1895 veridicum
158 1861 255 1904 exemplar
269 1861 358 1904 patientie
372 1862 394 1895 ad
410 1862 468 1894 instar
479 1861 580 1895 beatissimi
594 1862 632 1902 Iob,
646 1861 746 1905 spiritualis

44 1911 97 1956 sigilli
116 1913 202 1958 ymagine
221 1913 327 1948 defensorie
345 1913 468 1956 consignatus,
483 1923 594 1957 responsum
610 1914 693 1958 regulare
709 1914 746 1949 tale

44 1967 103 2001 dedit:
116 1966 178 2008 ‘Cum,
190 1965 254 2011 inquit,
267 1966 322 2011 ignee
334 1966 376 2002 tede
389 1971 508 2001 exestuantes
522 1967 618 2001 domorum
634 1972 682 2001 tecta
696 1972 746 2001 tran-

44 2022 139 2062 scendunt,
154 2019 273 2063 flammigeris
291 2019 325 2053 alis
341 2019 405 2053 altiora
421 2020 469 2053 aeris
486 2021 631 2062 penetrantibus,
650 2020 773 2064 nunquid⁶35

44 2077 113 2107 mature
132 2072 259 2107 deliberationi
273 2071 320 2106 foret
335 2071 468 2115 imputandum,
485 2072 531 2106 tanti
550 2073 615 2107 caloris
629 2072 746 2107 vehementie

44 2125 168 2158 combustialia
182 2125 306 2167 superaddere
318 2125 409 2167 plurima?
433 2124 481 2157 Num
492 2125 524 2168 qui
536 2125 598 2168 ignem
610 2124 705 2168 copiosum
717 2135 746 2159 ac·

44 2178 135 2218 tenderet,
143 2178 218 2211 domum
226 2177 352 2211 consumendo
360 2177 489 2211 combureret?
511 2177 558 2211 ‘iste
566 2178 590 2211 ad
597 2188 677 2222 presens
685 2182 746 2212 estuo-

44 2228 116 2263 sissimo
128 2230 156 2263 ire
169 2229 254 2263 incendio
269 2229 343 2273 palliato
358 2229 417 2263 fronte
432 2230 532 2272 incanduit,
546 2234 565 2264 et
580 2229 596 2264 si
608 2229 639 2264 tali
655 2230 745 2264 adustioni

44 2279 96 2324 ignee
106 2283 251 2327 superadderem
263 2283 331 2318 faculas
342 2283 441 2317 verborum
453 2283 610 2324 comminantium,
617 2283 746 2318 vehementius
754 2293 774 2323 40

44 2344 132 2371 accensus
143 2336 162 2370 in
174 2336 259 2370 semitam
270 2336 384 2370 rectitudinis
396 2346 432 2371 non
445 2342 494 2371 esset
505 2337 611 2370 charitatiue
624 2336 746 2370 reducendus

45 2386 81 2422 Sed
89 2389 187 2423 subtractis
195 2395 232 2423 tam
240 2388 326 2423 immensi
336 2387 401 2423 caloris
408 2388 478 2430 iaculis,
486 2390 508 2423 ad
517 2394 600 2433 tempora
611 2387 746 2423 reformationis

45 2439 171 2477 deliberatorie
189 2441 295 2477 veniemus.¹
323 2441 346 2476 Et
365 2441 400 2476 hiis
419 2441 533 2482 modificatis,
550 2440 637 2475 immotus
655 2440 745 2474 recedens

45 2509 165 2549 ,¹E.iriuula.
232 2509 363 2547 ἱΒουσειρειωε.
429 2508 577 2541 ³neircumfususl
638 2506 744 2538 ⁴E Vnieus.

10 2559 12 2562 ’
44 2550 50 2560 “
60 2545 77 2576 E.
86 2549 150 2580 sibulus.
211 2550 217 2568 ⁸
227 2549 245 2580 E.
254 2550 326 2587 nunquit.
