1762 2803
232 81 277 136 bo
292 78 393 132 banno
409 80 557 134 welanao.
699 91 744 138 415

43 203 96 241 huius
104 201 196 238 Walstani
204 212 252 236 noua
259 201 344 235 membra
350 200 433 245 recipere
441 195 554 235 meruerunt.
566 199 621 234 Vnde
628 208 666 233 non
674 204 744 234 tanturn

42 257 126 294 catholici
136 267 147 290 a
156 254 236 290 diuersis
243 254 362 298 languoribus
371 263 406 297 per
415 253 464 287 hunc
476 257 560 286 sanctum
568 251 674 294 liberantur,
681 261 745 287 verum

43 311 97 346 etiam
105 310 159 343 bruta
167 306 258 350 animalia,
266 318 277 340 a
285 316 394 351 quocunque
404 306 493 349 languore
502 310 578 348 grauata
588 304 661 346 fuerint,
669 304 747 348 pristine

43 363 144 399 redduntur
159 359 237 395 sanitati.
265 358 421 393 commendemus
435 368 484 401 ergo,
498 357 680 398 dilectissimidiem
693 356 748 391 huius

44 414 101 451 sancti
116 411 210 447 Walstani
225 411 334 454 solemnem,
346 409 383 456 qui,
398 416 418 445 ut
432 411 533 456 perpetua¹
550 415 630 455 caperet,
644 410 765 453 transitorias

44 467 121 513 reliquit,
129 472 149 500 vt
160 471 210 500 caste
218 465 290 499 viueret
301 475 375 499 earnem
383 475 436 499 suam
447 474 481 509 per
492 463 580 499 ieiunium
590 463 678 508 frequens
689 473 749 499 mace·

44 522 95 564 rauit,
103 519 216 565 pauperibus
226 517 311 554 victualia
322 528 356 552 sua
367 517 470 562 errogauit3
482 522 500 552 et
511 522 531 553 vt
541 517 563 552 in·
572 517 630 562 gradu
641 516 749 552 humilitatis

45 574 129 611 continua
136 572 204 607 virtute
215 572 328 616 persisteret,
337 576 400 615 spreta
411 570 468 614 regali
479 581 555 606 suorum
566 576 663 615 parentum
675 581 749 604 sucees-

45 630 101 667 slone,
117 625 192 659 seruitio
208 624 318 668 simplicium
337 634 459 667 personarum
474 623 562 657 ruralium
577 634 598 657 re
613 622 705 666 obligauit.
732 623 749 657 Ο

45 684 108 715 sancte
119 677 221 719 Walstane,
232 676 299 711 merito
310 676 329 710 in
341 676 371 711 dei
382 675 461 711 ecclesia
472 675 574 710 laudandus
585 685 612 711 es.
634 674 663 710 Tu
675 685 750 720 compar
758 685 778 708 ιο

46 734 80 769 dici
93 736 145 777 potes
157 730 245 776 apostolis
258 740 293 775 per
304 728 433 775 temporalium
446 740 509 765 rerum
522 729 667 772 abdicationem
683 730 750 765 similis

46 784 150 822 martiribus
161 794 195 829 per
206 783 345 828 penitentialem
356 783 416 818 earnis
424 782 593 826 mortificationem
605 783 667 818 socius
678 784 749 818 confes·

46 848 109 873 sorum
127 842 205 881 propter
223 836 365 870 elemosinarum
383 835 497 880 largitionem
516 841 535 871 et
553 846 629 880 precum
645 841 749 871 sanctarum

46 890 159 926 effusionem.
193 888 279 933 Migrauit
298 899 342 933 ergo
361 889 384 922 ad
403 889 497 924 dominum
517 889 603 933 egregius
621 890 657 924 iste
675 893 750 924 sanctus

46 943 154 978 Walstanus
166 942 222 976 Anno
237 942 260 976 ab
272 941 397 977 incarnatione
410 941 480 976 domini
495 941 593 977 millesimo
606 946 659 977 sexto
673 941 749 990 decimo,
759 951 778 984 1⁵

46 996 100 1032 tertio
112 995 153 1030 Kal.
166 995 218 1029 Iunii.
241 994 361 1039 Suspirantes
372 1001 414 1040 post
425 1006 474 1037 eum,
485 995 552 1030 fratres
563 995 672 1039 charissimi,
684 1006 750 1041 sequa·

47 1060 89 1085 mur
100 1049 140 1084 eius
150 1048 228 1093 vestigia
242 1059 277 1093 per
287 1048 363 1083 semitas
373 1048 456 1083 veritatis
467 1054 485 1083 et
496 1049 567 1084 iusticie
582 1060 655 1084 necnon
668 1049 750 1093 perfecte

48 1101 159 1144 humilitatis,
166 1107 186 1135 vt
197 1101 296 1145 peruenire
303 1101 397 1135 valcamus
409 1112 450 1135 cum
458 1112 480 1135 eo
488 1102 511 1135 ad
519 1112 596 1145 regnum
607 1101 653 1136 lucis
660 1107 679 1135 et
686 1101 750 1145 glorie,

48 1155 66 1188 in
75 1165 111 1198 quo
118 1159 183 1198 regnat
191 1152 237 1188 deus
245 1164 279 1198 per
286 1153 357 1187 infinita
365 1153 469 1188 seculorum
477 1153 544 1188 secula.
566 1154 634 1189 Amen.

145 1302 160 1339 ff}
172 1293 206 1336 DE
217 1310 287 1335 SANCTO
298 1292 430 1335 Weutrnnnn
440 1310 517 1335 vtuains
528 1310 551 1334 ET
562 1299 660 1336 ululantes?

86 1385 172 1420 Eunous³
184 1385 258 1419 nornine
272 1384 347 1428 quidam
360 1390 435 1419 sanctus
449 1385 548 1418 admodum
560 1385 644 1428 insignis,
654 1384 751 1418 virtutibus
760 1396 780 1418 ao

96 1438 161 1480 clarus,
170 1437 189 1472 in
200 1437 276 1472 occidua
284 1436 359 1471 Maioris
372 1435 467 1471 Britannie
474 1437 550 1482 regione
560 1436 630 1480 enituit,
637 1437 666 1472 vir
677 1436 751 1481 quidem

50 1502 133 1524 summus
145 1498 164 1524 et
175 1492 194 1525 in
208 1491 258 1525 omni
273 1490 368 1525 sanctitate
380 1490 492 1534 precipuus:
507 1495 604 1534 paternum
618 1495 752 1535 contempnens

50 1544 116 1578 solium
127 1549 146 1577 et
157 1554 228 1588 pauper
239 1543 329 1588 effugiens
341 1548 360 1578 et
371 1543 473 1577 monachus
484 1543 548 1586 factus,
556 1544 575 1577 in
587 1544 638 1577 breui
649 1543 752 1588 perfectum

50 1596 109 1632 virum
125 1596 167 1642 egit.
189 1596 236 1631 Cum
251 1596 271 1631 in
286 1597 365 1632 diuersis
380 1596 460 1641 denique
475 1597 520 1632 locis
538 1597 627 1632 ecclesias
646 1597 752 1634 fabricasset

49 1651 152 1694 fratresque
160 1650 223 1684 inillis
231 1650 266 1683 deo
274 1651 376 1684 seruiturus
384 1649 515 1691 constituisset,
522 1649 563 1695 ipse
575 1649 637 1684 diuino
648 1650 753 1685 admonitus
761 1660 780 1692 ²⁵

50 1703 122 1737 oraculo
134 1702 179 1737 alias
190 1701 281 1745 discessit,
292 1703 386 1746 prouisam
398 1703 433 1736 sibi
444 1714 455 1736 a
466 1704 502 1736 deo
513 1703 619 1747 quesituros
632 1704 753 1737 mansionem.

51 1754 137 1789 Peruenit
147 1755 223 1789 tandem
234 1755 257 1789 ad
268 1755 354 1799 predium
366 1754 460 1793 cuiusdam
472 1755 535 1799 magni
548 1760 567 1790 et
578 1755 700 1800 potentissimi
712 1755 752 1798 viri,

50 1808 224 1850 nomineTheuith;
236 1809 265 1842 cui
273 1812 291 1843 et
301 1808 357 1842 dixit:
370 1808 418 1843 ‘Oro
429 1808 514 1852 quatinus
525 1808 548 1843 de
558 1807 677 1854 possessione
687 1819 699 1843 a
709 1820 753 1854 pro·

51 1861 164 1906 genitoribus
176 1861 211 1896 tuis
222 1861 262 1896 iure
274 1861 385 1896 hereditario
398 1862 431 1895 tibi
443 1861 532 1903 deriuata,
543 1868 615 1905 partem
628 1863 664 1896 deo
676 1868 694 1896 et
707 1861 753 1897 mihi

51 1915 147 1957 concedas,
154 1920 174 1949 vt
181 1912 266 1948 fabricata
275 1914 344 1948 ibidem
356 1913 438 1956 ecclesia,
446 1913 465 1947 in
476 1913 507 1948 illa
518 1915 554 1948 deo
565 1914 636 1948 seruire
647 1919 665 1949 et
675 1925 711 1958 pro
722 1920 753 1948 tua
762 1923 782 1954 30

51 1967 109 2000 salute
117 1967 205 2009 deinceps
217 1966 267 1999 omni
278 1966 308 1999 die
315 1966 387 1999 valeam
398 1965 503 2009 postulare.r
526 1965 562 2008 Qui
570 1965 650 2000 libenter
657 1966 726 2008 annuit,
735 1971 753 2000 et

51 2018 123 2052 unicam
133 2017 190 2052 filiam
199 2017 281 2053 moribus
290 2018 422 2059 instruendam,
430 2017 504 2054 nomine
511 2017 649 2061 Wenestedam,
657 2018 753 2055 commisit

52 2071 72 2105 Si
80 2073 153 2116 quando
161 2077 222 2106 autem
230 2071 259 2106 vir
268 2076 343 2106 sanctus
353 2071 422 2116 populo
431 2075 518 2116 precepta
526 2070 632 2117 monitaque
640 2071 703 2108 salutis
711 2082 754 2118 pre·

52 2123 128 2160 dicando
141 2126 253 2167 ostenderet,
266 2125 356 2169 prefatam
368 2125 458 2169 virginem
473 2125 496 2159 ad
509 2125 567 2169 pedes
581 2125 652 2170 [suos]⁴
664 2131 754 2170 statuens,

52 2180 113 2213 omnia
119 2179 197 2213 solerter
204 2178 302 2214 aduertere
309 2184 327 2213 et
334 2178 397 2223 patulo
403 2178 458 2213 corde
466 2178 561 2223 suscipere
570 2179 640 2214 monuit
649 2190 685 2224 que
692 2179 716 2214 ab
723 2179 754 2214 illo
763 2187 782 2220 35

52 2231 164 2266 dicebantur.
186 2231 243 2274 Virgo
250 2242 301 2275 vero,
308 2231 410 2276 inspirante
421 2232 450 2265 dei
461 2232 558 2266 clementia
569 2232 589 2266 in
600 2232 666 2266 melius
674 2232 755 2276 quotidie

52 2293 138 2318 crescens
149 2288 167 2318 et
178 2283 197 2318 in
209 2283 300 2328 sapientia
311 2282 416 2327 proficiens,
428 2295 503 2318 omnem
514 2283 574 2318 virum
585 2285 659 2330 penitus
670 2286 755 2321 abdicare

53 2335 171 2382 disponebat,
191 2335 225 2372 hoc
243 2343 305 2372 tamen
323 2337 432 2383 parentibus
453 2339 570 2374 innotescere
588 2337 702 2374 formidabat.
732 2338 755 2375 Et

72 2414 77 2432 ¹
89 2415 107 2445 Ελ
114 2420 196 2456 perpetue.
236 2415 243 2434 ¹
253 2417 278 2446 ed.
285 2416 302 2446 in
308 2416 328 2448 lu
335 2416 365 2448 ὃὸ.
371 2416 412 2448 Boll.
419 2426 429 2454 3
437 2416 477 2448 Nou.
484 2426 499 2455 p.
507 2418 546 2455 708.-
555 2417 631 2455 abridged
638 2417 678 2448 from
685 2418 712 2448 the
719 2417 756 2453 vua,

52 2453 73 2491 by
80 2455 143 2486 Robert
152 2457 171 2486 of
178 2456 284 2494 Sbrewsbury
293 2457 310 2487 in
319 2457 354 2487 MS.
365 2457 409 2486 Laud
418 2457 463 2487 ldise.
476 2466 510 2493 114,
518 2457 561 2486 Trin.
570 2457 610 2486 Coll.
618 2457 655 2487 Cbr.
664 2457 704 2486 Gale
711 2458 730 2486 0.
738 2467 753 2493 4,

53 2495 138 2564 {de-migne?
151 2496 180 2526 55.
192 2495 239 2565 {321ss
247 2534 263 2563 in
271 2534 289 2564 ΕΙ
319 2497 325 2514 ³
335 2495 355 2525 T.
366 2495 434 2526 Sanetus
443 2495 506 2534 quidam
517 2495 601 2525 admodum
612 2494 679 2533 insignis
691 2495 755 2525 nomine
