1762 2803
222 104 268 160 be
283 101 383 156 &aneo
399 101 572 156 carlmanno.
705 120 747 162 401

48 231 134 265 Preterea
148 225 237 259 Ytalicam
250 235 271 260 se
286 224 386 267 asserebat,
399 230 457 259 ortam
470 225 520 270 apud
534 224 664 259 Marcilliacum
678 226 696 260 in
709 236 751 271 pro-

48 281 107 318 uincia
115 278 226 323 lugdunensi
231 278 242 321 ¹,
247 284 265 313 et
273 288 307 323 pro
314 277 392 312 sanitate
400 279 505 323 recipienda
513 278 552 313 fere
559 279 751 313 extremashominum

48 334 131 370 nationes
144 331 175 365 vbi
188 331 252 375 religio
267 330 366 365 christiana
381 337 497 374 peruenerat,
511 331 559 374 pede
572 331 622 364 lasso
637 331 752 365 lustrauerat.

49 388 65 422 O
80 395 134 430 quam
149 383 247 418 ineffabilis
262 388 375 418 secretorum
391 384 420 417 dei
433 383 560 428 profunditas!
580 383 640 427 Quam
654 384 752 418 vniuersus

48 439 128 474 mundus
141 447 183 470 cum
198 437 237 470 suis
254 436 336 480 reliquiis
351 437 447 479 abdicauit,
459 437 521 471 diuina
537 437 653 480 prouidentia
670 442 769 477 reseruat5

49 489 176 529 Erkenwaldo,
183 493 203 522 vt
213 489 343 522 mirabiliorem
354 488 373 521 in
385 489 454 523 sanctis
465 489 504 523 suis
516 488 571 522 deum
583 488 677 523 Britannia
689 499 752 532 recog·

49 547 116 578 noscat.
139 541 214 575 Obeate
221 540 349 582 Erkenwalde,
355 541 480 585 apostolorum
486 541 580 586 principes
588 542 654 576 Petrus
660 547 678 576 et
683 542 752 576 Paulus

49 596 79 631 tibi
91 595 182 636 deserunt,
193 594 298 638 alumpnam
308 604 360 627 suam
370 594 401 627 tibi
411 594 490 636 mittunt,
497 599 516 629 vt
525 594 621 637 gloriosior
630 605 727 639 appareas,
734 600 752 629 et

50 647 144 682 Londonia
155 651 173 679 te
187 646 253 680 melius
264 651 363 680 veneretur
373 652 392 679 et
403 647 454 680 colat.
477 647 525 689 Quid
538 647 602 690 plura?
624 648 708 689 Quadam
722 648 752 681 die

49 702 92 737 dum
106 704 263 744 supramemorata
274 698 344 741 mulier,
357 704 377 734 vt
389 698 482 744 religionis
496 704 529 742 est,
546 710 583 734 non
602 700 637 735 sub
657 700 780 735 hominumro

49 754 140 788 obtutibus
154 753 187 786 sed
202 753 221 786 in
236 752 314 787 ecclesie
328 753 399 796 angulis
410 753 504 794 occultata,
519 763 573 787 aures
588 754 656 787 summi
670 754 752 797 pulsaret

50 806 128 847 artificis,
143 806 292 839 absconditorum
304 806 387 849 cognitor
399 806 451 845 deus,
464 805 534 840 meritis
548 806 664 839 Erkenwaldi
678 807 752 850 exigen-

49 859 102 899 tibus,
110 866 166 890 manu
174 856 296 891 miserationis
304 866 379 890 manum
387 855 454 890 alleuat
461 856 583 901 deprecantis.
607 856 653 891 Cum
658 867 702 891 vero
710 867 753 901 pro·

49 910 103 944 lixius
112 909 143 942 illa
152 910 267 952 propensiori
277 908 331 943 cura¹
341 910 364 942 ad
372 909 430 942 sancti
440 910 530 943 tumulum
541 909 630 952 flagitaret
635 909 647 950 ³,
655 910 713 951 nerui,
721 910 752 953 qui

50 973 73 996 ex
81 961 136 995 nimia
143 962 237 995 strictione
245 962 273 995 sui
283 965 367 995 extorres
377 961 462 995 animalis
469 961 571 995 viuacitatis
580 962 683 1003 extiterant,
691 962 753 1005 digitis
762 972 780 1004 ¹5

49 1015 72 1050 ad
82 1013 165 1048 ordinem
176 1014 271 1056 reuocatis,
282 1014 305 1049 ad
316 1023 390 1048 cursum
403 1014 504 1049 naturalem
517 1014 577 1048 subito
590 1014 673 1056 redeunt,
683 1019 701 1049 et
712 1013 753 1049 vsui

50 1072 155 1109 competens
161 1077 226 1100 succus
231 1065 326 1100 viuificus⁴
334 1071 352 1100 et
356 1077 445 1100 venarum
450 1077 575 1110 pororumque
583 1066 660 1110 repletio
665 1066 753 1101 naturalis

50 1119 153 1154 membrum
161 1119 264 1154 restituunt.
284 1118 351 1153 Manus
359 1118 409 1153 arida
417 1119 533 1154 humectatur
538 1118 550 1161 ⁶,
558 1124 576 1153 et
584 1130 663 1154 neruosa
671 1120 752 1155 soliditas

50 1173 161 1213 denodatur3
181 1173 273 1206 Naturalis
286 1173 339 1215 vigor
352 1172 439 1206 miraculo
451 1172 525 1217 depellit
540 1172 609 1214 vitium,
622 1178 640 1207 et
651 1173 753 1217 putrefacta

51 1235 115 1258 manus
122 1225 186 1258 vsuale
195 1226 250 1259 sentit
258 1224 336 1259 officium
344 1236 348 1266 ;
361 1224 478 1258 Erkenwaldi
486 1224 573 1269 precibus
581 1225 681 1259 admiratur
688 1226 752 1270 digito-
762 1239 781 1259 ιο

50 1288 90 1311 rum
101 1278 190 1319 discretio,
201 1279 249 1322 quod
260 1277 367 1323 pregnantis
377 1282 441 1311 natura
453 1277 547 1312 dimiserat
559 1278 577 1311 in
590 1279 671 1322 gremio;
684 1278 753 1313 Reddit

51 1330 183 1364 Erkemvaldus
195 1331 250 1365 oblita
261 1331 300 1365 iura
311 1336 381 1371 nature,
391 1331 434 1364 dum
446 1330 547 1364 humanum
559 1331 662 1365 membrum
674 1331 752 1366 restituit

51 1386 137 1416 creature.
180 1375 752 1427 TemporeStephaniregn'sAnglorum,eratquidamiuuenis,

51 1435 124 1468 nomine
131 1435 242 1478 Willelmus‚
250 1436 281 1480 qui
289 1435 312 1468 de
321 1434 384 1469 Galliis
391 1436 495 1469 exercende
503 1435 631 1479 negotiationis
640 1448 694 1470 causa
705 1437 753 1470 fines

51 1486 187 1522 Londoniarum
198 1488 303 1530 intrauerat,
313 1493 331 1522 et
342 1488 361 1521 in
373 1488 466 1532 presentia
473 1488 584 1522 sanctissimi
592 1490 674 1533 corporis
682 1489 753 1523 Erken·
762 1501 780 1532 ²5

51 1540 108 1584 waldi,
123 1541 153 1575 die
169 1542 303 1587 solempnitatis
318 1553 356 1584 sue,
369 1541 417 1575 inter
431 1542 511 1586 populos
526 1542 628 1576 assistebat.
657 1542 753 1588 Completa

51 1594 110 1636 itaque
126 1596 249 1638 processione,
261 1596 309 1628 inter
321 1600 394 1628 ceteros
410 1600 580 1638 supramemoratus
591 1595 646 1629 homo
657 1595 753 1639 repedauit

51 1646 74 1678 ad
81 1646 115 1680 sibi
123 1647 206 1691 delegata
213 1648 293 1692 hospitia
300 1659 304 1689 ;
316 1652 334 1680 et
342 1647 386 1680 dum
394 1647 442 1681 inter
449 1647 568 1681 conuiuantes
576 1647 636 1681 socios
647 1648 724 1690 medius,
736 1653 754 1682 et

51 1699 102 1741 quasi
109 1700 153 1733 nulli
162 1707 205 1734 tunc
213 1702 312 1741 secundus,
320 1700 448 1741 discumberet,
457 1701 517 1734 subito
527 1705 564 1734 tam
575 1701 631 1734 atroci
643 1707 661 1735 et
672 1701 754 1744 pessima

51 1749 154 1786 infirmitate
166 1753 273 1795 concutitur,
283 1757 302 1787 vt
313 1752 439 1796 catalepticum
451 1753 545 1787 hominem
557 1753 654 1794 iudicares,
665 1759 683 1788 et
695 1754 753 1798 magis
762 1764 782 1794 ³⁰

52 1808 133 1846 mortem,
139 1816 194 1848 quam
202 1806 304 1849 perieulum
312 1804 407 1838 intimares
413 1805 425 1838 ⁰.
448 1805 476 1838 Ex
484 1805 525 1848 ipsa
531 1805 660 1848 desperatione
667 1806 672 1824 ³
680 1807 753 1849 signum

52 1855 119 1889 domini
128 1859 185 1891 nostri
197 1858 253 1892 ihesu
264 1857 332 1893 Christi
343 1863 385 1891 ante
397 1857 490 1891 infirmum
501 1857 611 1901 apponitur:
624 1858 715 1893 Sacerdos
727 1860 753 1901 (vt

52 1907 131 1943 fidelium
144 1921 185 1944 mos
196 1912 231 1954 est)
244 1912 303 1955 magis
314 1911 337 1944 ad
349 1910 442 1954 exequias,
450 1921 505 1954 quam
517 1911 540 1943 ad
552 1911 619 1944 infirmi
630 1912 753 1945 visitationem

52 1958 141 1997 inducitur
148 1975 152 2006 3
164 1968 182 1998 et
190 1964 275 1999 omnibus
283 1963 316 1999 rite
323 1963 408 2008 peractis,
416 1962 452 1998 iam
460 1963 509 1998 tedio
518 1962 561 1997 sessi
569 1963 600 2008 qui
608 1963 689 2007 aderant,
694 1963 752 2009 magis

52 2013 90 2047 eius
98 2022 182 2059 mortem,
190 2029 245 2061 quam
252 2023 290 2052 tam
297 2017 379 2061 pessime
387 2017 463 2051 cruciari
471 2017 582 2061 propensius
591 2017 690 2051 inhiabant.
713 2019 752 2052 Nec
761 2027 780 2057 55

52 2065 109 2100 adhuc
118 2079 142 2102 ex
149 2069 309 2103 circumstantibus
316 2070 386 2103 ciuibus
394 2075 433 2102 erat
444 2070 510 2113 aliquis
520 2069 552 2112 qui
563 2069 680 2103 Erkenwaldi
689 2075 753 2114 poten-

52 2119 95 2153 tiam
102 2120 213 2166 imploraret.
235 2124 294 2158 Silent
302 2123 393 2168 siquidem
402 2123 520 2157 Erkenwaldi
528 2122 588 2163 vicini,
596 2123 638 2157 vbi⁸
646 2124 753 2158 transmari·

53 2181 87 2206 nus
94 2184 131 2209 non
137 2176 191 2211 siluit.
215 2177 352 2211 Obliuiscuntur
359 2177 414 2216 ciues,
423 2177 471 2219 quod
483 2177 506 2210 de
517 2175 610 2209 Gallorum
617 2181 672 2219 gente
679 2176 753 2219 genitus

53 2227 162 2267 recognouit.
185 2229 270 2263 Profecto
278 2228 351 2273 quidam
360 2239 384 2261 ex
392 2228 459 2261 infirmi
467 2227 559 2261 sodalibus
569 2227 601 2271 [in]
610 2228 668 2271 pedes
676 2234 753 2272 repente

52 2277 132 2322 prosilit,
144 2282 193 2325 quod
201 2288 243 2317 ante
248 2283 271 2318 de
276 2281 373 2318 virtutibus
378 2281 457 2316 mirandi
462 2280 547 2316 antistitis
554 2279 635 2315 audierat
641 2292 678 2315 non
685 2283 753 2317 surdus
761 2290 782 2322 40

53 2331 123 2367 auditor
134 2336 206 2378 attollit;
217 2341 237 2370 vt
249 2340 323 2380 egrotus
339 2346 360 2369 se
373 2341 431 2369 totum
446 2335 515 2374 reddat,
528 2339 586 2368 totum
598 2335 682 2376 voueatl,
694 2340 753 2369 totum

53 2384 137 2426 precibus
145 2390 202 2423 sancti
210 2389 302 2434 pontificis
311 2399 332 2423 se
341 2389 427 2431 conferat,
437 2393 481 2422 nutu
492 2389 553 2422 diuino
563 2387 654 2422 laudando
664 2388 753 2423 consulit:

53 2435 112 2472 Currit
123 2440 175 2483 citus,
185 2443 244 2476 cereis
261 2442 318 2476 oculis
335 2442 373 2476 ceci
384 2443 447 2476 oculos
459 2443 521 2485 tangit,
533 2446 551 2474 et
563 2441 640 2476 festinus
652 2453 700 2486 equo
711 2447 754 2477 ante

72 2508 211 2551 ¹T.lugunensi.
250 2516 343 2546 ²E.crura.
374 2516 536 2553 ³T.E.tiagitante.
569 2514 685 2547 ¹T.viuicus.
716 2517 753 2547 ³E.

54 2546 155 2583 humectetur.
175 2554 313 2586 ⁶T.E.imitares
335 2554 370 2585 1Ε.
377 2556 489 2593 disparatione.
509 2553 602 2585 'om.inT.
621 2555 755 2587 ”mammeae

386 2605 417 2638 nd
