1762 2803
88 107 148 159 *406
195 165 198 170 q
296 102 376 154 mota
392 98 509 162 trumba
524 98 616 161 accita
671 107 674 111 ·

104 222 184 268 aliquid1
195 222 227 257 tibi
236 221 320 257 inditium
331 222 416 266 pandam,
424 231 460 265 quo
471 231 508 255 non
517 226 566 256 recte
576 226 595 255 te
606 230 650 265 erga
662 229 692 255 me
704 225 722 255 et
732 220 808 256 domum

105 277 135 312 dei
146 277 207 321 egisse
218 276 331 320 comperias:
343 280 362 310 vt
373 275 417 309 site
427 285 479 309 reum
490 275 526 309 iam
538 275 606 309 exinde
614 274 727 318 cognoueris
734 275 807 310 veniam

105 331 204 366 merearis.¹
233 329 255 364 In
267 329 351 373 proximo
363 328 413 362 enim
427 328 471 362 dnm
482 328 548 362 eiecti²
558 332 622 362 essent
634 328 714 372 parietes
725 328 809 362 eiusdem

105 383 173 417 fabrice
184 382 316 427 prominentes,
324 380 440 424 trabiumque
451 391 539 424 compago
549 379 634 423 sequenti
642 379 671 414 die
681 390 737 424 super
746 390 809 415 muros

89 436 181 478 5deberet
196 433 269 479 apponi,
284 438 339 468 noctu
354 433 466 477 aquilonaris
481 432 542 478 paries
557 432 618 468 subito
632 442 691 477 vsque
706 433 729 467 ad
741 436 809 468 terram

106 487 179 531 corruit,
194 492 212 522 et
227 491 316 521 terrorem
336 486 437 521 maximum
452 484 522 521 cunctis
537 484 618 521 incussit.
641 485 682 528 Quo
697 485 764 529 audito,
777 485 810 520 Ot-

106 540 180 586 garius³
191 540 294 584 episcopus,
306 539 396 575 visionem
413 550 468 583 quarn
479 539 550 575 viderat
563 550 605 575 esse
620 539 730 584 completam
744 539 810 573 intelli·

106 606 158 640 gens,
166 593 262 628 ecclesiam
271 593 383 637 instaurauit‚
391 598 410 628 et
417 594 525 629 festinanter
532 594 617 628 dedicare
625 593 705 628 curauit:
718 599 736 627 et
743 604 810 637 corpus

107 653 170 681 sancte
177 647 254 691 virginis
261 659 299 681 vna
305 658 348 681 curn
356 652 419 681 sancto
424 657 500 691 corpore
508 646 569 681 fratris
577 647 606 681 sui
613 646 726 681 Winniboldi
732 646 754 680 ad
762 645 811 680 hais-

81 711 100 733 1o
107 706 198 736 tatensem
206 700 298 736 transtulit
306 700 407 736 ecclesiam.

267 863 274 882 ⁴
280 865 293 901 il
308 856 342 898 Dr
353 873 423 898 snnero
433 860 543 897 Wnnnruo³
554 862 645 896 conarri.

147 945 204 981 Omes
212 950 272 980 autem
280 945 386 980 Walleuusl
399 944 511 981 serenissimi
523 944 602 980 Siwardi
613 944 684 980 comitis
696 944 749 987 filius,
757 945 812 980 comi·

99 1001 104 1008 “’
168 1003 225 1033 tatum
236 998 368 1033 Northumbrie
380 1003 398 1033 et
409 997 525 1033 eboracensis
535 996 630 1042 prouincie
641 997 763 1043 principatum
771 1009 812 1044 pos·

110 1050 178 1094 sidens,
187 1051 266 1086 iulittam
271 1052 282 1095 ⁸,
290 1052 379 1086 Willelmi
390 1052 440 1096 regis
451 1057 469 1086 et
481 1052 607 1096 conquestoris
618 1057 699 1095 neptem,
707 1052 726 1086 in
735 1062 812 1087 uxorem

110 1105 166 1146 duxit,
178 1110 196 1138 et
209 1105 276 1140 iniuste
290 1105 365 1140 demum
378 1109 479 1146 accusatus,
490 1104 513 1139 ab
527 1105 592 1140 eodem
604 1115 649 1150 rege
661 1105 769 1139 innocenter
781 1106 813 1141 de-

84 1167 101 1197 15
110 1158 191 1201 collatur,
203 1164 221 1193 et
234 1158 343 1193 Croulandie
356 1158 449 1203 sepelitur.
473 1158 517 1192 Eius
529 1157 578 1192 enirn
591 1158 628 1191 filia
640 1158 715 1192 nomine
727 1158 813 1201 Matildis,

111 1211 189 1252 Symoni
201 1211 261 1244 comiti
268 1210 407 1254 Huntingdonie
417 1216 479 1253 nupta,
486 1209 546 1244 virum
558 1210 588 1243 dei
599 1209 704 1243 Walleuum
716 1210 756 1243 siue
763 1210 814 1244 Wal-

110 1262 152 1297 thef
164 1264 253 1308 concepit,
271 1268 290 1297 et
305 1264 328 1297 ad
343 1263 442 1297 multorum
457 1263 536 1298 salutem
551 1261 627 1307 peperit.
650 1262 723 1298 Nomen
738 1262 779 1298 eius
795 1263 814 1298 in

110 1315 214 1360 Anglorurn
227 1317 320 1360 ydiomate
335 1315 453 1359 dissillaburn,
467 1314 483 1350 si
498 1316 579 1350 secunda
592 1315 673 1360 syllaba⁹
686 1321 771 1361 correpto
786 1327 813 1351 ac·

111 1374 166 1403 centu
176 1369 284 1413 proseratur,
295 1370 374 1403 ‘electus
382 1371 447 1413 sapor,’
458 1368 474 1403 si
482 1370 570 1413 producto
578 1374 660 1411 accentu,
668 1369 749 1403 ‘electus
756 1370 814 1404 latro'

85 1436 104 1458 ao
112 1422 248 1465 interpretatur.
271 1421 293 1456 In
300 1421 362 1457 verbis
371 1422 421 1456 enim
433 1426 451 1456 et
462 1421 544 1456 moribus
555 1432 641 1465 saporem
649 1421 749 1466 spiritualis
757 1423 816 1457 suaui-

112 1470 154 1510 tatis
169 1475 256 1509 omnibus
271 1475 359 1517 exhibuit,
374 1480 393 1509 et
410 1475 442 1518 pio
457 1475 504 1509 furto
520 1484 598 1517 regnum
615 1473 696 1508 celorum
711 1475 815 1509 latrocinari

113 1527 214 1568 videbatur,
226 1527 261 1571 qui
270 1527 347 1562 virtutes
360 1538 403 1561 suas
415 1533 433 1561 et
446 1526 569 1561 reuelationes
582 1525 617 1560 sibi
629 1525 715 1560 diuinitus
730 1532 815 1562 ostensas

113 1585 131 1615 et
143 1580 196 1623 signa
211 1585 282 1624 patrata
297 1580 387 1614 occultare
403 1591 478 1625 semper
492 1580 587 1614 nitebatur.
611 1579 727 1615 Exheredato
740 1581 815 1616 demum

114 1640 166 1677 patre
184 1634 223 1667 eius
239 1639 257 1667 et
273 1635 292 1667 in
309 1633 437 1668 transmarinis
454 1633 537 1677 partibus
553 1637 630 1675 mortuo,
645 1637 704 1667 mater
719 1632 758 1668 eius
774 1644 815 1668 cum

86 1695 105 1726 ²5
114 1686 200 1721 comitatu
213 1687 252 1730 regi
260 1686 321 1721 Scotie
330 1686 391 1721 Dauid
402 1685 502 1731 copulatur.
525 1685 554 1720 De
562 1695 598 1730 qua
607 1685 656 1719 idem
667 1695 701 1719 rex
712 1684 815 1721 Henricum

113 1740 204 1780 comitem,
216 1745 287 1783 patrem
298 1750 363 1783 regum
374 1741 464 1774 duorum:
481 1738 590 1773 Malcolmi¹⁰
601 1738 640 1773 scil.
648 1744 666 1773 et
673 1738 817 1784 Willelmi,pro·

113 1791 187 1827 creauit.
210 1791 319 1825 Walleuus⁷
333 1794 383 1825 enirn
398 1792 435 1826 vita
450 1797 469 1826 et
482 1792 564 1825 moribus
578 1791 681 1835 proficiens,
696 1798 783 1836 parentes
798 1799 816 1829 et

113 1845 202 1878 mundum
219 1844 297 1889 fugiens,
313 1845 332 1878 in
349 1845 424 1880 cenobio
439 1845 497 1879 sancti
513 1844 594 1879 Oswaldi
610 1844 727 1880 eboracensis
739 1845 817 1881 diocesis

114 1898 196 1932 habitum
208 1898 338 1933 canonicorum
350 1899 436 1943 suscepit,
446 1904 464 1932 et
476 1898 495 1932 in
506 1899 556 1932 omni
567 1899 663 1933 sanctitate
674 1899 769 1942 speculum
781 1900 817 1935 fra·

86 1961 106 1992 30
113 1951 171 1986 tribus
182 1950 263 1994 effectus,
272 1957 290 1987 et
301 1952 324 1986 de
336 1951 413 1987 sacrista
423 1951 443 1986 in
454 1950 534 1997 priorem
546 1951 569 1986 de
581 1950 671 1986 Kirltham
682 1952 763 1987 unamini
774 1964 817 1989 con-

114 2015 171 2040 sensu
180 2005 248 2039 electus
256 2010 288 2040 est.
308 2005 331 2039 Et
339 2011 407 2049 quanto
415 2005 434 2040 in
442 2006 499 2040 oculis
507 2006 589 2039 omniurn
596 2005 693 2040 videbatur
700 2007 817 2049 sublimior¹¹,

114 2064 164 2092 tanto
177 2059 196 2091 in
211 2059 267 2092 oculis
279 2058 360 2102 propriis
370 2058 474 2093 humili0r¹²
482 2059 587 2101 apparebat.
633 2050 656 2091 In
672 2060 727 2092 natali
735 2056 817 2101 domini,

115 2120 156 2144 cum
164 2109 240 2143 missam
251 2109 270 2143 in
281 2120 348 2154 magna
359 2109 420 2145 cordis
431 2110 529 2145 deuotione
541 2114 559 2144 et
570 2108 700 2143 lachrimarum
711 2111 818 2154 profusione

115 2162 211 2196 celebrans
218 2162 275 2196 verba
286 2163 396 2196 sacramenti
406 2163 503 2207 proferret,
511 2162 621 2196 infantulum
630 2173 665 2206 pre
672 2163 715 2196 liliis
723 2164 818 2199 hominum

88 2231 107 2262 35
116 2215 219 2258 speciosum
231 2214 250 2248 in
262 2215 346 2249 manibus
358 2216 397 2250 suis
404 2216 454 2259 vidit,
464 2221 482 2249 et
493 2217 512 2249 in
524 2215 583 2259 capite
594 2214 634 2248 eius
646 2225 732 2251 coronam
744 2227 818 2253 auream

115 2266 194 2312 gemmis
205 2267 297 2302 stelliferis
309 2268 418 2303 rutilantem.
442 2268 485 2303 Erat
498 2273 559 2303 autem
571 2266 621 2301 omni
634 2267 677 2303 niue
689 2270 786 2313 candidior,
800 2275 819 2306 et

116 2320 201 2356 dulcifluo
209 2320 299 2355 luminum
308 2321 346 2355 risu
354 2322 440 2365 vultuque
449 2332 515 2356 sereno
521 2320 625 2365 blandoque
633 2331 721 2356 manuum
729 2324 818 2368 applausu

136 2399 142 2418 ¹
151 2398 172 2431 al.
179 2398 247 2436 aliquod.
309 2398 315 2417 ⁹
324 2399 344 2430 al.
352 2399 406 2430 erecti.
473 2399 478 2417 ³
488 2400 506 2430 T.
514 2405 584 2438 etgarus.
641 2399 647 2418 ⁴
656 2400 738 2440 Abridged
744 2402 784 2432 from
791 2404 819 2433 the

115 2439 151 2470 Vita
159 2440 175 2469 S.
180 2439 261 2469 Waltheui
268 2438 290 2476 by
296 2439 357 2475 Jordan
362 2439 448 2478 (Joseelin)
456 2439 474 2470 of
481 2439 555 2477 Furness,
562 2440 579 2469 in
586 2439 606 2472 A.
614 2440 643 2471 SS.
651 2440 691 2472 Boll.
698 2451 708 2479 3
715 2443 756 2479 Aug.
765 2443 777 2472 1.
784 2452 819 2482 249.

115 2480 122 2498 ³
133 2480 150 2511 E.
159 2479 238 2510 Walleno.
278 2479 284 2496 ⁶
293 2479 311 2509 T.
319 2479 344 2509 De
351 2479 425 2510 Walleuo
432 2480 466 2510 uiro
474 2480 500 2509 dei
507 2484 523 2509 et
529 2480 589 2510 abbate.
631 2480 637 2499 ⁷
647 2490 666 2510 so
673 2481 697 2520 T„
705 2481 723 2512 Ε.
730 2482 818 2513 Wallenus.

115 2520 121 2536 ⁸
132 2520 150 2549 E.
157 2520 229 2551 inlittam.
292 2518 298 2537 ⁹
308 2519 326 2550 T.
335 2519 394 2551 sillaba.
462 2520 473 2538 ¹⁰
484 2520 502 2552 E.
510 2520 596 2560 malcolini;
606 2520 624 2552 T.
631 2521 713 2553 malcolmi.
779 2522 790 2541 ¹¹
800 2523 818 2554 T.

116 2560 197 2591 sullimior.
253 2558 264 2578 ¹²
275 2559 292 2591 E.
300 2559 384 2592 humiliter.
