1762 2803
116 78 144 130 96
307 75 387 128 lanua
402 73 518 136 limenun
533 72 626 136 anglia

115 188 213 231 ¹Perrexit
220 200 282 230 autem
290 201 364 231 sanctus
370 197 485 239 Augustinus
494 197 517 230 ad
524 196 625 230 Eboracam
635 194 733 239 ciuitatem,
738 195 817 232 salutem

116 249 198 283 omnium
214 249 306 283 affectans.
330 250 370 283 lbat
389 259 464 292 semper
479 250 537 292 pedes
556 249 625 291 absque
639 248 729 289 vehiculo,
744 249 817 291 patiens

116 301 205 344 laborum,
217 307 236 336 vt
249 312 305 336 verus
318 301 442 345 apostolorum
455 311 557 335 successor.
580 300 637 344 Igitur
651 300 699 334 circa
712 300 761 334 fines
774 302 817 335 ebo-

116 365 174 398 racos,
186 355 236 389 iuxta
248 354 283 388 iter
295 355 350 387 homo
362 354 437 398 quidam
448 354 553 398 paraliticus
564 360 583 388 et
594 353 688 387 oculorum
700 353 769 387 lumine
780 353 817 397 pri-

99 414 169 449 5uatus
181 406 289 441 exclamauit
300 406 374 442 dicens:
387 406 465 441 ‘Sancte
473 406 581 450 Augustine,
590 406 631 440 huic
642 406 717 447 homini,
726 416 788 440 rerum
799 412 817 441 et

116 461 179 494 salutis
194 460 260 503 indigo,
274 461 370 493 succurre.¹
393 459 423 493 Ad
438 470 493 502 quem
507 465 581 493 sanctus
594 458 684 493 accedens
698 458 753 493 dixit:
771 459 817 493 ‘Ar-

115 519 191 556 gentum
201 523 239 546 non
247 517 276 546 est
285 512 351 554 michi,
363 512 412 556 quod
420 518 482 546 autem
490 513 548 546 habeo
557 512 591 545 hoc
599 512 622 546 do
631 512 667 546 tibi.
690 512 751 556 Surge
761 522 818 547 sanus

115 565 134 599 in
142 566 218 599 nomine
226 564 295 598 domini
303 564 361 598 nostri
369 565 425 598 lhesu
433 564 510 599 Christi!
534 564 570 606 Qui
581 565 642 598 statim
653 570 731 606 curatus,
739 566 818 600 credens

115 618 217 662 baptizatus
231 623 264 651 est.
288 616 390 661 Baptizauit
405 622 466 652 autem
481 617 500 652 in
514 617 554 661 ipso
568 617 633 652 natalis
647 617 716 651 domini
731 617 761 651 die
776 618 818 662 plus

89 681 107 703 10
116 681 171 713 quam
182 671 246 704 decern
258 670 307 703 milia
316 670 425 713 Anglorum,
437 672 507 713 absque
518 671 636 713 paruulorum
648 681 669 703 ae
682 670 779 703 mulierum
790 671 818 704 in-

116 722 167 757 finito
175 732 258 765 nurnero,
266 722 285 755 in
293 722 354 765 fluuio,
362 722 393 766 qui
401 722 504 764 Swaluuat
512 723 566 757 modo
575 722 641 764 Swala,
649 721 720 757 dicitur.
736 722 757 756 ln
768 728 818 758 tanta

116 782 178 809 tamen
186 775 294 809 irruentium
302 777 396 809 turbarum
404 786 495 818 pressura,
504 775 522 808 in
531 781 568 809 tam
576 775 649 809 diuerso
658 786 714 809 sexus
722 780 740 809 et
750 780 817 810 etatum

116 834 171 873 atque
184 829 299 863 infirmorum
311 827 421 871 discrimine,
432 839 474 863 curn
486 840 551 863 omnes
563 839 597 872 per
607 828 651 863 illud
663 827 819 864 intransuadabile

117 882 229 926 profundum
240 882 345 924 transirent,
357 882 418 915 nullus
431 881 506 915 omnino
520 881 580 925 periit,
592 882 653 915 nullus
666 892 686 915 se
699 886 777 915 artatum
788 883 818 916 vel

91 947 108 977 15
117 936 177 970 lesum
190 934 266 978 planxit,
279 945 381 978 omnesque
394 934 457 978 egroti,
470 934 516 968 sicut
529 934 631 968 animarum
647 934 672 968 ita
687 939 705 968 et
720 945 818 978 corporum

117 988 211 1022 molestias
219 987 237 1020 in
245 997 292 1030 aqua
300 988 429 1030 deposuerunt.
452 988 493 1021 Stat
501 988 589 1021 hactenus
597 986 615 1021 in
623 988 688 1021 eodem
696 987 736 1021 loco
742 986 819 1022 ecclesia

117 1040 136 1074 in
146 1039 204 1075 sancti
213 1038 312 1083 Augustini
324 1039 393 1073 honore
405 1045 423 1073 et
435 1039 597 1073 nominecondita.
620 1039 736 1083 Regrediens
744 1040 819 1083 Augus-

117 1092 166 1126 tinus
182 1092 204 1125 ab
218 1091 305 1133 Eboraco,
318 1091 392 1125 obuium
405 1093 497 1135 quendam
512 1092 575 1126 habuit
590 1092 688 1135 leprosum,
700 1093 783 1126 vlcerosa
797 1102 818 1126 ac

117 1143 226 1189 purulenta³
237 1143 311 1176 feditate
323 1143 456 1177 deformatum:
470 1148 488 1176 et
499 1143 577 1177 salutem
589 1144 659 1187 petenti
671 1144 776 1185 condolens,
789 1155 818 1177 ac-

91 1209 109 1231 zo
118 1198 172 1232 cessit
180 1196 254 1232 dicens:
266 1196 298 1230 ‘In
306 1197 376 1230 domini
387 1197 482 1230 saluatoris
493 1196 572 1238 nomine,
580 1198 669 1230 mundare
679 1198 702 1230 ab
711 1195 760 1230 omui
768 1197 819 1241 lepre

117 1256 148 1285 tue
159 1249 231 1284 illuuie’
255 1250 278 1283 Et
289 1249 350 1283 statim
362 1249 422 1283 omnis
433 1249 517 1292 putridus
528 1251 599 1290 humor,
608 1255 628 1284 vt
639 1251 703 1291 nubes,
715 1250 789 1293 aufugit,
801 1257 819 1285 et

117 1302 215 1348 absorpta4
222 1312 299 1346 prorsus
308 1302 431 1344 immundicia,
439 1303 486 1336 cutis
497 1303 565 1336 munda
573 1307 631 1336 totum
639 1301 732 1336 hominem
740 1302 818 1337 vestiuit.

118 1349 206 1400 Cumque
217 1355 331 1399 prouinciam
342 1365 377 1398 que
388 1355 466 1388 Dorseta
478 1355 580 1399 appellatur
591 1354 685 1399 attigisset,
694 1360 712 1389 et
722 1355 789 1398 vbique
799 1362 819 1390 vt

118 1409 194 1453 angelus
207 1408 276 1441 domini
289 1407 413 1450 reciperetur3
431 1407 493 1441 incidit
506 1407 525 1440 in
538 1408 630 1451 quandam
641 1408 709 1449 villam,
721 1408 752 1442 vbi
765 1409 819 1452 plebs

92 1474 109 1503 25
118 1462 174 1505 impia
185 1471 222 1494 non
233 1461 292 1493 solum
300 1460 363 1494 audire
372 1460 458 1503 nequibat
465 1460 537 1494 viuifica
545 1460 659 1503 documenta,
667 1470 731 1494 verum
742 1460 819 1494 ludibria

120 1521 138 1549 et
145 1513 244 1559 opprobria
252 1512 320 1548 sanctis
330 1513 441 1556 ingerentes,
450 1524 460 1548 a
470 1513 588 1557 possessione
598 1523 631 1547 sua
642 1518 715 1547 sanctos
726 1512 755 1547 dei
765 1513 820 1558 longe

114 1565 267 1610 proturbabant⁵‚
281 1576 315 1599 nec
329 1576 384 1599 manu
399 1565 504 1608 pepercisse
516 1565 596 1599 creditur
607 1576 673 1599 manus
685 1566 764 1599 effrenis.
785 1567 820 1600 Vir

120 1625 180 1653 autern
190 1617 224 1660 dei,
233 1627 311 1650 excusso
322 1617 399 1660 puluere
410 1618 478 1661 pedum
489 1617 507 1650 in
518 1628 555 1658 eos,
564 1617 638 1660 dignam
649 1617 687 1651 suis
698 1618 768 1650 meritis
778 1629 820 1652 sen-

120 1672 196 1706 tentiam
206 1670 272 1712 iniecit,
281 1669 366 1712 quatinus
376 1676 480 1703 sanctorum
489 1674 630 1713 contemptores,
638 1674 675 1703 tam
683 1670 702 1703 in
709 1670 756 1713 ipsis
764 1681 819 1714 quarn

93 1731 112 1761 30
120 1723 138 1758 in
149 1722 234 1758 omnibus
245 1721 324 1765 posteris
336 1721 379 1764 suis,
388 1719 449 1756 debita
459 1730 507 1766 pena
518 1723 641 1766 redargueret,
649 1722 680 1766 qui
687 1723 724 1756 vite
735 1724 820 1757 mandata

119 1778 235 1822 repulissent.
258 1775 273 1808 F
273 1785 314 1808 arna
320 1775 369 1809 enim
375 1781 404 1809 est
409 1776 419 1818 Β,
426 1775 466 1809 illos
474 1775 586 1809 marinorum
593 1774 670 1819 piscium
677 1776 744 1809 caudas
752 1776 820 1810 sanctis

119 1829 235 1874 appendisse,
240 1833 258 1861 et
266 1828 302 1861 illis
310 1828 384 1871 quidem
392 1829 468 1871 gloriam
476 1829 608 1871 sempiternam
616 1828 717 1872 peperisse,
722 1828 741 1862 in
749 1840 820 1863 severo

118 1880 238 1928 ignominiam
245 1890 348 1924 perennem
356 1881 458 1922 retorsisse,
466 1885 485 1914 vt
493 1881 527 1914 hoc
536 1881 616 1914 dedecus
624 1881 743 1924 degeneranti
751 1881 820 1924 generi,

118 1947 155 1969 non
163 1934 256 1969 innocenti
265 1938 283 1967 et
293 1944 383 1976 generose
392 1934 492 1977 imputetur
501 1934 564 1977 patrie.
610 1926 633 1967 ln
641 1934 676 1967 alia
684 1945 729 1968 vero
736 1934 820 1968 incredu-

92 1995 110 2025 35
119 1989 177 2021 lorum
189 1991 244 2030 gente
256 1985 309 2019 eum7
321 1996 359 2019 non
371 1986 430 2019 solum
441 1986 561 2029 repudiabant
566 1985 577 2026 ⁸,
587 1997 652 2020 verum
664 1985 723 2028 etiam,
735 1986 820 2029 quicquid

118 2042 209 2086 benignus
215 2038 318 2084 predicator
323 2039 440 2073 credentibus
448 2038 572 2084 pollicebatur,
577 2040 690 2084 respuebant
695 2044 713 2073 et
718 2040 820 2074 subsanna-

119 2096 167 2129 bant.
183 2094 228 2127 Orat
236 2097 297 2126 autem
305 2093 450 2135 sanctus[deum]
456 2094 462 2112 ⁹
469 2098 488 2127 vt
496 2093 545 2126 illam
554 2093 608 2127 ollam
617 2093 715 2128 mundialis
720 2092 821 2137 petulantie

119 2159 140 2182 ac
153 2145 247 2191 dyabolice
261 2144 331 2179 culture
344 2145 417 2188 qualem
431 2145 521 2189 propheta
534 2144 579 2179 uidit
593 2155 604 2178 a
619 2145 665 2179 facie
680 2145 770 2189 aquilonis
785 2146 821 2180 fer-

119 2205 199 2241 uentem,
207 2198 227 2232 in
233 2198 285 2241 virga
295 2198 355 2231 ferrea
363 2203 449 2239 conterat,
458 2203 488 2232 aut
498 2209 532 2233 sua
539 2198 613 2233 fornace
621 2197 640 2231 in
649 2198 714 2232 melius
725 2203 820 2243 excoquat,

91 2263 111 2292 40
119 2259 137 2287 et
147 2251 251 2297 perditione
261 2250 327 2293 dignos
337 2251 452 2294 correptione
463 2251 545 2285 redimat.
568 2250 655 2284 Protinus
667 2261 732 2285 omnes
742 2251 821 2285 incredi-

119 2306 168 2339 bssi¹⁰
176 2305 219 2347 igne
230 2302 316 2337 inuisibili
328 2308 393 2337 exusta
405 2308 451 2345 cute,
460 2303 600 2347 sanguinolenta
611 2303 687 2347 vestigia
695 2304 821 2338 ostendebant.

120 2356 185 2399 Senes,
197 2355 278 2398 iuuenes,
289 2360 307 2389 et
318 2354 407 2389 lactentes
418 2366 454 2390 vna
465 2366 514 2399 pene
526 2354 617 2390 sententia
628 2355 761 2399 plectebantur.
784 2356 821 2391 De·

117 2432 119 2435 *
140 2449 146 2467 ¹
156 2450 190 2479 The
197 2449 279 2486 following
285 2448 298 2478 is
306 2451 387 2479 extracted
394 2450 433 2479 from
441 2451 469 2480 the
475 2450 512 2479 Vita
518 2449 540 2487 by
547 2448 626 2478 Goscelin.
700 2449 706 2468 ²
717 2449 735 2479 E.
743 2449 822 2478 Swaluna.

120 2490 152 2520 ΒΤ,
161 2489 178 2519 E.
186 2489 281 2525 prurulenta.
330 2489 363 2518 ⁴T.
371 2490 438 2519 absorta.
484 2489 517 2518 5Τ.
526 2489 543 2519 E.
551 2489 667 2528 perturbabant.
714 2488 748 2519 ὓΤ.
756 2499 786 2520 orn.
794 2493 822 2520 est.

119 2527 126 2545 ⁷
137 2529 155 2559 E.
163 2538 202 2559 cum.
262 2529 268 2546 ⁸
278 2528 296 2559 E.
304 2529 417 2566 repudiaretur.
477 2528 483 2546 ‘¹
494 2538 525 2558 om.
585 2527 596 2547 ¹⁰
606 2528 708 2559 T.tncredu1i
716 2528 735 2569 (l)
743 2529 770 2560 illi.
