1762 2803
56 151 223 193 usaue-aru
242 141 390 198 enuntiatio
406 142 440 197 a.
453 137 575 198 extuat
715 152 756 201 721

55 263 126 306 fulguris
138 263 256 298 choruscantis
266 264 338 299 dimidia
347 265 382 299 fere
394 266 436 298 hora
446 266 475 298 lux
485 264 544 297 diuina
551 263 654 307 prestrinxit,
666 263 759 306 quantique

56 313 112 348 meriti
126 320 172 348 esset
187 315 230 349 illius
245 314 303 348 anima
318 315 365 349 cuius
380 315 451 359 reliquie
465 315 584 359 querebantur,
599 313 644 348 felici
662 312 760 356 pronostico

57 364 155 399 declarauit.
184 366 249 400 Locum
260 376 301 408 ergo
314 366 411 405 eruderant,
424 372 441 400 et
453 376 536 408 compage
549 365 625 408 lapidum
637 364 667 407 qui
682 363 715 399 sibl
730 373 759 398 co-

57 414 137 448 heserant
144 414 238 450 dissoluta:
251 416 382 450 desiderabilem
390 416 490 451 thesaurum
501 415 596 458 inueniunt,
607 421 625 449 et
636 414 685 459 quasi
696 414 760 449 deuote

57 465 147 499 oblationis
159 467 252 509 primicias,
265 467 333 501 Christo
345 467 441 509 graciarum
451 467 533 505 actiones,
544 473 596 509 atque
607 466 668 499 uberes
678 466 777 504 lacrimass

57 515 164 548 exultationis
172 515 278 558 impendunt.
300 517 357 549 Tanta
364 527 405 548 uero
413 517 435 549 de
446 517 536 559 sepulchro
546 515 642 558 fragrancia
651 526 720 557 egressa
727 520 760 555 est,

57 575 90 608 que
105 575 155 598 omne
170 576 224 607 genus
238 571 335 598 aromatum
349 565 386 599 siue
398 566 465 608 florum,
480 565 556 609 quadam
568 564 660 599 ineffabili¹
675 564 760 599 suauitate

57 615 191 650 transcenderet⁴
214 616 235 648 In
247 616 335 658 amplexus
346 615 408 649 tumuli
419 622 475 658 ruunt,
487 622 505 650 et
518 616 577 650 oscula
587 615 663 650 crebrius
674 615 760 655 iterantes,

58 664 84 700 sui
92 665 160 708 patroni
168 665 257 699 deuotione
264 666 381 700 accenduntur
387 666 482 705 ardencius,
490 676 522 699 nec
529 676 559 700 sue
567 665 665 700 satisfacere
672 664 760 700 deuotioni

59 718 149 752 sufficiunt.
178 719 227 752 Vnus
241 729 281 751 uero
296 718 364 752 illorum
378 719 474 761 egrediens,
485 718 508 751 ad
521 718 564 751 alios
579 717 608 761 qui
623 717 641 751 in
655 718 760 752 monasterio
770 722 789 745 ¹0

58 768 137 803 laudibus
146 767 238 803 intererant
248 768 336 803 matutinis
346 770 435 811 accelerat,
443 775 495 813 atque
505 767 592 802 inuentam
603 777 641 801 esse
651 768 761 810 margaritam

59 829 111 861 quam
123 819 217 861 querebant
229 819 327 854 annunciat.
354 819 382 853 llli
396 819 463 862 gracias
475 818 559 852 altissimo
572 818 671 857 referentes,
684 818 763 852 ordinata

58 869 168 915 processione
179 882 218 903 cum
230 881 280 903 cruce
291 878 309 904 et
322 871 375 905 cereis
389 878 407 905 et
421 870 511 915 multiplici
526 869 652 904 thurificatione
666 870 762 904 accedunt:

60 920 161 964 deuotisque
173 921 278 955 orationibus
294 921 392 965 preoblatis,
404 923 488 955 tumulum
503 922 571 955 eleuant
586 921 604 954 in
619 920 696 962 sublime,
711 926 763 964 atque

59 972 139 1005 humeros
151 981 191 1004 suos
202 971 280 1004 certatim
291 973 338 1005 oneri
350 977 385 1005 tam
397 971 497 1012 honorabili,
506 977 542 1004 tam
550 971 595 1004 felici
607 976 711 1013 supponunt.
733 970 763 1004 Sic
772 977 790 1009 15

60 1031 115 1063 usque
122 1021 145 1053 ad
152 1021 206 1054 altare
213 1022 264 1054 beate
271 1021 341 1063 uirginis
350 1021 405 1055 Marie
413 1023 499 1055 defertur:
511 1020 569 1064 ibique
576 1021 594 1054 in
602 1021 656 1053 multa
663 1019 763 1055 reuerentia

60 1072 158 1111 collocatur,
170 1071 225 1104 donec
240 1070 312 1104 adeatur
326 1071 429 1105 uenerabilis
443 1078 493 1113 pater
507 1076 549 1104 tunc
563 1070 646 1113 temporis
660 1070 763 1104 diocesanus

61 1120 152 1163 episcopus
159 1119 257 1153 Alexander
261 1118 272 1161 ⁹,
280 1120 328 1154 cuius
339 1120 425 1164 presentia
436 1127 472 1154 tarn
479 1119 552 1162 gloriose
560 1118 671 1153 reuelationi³
679 1126 764 1162 oportuna

61 1177 78 1205 et
86 1170 183 1205 necessaria
190 1170 286 1205 uidebatur.
301 1172 379 1205 Prefatus
386 1170 444 1215 itaque
451 1171 511 1212 abbas,
519 1170 578 1204 ascitis
586 1169 618 1204 sibi
626 1170 764 1213 prudentioribus

61 1222 84 1255 de
96 1227 187 1263 conuentu,
202 1221 303 1265 episcopum
315 1221 432 1256 Alexandrum
443 1221 555 1256 festinaucius
567 1221 609 1261 adit,
622 1232 726 1264 causamque
737 1220 763 1255 sui
773 1232 792 1254 ao

62 1272 147 1304 aduentus
155 1271 171 1303 ei
179 1271 270 1313 diligenter
277 1272 352 1313 exponit.
374 1272 471 1313 Episcopus
478 1277 542 1308 autem,
550 1271 590 1304 licet
598 1271 655 1312 ipsum
667 1271 764 1304 sollicitudo

61 1321 152 1364 pastoralis
159 1320 178 1353 in
188 1322 257 1355 diuersa
264 1322 371 1362 distraheret,
379 1322 402 1353 ob
412 1321 505 1354 uenerandi
512 1327 571 1354 tamen
578 1320 654 1364 graciam
662 1321 765 1354 confessoris

62 1384 81 1407 se
93 1372 161 1406 facilem
172 1372 239 1415 prebuit
250 1374 273 1406 ad
284 1384 399 1407 consensum:
411 1375 495 1416 rebusque
505 1373 593 1416 dispositis
602 1382 645 1414 quas
654 1373 766 1406 festinaucior

62 1423 134 1465 urgebat
146 1422 234 1463 instancia,
247 1433 297 1456 suum
310 1433 370 1457 uersus
386 1423 502 1457 Croilandiarn
516 1422 608 1456 maturauit
621 1432 715 1456 accessum.
737 1423 766 1456 Ea

63 1479 113 1508 nocte
121 1473 176 1506 celum
184 1472 239 1515 caligo
247 1473 291 1507 adeo
301 1474 392 1508 tenebrosa
402 1473 501 1514 obduxerat,
509 1478 527 1507 ut
537 1472 599 1507 nullius
607 1479 683 1507 creature
691 1472 765 1507 uiuentis
774 1484 792 1515 ²5

63 1524 122 1556 oculus
130 1523 188 1564 aliquo
195 1523 234 1555 lune
241 1528 272 1555 aut
281 1524 362 1564 syderum
370 1523 453 1556 beneficio
464 1523 554 1556 iuuaretur.
576 1524 658 1564 Dumque
665 1522 711 1556 circa
718 1523 765 1556 beati

64 1571 145 1606 Guthlaci
162 1573 247 1606 tumulum
264 1573 345 1606 excubias
364 1573 475 1612 celebrarent,
493 1572 573 1606 monialis
591 1572 665 1615 quedam
685 1571 767 1606 Gumilda

63 1621 138 1662 nornine,
150 1622 200 1657 etatis
208 1622 306 1657 maturitate
317 1628 334 1657 et
344 1622 440 1657 sanctitatis
449 1622 547 1658 ueneranda
558 1622 623 1664 merito,
633 1621 700 1665 uigilias
711 1622 766 1657 noctis

64 1673 186 1715 anticipauerat
198 1674 221 1707 ad
233 1673 350 1706 confitendum
362 1674 443 1707 domino:
461 1683 495 1717 que
508 1674 549 1706 dum
562 1673 634 1706 orationi
648 1673 726 1707 deuotius
740 1673 767 1706 in·

65 1725 140 1765 cubaret,
156 1723 247 1766 apparauit
260 1723 276 1757 ei
290 1725 351 1766 globus
366 1723 426 1765 igneus
440 1723 569 1766 incomparabili
579 1724 645 1765 fulgore
656 1724 765 1765 choruscans,
774 1734 795 1764 30

65 1774 88 1807 ab
99 1773 164 1806 oriente
175 1772 252 1806 uibratus
263 1773 286 1805 ad
297 1774 381 1806 tumulum
392 1772 486 1806 beatissimi
498 1772 612 1806 confessoris:
624 1772 698 1815 dumque
708 1784 741 1807 nox
748 1772 766 1806 in

65 1823 140 1857 tenebris
148 1833 216 1856 cursum
224 1827 287 1864 ageret,
295 1822 376 1865 splendor
385 1822 413 1856 ille
424 1832 489 1856 nouum
500 1821 546 1855 diem
557 1821 618 1862 attulit,
626 1821 686 1866 suique
697 1822 766 1856 luminis

65 1873 149 1909 beneficio
160 1874 235 1917 dampna
246 1873 306 1907 solaris
317 1873 399 1907 absencie
410 1873 502 1917 reparauit.
530 1874 568 1909 Nec
581 1873 636 1908 solum
648 1874 724 1916 moniali,
735 1874 767 1909 sed

66 1924 194 1967 quampluribus
201 1924 240 1957 aliis
251 1924 338 1967 utriusque
349 1934 399 1957 sexus
406 1924 465 1957 lumen
472 1923 514 1957 illud
521 1924 605 1966 apparuit.
622 1924 708 1958 Dominus
715 1925 767 1964 enim,

65 1985 88 2007 ne
95 1974 117 2007 de
125 1984 196 2015 corpore
206 1973 251 2007 serui
262 1973 289 2006 sui
299 1974 388 2015 scrupulus
399 1973 450 2006 alicui
460 1973 577 2015 ambiguitatis
586 1974 680 2015 obreperet,
687 1974 712 2008 rei
722 1974 767 2007 ueri·
775 1983 794 2013 35

65 2029 119 2058 tatem
127 2028 144 2056 et
151 2022 241 2057 hominurn
248 2022 300 2056 fidem
310 2021 369 2057 celesti
379 2022 476 2056 testimonio
486 2023 577 2056 roborauit.
600 2023 642 2056 Erat
651 2023 674 2056 ibi
682 2024 743 2057 mulier
750 2023 767 2057 iu

66 2073 156 2117 superficie
168 2074 233 2115 pedum
244 2073 315 2115 paciens
328 2074 435 2115 aposthema,
449 2072 495 2115 quod
506 2073 599 2115 uulgariter
612 2073 675 2106 dicitur
685 2073 768 2117 iniquum,

66 2130 128 2157 antrax
134 2133 175 2156 uero
186 2123 214 2156 uel
222 2123 335 2157 carbunculus
343 2135 354 2156 a
363 2122 435 2156 medicis
443 2122 543 2167 appellatur.
565 2123 604 2157 Hec
612 2121 653 2156 dum
660 2122 768 2159 intollerabili

66 2180 173 2219 torqueretur
180 2174 265 2218 angustia,
272 2173 289 2208 in
301 2174 424 2208 monasterium
432 2175 489 2208 delata
501 2179 537 2208 est:
549 2184 582 2217 que
594 2184 633 2208 curn
644 2175 691 2218 apud
702 2175 769 2210 miseri·

67 2225 144 2259 cordiam
151 2224 179 2258 dei
187 2224 233 2258 beati
243 2224 324 2258 Guthlaci
334 2224 448 2267 patrocinium
458 2223 525 2258 obnixis
535 2224 615 2267 precibus
622 2224 727 2269 imploraret,
734 2237 769 2261 non
776 2240 797 2271 40

67 2280 93 2309 est
106 2275 185 2308 fraudata
197 2286 208 2307 a
221 2274 306 2308 desiderio
317 2285 353 2307 suo.
382 2274 444 2306 Statim
456 2273 503 2307 enim
515 2280 585 2317 ruptum
597 2280 623 2307 est
634 2276 740 2318 aposthema,
752 2282 769 2309 et

67 2324 116 2357 sanie
127 2325 227 2366 profluente,
239 2335 270 2367 pes
282 2331 308 2357 est
321 2324 345 2357 ad
356 2323 382 2356 sui
393 2334 445 2356 usum
457 2323 508 2356 officii
519 2324 614 2358 restitutus.
636 2327 674 2358 lam
685 2336 723 2359 cum
734 2326 770 2368 pri-

67 2374 144 2408 moribus
152 2380 169 2408 et
176 2374 407 2417 prudencioribusprouincie
412 2380 482 2408 uenerat
490 2373 508 2407 in
515 2385 579 2417 magno
585 2374 666 2409 comitatu
673 2375 770 2409 Alexander

68 2424 168 2467 episcopus:
187 2425 284 2468 emissoque
301 2424 394 2469 pontificali
411 2425 473 2465 edicto,
488 2425 528 2459 illuc
546 2425 609 2469 pariter
626 2425 642 2458 ei
661 2432 769 2459 occurrerant

68 2475 155 2509 Walterus
167 2475 277 2517 ramesensis,
288 2482 305 2510 et
316 2474 414 2510 Robertus⁴
425 2475 539 2510 thorneiensis
552 2477 629 2515 abbates,
640 2474 705 2517 priores
717 2475 769 2510 etiam
776 2490 796 2520 45

138 2552 145 2569 ¹
155 2553 188 2584 MS.
195 2553 211 2583 in
217 2552 257 2584 inest
328 2554 335 2571 ¹
344 2554 436 2593 Alexander,
443 2555 501 2594 Bishup
508 2555 526 2584 of
530 2554 599 2589 Lincoln,
606 2554 700 2594 11²4-1148.

244 2592 251 2611 ³
263 2606 277 2619 =
285 2593 375 2626 eleuatiuue.
457 2595 463 2613 ¹
473 2593 584 2626 BollRudbia.

91 2657 131 2683 vor.
139 2657 158 2682 11.
402 2657 433 2693 μ
