1762 2803
155 111 201 168 bt
216 110 317 165 &carto
333 109 460 163 comitto
476 109 635 165 contestato.
701 125 744 168 343

45 233 123 279 expauit,
129 237 147 267 et
155 233 226 267 tristem
234 232 330 277 preferens
337 231 412 273 vultum,
420 232 455 266 ait:
468 231 521 266 ‘Scio
529 233 578 266 enim
586 242 625 273 rex,
632 232 675 275 scio,
686 233 745 267 adhuc

45 289 68 323 de
78 292 138 322 morte
148 286 209 321 fratris
219 286 245 321 tui
254 290 296 320 tuus
305 296 335 320 me
346 290 419 319 accusat
429 284 506 326 animus,
514 296 548 319 nec
557 285 584 320 eis
594 285 670 319 estimas
678 285 746 320 discre-

45 341 125 374 dendum
132 338 163 381 qui
169 350 199 371 me
204 339 234 372 vel
239 339 279 371 eius
284 338 315 371 vel
320 344 372 370 tuum
378 344 443 371 vocant
448 339 566 381 proditorem.
590 339 628 372 Sed
633 344 746 372 secretorum

46 392 127 427 omnium
140 392 225 425 conscius
239 392 285 424 deus
296 390 368 432 iudicet,
379 395 397 423 et
405 390 441 424 sic¹
452 390 552 424 buccellam
564 391 611 424 hanc
625 401 680 435 quam
692 401 747 423 manu

46 452 104 485 teneo,
112 451 174 489 guttur
184 454 246 478 meum
256 443 309 478 faciat
318 443 430 487 pertransire
442 447 460 478 et
468 454 497 478 me
503 448 565 479 seruet
573 444 651 485 illesum,
659 443 705 478 sicut
713 453 747 478 nec
756 455 765 486 5

46 504 77 533 tue
90 498 197 542 proditionis
208 507 256 537 reus,
264 496 313 540 ne[c]
325 497 348 530 de
360 496 420 531 fratris
431 496 457 531 tui
468 508 514 531 nece
526 496 570 531 mihi
582 496 666 531 conscius
678 496 748 531 existo.'

46 552 140 595 iCumque
151 551 255 585 virbeatus
267 550 368 585 buccellam
380 561 435 585 manu
447 549 559 586 benedicens
571 550 679 594 signasset²‚
691 550 748 585 miser

47 606 77 640 ille
86 614 127 640 eam
136 604 162 638 ori
173 604 260 644 inferens,
270 613 329 647 vsque
339 602 358 637 in
367 603 447 637 medinm
457 604 535 648 gutturis
545 604 639 648 protraxit.
662 604 748 648 Temptat

47 658 123 692 interius
131 657 209 697 trahere,
217 667 252 690 nec
259 656 325 699 valuit;
334 662 411 701 temptat
422 657 511 699 emittere,
519 658 552 692 sed
560 657 631 692 firmius
642 657 694 692 hesit.
704 657 748 692 Mox

47 716 118 746 meatus
126 710 192 754 quibus
203 709 303 759 ducebatur
311 709 392 754 spiritus,
400 710 507 751 obcluditur,
515 709 667 752 vertunturoculi,
675 710 748 745 brachia
758 721 777 745 to

48 765 144 808 rigescunt.
168 763 250 797 intuetur
262 762 358 798 infeliciter
370 763 478 798 morientem
492 774 531 806 rex,
543 768 561 797 et
573 763 660 798 vitionem
674 763 693 797 in
705 774 748 798 eum

48 816 130 850 sentiens
137 815 252 858 processisse
260 815 347 855 diuinam,
355 821 436 849 astantes
448 816 544 858 alloquitur
555 816 628 850 dicens:
643 816 748 850 ‘Extrahite

48 879 111 904 canem
122 869 188 903 istum:
211 867 234 903 Et
244 867 311 903 factum
322 872 351 903 est
361 868 390 903 ita.
413 868 449 903 Hic
461 868 562 904 Godwinus
573 867 688 913 simplicitate
700 868 749 913 regis

48 922 130 963 abutens,
138 921 195 955 multa
205 919 224 954 in
233 931 290 964 regno
300 925 363 954 contra
373 920 463 955 iusticiam
472 926 490 955 et
499 922 554 955 deum
565 921 647 955 faciebat.
670 922 750 956 Cunctos

49 975 86 1009 fere
98 974 148 1019 regis
158 980 245 1018 cognatos
254 979 272 1007 et
281 973 350 1008 amicos
360 985 407 1018 quos
417 974 440 1008 de
450 973 563 1009 Normannia
573 974 680 1015 adduxerat,
687 973 751 1009 fraude
760 990 778 1021 15

49 1039 86 1071 sua,
102 1028 144 1061 dolo
159 1033 178 1062 et
193 1026 347 1062 circumuentione
362 1028 385 1062 de
400 1028 459 1071 patria
474 1027 606 1071 perturbaratl,
621 1027 700 1062 credens
715 1027 750 1062 sibl

49 1087 112 1115 cuncta
123 1091 232 1124 processura
243 1091 277 1123 pro
287 1085 336 1121 voto,
343 1080 359 1114 si
368 1092 402 1115 rex
412 1080 475 1115 amicis
486 1082 570 1122 nudatus,
578 1080 617 1114 suis
627 1086 698 1114 tantum
710 1092 751 1115 con·

49 1134 93 1167 siliis
100 1137 187 1167 uteretur.
213 1133 239 1166 At
247 1143 280 1166 rex
288 1138 352 1167 cuncta
360 1132 483 1174 dissimulans,
491 1132 558 1167 diuinis
568 1133 643 1167 vacabat
652 1133 751 1177 obsequiis,

49 1185 147 1219 vltionem⁴
159 1184 188 1218 dei
200 1184 235 1218 sibi
247 1184 325 1219 futuram
337 1185 398 1219 multis
410 1185 495 1228 predixit.
521 1184 626 1229 Aliquando
638 1184 692 1219 etiam
704 1185 752 1230 ipsi⁵

50 1239 139 1272 Godwino
146 1238 227 1282 idipsum
235 1248 272 1271 non
280 1237 341 1271 tacuit.
386 1230 409 1271 ln
420 1239 450 1272 die
461 1237 650 1282 namqueldominice
658 1249 750 1273 resurrec-
761 1255 780 1276 ιο

49 1290 109 1332 tionis,
117 1300 159 1325 cum
167 1301 201 1324 rex
208 1291 231 1324 ad
239 1300 323 1323 mensam
331 1290 410 1331 sederet,
418 1290 485 1324 arctius
495 1291 549 1324 solito
556 1300 577 1324 se
588 1290 659 1335 collegit
666 1291 690 1324 ad
697 1302 724 1333 se,
734 1297 752 1325 et

50 1354 121 1387 ponens
129 1354 163 1388 pre
171 1342 228 1377 oculis
236 1343 298 1383 deum,
303 1342 364 1376 omnia
372 1343 407 1377 ista
414 1344 507 1377 mundana
514 1343 634 1378 arbitrabatur
639 1348 658 1378 vt
664 1349 751 1379 stercora.

51 1396 73 1430 Et
81 1408 124 1431 ecce
132 1396 192 1431 subito
200 1396 260 1430 vultus
268 1395 308 1430 eius
316 1396 357 1439 plus
365 1396 418 1430 solito
427 1396 562 1437 serenabaturi,
569 1396 681 1440 interiorque
693 1397 752 1431 leticia

50 1450 97 1484 labia
105 1450 187 1484 soluebat
195 1449 214 1483 in
220 1449 288 1492 risum,
298 1459 408 1493 rursumque
414 1449 466 1484 solita
471 1450 559 1494 grauitate
565 1454 664 1494 resumpta,
671 1450 753 1485 obscuri·

50 1513 101 1537 orem
120 1502 185 1537 faciem
203 1501 312 1546 preferebat.
343 1502 457 1537 Mirabantur
471 1501 502 1547 qui
517 1502 606 1543 astabant,
621 1512 676 1537 nemo
691 1508 753 1537 tamen
762 1518 781 1549 ²5

51 1556 128 1589 audebat
140 1566 182 1589 eum
193 1554 307 1598 interrogare
319 1555 362 1598 quid
373 1556 474 1589 accidisset.
502 1555 573 1590 Mensis
584 1556 658 1590 tandetn
672 1556 753 1597 sublatis,

51 1613 138 1651 sequutus
148 1613 176 1641 est
186 1607 209 1641 ad
219 1606 319 1641 thalamum
331 1618 394 1650 regem
406 1608 444 1642 dux
456 1607 555 1649 Haraidus,
566 1618 608 1642 cnm
619 1618 656 1642 vno
667 1607 754 1652 episcopo

51 1665 69 1693 et
77 1662 142 1694 abbate
149 1671 191 1701 vno,
200 1660 290 1703 simulque
298 1670 361 1704 regem
369 1671 425 1703 super
433 1661 466 1693 hoc
473 1671 558 1694 sermone
564 1661 680 1694 conueniunt.
702 1661 754 1695 Tunc

51 1712 82 1747 ille
93 1713 129 1748 ait:
142 1713 245 1755 ‘Quantum
256 1713 335 1747 enimse
345 1714 422 1757 quisque
433 1714 486 1747 vanis
496 1713 613 1755 subtraxerit,
623 1719 694 1747 tantum
705 1714 755 1749 veris

51 1767 118 1800 arctius
129 1766 228 1801 adherebit.
251 1766 299 1800 Ecce
311 1777 345 1810 ego
356 1766 418 1800 enim8
426 1766 473 1800 inter
482 1766 569 1800 fecundos
579 1766 644 1800 calices
652 1773 670 1800 et
680 1766 755 1812 pinguia
764 1782 784 1811 ,ιο

51 1818 119 1852 fercula
129 1831 150 1853 ac
162 1818 250 1853 radiantis
261 1818 330 1852 metalli
342 1819 465 1861 splendorem,
475 1819 581 1853 recordatus
592 1829 633 1853 sum
643 1819 712 1854 domini
724 1820 753 1854 dei

52 1873 93 1912 mei,
101 1877 119 1906 et
129 1872 185 1906 effudi
196 1872 215 1905 in
226 1882 256 1905 me
266 1872 346 1905 animam
355 1881 414 1905 meam
420 1884 425 1913 ;
437 1872 548 1915 dilatatoque
558 1872 626 1906 mentis
637 1873 679 1906 sinu
691 1874 755 1906 oculus

51 1924 127 1959 interior
141 1925 231 1969 spirituali
244 1923 330 1967 perfusus
342 1923 416 1964 lumine,
428 1923 488 1958 radios
502 1924 584 1968 profecto
599 1935 656 1968 vsque
669 1925 692 1959 ad
705 1925 754 1960 illam

52 1975 174 2021 Ephesiorum
181 1978 187 1998 ⁹
193 1978 283 2011 ciuitatem
293 1976 340 2010 mira
349 1977 441 2011 celeritate
451 1977 538 2020 porrexit,
547 1982 564 2010 et
574 1978 660 2020 usquein
672 1984 754 2012 montem

52 2029 115 2064 Ceiion
127 2041 242 2075 progressus,
252 2035 358 2065 sanctorum
370 2029 444 2074 quidem
456 2030 533 2074 Septem
543 2030 683 2071 Dormientium,
693 2032 754 2074 quies·
763 2045 782 2075 35

52 2083 132 2118 centium
149 2084 168 2117 in
184 2084 278 2127 spelunca,
293 2083 424 2127 proprietatem
440 2084 527 2124 vultuum,
542 2094 614 2117 necnon
629 2084 754 2118 membrorum

52 2136 177 2179 quantitatem,
185 2148 206 2170 ac
216 2135 321 2180 qualitatem
331 2136 411 2170 vestium
422 2136 542 2179 expressione
553 2136 702 2170 manifestissima
712 2147 755 2171 con·

52 2189 151 2230 temptatus
157 2200 198 2222 sum
204 2189 221 2222 ¹⁰.
233 2189 274 2222 Hec
280 2190 330 2230 dum,
336 2188 442 2223 interiorem
447 2189 485 2223 risu
491 2189 606 2232 significante
611 2189 693 2228 leticiam,
700 2190 756 2223 corde

53 2238 144 2275 luminoso
158 2241 290 2285 conspicerem,
304 2241 368 2283 subito,
382 2251 412 2274 me
424 2246 517 2283 cernente,
528 2252 539 2274 a
550 2240 606 2274 latere
617 2240 688 2281 dextro,
699 2251 756 2285 super

53 2294 100 2334 quod
114 2294 177 2329 multis
191 2295 299 2338 quieuerant
311 2294 370 2334 annis,
383 2294 402 2327 in
415 2293 509 2328 sinistrum
521 2305 542 2327 se
554 2294 602 2327 latus
615 2294 680 2328 virtute
693 2294 756 2329 diuina
765 2309 784 2338 40

52 2350 151 2386 uertentes
163 2347 223 2381 dirum
234 2347 341 2381 mortalibus
352 2357 407 2380 omen
418 2347 452 2379 hac
463 2347 540 2380 laterum
552 2356 627 2380 suorum
639 2347 739 2382 mutatione
744 2348 757 2368 ¹¹

53 2395 154 2441 signarunt.
181 2399 253 2434 Exhinc
269 2398 319 2434 enim
335 2400 413 2443 “surget
424 2409 470 2443 gens
482 2404 545 2433 contra
556 2403 636 2443 gentem,
647 2403 665 2434 et
679 2410 756 2444 regnum

53 2482 164 2535 0¹Esicet.
190 2484 322 2514 ⁹·lom.inTw.
347 2484 382 2514 3Ε.
389 2484 508 2522 perturba25T.
516 2485 652 2522 perturbamus.
660 2486 759 2517 exturbabat.

70 2521 206 2561 S.ultionemque.
250 2524 331 2561 ⁵Eipse.
372 2524 446 2553 tatem.
486 2523 637 2555 'aserenebatun
678 2526 758 2556 'S.enim

55 2568 89 2597 ego.
129 2562 282 2602 lE.epheseorum¹
324 2562 404 2594 maest.
445 2562 456 2581 ¹¹
467 2563 485 2593 E.
496 2563 584 2594 metatione.
