1762 2803
102 106 145 159 ²28
204 185 205 188 Ἴ
307 115 387 167 saona
402 112 518 175 11100001
534 113 627 176 ababa
678 93 679 96 ¹

117 236 189 271 illorum
202 235 276 270 celestia
291 235 379 270 miracula
394 236 496 270 defuerunt.
525 236 572 270 Nam
588 246 629 271 cum
644 241 741 280 perempta
755 244 819 270 eorum

117 299 195 334 corpora
205 288 255 321 amni
260 288 271 331 ¹,
281 294 301 322 vt
312 287 397 329 diximus,
404 299 415 321 a
426 287 503 332 paganis
514 288 580 322 iniecta
591 294 660 330 essent,
670 288 745 333 contigit
754 293 774 323 vt
786 287 819 321 hec

118 349 181 378 contra
194 341 282 386 impetum
294 341 344 376 fluuii
356 341 475 382 decurrentis,
488 352 522 385 per
535 341 655 386 quadraginta
667 342 705 376 1010
717 341 766 376 milia
777 351 820 385 pas-

118 406 173 430 suum
184 396 207 428 ad
218 406 240 428 ea
246 406 305 438 vsque
315 394 355 427 loca
361 394 392 428 vbi
399 394 473 428 illorum
481 400 533 428 erant
542 395 592 437 socii,
600 395 744 429 transferrentur
748 395 760 429 ².
783 394 820 427 Sed

102 461 110 490 5
119 455 137 483 et
148 448 210 483 radius
220 447 265 481 lucis
275 447 401 491 permaximus
411 452 466 490 atque
477 448 499 480 ad
509 447 569 481 celum
576 458 635 492 vsque
646 448 693 481 altus
705 447 755 481 omni
767 451 821 480 nocte

119 512 175 546 supra
183 501 242 535 locum
251 500 302 534 illum
310 500 395 544 fulgebat,
402 500 457 535 etiam
464 501 541 544 paganis
548 501 579 545 qui
588 511 620 535 eos
627 500 731 535 occiderant
736 499 821 535 intuenti-

119 556 158 588 bus.
185 553 223 586 Sed
235 558 253 586 et
264 564 311 587 vnus
323 564 347 585 ex
358 552 416 586 eisin
427 553 498 587 visione
512 559 602 588 nocturna
615 553 698 597 apparuit
711 554 784 587 cuidam
798 553 821 586 de

119 606 173 641 sociis
181 605 210 639 cui
218 616 285 639 nomen
294 610 333 640 erat
340 605 418 646 Tilmon,
427 606 458 649 qui
468 606 491 639 de
502 606 559 640 milite
570 606 627 641 sactus
639 606 698 640 fuerat
709 605 821 646 monachus3

119 660 202 694 indicans
213 660 261 702 quod
273 670 295 693 eo
305 659 345 692 loco
357 670 420 692 eorum
431 663 495 703 posset
507 670 584 703 corpora
593 659 677 693 inuenire
688 659 719 693 vbi
728 660 788 693 lucem
798 659 821 692 de

93 723 112 744 10
120 714 159 747 celo
172 711 227 745 terris
242 712 324 746 radiasse
339 711 458 756 conspiceret.
488 711 556 756 Sitque
570 713 645 747 inuenta
661 723 724 746 eorum
740 722 822 755 corpora,

120 766 170 800 iuxta
182 765 271 798 honorem
283 765 395 808 martyribus
406 765 517 809 condignum
529 766 622 800 recondita
633 771 686 808 sunt;
699 771 717 800 et
729 766 769 800 dies
780 775 822 808 pas·

120 818 177 853 sionis
186 818 216 852 vel
228 817 339 853 inuentionis
351 829 415 852 eorum
426 829 507 862 congrua
518 818 553 853 illis
565 819 584 853 in
596 818 640 853 locis
647 819 766 853 veneratione
776 818 822 852 cele-

120 874 188 906 bratur.
217 871 301 915 Denique
314 871 458 915 gloriosissimus
472 872 509 905 dux
524 872 636 906 Francorum
651 871 733 916 Pipinus,
744 870 775 907 vbi
788 871 822 904 hec

121 924 216 969 comperit,
224 925 278 966 misit,
287 930 305 959 et
316 926 338 958 ad
349 936 370 959 se
380 925 457 959 adducta
468 935 532 958 eorum
543 936 620 970 corpora
629 925 709 959 condidit
717 936 758 959 cum
766 924 823 957 multa

95 989 113 1019 15
122 978 179 1023 gioria
189 978 208 1011 in
216 978 294 1012 ecclesia
301 978 376 1013 Colonie
386 978 462 1012 ciuitatis
474 978 524 1011 iuxta
533 979 612 1013 Renum.
636 978 701 1012 Fertur
712 984 773 1012 autem
781 977 823 1021 quia

122 1032 141 1065 111
149 1033 188 1065 1000
196 1041 232 1074 quo
240 1030 295 1064 occisi
305 1036 348 1064 sunt
358 1031 399 1064 fons
410 1022 505 1072 ebullierit,
513 1031 544 1075 qui
554 1031 573 1064 in
581 1032 647 1065 eodem
655 1031 695 1065 loco
702 1030 761 1076 vsque
768 1030 823 1064 hodie

123 1084 196 1129 copiosa
204 1084 267 1118 fluenti
275 1084 304 1118 sui
312 1084 360 1118 dona
367 1083 460 1127 perfundit
465 1082 476 1118 ³.

123 1191 171 1235 [MS.
179 1189 200 1224 T.
208 1190 265 1225 adds:
419 1190 504 1225 Narratio
509 1190 520 1225 ⁴.

145 1268 212 1309 Senex
221 1275 295 1316 quidam
306 1278 346 1306 erat
357 1273 448 1306 solitarius
459 1273 478 1306 in
488 1274 564 1306 heremo
572 1279 590 1307 et
599 1274 670 1307 dicebat
677 1274 696 1306 in
704 1285 725 1307 se
733 1274 773 1317 ipso
782 1273 824 1316 quia

123 1325 215 1371 perfectus
228 1330 278 1359 esset
289 1325 308 1359 in
319 1325 422 1367 uirtutibus,
434 1331 452 1359 et
464 1326 522 1359 orauit
534 1326 629 1360 dominum
641 1326 715 1361 dicens:
732 1326 825 1360 ‘Ostende

97 1390 116 1411 20
124 1377 323 1422 11110111,11011111100110ὅ
331 1383 359 1412 051
368 1378 458 1421 perfeccio
464 1378 529 1419 anime,
536 1384 554 1412 01
560 1379 616 1413 facio!
635 1378 705 1413 Volens
711 1384 772 1414 autem
779 1379 825 1413 deus

124 1430 220 1466 humiliare
229 1431 349 1475 cogitaciones
357 1430 401 1473 eius,
410 1431 455 1465 dixit
461 1430 488 1465 ei:
498 1431 559 1466 ‘Vade
565 1433 588 1466 ad
596 1431 755 1466 archimandritam
763 1431 825 1465 illum?

124 1486 147 1521 Et
161 1485 210 1519 uenit
223 1486 240 1520 01
252 1496 289 1519 uox
300 1489 398 1528 antequam
411 1484 442 1519 ille
453 1484 476 1520 ad
489 1495 532 1520 eum
544 1485 620 1528 ueniret,
634 1485 706 1520 dicens:
724 1485 781 1520 ‘Ecce
794 1484 825 1520 ille

124 1538 215 1574 solitarius
223 1539 273 1572 uenit
280 1539 303 1573 ad
311 1544 340 1580 te;
349 1538 377 1572 dic
384 1549 427 1582 ergo
436 1539 452 1573 ei
460 1543 480 1572 ut
488 1540 538 1572 tollat
546 1539 639 1583 flagellum
648 1545 666 1573 et
673 1541 728 1573 uadat
735 1545 755 1573 ut
762 1545 825 1584 pascat

124 1593 156 1627 tibi
163 1593 240 1635 porcos!
263 1592 345 1625 Veniens
356 1602 400 1635 ergo
410 1602 469 1626 senex
479 1592 559 1636 pulsauit
570 1594 593 1626 ad
604 1592 689 1636 hostium,
701 1598 719 1627 et
730 1593 826 1637 ingressus

97 1657 115 1686 ²5
125 1652 152 1681 051
164 1646 187 1678 ad
198 1644 359 1679 archimandritam
370 1645 426 1679 illum.
450 1645 525 1679 Etcum
536 1657 557 1680 se
564 1647 680 1689 salutassent,
688 1647 780 1681 sederunt.
803 1646 826 1680 Et

94 1719 96 1724 ι
124 1700 170 1743 dixit
178 1709 246 1733 senex:
259 1699 303 1732 ‘Dic
315 1698 370 1731 michi
382 1697 425 1742 quid
436 1698 500 1732 faciam
510 1705 530 1733 ut
540 1699 575 1733 sim
583 1700 655 1734 saluus!
678 1700 701 1734 Et
709 1700 750 1735 ille:
763 1699 827 1734 ‘Tolle

124 1751 217 1795 flagellum
229 1756 247 1783 01
260 1752 307 1784 uade
320 1761 375 1793 pasce
388 1753 464 1793 porcos?
492 1751 525 1783 Hii
535 1757 597 1785 autem
609 1752 693 1794 quicum
705 1757 794 1785 nouerant
808 1757 826 1784 et

125 1803 220 1839 audierant
231 1804 254 1837 de
266 1815 293 1845 eo,
301 1813 343 1837 cum
354 1803 444 1837 uidissent
454 1803 496 1847 quia
506 1815 572 1847 porcos
581 1810 670 1848 pasceret,
678 1804 773 1839 dicebant:
786 1803 827 1837 ‘Vi-

121 1855 178 1892 distis
185 1856 237 1889 illum
245 1856 346 1890 solitarium
354 1856 377 1889 de
385 1867 421 1899 quo
431 1855 562 1891 audiebamus?
574 1868 616 1892 ecce
627 1856 706 1901 desipuit
716 1868 748 1891 cor
755 1856 800 1899 eius,
809 1862 827 1891 et

98 1922 117 1951 30
126 1922 136 1945 a
145 1909 230 1945 demonio
238 1915 316 1944 uexatus
324 1909 382 1953 pascit
390 1910 467 1954 porcos?
489 1909 560 1945 Videns
568 1916 629 1945 autem
638 1910 698 1954 [deus]
707 1910 827 1944 humilitatem

126 1965 171 2006 eius,
179 1964 222 2007 quia
231 1963 256 1996 ita
263 1963 357 2007 pacienter
366 1963 468 1997 sustinebat
476 1963 574 2007 obprobria
584 1963 684 2006 hominum,
693 1965 775 2008 precepit
785 1974 826 1997 011111

122 2017 191 2058 iterum
206 2016 267 2048 redire
281 2017 304 2048 ad
319 2015 379 2048 locum
395 2025 454 2049 suum.
505 2010 573 2050 “Dixit
588 2016 662 2060 quidam
678 2027 747 2050 senex:
769 2016 827 2049 ‘Cum

126 2067 213 2113 cogitacio
228 2068 315 2111 superbie
330 2073 361 2101 aut
376 2068 463 2102 elacionis
480 2067 581 2112 intrauerit,
596 2074 679 2103 scrutare
694 2067 827 2103 conscienciam

126 2128 177 2156 tuam
187 2121 203 2154 si
214 2121 276 2153 diuina
284 2122 371 2154 mandata
378 2123 440 2155 omnia
448 2123 543 2156 custodisti
548 2123 560 2163 ⁷,
570 2123 586 2156 si
595 2122 678 2156 inimicos
688 2128 729 2156 tuos
737 2122 803 2165 diligis,
812 2122 827 2156 si

99 2189 117 2219 55
126 2174 195 2220 gaudes
204 2173 223 2207 in
230 2173 331 2207 aduersarii
338 2172 364 2207 tui
370 2174 503 2218 glorificacione
509 2180 528 2208 et
535 2174 551 2208 si
559 2174 672 2209 contristaris
677 2174 696 2208 in
705 2174 828 2209 minoracione

127 2229 172 2267 eius,
180 2232 198 2260 et
206 2226 222 2260 si
230 2226 326 2270 cognoscis
335 2231 353 2260 te
363 2227 446 2261 inutilem
457 2238 537 2271 seruum,
546 2229 588 2262 etsi
597 2228 679 2261 omnium
687 2233 802 2272 peccatorum
811 2232 829 2261 te

127 2280 237 2316 deteriorem
251 2291 293 2314 esse
305 2280 363 2314 scias:
380 2281 422 2324 quia
437 2281 541 2315 huiusmodi
556 2281 643 2326 cogitacio
656 2286 687 2314 tua
699 2281 786 2315 uniuersa
799 2291 829 2315 re·

127 2333 204 2377 soluet']

148 2417 247 2455 ¹T.ampni.
317 2416 352 2447 ²E.
360 2419 479 2448 transferentur.
539 2418 700 2457 “Bedproiundat
761 2417 829 2447 ‘From

127 2458 250 2496 Vit.Patr.963.
291 2458 399 2495 ⁵V.P.quid.
439 2459 549 2497 ⁶Ciib.963.
589 2459 649 2490 ΠΛΡ.
657 2459 731 2489 custodis.
