1762 2803
257 111 303 166 ΕΒ
318 107 417 162 &millu
433 108 550 162 ffllftltfl.
714 122 758 167 515

60 238 143 276 mitteret.
165 234 198 270 Ait
209 233 258 269 enim
270 232 296 268 illi
307 232 326 267 in
334 230 405 268 visione
413 231 510 267 dominus:
525 231 607 266 ¹Seruus
618 242 671 267 meus
677 230 760 267 erieus

60 292 125 335 frigore
140 288 235 328 cruciatur,
247 291 267 321 tu
278 297 323 321 vero
336 285 394 321 calide
409 285 439 321 hic
453 285 533 321 foueris:
550 296 606 331 surge
620 286 725 331 quantotius
741 291 760 320 et

60 343 170 389 opertorium
175 339 497 375 hoccumfestinationetransmitte.’
510 340 533 374 Et
539 339 635 375 itafactum
642 345 675 375 est.
709 332 760 375 Cum

61 397 117 433 semel
126 396 145 430 in
155 395 201 429 cella
210 395 278 428 sedens
290 403 354 437 capam
364 403 375 427 a
385 403 438 428 mure
448 404 541 428 cenosam
551 394 627 435 videret,
635 393 671 427 ait:
684 392 761 427 ‘Pereat

61 461 106 491 mus,
114 448 144 493 qui
156 447 180 482 ita
191 456 255 491 capam
267 456 328 480 meam
339 445 402 480 ledere
413 446 537 490 presumpsit)
561 445 584 480 Et
595 456 638 481 ecce
648 446 696 480 dicto
708 444 778 481 citius⁵

61 513 101 539 mus
108 502 132 536 de
139 510 192 534 muro
202 498 301 543 prosiliens
313 498 380 533 corruit
391 499 414 533 ad
425 499 483 544 pedes
495 498 534 534 eius
546 504 564 534 et
575 504 659 533 mortuus
671 503 705 533 est.
727 497 761 533 Vir

61 566 104 599 ergo
115 554 144 588 dei
155 552 278 596 presbiterum
289 551 366 593 vocauit,
376 556 395 586 et
406 552 448 596 quia
459 562 531 586 murem
542 551 614 586 incaute
626 551 761 587 maledictionis

61 609 115 643 verbo
123 605 245 640 interfecisset
253 604 345 640 humiliter
352 604 448 640 confessus
456 611 490 640 est.
512 605 546 640 Cui
554 605 658 650 presbiter:
670 605 762 647 ι1111111111,

61 662 89 702 uit¹
97 659 151 696 simili
158 659 275 694 anathemate
283 669 349 694 omnes
357 670 420 693 mures
428 659 508 704 regionis
516 659 570 694 huius
580 660 660 704 perdere
669 659 761 704 digneris!

61 718 66 735 ¹
71 715 128 757 Absit,
136 713 194 757 inquit
205 713 241 755 ille,
249 713 284 748 hoc
295 724 306 747 a
316 724 352 755 me,
359 713 415 748 nimis
425 714 459 747 hac
467 724 503 748 vna
510 714 551 748 vice
559 713 578 747 in
589 713 624 749 hoc
632 724 669 748 vno
680 718 761 748 erratum
771 718 790 741 [ο

61 774 93 802 est.
109 768 164 809 Vere,
172 767 233 799 sinon
241 766 260 799 id
268 766 365 810 displicere
375 767 470 801 crederem
481 766 556 801 domino
563 775 611 808 meo,
619 776 653 810 pro
661 766 697 801 isto
706 765 762 801 etiam

62 830 132 856 orarem
145 824 165 854 vt
178 818 255 863 pristine
269 819 396 854 restitueretur
409 818 457 854 vite!
508 812 584 854 Lumen
599 818 674 854 lucerne
687 818 762 854 suebis

62 873 165 913 extinctum,
178 871 265 907 diuinitus
280 884 378 907 accensum
393 878 427 907 est.
475 865 551 907 Accidit
563 878 624 907 autem
637 878 656 909 vt
669 873 762 918 presbiter

62 928 134 973 quidam
146 926 243 961 Osbernus
255 926 274 961 in
288 927 329 971 ipso
342 926 400 962 noctis
416 927 530 972 crepusculo,
541 926 648 971 quiescendi
662 927 726 972 gratia,
738 926 761 961 ad

62 981 156 1015 eeclesiam
164 979 263 1021 festinaret,
272 985 290 1014 et
298 991 340 1014 ecoe
347 980 393 1014 vidit
400 979 496 1014 ecclesiam
504 980 597 1014 immenso
609 980 679 1013 lumine
686 979 762 1013 chorus·
771 985 790 1016 15

62 1031 171 1073 cantem¹‚vt
177 1042 188 1065 a
195 1031 240 1066 facie
249 1031 322 1065 ssamme
330 1042 364 1075 per
370 1031 461 1066 fenestras
469 1032 584 1076 erumpentis
590 1031 698 1066 cimiterium
707 1041 763 1066 omne

62 1084 192 1128 resplenderet.
222 1083 302 1129 Expauit
317 1084 377 1127 homo,
394 1090 412 1120 et
428 1084 508 1121 substitit
523 1091 541 1120 et
559 1086 641 1129 psalmos
654 1084 762 1120 decantauit

63 1139 106 1172 Post
112 1139 206 1182 paululum
213 1148 258 1172 vero
268 1138 344 1182 angelus
355 1138 374 1172 in
386 1138 459 1173 flamma
469 1137 518 1182 ignis
525 1149 559 1182 per
566 1138 666 1173 fenestram
674 1148 762 1182 egressus

63 1196 95 1226 est.
117 1191 172 1225 Mane
183 1191 230 1225 facto
238 1190 310 1226 uocauit
321 1201 362 1226 eum
370 1191 399 1225 vir
409 1190 444 1234 dei,
452 1196 471 1226 et
481 1192 516 1227 ait:
529 1192 622 1235 ‘Quenam
634 1192 664 1226 illa
671 1191 718 1226 visio
729 1191 762 1226 fuit

64 1255 116 1287 quam
124 1255 166 1278 sero
170 1244 237 1284 vidisti,
243 1244 350 1279 Osbernei¹
363 1244 396 1278 Cui
404 1244 445 1279 ille:
458 1244 482 1278 ‘F
482 1244 569 1278 lammam
575 1240 582 1260 ²
589 1244 638 1288 ignis
645 1254 682 1278 non
690 1243 762 1285 modici,
771 1251 791 1274 co

63 1296 91 1336 ait,
103 1297 149 1330 intra
161 1297 258 1330 ecclesiam
268 1296 317 1330 vidi!
340 1296 407 1339 ‘Bene,
414 1295 479 1340 inquit,
487 1296 554 1338 dixisti,
562 1296 605 1341 quia
615 1296 700 1331 dominus
709 1306 763 1331 meus

63 1349 111 1384 afluit
123 1354 140 1385 et
152 1349 255 1385 consolatus
267 1355 295 1385 est
309 1359 384 1385 seruum
397 1359 464 1391 suum5
478 1354 496 1385 et
509 1350 645 1386 consolationes
658 1349 763 1385 huiusmodi

64 1403 180 1448 [frequenter]
188 1404 321 1439 subministrat.
339 1403 418 1438 Proinde
425 1403 476 1438 oraui
484 1403 578 1438 dominum
586 1414 648 1439 meum
656 1409 676 1439 vt
683 1404 763 1449 aperiret

63 1457 123 1491 oculos
130 1462 171 1491 tuos
179 1459 202 1491 ad
210 1457 372 1501 contemplandum
380 1456 492 1500 hec,vinque
499 1457 518 1491 id
526 1457 626 1500 impetrare
633 1457 686 1491 valui.
700 1458 738 1491 Sed
744 1462 763 1491 et

64 1508 97 1542 hoc
107 1509 150 1543 noui
157 1510 200 1553 quia
208 1510 242 1544 hos
254 1515 272 1543 et
279 1510 314 1543 hos
322 1509 404 1553 psalmos
415 1509 488 1543 interim
497 1509 623 1544 decantaueris
629 1514 646 1544 et
654 1514 707 1544 entra
714 1508 763 1543 cimi-
771 1517 791 1549 ²⁵

64 1561 128 1596 terium
134 1562 211 1596 visionis
219 1561 346 1607 expectaueris
354 1562 421 1597 linem!
467 1555 576 1597 Presbitero
584 1562 663 1606 quodam
671 1561 690 1596 in
699 1572 764 1596 mensa

64 1614 159 1649 assistente
167 1614 207 1657 sibi,
215 1625 262 1660 aqua
269 1615 287 1649 in
296 1615 359 1649 vinum
368 1624 457 1649 conuersa
467 1620 500 1649 est.
529 1614 572 1649 Alia
582 1615 622 1650 vice
633 1626 681 1659 aqua
689 1616 712 1649 ab
722 1615 763 1660 ipso

64 1668 130 1711 populo
138 1668 203 1710 oblata,
211 1668 249 1704 vini
257 1679 342 1713 saporem
350 1668 414 1710 induit,
423 1668 484 1703 colore
491 1668 569 1713 pristino
577 1668 681 1704 nullatenus
689 1674 764 1703 mutato.

64 1719 116 1763 Aqua
126 1722 149 1755 ab
160 1721 201 1765 ipso
212 1721 308 1756 benedicta
319 1721 337 1755 in
349 1721 413 1755 vinum
424 1721 542 1762 conuertitur,
554 1727 573 1754 et
584 1721 636 1764 quasi
650 1722 673 1755 ad
684 1727 763 1755 mortem

65 1777 125 1815 egrota
136 1772 179 1808 inde
190 1783 266 1808 sumens
277 1772 363 1808 continuo
374 1778 455 1807 sanatur.
478 1772 550 1808 Nobilis
563 1772 649 1808 domina³
660 1784 701 1809 cum
713 1773 763 1809 omni
772 1782 792 1813 30

65 1826 148 1860 comitatu
158 1838 192 1861 suo
202 1838 245 1862 eum
252 1827 335 1868 visitans,
345 1827 385 1861 solo
396 1837 445 1870 pane
456 1837 467 1860 a
476 1832 539 1861 sancto
551 1827 648 1862 benedicto
658 1827 688 1862 dei
697 1827 764 1863 seruo⁴

64 1876 122 1914 111111εὗ
129 1880 196 1915 refecta
204 1887 243 1923 est;
256 1892 280 1915 ex
291 1882 342 1914 cuius
352 1879 434 1924 reliquiis
445 1881 498 1914 turba
505 1880 588 1915 virorum
597 1891 634 1915 non
646 1880 719 1916 modica
729 1891 764 1926 pre

64 1930 131 1969 foribus
146 1940 213 1977 astans,
228 1945 271 1970 eum
284 1934 346 1969 videre
360 1939 378 1969 et
393 1933 459 1977 alloqui
475 1938 493 1968 et
506 1934 528 1968 ab
541 1944 563 1968 eo
581 1933 664 1968 benedici
677 1945 764 1979 querens,

65 1987 146 2022 saciatur.
174 1988 349 2032 Quadragenarium,
366 1992 386 2021 vt
404 1986 502 2027 ferebatur,
521 1997 619 2021 numerum
638 1993 764 2022 excesserunt.

64 2029 122 2082 Virgo
130 2042 209 2083 quedam
219 2052 278 2084 vsque
289 2041 312 2074 ad
324 2044 402 2073 mortem
413 2038 510 2077 infirmata,
523 2039 546 2071 de
557 2049 637 2082 sompno
647 2039 732 2083 uigilans,
740 2040 764 2074 ait
772 2047 791 2079 35

65 2090 116 2126 matri
124 2103 168 2129 sue:
180 2094 245 2137 ‘Ecce
253 2093 310 2139 gratia
318 2092 348 2128 dei
358 2097 376 2128 et
384 2090 442 2127 sancti
451 2091 527 2127 11111111ε
535 2091 597 2128 famuli
605 2094 635 2128 dei
643 2098 706 2128 sanata
717 2104 764 2129 sum.

65 2141 88 2177 Vt
96 2147 144 2180 enim
152 2148 170 2181 in
179 2148 263 2192 sompnis
272 2148 332 2182 visum
341 2151 369 2181 est
377 2145 427 2187 mihi,
434 2145 477 2180 veni
484 2146 507 2179 ad
515 2156 564 2186 eum,
572 2151 590 2180 et
598 2151 703 2190 susceptam
711 2147 734 2181 ab
742 2158 765 2181 eo

65 2205 129 2240 aquam
139 2200 254 2235 benedictam
265 2200 285 2234 in
296 2200 350 2245 cipho
361 2210 384 2233 eo
395 2198 483 2233 offerente
494 2198 572 2243 gustaui,
580 2204 598 2234 et
605 2198 706 2234 visceribus
718 2200 764 2235 meis

65 2254 83 2281 et
89 2253 160 2295 corpori
171 2265 213 2287 meo
225 2254 275 2288 salus
287 2254 350 2287 effecta
362 2258 395 2286 est.
418 2252 441 2286 Et
452 2257 471 2285 vt
482 2252 552 2286 facilius
563 2252 634 2293 credas,
642 2252 683 2286 talis
695 2258 713 2286 et
723 2252 765 2287 talis

65 2308 92 2335 est
102 2304 136 2345 vir,
146 2311 164 2340 et
175 2306 217 2340 talis
228 2312 246 2340 et
258 2306 299 2341 talis
313 2311 341 2340 est
352 2306 413 2339 locus.¹
462 2297 534 2339 Mulier
545 2304 636 2348 quedam⁷
647 2304 696 2339 inter
704 2310 764 2339 cetera
772 2314 793 2346 40

66 2358 177 2400 munuscula,
192 2365 230 2394 tres
245 2369 303 2404 panes
318 2358 369 2403 [de]l
384 2357 461 2402 singulis
476 2357 577 2392 furnaturis
592 2356 631 2392 viro
646 2357 677 2393 dei
692 2357 765 2393 mittere

66 2407 139 2454 solebat,
150 2418 168 2446 et
180 2413 209 2447 die
220 2414 299 2457 quadam
310 2424 344 2458 per
355 2413 447 2457 quendam
459 2422 558 2456 puerorum
570 2422 645 2446 suorum
657 2417 695 2446 tres
706 2421 765 2455 panes

84 2487 89 2504 ¹
100 2490 118 2520 E.
125 2492 259 2525 choruscbantem.
305 2493 311 2511 ²
322 2494 340 2525 E.
348 2493 422 2524 flamma.
467 2492 473 2510 ³
483 2503 504 2525 sc.
514 2494 568 2522 Bence
575 2497 591 2522 et
598 2493 639 2522 filius
646 2493 680 2522 eius
686 2492 766 2523 Aluredus

66 2527 85 2557 de
93 2530 178 2563 Lincolnia.
236 2535 241 2552 ⁴
253 2535 271 2562 E.
279 2534 304 2563 dei
312 2543 359 2563 seruo
366 2533 453 2562 benedicto
510 2532 516 2550 ³
526 2533 544 2562 E.
550 2532 602 2562 laude.
657 2532 663 2549 ⁶
672 2532 690 2561 T.
698 2532 765 2561 Wlfrici.

65 2563 71 2581 ¹
81 2576 102 2597 sc.
110 2570 188 2610 Emelina,
194 2579 244 2604 mater
251 2573 328 2603 Willelmi
335 2573 355 2602 de
362 2572 440 2601 Chinnoe.
532 2570 561 2600 lso
567 2570 594 2607 T.;
606 2579 635 2600 om.
643 2570 660 2599 in
667 2570 685 2600 E.

395 2627 438 2662 ula
