1762 2803
215 101 260 156 De
275 99 363 153 &erun
378 99 432 157 Bet
448 98 560 152 othrico.
694 101 736 156 481

40 221 145 265 respiceret,
156 234 212 257 cornu
223 234 264 257 curn
274 222 317 258 vino
327 222 405 264 iactauit,
414 228 432 257 et
441 233 497 267 super
507 234 549 258 eum
561 221 646 267 quicquid
659 220 740 256 contine·

40 275 71 306 bat
84 275 153 308 effudit.
175 275 264 308 Similiter
275 280 293 308 et
305 276 398 308 vrceolum
412 287 453 308 cum
467 286 520 320 aqua,
532 281 549 309 et
561 274 622 308 omnia
635 285 671 318 que
684 283 741 317 super

40 327 111 362 trabem
122 328 172 363 illam
185 329 262 371 stabant,
273 328 378 373 singillatim
391 328 432 363 iecit
444 328 463 363 in
473 339 520 364 eum.
544 328 627 373 Cumque
638 327 667 363 vir
677 326 706 362 dei
718 326 741 361 ab

41 380 123 415 oratione
130 392 167 415 non
176 386 264 425 surgeret,
273 381 342 425 lignum
351 381 369 415 in
378 392 414 425 quo
424 392 468 416 crux
479 381 536 416 infixa
547 386 592 423 erat,
602 391 644 416 curn
655 380 741 415 omnibus

41 444 77 477 que
88 434 192 469 continebat
204 435 273 469 adiecit.
297 435 372 469 Etcum
383 434 412 468 vir
423 435 453 468 dei
465 446 499 469 nec
511 435 537 469 sic
549 440 612 479 posset
624 433 758 474 commoueri,5

41 491 59 520 et
73 492 110 521 tota
121 493 175 522 nocte
186 488 216 522 illa
228 488 318 532 malignus
332 487 350 522 in
364 498 406 522 eum
420 487 494 522 seuiens
507 488 532 522 nil
546 488 654 533 proficeret;
666 487 741 521 tandem

41 540 128 575 contusus
136 541 331 584 abscedens¹,tantum
341 541 418 575 fetorem
429 540 453 574 ibi
464 540 541 585 reliquit,
550 542 598 585 quod
605 540 637 575 vix
645 545 709 585 posset
718 540 741 573 ab

42 594 116 628 homine
127 595 220 628 sustineri.
243 595 316 639 Integra
327 600 388 628 tamen
400 594 473 628 suerunt
485 594 546 628 omnia
558 605 593 639 que
607 594 714 638 proiecerat,
724 598 742 626 et

42 647 102 690 imago
117 648 199 682 crucifixi
213 648 287 692 penitus
300 648 357 681 illesa.
379 647 413 681 Vir
426 647 461 689 dei,
475 647 517 691 quia
530 647 587 681 laicus
600 652 644 687 erat,
656 647 687 681 illa
700 657 743 680 con·

42 699 114 743 tingere
126 712 163 734 non
174 701 293 745 presumpsit,
305 701 338 735 sed
350 705 414 735 vocato
424 700 486 744 priore
497 699 612 735 dunelmensi
627 700 706 744 Rogero,
717 699 743 733 illi
752 710 771 732 ro

42 759 107 790 cuncta
118 755 204 797 narrauit,
216 760 233 789 et
244 766 279 799 per
290 765 333 788 eum
344 754 406 788 omnia
417 753 456 787 suis
467 753 550 788 restituta
560 759 602 787 sunt
613 753 662 787 locis
686 753 743 787 Nocte

43 806 132 851 sequenti,
146 819 187 842 cum
202 807 253 853 prior
267 808 297 842 ille
312 806 406 849 dormiret,
419 806 476 841 astitit
489 806 506 841 ei
518 806 606 848 diabolus,
619 805 693 841 dicens:
705 806 744 840 ‘Tu

43 860 131 894 rusticum
151 861 258 895 delirantem
278 861 383 902 Godricum,
400 860 461 904 quod²
479 870 514 903 ego
531 864 572 893 vtar
590 859 672 893 fantasiis
690 864 744 903 atque

44 913 135 958 prestigiis
147 914 229 955 docuisti,
243 921 261 949 et
274 914 311 948 tuis
324 919 387 948 contra
400 924 430 947 me
443 912 518 947 monitis
529 912 625 947 animasti:
638 912 700 956 accipe
711 922 745 956 pro

43 973 74 1000 tuo
84 968 146 1001 labore
157 969 272 1001 mercedem!
296 968 336 1001 Hec
345 967 409 1000 dicens
420 972 438 1000 et
448 966 552 1006 discedens,
560 965 616 999 nimio
628 965 678 999 illum
688 965 746 999 fetore
755 977 772 1005 15

44 1018 147 1063 compleuit,
159 1031 214 1064 quem
229 1019 307 1054 tolerare
319 1018 351 1052 vix
364 1018 428 1063 potuit.
473 1010 540 1051 Estiuo
555 1022 638 1061 tempore
651 1016 746 1051 venientes

44 1072 83 1106 sere
101 1073 197 1107 siluestres
212 1073 290 1117 virgulta
310 1072 383 1107 Godrici
402 1077 466 1106 tenera
485 1071 548 1116 sepius
568 1070 708 1115 discerpebant:
728 1075 746 1103 et

44 1126 135 1160 accedens
154 1127 177 1160 ad
196 1137 271 1160 ceruum
290 1125 396 1159 arbusculas
412 1124 546 1167 corrodentem,
563 1135 587 1158 ne
602 1124 697 1158 recederet
712 1123 746 1156 im·

45 1179 120 1223 perauit,
144 1179 191 1214 Fera
209 1179 313 1214 subsistens
332 1183 350 1213 et
368 1183 456 1220 tremens,
473 1177 532 1212 sancti
550 1177 628 1222 pedibus
644 1177 746 1221 prouoluta,

45 1233 97 1275 quasi
113 1233 265 1276 transgressionis
281 1232 353 1267 veniam
373 1231 465 1276 llagitauit.
494 1231 527 1265 Ille
545 1231 638 1274 cingulum
655 1231 709 1265 soluit
728 1237 746 1266 et
756 1243 775 1264 πο

45 1285 91 1318 collo
103 1285 141 1319 sere
153 1286 288 1329 circumposuit,
301 1291 319 1319 et
330 1286 353 1318 ad
364 1285 398 1318 orti
407 1295 472 1328 sepem
481 1284 586 1327 producens
597 1284 648 1317 abire
658 1284 747 1327 precepit.

47 1330 93 1371 Post
108 1338 143 1372 hec
156 1338 236 1372 ferarum
252 1349 298 1381 grex
313 1337 398 1381 copiosus
414 1336 515 1370 adueniens
531 1342 605 1370 teneras
621 1336 655 1370 orti
672 1336 748 1370 frondes

46 1401 160 1431 consumere,
175 1391 296 1434 confringere,
309 1391 397 1425 diuellere
412 1390 512 1433 satagebat.
535 1389 568 1422 llle
583 1399 698 1432 progressus,
710 1395 748 1423 tur·

46 1444 88 1478 bam
104 1444 181 1478 deloco
197 1443 223 1478 ire
238 1443 336 1489 prohibuit,
352 1449 370 1478 et
386 1453 441 1478 vnam
457 1442 529 1477 illarum
545 1441 597 1486 virga
613 1448 641 1477 ter
656 1441 675 1476 in
691 1442 749 1477 latere

47 1497 142 1541 percussit,
155 1502 173 1531 et
186 1508 220 1541 per
232 1502 292 1532 ortum
308 1508 349 1532 eam
365 1496 447 1537 deduxit,
459 1497 540 1540 dampna
553 1506 589 1540 que
604 1496 627 1529 ab
642 1495 678 1530 illis
691 1495 749 1530 luerat
758 1506 776 1537 25

47 1560 114 1594 passus
129 1551 242 1593 ostendens,
259 1556 277 1584 et
293 1561 336 1584 mox
352 1550 424 1584 eleuata
438 1560 493 1583 manu
509 1554 527 1583 et
541 1559 587 1583 voce
602 1548 628 1583 sic
643 1548 700 1583 dixit:
716 1549 749 1583 ‘ln

47 1602 121 1637 nomine
130 1602 186 1637 ihesu
198 1603 288 1637 Nazareni
296 1603 332 1638 cito
340 1602 425 1645 recedite,
433 1614 467 1637 nec
476 1607 518 1636 ante
526 1612 607 1636 messem
617 1602 652 1636 huc
663 1602 751 1637 accedere

47 1656 168 1700 presumatis!
191 1657 229 1691 lllis
246 1668 290 1692 mox
308 1657 451 1702 egredientibus,
466 1656 495 1691 vir
509 1656 539 1690 dei
558 1656 669 1690 infirmiores
684 1656 751 1690 blanda

48 1720 103 1742 manu
111 1715 162 1743 trans
170 1710 204 1743 orti
215 1716 268 1753 septa
278 1710 367 1753 deposuit.
391 1711 429 1742 Nee
437 1709 513 1742 vlterius
524 1709 563 1741 sera
574 1709 665 1741 siluestris
675 1710 751 1742 arbores

48 1761 87 1796 eius
97 1761 143 1803 lesit,
155 1772 189 1796 nec
200 1762 277 1797 limitem
289 1762 380 1806 prefixum
392 1761 480 1806 preteriit.
503 1761 549 1796 Cum
564 1760 649 1795 iratribus
661 1760 751 1796 Godricus
760 1772 779 1803 30

48 1814 83 1848 ista
94 1819 182 1857 narraret,
194 1815 300 1859 obiurgabat
312 1815 396 1848 homines
410 1814 511 1848 obstinatos
523 1813 554 1858 qui
566 1813 595 1847 dei
607 1819 695 1858 precepta
708 1825 751 1848 con·

48 1873 151 1912 tempnunt,
166 1868 314 1912 quandoquidem
330 1867 415 1901 animalia
429 1868 482 1901 bruta
497 1877 593 1901 seruorum
609 1866 638 1900 dei
650 1867 707 1901 verbu
723 1878 751 1901 rc-

48 1927 135 1956 uerenter
148 1922 247 1966 excipiunt.
293 1915 389 1956 Horrida³
402 1921 463 1955 hieme
476 1930 551 1964 semper
564 1920 619 1954 nudis
632 1920 710 1964 pedibus
724 1920 751 1955 in·

49 1975 134 2014 cedebat3
142 1975 268 2009 vndevideres
273 1975 376 2018 eiuspedes
382 1973 471 2017 [hi]ulcis⁴
476 1972 680 2017 paterevulneribus‚vt
685 1973 752 2016 digitus

49 2027 101 2061 facile
113 2032 177 2072 posset
188 2027 277 2072 immergi,
290 2032 308 2061 et
319 2026 429 2072 multiplices
441 2024 544 2060 cicatricum
559 2023 633 2059 rimulas
646 2025 697 2060 sanie
709 2037 752 2071 pro·
761 2038 779 2068 ³5

50 2081 129 2115 lluentes
135 2086 153 2115 et
159 2092 218 2125 vsque
225 2083 248 2116 ad
254 2092 296 2116 ossa
304 2081 397 2115 discissus.
409 2081 424 2114 F
425 2090 467 2114 eras
475 2089 541 2113 manus
546 2078 652 2113 venantium
660 2079 752 2124 fugientes

50 2134 97 2168 intra
106 2144 159 2168 suam
170 2135 245 2168 domum
254 2134 334 2176 admisit,
344 2140 367 2175 et,
377 2133 412 2168 illis
423 2131 557 2173 recedentibus,
564 2131 587 2165 ad
596 2131 649 2166 solita
659 2142 703 2167 mox
713 2132 753 2167 loca

50 2186 124 2220 dimisit.
170 2180 279 2221 Decantans
289 2187 371 2231 psalmos
380 2186 469 2221 Godricus
477 2184 521 2219 vidit
532 2184 639 2218 crucifixum
651 2190 669 2219 et
679 2196 753 2220 crucem

50 2240 69 2272 in
79 2250 113 2273 sua
123 2241 193 2283 capella
203 2240 272 2284 pariter
282 2240 401 2280 commoueri,
412 2244 430 2273 et
441 2243 484 2282 post
495 2237 587 2271 modicum
597 2238 620 2271 de
630 2249 662 2271 ore
671 2239 753 2273 crucifixi

51 2291 95 2325 vidit
103 2292 155 2326 exire
162 2293 265 2336 puerulum,
273 2304 307 2337 per
314 2293 398 2328 membra
407 2291 504 2336 paulatim:
517 2290 552 2333 Qui
560 2290 583 2323 ad
591 2290 689 2334 imaginem
700 2291 754 2326 beate
762 2305 782 2334 40

53 2344 134 2388 virginis
142 2351 221 2379 stantem
229 2346 248 2379 in
256 2346 321 2380 eadem
333 2346 390 2386 trabe,
398 2344 499 2386 deseendit,
507 2349 525 2377 et
533 2343 603 2387 gremio
611 2343 670 2387 ipsius
681 2343 755 2380 insedit.

52 2398 86 2431 llla
97 2407 163 2431 manus
175 2399 354 2433 contravenientem
367 2397 455 2439 extendit,
468 2403 486 2431 et
499 2396 605 2440 amplexum
618 2407 652 2440 per
665 2403 704 2431 tres
715 2398 755 2433 sere

52 2451 107 2485 horas
115 2451 194 2485 brachiis
201 2452 287 2486 consonit.
310 2452 400 2486 Puerulus
408 2450 481 2492 deinde,
489 2450 554 2484 eodem
565 2449 619 2484 modo
629 2461 666 2495 quo
673 2457 755 2495 venerat,

82 2562 116 2592 ι11.
125 2562 208 2592 abcedens.
249 2563 317 2592 ²E,ne.
358 2563 569 2600 ³ll.addsquantumlibet.
611 2563 722 2595 ⁴T.E.vlcis,

395 2632 415 2656 ll
