1762 2803
80 164 83 170 ⁴
131 161 159 202 42
324 106 403 201 uuus
419 146 535 209 teutona
550 146 641 209 anulio.

133 268 180 302 cinia
190 268 264 304 subiret.
287 270 333 305 Buni
341 270 409 315 quippe
417 270 500 315 parentis
508 280 541 314 pro
550 281 572 304 eo
580 270 686 313 inuigilante
694 268 773 310 solertia,
782 267 832 311 prius

133 322 209 357 docetur
214 324 291 358 militare
296 325 395 367 deo,quam
400 323 503 358 addisceret
508 323 570 357 viuere
576 323 650 357 mundo.
659 322 689 356 Sic
695 323 769 356 demum
774 320 833 353 infan-

132 373 833 421 tilecorpusflagellapedagogiattrectant,sicdiscipline[compedes]¹motus

132 428 151 463 in
158 440 179 463 eo
188 430 267 473 pueriles
274 436 363 472 coercent,
369 437 388 464 vt
396 435 414 464 et
420 429 516 465 virtutibus
522 429 565 465 vitia
572 429 675 474 preteriret,
681 433 699 463 et
707 434 745 462 tota
749 428 786 462 vita
793 427 833 462 eius

115 494 124 525 5
132 488 182 516 esset
189 494 246 517 vnum
258 488 276 518 et
288 484 330 527 iuge
337 483 444 517 martirium.
468 483 495 517 De
504 483 566 526 seipso
576 482 666 526 aliquibus
674 481 744 516 referre
751 481 832 515 solebat:

133 535 182 579 ‘Ego
190 536 254 571 mundi
262 537 316 570 huius
323 537 389 581 gaudia
397 546 490 580 nunquam
498 536 554 579 attigi,
560 536 610 570 iocos
617 545 711 579 nunquam
719 534 779 575 didici,
786 544 833 569 nun·

133 599 188 634 quam
194 590 257 623 sciui².¹
269 589 301 623 flln
306 589 563 633 grannopolitano*territorio
569 590 588 622 in
594 590 673 631 quodam
679 587 755 621 cenobio
760 587 833 620 canoni-

133 651 166 675 cus
172 642 260 685 regularis
266 641 329 682 factus,
334 641 462 676 ecclesiasticis
467 641 532 675 litteris
537 641 618 674 imbutus
625 646 658 674 est.
670 641 688 673 A
694 639 768 673 ludendi
774 640 833 674 iocan-

133 693 188 738 dique
195 694 275 729 vanitate
282 700 363 729 mentem
372 696 493 739 suspendens,
502 695 586 730 honestis
596 694 688 729 exercitiis
699 704 720 728 se
729 693 833 728 immiscuit.

107 761 126 783 io
135 747 201 783 Coeuis
209 748 247 782 suis
255 748 361 792 frequenter
368 747 478 791 ludentibus,
487 748 522 782 sibi
530 748 572 782 talia
579 753 656 791 paterne
665 747 766 781 dulcedinis
775 746 834 780 instil-

134 801 195 836 labant
208 801 332 835 hortamenta:
345 801 420 835 Solebat
432 801 482 835 enim
494 801 529 836 sibi
541 801 602 835 dicere
612 806 664 844 pater
671 799 737 834 suus³2
751 800 802 833 ‘Non
810 805 834 841 te,

134 853 196 897 inquit,
209 852 314 888 dulcissime
327 853 357 895 fili,
367 853 433 889 alliciat
445 854 512 889 stolida
523 853 588 889 leuitas
602 853 698 888 sociorum.
722 852 767 888 Sine
782 852 833 888 illos:

134 906 179 941 sorti
185 912 215 941 tue
223 909 300 940 istorum
305 907 365 941 studia
370 907 432 942 minus
437 907 560 942 conueniunt!
572 908 704 950 Addebatque:
713 906 834 950 ‘Hugonette,

137 959 248 1003 Hugonette,
260 971 294 1003 ego
306 965 323 993 te
333 959 407 994 Christo
419 960 490 995 nutrio:
508 960 564 995 iocari
576 971 613 994 non
627 965 655 994 est
668 961 729 993 tuum?
757 959 835 1002 Vigebat

107 1026 125 1056 15
135 1013 184 1047 enini
191 1011 260 1057 ingenii
267 1012 351 1047 acumine
359 1024 432 1057 magno,
441 1024 477 1057 quo
484 1013 567 1055 velotius,
575 1024 647 1057 queque
655 1013 715 1054 vellet,
726 1011 834 1046 addisceret.

136 1058 219 1108 Hugone
227 1071 288 1098 autern
295 1067 362 1108 adulto,
370 1071 423 1109 pater
431 1066 476 1108 eius,
484 1066 515 1110 qui
523 1067 542 1099 in
550 1067 615 1100 eodem
625 1064 702 1099 cenobio
713 1065 746 1098 sub
756 1063 835 1108 regulari

135 1117 230 1161 disciplina
237 1117 288 1159 vixit,
296 1117 366 1152 crebris
377 1116 424 1162 cepit
432 1117 493 1162 urgeri
504 1117 641 1161 incom[m]odis
649 1129 653 1152 :
665 1128 720 1161 quem
729 1115 776 1151 filius
784 1128 835 1159 suus,

135 1171 221 1214 quamdiu
233 1170 283 1212 vixit,
296 1171 379 1213 ducebat,
391 1172 479 1215 portabat,
490 1172 572 1206 vestibus
588 1176 607 1205 et
622 1170 746 1205 calciamentis
757 1170 835 1214 tegebat,

135 1225 202 1259 lectum
211 1223 228 1257 ei
235 1224 334 1266 sternebat,
343 1229 360 1257 et
371 1223 389 1258 in
398 1225 483 1259 omnibus
492 1224 555 1259 sedule
566 1223 685 1258 ministrabat.
708 1222 753 1256 Zelo
760 1223 835 1256 tandem

108 1290 126 1311 ro
135 1276 217 1313 arctioris
229 1276 321 1322 religionis
332 1277 402 1319 ductus,
411 1277 495 1312 ordinem
506 1277 638 1311 cartusiensem
649 1277 744 1321 ingressus
752 1282 785 1311 est.
809 1275 835 1310 Ibi

135 1329 185 1365 enim
193 1329 268 1365 stimulo
274 1330 335 1365 carnis
341 1342 374 1365 sue
380 1332 489 1374 grauissime
494 1337 600 1374 temptatus,
605 1341 680 1363 carnem
687 1341 739 1363 suam
745 1329 811 1373 vigiliis
818 1334 836 1362 et

135 1382 181 1416 mira
189 1382 299 1416 abstinentia
307 1383 397 1416 domabat.
421 1383 519 1417 Promotus
529 1384 604 1417 tandem
612 1383 634 1416 ad
643 1382 726 1416 ordinem
734 1381 836 1423 sacerdotii,

135 1440 224 1480 quantum
232 1434 290 1469 creuit
298 1435 367 1477 ordine,
374 1440 446 1469 tantum
457 1435 533 1478 profecit
545 1440 608 1469 sancta
619 1434 722 1469 deuotione.
745 1434 766 1467 ln
775 1433 836 1467 altaris

136 1487 198 1522 enim⁵
212 1487 271 1521 officio
286 1487 311 1521 ita
324 1488 436 1529 versabatur,
450 1499 471 1521 ac
484 1488 500 1521 si
512 1487 603 1521 visibilem
616 1488 700 1520 manibus
716 1490 837 1520 contrectaret

109 1552 127 1583 25
137 1539 232 1575 dominum
248 1539 363 1574 saluatorem.
393 1540 483 1574 Domabat
501 1539 550 1574 enim
566 1540 648 1584 corporis
667 1539 750 1574 membra
765 1538 837 1582 vigiliis,

137 1593 214 1635 ieiuniis,
228 1593 310 1637 flagellis,
322 1599 340 1627 et
352 1594 403 1627 iuxta
414 1604 485 1627 morem
497 1592 566 1627 ordinis
579 1604 613 1627 vsu
627 1592 685 1634 cilicii,
698 1598 717 1626 et
731 1597 775 1635 potu
790 1602 837 1635 aque

137 1656 179 1681 cum
188 1646 239 1679 arido
249 1656 302 1689 pane.
348 1638 411 1679 Tanta
419 1646 494 1679 demum
504 1646 563 1680 carnis
574 1644 674 1689 temptatio,
682 1654 724 1678 cum
732 1649 838 1688 procurator

137 1701 203 1734 domus
211 1698 268 1733 factus
277 1698 346 1741 fuisset,
354 1698 414 1733 subito
421 1704 485 1733 exorta
492 1705 526 1742 est,
532 1705 552 1733 vt
559 1698 621 1732 mallet
628 1697 757 1733 iehennalibus
764 1697 838 1731 interim

137 1751 184 1787 tradi
192 1752 251 1797 penis,
259 1762 314 1796 quam
322 1751 378 1786 tantis
383 1751 444 1796 vrgeri
450 1751 534 1786 flammis.
549 1751 596 1786 Tam
601 1751 668 1795 ingens
676 1761 742 1794 pugna,
749 1755 786 1785 tam
793 1750 838 1785 sorte

110 1817 129 1846 30
138 1810 232 1839 certarnen
239 1805 277 1845 suit,
284 1806 332 1849 quod
340 1805 411 1848 [solius]
418 1805 423 1823 ¹
432 1804 494 1838 diuine
502 1815 539 1838 non
547 1805 640 1839 dubitetur
645 1804 717 1838 virtutis
724 1803 781 1838 tuisse
789 1805 838 1848 quod

138 1868 175 1892 non
188 1858 280 1900 cessisset,
292 1859 326 1891 sed
336 1858 413 1892 viriliter
424 1857 528 1892 resistendo
539 1858 653 1901 triumphum
664 1862 771 1900 reportaret.
794 1856 838 1890 Viro

138 1910 168 1944 dei
182 1910 263 1950 tandem,
275 1914 366 1953 prostrato
378 1921 412 1944 nec
425 1915 516 1953 superato,
529 1920 566 1943 non
579 1911 627 1943 victo
641 1909 674 1943 sed
687 1908 766 1952 fatigato,
778 1909 838 1942 tenuis

139 1963 219 2006 obrepsit
226 1973 293 2006 sopor:
306 1967 324 1996 et
332 1974 381 2005 ecce,
388 1963 433 1996 vidit
440 1962 500 1996 virum
509 1962 539 2007 qui
547 1963 597 1996 illum
606 1968 713 2006 susceperat
724 1963 746 1996 ad
755 1962 839 1996 ordinem

138 2017 194 2059 illurn,
210 2016 284 2050 nomine
301 2015 393 2058 Basilium,
409 2016 459 2051 vultu
478 2016 560 2059 angelico
575 2015 677 2050 radiantem
696 2015 731 2049 sibi
745 2019 806 2050 astare
821 2019 840 2049 et

112 2079 130 2110 3⁵
139 2070 210 2103 dicere:
220 2070 277 2111 ‘Quid
283 2068 329 2112 [tibi]
336 2070 346 2111 ¹,
354 2069 417 2113 inquit,
425 2069 492 2112 est‚,fili
500 2068 623 2104 charissime?
638 2068 675 2103 Cur
683 2068 708 2102 ita
715 2068 764 2102 iaces
770 2078 839 2111 pronus

140 2122 225 2156 interra?
248 2121 313 2166 Surge,
322 2123 393 2156 etvelle
401 2122 657 2167 tuumfiducialiterloquere.'
681 2122 705 2155 Et
713 2133 754 2155 curn
762 2127 840 2165 tempta-

140 2176 208 2208 tionem
223 2185 276 2208 suam
289 2174 306 2208 ei
321 2179 428 2216 reserasset,
442 2185 485 2208 mox
500 2174 595 2218 patefactis
611 2174 700 2208 nouacula
713 2184 769 2217 quam
784 2184 840 2207 manu

140 2227 214 2262 tenebat
224 2225 325 2261 visceribus
337 2226 382 2268 eius,
395 2225 448 2270 quasi
460 2231 550 2273 strumam
565 2227 637 2272 igneam
649 2226 692 2261 inde
702 2226 753 2261 visus
767 2232 796 2260 est
810 2237 840 2260 ex-

142 2278 223 2314 secuisse
231 2285 250 2314 et
258 2279 330 2323 longius
342 2284 394 2313 extra
405 2280 470 2313 cellam
482 2280 587 2324 proiecisse.
610 2280 756 2325 Expergelactus
763 2290 813 2322 vero,
821 2279 840 2314 in

113 2333 197 2374 accorde
211 2337 229 2366 et
244 2333 263 2365 in
276 2343 330 2366 carne
343 2343 364 2366 se
379 2333 460 2376 repperit
474 2334 595 2367 immutatum.
618 2333 694 2367 Cuidam
708 2332 792 2366 familiari
808 2343 841 2366 suo

142 2385 227 2430 querenti
234 2390 295 2419 vtrum
300 2384 378 2428 aliquem
383 2390 448 2429 postea
455 2386 534 2419 senserit
541 2386 560 2419 in
566 2396 621 2420 carne
630 2385 662 2420 sua
667 2391 737 2420 motum
745 2398 749 2420 :
762 2388 842 2427 ‘reuera

141 2438 206 2482 inquit,
215 2439 263 2482 quod
271 2438 351 2481 aliquem
359 2438 450 2471 senserim
456 2449 493 2471 non
499 2449 552 2482 nego,
557 2439 590 2472 sed
596 2438 757 2482 simplicissimum,
764 2444 782 2472 et
787 2449 842 2481 quern

144 2502 182 2525 non
190 2490 252 2523 minus
260 2495 391 2534 contempnere
396 2500 451 2533 quarn
457 2491 578 2533 comprImere
584 2495 633 2524 esset
641 2490 756 2524 facillimum!
791 2484 842 2525 Cum

161 2554 167 2573 ¹
177 2565 208 2585 om.
249 2553 255 2571 ²
265 2555 286 2585 al.
292 2554 341 2585 sitiui.
382 2554 406 2571 ³-³
416 2554 456 2584 Iohn
462 2554 586 2592 onynemouth
590 2555 629 2583 here
634 2554 715 2592 blunders‚
721 2558 756 2593 past
762 2555 843 2593 mending,

142 2597 158 2626 in
169 2595 252 2633 abridging
260 2594 335 2625 theVita.
368 2593 704 2633 ⁴aLGratiauopolitanoji.e.Grenoble.
738 2594 834 2627 ⁵om.inT.
