1762 2803
121 109 166 163 480
194 178 196 182 ,
312 107 392 160 auom
408 104 524 168 beamur
539 107 633 170 anglia.

121 228 205 265 acclinis¹
216 235 246 264 aut
258 228 319 274 lapidi,
326 229 356 264 vel
368 240 475 274 procuruus,
483 230 572 265 accubuit.
595 230 648 265 Luna
655 241 700 266 vero
708 230 786 272 lucente,
794 240 823 264 as-

121 289 195 326 sumpta
203 283 262 317 securi
271 284 320 316 foras
328 283 425 326 egrediens
433 283 520 325 operibus
531 284 632 325 insistebat,
641 289 659 317 et
669 283 742 326 sompni
750 289 824 325 torpore

121 346 205 377 excusso,
220 334 327 380 regrediens
342 333 454 369 orationibus
469 336 549 371 vacabat.
579 336 696 371 Orationibus
715 337 824 381 plerumque

121 395 159 423 tota
168 389 198 422 die
210 395 229 423 et
239 395 292 423 nocte
304 389 384 423 curuatis
395 390 472 433 genibus
483 390 610 433 incumbebat;
625 390 684 424 ocium
695 400 768 424 summo
779 389 823 423 vita-

104 443 156 485 ibat,
168 442 245 476 orationi
254 443 283 476 vel
295 442 408 476 meditationi
419 453 494 486 semper
505 443 592 477 intentus.
615 443 688 484 Hieme,
698 443 740 487 gelu
752 448 770 476 et
781 442 824 476 niue

122 495 198 540 rigente,
210 497 259 529 nudo
271 506 348 539 corpore
360 495 430 530 flumen
444 495 544 540 ingressus,
556 501 593 531 tota
607 501 660 531 nocte
674 496 749 531 domino
761 495 824 530 uiuam

122 549 203 594 seipsum
212 548 290 583 hostiam
298 548 408 583 immolabat.
439 549 509 591 Quodsi
516 560 563 594 aqua
572 555 621 584 esset
632 551 713 594 desuper
723 550 823 594 congelata,

122 602 195 636 excisa²
203 607 264 635 tamen
272 602 331 646 glacie
338 607 376 636 tota
387 608 441 636 nocte
448 603 478 636 vel
490 603 564 637 dimidia
573 603 592 637 in
602 604 633 637 illa
641 604 757 647 perdurabat.
781 603 823 636 Hoc

122 655 183 689 enim³
195 666 241 699 opus
248 660 325 699 propter
331 655 435 699 pluuiarum
447 661 478 689 aut
487 655 556 690 niuium
567 657 700 691 abundanciam
709 667 746 690 non
757 656 823 690 omisit.

96 708 236 749 ¹0Mult0ciens,
248 709 321 751 quaudo
334 719 368 751 per
383 719 467 742 mensem
482 708 554 753 frigoris
570 710 647 743 durabat
662 709 756 752 asperitas,
771 708 821 742 omni

122 767 175 796 nocte
183 772 202 796 se
211 761 275 795 mersit
282 760 301 795 in
313 760 370 805 aquis,
379 767 397 795 et
407 761 432 795 ibi
443 772 501 806 vsque
512 763 535 796 ad
547 762 663 797 rutilantem⁴
673 762 722 796 stetit
733 773 825 796 auroram.

122 815 199 857 Quando
207 825 274 859 corpus
282 819 339 849 totum
347 825 381 859 pre
389 814 483 849 nimietate
492 814 564 860 frigoris
576 815 654 861 diriguit,
663 821 681 851 et
689 815 730 861 ipse
738 815 823 850 dentibus

122 869 190 902 collisis
202 868 306 910 infrenduit,
317 874 360 902 tunc
372 869 454 903 dicebat:
473 869 521 904 ‘Ista
532 869 618 904 videntur
630 869 709 910 horrida,
721 870 754 903 sed
766 869 823 902 multo

123 923 181 966 magis
189 921 275 955 horridus
283 927 311 955 est
319 920 386 955 inferni
394 922 495 956 cruciatus!
541 915 591 958 Cum
602 928 662 957 autem
674 928 731 957 staret
738 922 757 956 in
766 922 823 966 aquis,

96 985 114 1015 15
123 975 207 1020 apparuit
219 975 235 1009 ei
247 975 335 1016 diabolus,
347 986 379 1009 ore
390 975 500 1019 igniuomus,
512 976 588 1011 asininis
600 976 691 1017 dentibus,
703 976 760 1010 oculis
772 976 824 1019 quasi

122 1029 177 1062 vnius
187 1028 247 1069 cubiti,
256 1028 331 1061 aduncis
341 1027 425 1071 pedibus,
433 1032 452 1062 et
462 1029 587 1062 membrorum
599 1028 719 1063 vniuersitate
731 1027 825 1062 distortus.

123 1082 206 1126 Cumque
219 1080 237 1116 in
253 1092 295 1115 eum
311 1086 384 1125 pararet
399 1081 474 1123 irruere,
489 1081 517 1116 vir
529 1081 559 1116 dei
573 1081 646 1126 signum
659 1081 718 1116 crucis
733 1081 825 1126 opposuit,

123 1135 196 1170 dicens:
210 1134 310 1168 ‘Dominus
316 1134 371 1167 michi
377 1134 448 1168 adiutor
456 1140 489 1176 est,
496 1140 515 1169 et
523 1146 556 1178 ego
563 1135 662 1179 despiciam
669 1135 752 1169 inimicos
760 1136 824 1168 meos)

123 1188 146 1222 Et
154 1187 180 1223 sic
188 1187 264 1231 pestifer
271 1187 301 1221 ille
307 1186 393 1222 confusus
402 1187 496 1228 abscessit,
503 1193 521 1222 et
527 1189 637 1223 vestimenta
644 1199 680 1233 que
686 1188 714 1223 vir
720 1188 749 1222 dei
757 1188 776 1222 in
785 1188 824 1231 ripa

96 1252 115 1272 20
123 1242 226 1286 reliquerat,
241 1240 347 1285 asportauit.
374 1241 427 1283 Quod
443 1241 533 1276 Godricus
548 1243 652 1283 aduertens,
668 1242 728 1286 ipsum
745 1243 824 1276 clamore

122 1295 240 1339 compescuit.
263 1295 296 1328 llle
304 1305 353 1334 vero,
360 1294 432 1336 timeus
441 1295 460 1328 in
468 1295 508 1328 loco
520 1306 553 1328 suo
564 1300 629 1329 cuncta
640 1295 722 1338 reposuit
730 1300 748 1329 et
756 1294 824 1338 effugit.

124 1341 227 1382 Residente
235 1348 257 1381 ad
266 1348 326 1381 focum
334 1346 373 1381 viro
381 1346 416 1388 dei,
424 1346 483 1380 subito
492 1348 544 1391 quasi
552 1358 618 1381 manus
629 1348 697 1382 emissa
707 1352 745 1381 tam
753 1348 825 1381 sortiter

122 1412 165 1435 eum
177 1400 314 1443 collaphizando
327 1400 423 1442 percussit,
435 1400 484 1443 quod
497 1411 545 1443 pene
557 1399 624 1434 corruit
637 1411 707 1443 pronus
720 1400 739 1434 in
751 1406 825 1434 terram.

123 1454 156 1488 Vir
163 1458 225 1487 autem
236 1452 266 1488 dei
278 1452 313 1488 ait:
326 1453 377 1487 ‘Deo
389 1453 462 1496 gratias
471 1452 502 1496 qui
513 1453 569 1487 michi
579 1453 634 1487 talem
645 1453 707 1487 tribuit
719 1458 824 1488 exactorem

96 1519 114 1548 ²5
123 1509 154 1552 qui
166 1518 259 1551 nunquam
271 1507 339 1551 patitur
350 1506 414 1540 ociari,¹
443 1506 487 1540 Mox
499 1507 597 1541 oratorium
610 1506 705 1551 ingressus
717 1517 788 1541 moram
800 1505 824 1541 ibi

122 1561 170 1602 fecit,
185 1561 244 1594 donec
259 1560 359 1603 malignum
375 1559 483 1594 discessisse
501 1559 590 1603 cognouit.
620 1560 666 1594 Cum
681 1571 725 1594 vero
740 1560 766 1595 sic
782 1570 824 1594 eum

123 1619 221 1658 temptator
240 1624 328 1657 superare
347 1624 385 1647 non
403 1617 471 1657 posset,
487 1612 548 1656 ipsum
562 1613 668 1647 vehementi
683 1612 764 1647 libidinis
782 1612 824 1658 igne

68 1690 70 1693 -
123 1667 222 1703 succendit.
250 1666 291 1701 Hoc
310 1666 341 1701 ilie
360 1666 482 1711 persentiens,
497 1665 564 1710 vigiliis
583 1667 696 1711 longioribus
716 1672 734 1700 et
752 1667 825 1701 ieiuniis

123 1732 190 1765 corpus
199 1720 284 1760 edomuit,
292 1720 317 1754 ita
326 1725 345 1753 vt
356 1725 434 1763 quatuor
444 1724 508 1753 noctes
520 1719 614 1753 continuas
626 1721 701 1753 duceret
711 1719 825 1762 insompnes,

96 1785 115 1813 50
124 1779 142 1807 et
153 1783 188 1817 per
199 1772 288 1815 integram
300 1772 422 1815 septimanam
434 1771 495 1805 cibum
509 1771 583 1805 omnino
599 1782 636 1805 non
648 1777 741 1815 sumeret3
758 1783 825 1817 corpus

123 1827 178 1861 etiam
196 1827 282 1869 vepribus
300 1826 387 1869 ingerens
405 1827 451 1859 adeo
469 1826 577 1868 cruentant,
592 1829 611 1860 vt
628 1825 768 1870 sauguinolenta
785 1825 825 1860 eius

123 1879 200 1924 vestigia
211 1884 332 1923 apparerent;
347 1884 365 1912 et
378 1879 482 1913 huiusmodi
497 1878 627 1923 temptationes
638 1889 672 1922 per
683 1879 752 1922 aliquot
767 1890 826 1913 annos

123 1944 165 1968 cum
184 1931 235 1976 graui
254 1932 359 1966 difficultate
378 1931 470 1974 sustinuit,
485 1937 503 1966 et
521 1932 553 1966 vix
572 1937 613 1976 post
629 1931 748 1976 quadraginta
767 1943 826 1967 annos

124 1988 168 2021 illud
179 1986 285 2020 incendium
296 1996 372 2029 prorsus
382 1985 483 2019 extinctum
495 1985 532 2019 suit.
556 1985 629 2019 Dolium
641 1996 713 2028 quoque
725 1985 744 2019 in
756 1985 827 2029 capella

96 2041 177 2074 35beate
193 2038 251 2072 Marie
266 2044 315 2071 terre
333 2036 384 2071 εοΙο5
402 2037 466 2071 infodit
483 2042 500 2071 et
515 2049 562 2082 aqua
580 2037 668 2081 impleuit,
684 2036 714 2072 vbi
729 2048 788 2083 vsque
803 2039 826 2072 ad

124 2097 206 2127 mentum
222 2091 267 2125 hora
281 2090 405 2135 temptationis
417 2103 438 2125 se
449 2091 545 2134 immersit,
558 2097 576 2125 et
587 2091 678 2125 feruorem
692 2091 759 2135 frigore
772 2102 826 2136 supe-

124 2146 175 2181 rauit.
221 2138 261 2179 Die
276 2145 360 2188 quadam,
376 2154 417 2177 cum
433 2145 478 2178 hora
492 2144 599 2188 vespertina
615 2144 697 2187 psalmos
716 2145 826 2186 decantaret,

124 2199 207 2233 diabolus
219 2198 269 2238 foris,
281 2197 361 2231 illudens
373 2196 395 2239 ei,
408 2202 481 2231 cantare
495 2197 547 2240 cepit,
562 2201 580 2230 et
593 2196 649 2231 dixit:
663 2197 689 2230 ‘O
703 2196 775 2239 rustice,
788 2202 825 2231 tam

124 2253 172 2286 bene
183 2250 226 2284 noui
234 2261 268 2294 ego
277 2250 356 2294 psallere
368 2250 414 2284 sicut
424 2255 442 2283 et
453 2250 483 2284 tu!
528 2242 579 2284 Cum
591 2249 649 2284 semel
659 2249 739 2284 curuatis
749 2250 827 2294 genibus

96 2318 116 2346 4⁰
125 2310 190 2347 oraret,
198 2303 293 2346 ingressus
302 2302 401 2337 oratorium
412 2302 497 2336 iuimicus
509 2303 608 2337 conabatur
615 2314 658 2337 eum
667 2313 678 2336 a
689 2303 784 2347 proposito
792 2303 827 2336 im-

125 2357 193 2400 pedire.
217 2356 259 2399 Ipse
267 2367 316 2397 vero,
325 2367 362 2389 non
373 2355 453 2396 territus,
463 2355 513 2388 illum
523 2356 569 2388 adeo
579 2355 695 2399 contempsit,
704 2356 752 2398 quod
761 2366 827 2389 versus

126 2421 168 2445 eum
179 2420 212 2443 nec
224 2409 286 2443 oculos
297 2408 411 2443 deflectebat.
435 2408 541 2451 indignatus
549 2408 608 2452 igitur,
616 2408 698 2452 pixidem
710 2419 746 2452 que
757 2408 826 2443 hostias

126 2463 231 2498 continebat
246 2462 321 2506 proiecit
335 2461 353 2496 in
369 2472 416 2496 eum.
440 2460 463 2495 Et
479 2461 533 2495 euml
548 2461 609 2496 adhuc
625 2461 712 2495 immotus
729 2472 771 2496 eum
789 2473 826 2496 non

145 2532 272 2563 ¹T,E‚acliuis.
320 2530 428 2562 2Εοκοίεεὲῑ,
470 2532 570 2562 lahantem.
614 2530 755 2562 ⁴E.rutulantcm.
796 2531 826 2562 5Τ,

127 2574 144 2603 E.
152 2574 202 2602 solus.
247 2572 318 2602 “omin
326 2572 343 2603 T.
