<?xml version="1.0" encoding="UTF-8"?>
<!DOCTYPE html PUBLIC "-//W3C//DTD XHTML 1.0 Transitional//EN"
    "http://www.w3.org/TR/xhtml1/DTD/xhtml1-transitional.dtd">
<html xmlns="http://www.w3.org/1999/xhtml" xml:lang="en" lang="en">
 <head>
  <title>
</title>
<meta http-equiv="Content-Type" content="text/html;charset=utf-8" />
  <meta name='ocr-system' content='tesseract 3.04.00' />
  <meta name='ocr-capabilities' content='ocr_page ocr_carea ocr_par ocr_line ocrx_word'/>
</head>
<body>
  <div class='ocr_page' id='page_1' title='image "./MN5111ucmf_0/MN5111ucmf_0_0587.png"; bbox 0 0 1762 2803; ppageno 0'>
   <div class='ocr_carea' id='block_1_1' title="bbox 228 79 752 142">
    <p class='ocr_par' dir='ltr' id='par_1_1' title="bbox 228 79 752 142">
     <span class='ocr_line' id='line_1_1' title="bbox 228 79 752 142; baseline 0.004 -2"><span class='ocrx_word' id='word_1_1' title='bbox 228 83 274 140; x_wconf 56' lang='lat' dir='ltr'>wo</span> <span class='ocrx_word' id='word_1_2' title='bbox 289 79 376 136; x_wconf 56' lang='lat' dir='ltr'>&amp;ouo</span> <span class='ocrx_word' id='word_1_3' title='bbox 391 81 446 139; x_wconf 60' lang='lat' dir='ltr'>ott</span> <span class='ocrx_word' id='word_1_4' title='bbox 462 82 574 135; x_wconf 80' lang='lat' dir='ltr'>onorico.</span> <span class='ocrx_word' id='word_1_5' title='bbox 707 96 752 142; x_wconf 81' lang='lat'>497</span> 
     </span>
    </p>
   </div>
   <div class='ocr_carea' id='block_1_2' title="bbox 41 204 789 2612">
    <p class='ocr_par' dir='ltr' id='par_1_2' title="bbox 51 204 787 1933">
     <span class='ocr_line' id='line_1_2' title="bbox 51 204 753 250; baseline 0.003 -12"><span class='ocrx_word' id='word_1_6' title='bbox 51 204 130 246; x_wconf 87' lang='lat' dir='ltr'>domine,</span> <span class='ocrx_word' id='word_1_7' title='bbox 138 205 237 240; x_wconf 81' lang='lat' dir='ltr'>miserere!</span> <span class='ocrx_word' id='word_1_8' title='bbox 250 207 337 250; x_wconf 82' lang='lat' dir='ltr'>quamdiu</span> <span class='ocrx_word' id='word_1_9' title='bbox 347 206 366 240; x_wconf 90' lang='lat' dir='ltr'>in</span> <span class='ocrx_word' id='word_1_10' title='bbox 375 206 410 241; x_wconf 93' lang='lat' dir='ltr'>ista</span> <span class='ocrx_word' id='word_1_11' title='bbox 421 206 522 241; x_wconf 81' lang='lat' dir='ltr'>calamitate</span> <span class='ocrx_word' id='word_1_12' title='bbox 532 206 606 241; x_wconf 89' lang='lat' dir='ltr'>relictus</span> <span class='ocrx_word' id='word_1_13' title='bbox 616 217 627 240; x_wconf 87' lang='lat' dir='ltr'>a</span> <span class='ocrx_word' id='word_1_14' title='bbox 636 211 686 241; x_wconf 88' lang='lat' dir='ltr'>tanta</span> <span class='ocrx_word' id='word_1_15' title='bbox 696 206 753 250; x_wconf 81' lang='lat' dir='ltr'>gloria</span> 
     </span>
     <span class='ocr_line' id='line_1_3' title="bbox 51 258 753 303; baseline 0.001 -11"><span class='ocrx_word' id='word_1_16' title='bbox 51 259 173 300; x_wconf 80' lang='lat' dir='ltr'>separabori&#39;</span> <span class='ocrx_word' id='word_1_17' title='bbox 195 259 254 293; x_wconf 90' lang='lat' dir='ltr'>Tanta</span> <span class='ocrx_word' id='word_1_18' title='bbox 265 259 340 302; x_wconf 90' lang='lat' dir='ltr'>quidem</span> <span class='ocrx_word' id='word_1_19' title='bbox 352 259 385 294; x_wconf 89' lang='lat' dir='ltr'>suit</span> <span class='ocrx_word' id='word_1_20' title='bbox 392 259 508 294; x_wconf 82' lang='lat' dir='ltr'><strong>vehementia</strong></span> <span class='ocrx_word' id='word_1_21' title='bbox 518 259 664 303; x_wconf 85' lang='lat' dir='ltr'>compunctionis</span> <span class='ocrx_word' id='word_1_22' title='bbox 672 258 725 301; x_wconf 90' lang='lat' dir='ltr'>illius,</span> <span class='ocrx_word' id='word_1_23' title='bbox 733 265 753 293; x_wconf 91' lang='lat' dir='ltr'>vt</span> 
     </span>
     <span class='ocr_line' id='line_1_4' title="bbox 52 305 753 355; baseline 0.006 -13"><span class='ocrx_word' id='word_1_24' title='bbox 52 309 98 343; x_wconf 89' lang='lat' dir='ltr'>vltra</span> <span class='ocrx_word' id='word_1_25' title='bbox 106 310 156 344; x_wconf 80' lang='lat' dir='ltr'>effari</span> <span class='ocrx_word' id='word_1_26' title='bbox 165 322 202 344; x_wconf 91' lang='lat' dir='ltr'>non</span> <span class='ocrx_word' id='word_1_27' title='bbox 210 316 279 355; x_wconf 86' lang='lat' dir='ltr'>posset.</span> <span class='ocrx_word' id='word_1_28' title='bbox 329 305 437 345; x_wconf 79' lang='lat' dir='ltr'>Monachus</span> <span class='ocrx_word' id='word_1_29' title='bbox 445 310 518 354; x_wconf 84' lang='lat' dir='ltr'>quidam</span> <span class='ocrx_word' id='word_1_30' title='bbox 527 322 537 345; x_wconf 91' lang='lat' dir='ltr'>a</span> <span class='ocrx_word' id='word_1_31' title='bbox 545 317 608 346; x_wconf 89' lang='lat' dir='ltr'>sancto</span> <span class='ocrx_word' id='word_1_32' title='bbox 616 311 688 346; x_wconf 84' lang='lat' dir='ltr'>Thoma</span> <span class='ocrx_word' id='word_1_33' title='bbox 695 311 753 346; x_wconf 82' lang='lat' dir='ltr'>urchi·</span> 
     </span>
     <span class='ocr_line' id='line_1_5' title="bbox 52 363 753 407; baseline 0.001 -11"><span class='ocrx_word' id='word_1_34' title='bbox 52 364 139 407; x_wconf 89' lang='lat' dir='ltr'>episcopo</span> <span class='ocrx_word' id='word_1_35' title='bbox 147 365 170 397; x_wconf 92' lang='lat' dir='ltr'>ad</span> <span class='ocrx_word' id='word_1_36' title='bbox 179 363 277 397; x_wconf 85' lang='lat' dir='ltr'>Godricum</span> <span class='ocrx_word' id='word_1_37' title='bbox 285 363 358 407; x_wconf 87' lang='lat' dir='ltr'>missus,</span> <span class='ocrx_word' id='word_1_38' title='bbox 366 364 424 398; x_wconf 85' lang='lat' dir='ltr'>dixit:</span> <span class='ocrx_word' id='word_1_39' title='bbox 436 364 511 406; x_wconf 62' lang='lat' dir='ltr'>‘Quare</span> <span class='ocrx_word' id='word_1_40' title='bbox 520 364 598 406; x_wconf 90' lang='lat' dir='ltr'>domine,</span> <span class='ocrx_word' id='word_1_41' title='bbox 607 363 696 398; x_wconf 83' lang='lat' dir='ltr'>dissentio</span> <span class='ocrx_word' id='word_1_42' title='bbox 703 363 753 407; x_wconf 88' lang='lat' dir='ltr'>regis</span> 
     </span>
     <span class='ocr_line' id='line_1_6' title="bbox 52 415 770 461; baseline 0.003 -12"><span class='ocrx_word' id='word_1_43' title='bbox 52 420 70 449; x_wconf 92' lang='lat' dir='ltr'>et</span> <span class='ocrx_word' id='word_1_44' title='bbox 89 415 158 450; x_wconf 87' lang='lat' dir='ltr'>domini</span> <span class='ocrx_word' id='word_1_45' title='bbox 176 416 311 450; x_wconf 82' lang='lat' dir='ltr'>cantuariensis</span> <span class='ocrx_word' id='word_1_46' title='bbox 327 421 353 450; x_wconf 91' lang='lat' dir='ltr'>tot</span> <span class='ocrx_word' id='word_1_47' title='bbox 368 416 423 450; x_wconf 91' lang='lat' dir='ltr'>annis</span> <span class='ocrx_word' id='word_1_48' title='bbox 439 416 490 451; x_wconf 89' lang='lat' dir='ltr'>nulla</span> <span class='ocrx_word' id='word_1_49' title='bbox 507 417 639 461; x_wconf 86' lang='lat' dir='ltr'>compositione</span> <span class='ocrx_word' id='word_1_50' title='bbox 658 417 770 461; x_wconf 82' lang='lat' dir='ltr'>sopituri’5</span> 
     </span>
     <span class='ocr_line' id='line_1_7' title="bbox 52 468 753 513; baseline 0.003 -12"><span class='ocrx_word' id='word_1_51' title='bbox 52 468 110 510; x_wconf 79' lang='lat' dir='ltr'>‘Quia</span> <span class='ocrx_word' id='word_1_52' title='bbox 120 473 197 513; x_wconf 86' lang='lat' dir='ltr'>vterque</span> <span class='ocrx_word' id='word_1_53' title='bbox 208 468 287 511; x_wconf 91' lang='lat' dir='ltr'>illorum,</span> <span class='ocrx_word' id='word_1_54' title='bbox 298 468 358 513; x_wconf 89' lang='lat' dir='ltr'>inquit</span> <span class='ocrx_word' id='word_1_55' title='bbox 369 469 464 511; x_wconf 86' lang='lat' dir='ltr'>Godricus,</span> <span class='ocrx_word' id='word_1_56' title='bbox 475 469 494 503; x_wconf 91' lang='lat' dir='ltr'>in</span> <span class='ocrx_word' id='word_1_57' title='bbox 506 469 560 505; x_wconf 90' lang='lat' dir='ltr'>huius</span> <span class='ocrx_word' id='word_1_58' title='bbox 572 469 646 504; x_wconf 89' lang='lat' dir='ltr'>honoris</span> <span class='ocrx_word' id='word_1_59' title='bbox 657 471 753 504; x_wconf 84' lang='lat' dir='ltr'>collatione</span> 
     </span>
     <span class='ocr_line' id='line_1_8' title="bbox 52 521 753 566; baseline 0.004 -12"><span class='ocrx_word' id='word_1_60' title='bbox 52 521 139 563; x_wconf 88' lang='lat' dir='ltr'>peccauit,</span> <span class='ocrx_word' id='word_1_61' title='bbox 148 521 210 555; x_wconf 87' lang='lat' dir='ltr'>diuina</span> <span class='ocrx_word' id='word_1_62' title='bbox 218 521 307 555; x_wconf 89' lang='lat' dir='ltr'>seueritas</span> <span class='ocrx_word' id='word_1_63' title='bbox 318 527 415 565; x_wconf 83' lang='lat' dir='ltr'>utrumque</span> <span class='ocrx_word' id='word_1_64' title='bbox 426 522 535 566; x_wconf 83' lang='lat' dir='ltr'>flagellando</span> <span class='ocrx_word' id='word_1_65' title='bbox 545 523 624 566; x_wconf 76' lang='lat' dir='ltr'>castigat,</span> <span class='ocrx_word' id='word_1_66' title='bbox 647 522 700 558; x_wconf 81' lang='lat' dir='ltr'>Elicit</span> <span class='ocrx_word' id='word_1_67' title='bbox 709 534 753 559; x_wconf 88' lang='lat' dir='ltr'>vero</span> 
     </span>
     <span class='ocr_line' id='line_1_9' title="bbox 52 573 753 621; baseline 0.003 -13"><span class='ocrx_word' id='word_1_68' title='bbox 52 574 99 608; x_wconf 92' lang='lat' dir='ltr'>deus</span> <span class='ocrx_word' id='word_1_69' title='bbox 107 574 217 619; x_wconf 89' lang='lat' dir='ltr'>plerumque</span> <span class='ocrx_word' id='word_1_70' title='bbox 225 574 248 609; x_wconf 89' lang='lat' dir='ltr'>de</span> <span class='ocrx_word' id='word_1_71' title='bbox 256 573 310 609; x_wconf 88' lang='lat' dir='ltr'>malis</span> <span class='ocrx_word' id='word_1_72' title='bbox 318 575 371 616; x_wconf 88' lang='lat' dir='ltr'>bona,</span> <span class='ocrx_word' id='word_1_73' title='bbox 379 579 398 609; x_wconf 89' lang='lat' dir='ltr'>et</span> <span class='ocrx_word' id='word_1_74' title='bbox 406 585 441 619; x_wconf 92' lang='lat' dir='ltr'>que</span> <span class='ocrx_word' id='word_1_75' title='bbox 452 575 500 609; x_wconf 85' lang='lat' dir='ltr'>malo</span> <span class='ocrx_word' id='word_1_76' title='bbox 510 580 553 609; x_wconf 90' lang='lat' dir='ltr'>sunt</span> <span class='ocrx_word' id='word_1_77' title='bbox 563 575 647 610; x_wconf 88' lang='lat' dir='ltr'>inchoata</span> <span class='ocrx_word' id='word_1_78' title='bbox 657 576 753 621; x_wconf 90' lang='lat' dir='ltr'>principio,</span> 
     </span>
     <span class='ocr_line' id='line_1_10' title="bbox 53 626 753 672; baseline 0.007 -13"><span class='ocrx_word' id='word_1_79' title='bbox 53 626 101 660; x_wconf 90' lang='lat' dir='ltr'>bono</span> <span class='ocrx_word' id='word_1_80' title='bbox 113 627 150 662; x_wconf 88' lang='lat' dir='ltr'>fine</span> <span class='ocrx_word' id='word_1_81' title='bbox 162 627 257 662; x_wconf 85' lang='lat' dir='ltr'>concludit.</span> <span class='ocrx_word' id='word_1_82' title='bbox 285 627 325 670; x_wconf 88' lang='lat' dir='ltr'>Dic,</span> <span class='ocrx_word' id='word_1_83' title='bbox 337 627 400 671; x_wconf 91' lang='lat' dir='ltr'>mquit,</span> <span class='ocrx_word' id='word_1_84' title='bbox 412 627 555 672; x_wconf 87' lang='lat' dir='ltr'>archiepiscopo,</span> <span class='ocrx_word' id='word_1_85' title='bbox 566 639 590 663; x_wconf 90' lang='lat' dir='ltr'>ne</span> <span class='ocrx_word' id='word_1_86' title='bbox 605 630 660 663; x_wconf 90' lang='lat' dir='ltr'>nimis</span> <span class='ocrx_word' id='word_1_87' title='bbox 676 629 753 664; x_wconf 84' lang='lat' dir='ltr'>moleste</span> 
     </span>
     <span class='ocr_line' id='line_1_11' title="bbox 53 679 781 725; baseline 0.005 -13"><span class='ocrx_word' id='word_1_88' title='bbox 53 679 99 712; x_wconf 84' lang='lat' dir='ltr'>serat</span> <span class='ocrx_word' id='word_1_89' title='bbox 110 679 126 713; x_wconf 91' lang='lat' dir='ltr'>si</span> <span class='ocrx_word' id='word_1_90' title='bbox 137 681 160 713; x_wconf 91' lang='lat' dir='ltr'>ad</span> <span class='ocrx_word' id='word_1_91' title='bbox 170 685 244 723; x_wconf 90' lang='lat' dir='ltr'>tempus</span> <span class='ocrx_word' id='word_1_92' title='bbox 256 680 329 713; x_wconf 89' lang='lat' dir='ltr'>duriora</span> <span class='ocrx_word' id='word_1_93' title='bbox 338 680 438 714; x_wconf 79' lang='lat' dir='ltr'>sustineat:</span> <span class='ocrx_word' id='word_1_94' title='bbox 450 691 493 714; x_wconf 90' lang='lat' dir='ltr'>nam</span> <span class='ocrx_word' id='word_1_95' title='bbox 504 685 554 714; x_wconf 89' lang='lat' dir='ltr'>tanto</span> <span class='ocrx_word' id='word_1_96' title='bbox 566 681 599 715; x_wconf 88' lang='lat' dir='ltr'>erit</span> <span class='ocrx_word' id='word_1_97' title='bbox 610 692 677 715; x_wconf 88' lang='lat' dir='ltr'>corona</span> <span class='ocrx_word' id='word_1_98' title='bbox 688 682 753 725; x_wconf 85' lang='lat' dir='ltr'>glorio-</span> <span class='ocrx_word' id='word_1_99' title='bbox 763 694 781 715; x_wconf 85' lang='lat' dir='ltr'>ro</span> 
     </span>
     <span class='ocr_line' id='line_1_12' title="bbox 53 730 753 777; baseline 0 -10"><span class='ocrx_word' id='word_1_100' title='bbox 53 730 95 774; x_wconf 80' lang='lat' dir='ltr'>sior,</span> <span class='ocrx_word' id='word_1_101' title='bbox 104 738 171 776; x_wconf 89' lang='lat' dir='ltr'>quanto</span> <span class='ocrx_word' id='word_1_102' title='bbox 182 743 231 777; x_wconf 88' lang='lat' dir='ltr'>pena</span> <span class='ocrx_word' id='word_1_103' title='bbox 241 732 295 766; x_wconf 86' lang='lat' dir='ltr'>suerit</span> <span class='ocrx_word' id='word_1_104' title='bbox 304 732 398 776; x_wconf 86' lang='lat' dir='ltr'>prolixior.</span> <span class='ocrx_word' id='word_1_105' title='bbox 421 731 471 765; x_wconf 91' lang='lat' dir='ltr'>Insra</span> <span class='ocrx_word' id='word_1_106' title='bbox 482 743 516 765; x_wconf 85' lang='lat' dir='ltr'>sex</span> <span class='ocrx_word' id='word_1_107' title='bbox 528 743 594 775; x_wconf 84' lang='lat' dir='ltr'>nempe</span> <span class='ocrx_word' id='word_1_108' title='bbox 606 743 679 767; x_wconf 90' lang='lat' dir='ltr'>menses</span> <span class='ocrx_word' id='word_1_109' title='bbox 688 734 753 768; x_wconf 87' lang='lat' dir='ltr'>verbo-</span> 
     </span>
     <span class='ocr_line' id='line_1_13' title="bbox 53 784 754 829; baseline 0.003 -10"><span class='ocrx_word' id='word_1_110' title='bbox 53 788 107 820; x_wconf 86' lang='lat' dir='ltr'>tenus</span> <span class='ocrx_word' id='word_1_111' title='bbox 119 784 269 826; x_wconf 80' lang='lat' dir='ltr'>reconciliabitur,</span> <span class='ocrx_word' id='word_1_112' title='bbox 281 785 315 819; x_wconf 92' lang='lat' dir='ltr'>sed</span> <span class='ocrx_word' id='word_1_113' title='bbox 327 785 417 820; x_wconf 87' lang='lat' dir='ltr'>Godricus</span> <span class='ocrx_word' id='word_1_114' title='bbox 430 790 473 819; x_wconf 92' lang='lat' dir='ltr'>tunc</span> <span class='ocrx_word' id='word_1_115' title='bbox 486 795 522 819; x_wconf 88' lang='lat' dir='ltr'>non</span> <span class='ocrx_word' id='word_1_116' title='bbox 536 785 569 819; x_wconf 88' lang='lat' dir='ltr'>en&#39;t</span> <span class='ocrx_word' id='word_1_117' title='bbox 582 786 600 819; x_wconf 92' lang='lat' dir='ltr'>in</span> <span class='ocrx_word' id='word_1_118' title='bbox 614 786 662 829; x_wconf 87' lang='lat' dir='ltr'>vita;</span> <span class='ocrx_word' id='word_1_119' title='bbox 678 792 695 820; x_wconf 88' lang='lat' dir='ltr'>et</span> <span class='ocrx_word' id='word_1_120' title='bbox 707 787 754 821; x_wconf 84' lang='lat' dir='ltr'>inira</span> 
     </span>
     <span class='ocr_line' id='line_1_14' title="bbox 54 836 754 883; baseline 0.006 -13"><span class='ocrx_word' id='word_1_121' title='bbox 54 847 123 872; x_wconf 89' lang='lat' dir='ltr'>nonum</span> <span class='ocrx_word' id='word_1_122' title='bbox 138 848 228 880; x_wconf 87' lang='lat' dir='ltr'>mensem,</span> <span class='ocrx_word' id='word_1_123' title='bbox 244 836 309 872; x_wconf 86' lang='lat' dir='ltr'>ablatis</span> <span class='ocrx_word' id='word_1_124' title='bbox 326 836 412 872; x_wconf 88' lang='lat' dir='ltr'>omnibus</span> <span class='ocrx_word' id='word_1_125' title='bbox 430 836 524 879; x_wconf 89' lang='lat' dir='ltr'>restitutis,</span> <span class='ocrx_word' id='word_1_126' title='bbox 539 837 561 871; x_wconf 91' lang='lat' dir='ltr'>ad</span> <span class='ocrx_word' id='word_1_127' title='bbox 577 848 642 882; x_wconf 88' lang='lat' dir='ltr'>sepem</span> <span class='ocrx_word' id='word_1_128' title='bbox 660 839 754 883; x_wconf 84' lang='lat' dir='ltr'>propriam</span> 
     </span>
     <span class='ocr_line' id='line_1_15' title="bbox 54 890 755 934; baseline 0.001 -9"><span class='ocrx_word' id='word_1_129' title='bbox 54 890 148 925; x_wconf 88' lang='lat' dir='ltr'>remeabit.</span> <span class='ocrx_word' id='word_1_130' title='bbox 172 890 200 924; x_wconf 92' lang='lat' dir='ltr'>lbi</span> <span class='ocrx_word' id='word_1_131' title='bbox 214 891 271 925; x_wconf 89' lang='lat' dir='ltr'>finem</span> <span class='ocrx_word' id='word_1_132' title='bbox 286 890 341 924; x_wconf 89' lang='lat' dir='ltr'>totius</span> <span class='ocrx_word' id='word_1_133' title='bbox 356 890 425 934; x_wconf 85' lang='lat' dir='ltr'>negotii</span> <span class='ocrx_word' id='word_1_134' title='bbox 440 890 529 924; x_wconf 91' lang='lat' dir='ltr'>sorcietur</span> <span class='ocrx_word' id='word_1_135' title='bbox 543 891 566 924; x_wconf 89' lang='lat' dir='ltr'>ad</span> <span class='ocrx_word' id='word_1_136' title='bbox 581 891 671 925; x_wconf 88' lang='lat' dir='ltr'>honorem</span> <span class='ocrx_word' id='word_1_137' title='bbox 686 892 721 933; x_wconf 92' lang='lat' dir='ltr'>dei,</span> <span class='ocrx_word' id='word_1_138' title='bbox 736 898 755 926; x_wconf 87' lang='lat' dir='ltr'>et</span> 
     </span>
     <span class='ocr_line' id='line_1_16' title="bbox 54 937 782 985; baseline 0.003 -10"><span class='ocrx_word' id='word_1_139' title='bbox 54 941 132 975; x_wconf 90' lang='lat' dir='ltr'>salutem</span> <span class='ocrx_word' id='word_1_140' title='bbox 142 942 176 984; x_wconf 87' lang='lat' dir='ltr'>sui,</span> <span class='ocrx_word' id='word_1_141' title='bbox 184 942 365 985; x_wconf 89' lang='lat' dir='ltr'>consolationemque</span> <span class='ocrx_word' id='word_1_142' title='bbox 375 942 480 976; x_wconf 88' lang='lat' dir='ltr'>multorum.</span> <span class='ocrx_word' id='word_1_143' title='bbox 503 937 544 976; x_wconf 85' lang='lat' dir='ltr'>Hec</span> <span class='ocrx_word' id='word_1_144' title='bbox 555 948 616 977; x_wconf 91' lang='lat' dir='ltr'>autem</span> <span class='ocrx_word' id='word_1_145' title='bbox 626 944 683 977; x_wconf 86' lang='lat' dir='ltr'>verba</span> <span class='ocrx_word' id='word_1_146' title='bbox 693 944 755 977; x_wconf 84' lang='lat' dir='ltr'>nouis·</span> <span class='ocrx_word' id='word_1_147' title='bbox 764 955 782 985; x_wconf 86' lang='lat'>15</span> 
     </span>
     <span class='ocr_line' id='line_1_17' title="bbox 54 988 756 1039; baseline 0.004 -11"><span class='ocrx_word' id='word_1_148' title='bbox 54 994 101 1029; x_wconf 89' lang='lat' dir='ltr'>sima</span> <span class='ocrx_word' id='word_1_149' title='bbox 112 1001 130 1029; x_wconf 90' lang='lat' dir='ltr'>et</span> <span class='ocrx_word' id='word_1_150' title='bbox 142 1006 204 1030; x_wconf 89' lang='lat' dir='ltr'>eorum</span> <span class='ocrx_word' id='word_1_151' title='bbox 215 996 316 1030; x_wconf 89' lang='lat' dir='ltr'>archanum</span> <span class='ocrx_word' id='word_1_152' title='bbox 325 995 475 1039; x_wconf 87' lang='lat' dir='ltr'>archiepiscopus</span> <span class='ocrx_word' id='word_1_153' title='bbox 484 995 531 1030; x_wconf 89' lang='lat' dir='ltr'>bene</span> <span class='ocrx_word' id='word_1_154' title='bbox 542 995 656 1039; x_wconf 65' lang='lat' dir='ltr'>perpendet!</span> <span class='ocrx_word' id='word_1_155' title='bbox 700 988 756 1031; x_wconf 82' lang='lat' dir='ltr'>Dixit</span> 
     </span>
     <span class='ocr_line' id='line_1_18' title="bbox 54 1047 756 1093; baseline 0.003 -12"><span class='ocrx_word' id='word_1_156' title='bbox 54 1053 115 1083; x_wconf 89' lang='lat' dir='ltr'>autem</span> <span class='ocrx_word' id='word_1_157' title='bbox 134 1048 224 1082; x_wconf 89' lang='lat' dir='ltr'>monacho</span> <span class='ocrx_word' id='word_1_158' title='bbox 242 1048 273 1092; x_wconf 91' lang='lat' dir='ltr'>qui</span> <span class='ocrx_word' id='word_1_159' title='bbox 292 1048 320 1082; x_wconf 86' lang='lat' dir='ltr'>ei¹</span> <span class='ocrx_word' id='word_1_160' title='bbox 335 1048 402 1083; x_wconf 86' lang='lat' dir='ltr'>missas</span> <span class='ocrx_word' id='word_1_161' title='bbox 417 1048 512 1083; x_wconf 87' lang='lat' dir='ltr'>celebrare</span> <span class='ocrx_word' id='word_1_162' title='bbox 527 1047 632 1083; x_wconf 91' lang='lat' dir='ltr'>consueuit:</span> <span class='ocrx_word' id='word_1_163' title='bbox 653 1048 707 1093; x_wconf 78' lang='lat' dir='ltr'>‘qu</span> <span class='ocrx_word' id='word_1_164' title='bbox 724 1049 756 1093; x_wconf 87' lang='lat' dir='ltr'>fili,</span> 
     </span>
     <span class='ocr_line' id='line_1_19' title="bbox 55 1100 756 1145; baseline 0.003 -12"><span class='ocrx_word' id='word_1_165' title='bbox 55 1100 131 1144; x_wconf 91' lang='lat' dir='ltr'>spiritus</span> <span class='ocrx_word' id='word_1_166' title='bbox 142 1101 235 1144; x_wconf 87' lang='lat' dir='ltr'>angelicos</span> <span class='ocrx_word' id='word_1_167' title='bbox 247 1111 292 1145; x_wconf 87' lang='lat' dir='ltr'>sepe</span> <span class='ocrx_word' id='word_1_168' title='bbox 303 1100 346 1141; x_wconf 89' lang='lat' dir='ltr'>vidi,</span> <span class='ocrx_word' id='word_1_169' title='bbox 356 1106 375 1134; x_wconf 90' lang='lat' dir='ltr'>et</span> <span class='ocrx_word' id='word_1_170' title='bbox 386 1110 427 1134; x_wconf 90' lang='lat' dir='ltr'>cum</span> <span class='ocrx_word' id='word_1_171' title='bbox 439 1100 476 1134; x_wconf 91' lang='lat' dir='ltr'>illis</span> <span class='ocrx_word' id='word_1_172' title='bbox 486 1101 543 1135; x_wconf 86' lang='lat' dir='ltr'>verba</span> <span class='ocrx_word' id='word_1_173' title='bbox 554 1100 644 1140; x_wconf 88' lang='lat' dir='ltr'>conserui,</span> <span class='ocrx_word' id='word_1_174' title='bbox 656 1106 674 1134; x_wconf 92' lang='lat' dir='ltr'>et</span> <span class='ocrx_word' id='word_1_175' title='bbox 685 1102 708 1134; x_wconf 87' lang='lat' dir='ltr'>ab</span> <span class='ocrx_word' id='word_1_176' title='bbox 719 1101 756 1136; x_wconf 91' lang='lat' dir='ltr'>illis</span> 
     </span>
     <span class='ocr_line' id='line_1_20' title="bbox 55 1152 755 1198; baseline 0 -9"><span class='ocrx_word' id='word_1_177' title='bbox 55 1153 161 1198; x_wconf 78' lang='lat' dir='ltr'>frequenter</span> <span class='ocrx_word' id='word_1_178' title='bbox 176 1153 270 1196; x_wconf 86' lang='lat' dir='ltr'>auxilium,</span> <span class='ocrx_word' id='word_1_179' title='bbox 281 1153 384 1196; x_wconf 91' lang='lat' dir='ltr'>consilium,</span> <span class='ocrx_word' id='word_1_180' title='bbox 395 1154 519 1196; x_wconf 87' lang='lat' dir='ltr'>solaciumque</span> <span class='ocrx_word' id='word_1_181' title='bbox 534 1152 614 1197; x_wconf 87' lang='lat' dir='ltr'>percepi.</span> <span class='ocrx_word' id='word_1_182' title='bbox 637 1153 675 1188; x_wconf 85' lang='lat' dir='ltr'>Sed</span> <span class='ocrx_word' id='word_1_183' title='bbox 690 1164 755 1189; x_wconf 90' lang='lat' dir='ltr'>eorum</span> 
     </span>
     <span class='ocr_line' id='line_1_21' title="bbox 54 1206 784 1251; baseline -0.001 -11"><span class='ocrx_word' id='word_1_184' title='bbox 54 1212 92 1240; x_wconf 88' lang='lat' dir='ltr'>tam</span> <span class='ocrx_word' id='word_1_185' title='bbox 107 1208 191 1241; x_wconf 80' lang='lat' dir='ltr'>crebram</span> <span class='ocrx_word' id='word_1_186' title='bbox 205 1207 329 1242; x_wconf 87' lang='lat' dir='ltr'>visitationem</span> <span class='ocrx_word' id='word_1_187' title='bbox 345 1213 389 1251; x_wconf 89' lang='lat' dir='ltr'>post</span> <span class='ocrx_word' id='word_1_188' title='bbox 404 1206 555 1250; x_wconf 87' lang='lat' dir='ltr'>inquietationem</span> <span class='ocrx_word' id='word_1_189' title='bbox 571 1206 626 1241; x_wconf 89' lang='lat' dir='ltr'>huius</span> <span class='ocrx_word' id='word_1_190' title='bbox 644 1206 755 1243; x_wconf 86' lang='lat' dir='ltr'>infirmitatis</span> <span class='ocrx_word' id='word_1_191' title='bbox 765 1218 784 1240; x_wconf 84' lang='lat' dir='ltr'>ao</span> 
     </span>
     <span class='ocr_line' id='line_1_22' title="bbox 55 1259 756 1304; baseline 0.003 -12"><span class='ocrx_word' id='word_1_192' title='bbox 55 1259 114 1300; x_wconf 90' lang='lat' dir='ltr'>amisi,</span> <span class='ocrx_word' id='word_1_193' title='bbox 121 1260 164 1303; x_wconf 87' lang='lat' dir='ltr'>quia</span> <span class='ocrx_word' id='word_1_194' title='bbox 174 1265 251 1303; x_wconf 88' lang='lat' dir='ltr'>cogente</span> <span class='ocrx_word' id='word_1_195' title='bbox 262 1259 346 1294; x_wconf 88' lang='lat' dir='ltr'>molestia</span> <span class='ocrx_word' id='word_1_196' title='bbox 357 1259 459 1302; x_wconf 88' lang='lat' dir='ltr'>compellor</span> <span class='ocrx_word' id='word_1_197' title='bbox 469 1265 488 1294; x_wconf 91' lang='lat' dir='ltr'>et</span> <span class='ocrx_word' id='word_1_198' title='bbox 495 1270 542 1293; x_wconf 84' lang='lat' dir='ltr'>vana</span> <span class='ocrx_word' id='word_1_199' title='bbox 552 1259 620 1303; x_wconf 86' lang='lat' dir='ltr'>profari</span> <span class='ocrx_word' id='word_1_200' title='bbox 628 1264 646 1293; x_wconf 94' lang='lat' dir='ltr'>et</span> <span class='ocrx_word' id='word_1_201' title='bbox 654 1260 678 1293; x_wconf 89' lang='lat' dir='ltr'>de</span> <span class='ocrx_word' id='word_1_202' title='bbox 685 1265 756 1304; x_wconf 88' lang='lat' dir='ltr'>tempo-</span> 
     </span>
     <span class='ocr_line' id='line_1_23' title="bbox 55 1310 757 1356; baseline 0.001 -12"><span class='ocrx_word' id='word_1_203' title='bbox 55 1311 124 1346; x_wconf 90' lang='lat' dir='ltr'>ralibus</span> <span class='ocrx_word' id='word_1_204' title='bbox 135 1312 229 1346; x_wconf 67' lang='lat' dir='ltr'>meditari)</span> <span class='ocrx_word' id='word_1_205' title='bbox 252 1312 344 1356; x_wconf 83' lang='lat' dir='ltr'>Dixitque,</span> <span class='ocrx_word' id='word_1_206' title='bbox 353 1322 416 1345; x_wconf 86' lang='lat' dir='ltr'>eorum</span> <span class='ocrx_word' id='word_1_207' title='bbox 428 1310 509 1354; x_wconf 86' lang='lat' dir='ltr'>speciem</span> <span class='ocrx_word' id='word_1_208' title='bbox 520 1321 558 1343; x_wconf 90' lang='lat' dir='ltr'>non</span> <span class='ocrx_word' id='word_1_209' title='bbox 569 1321 626 1354; x_wconf 87' lang='lat' dir='ltr'>posse</span> <span class='ocrx_word' id='word_1_210' title='bbox 637 1311 717 1345; x_wconf 90' lang='lat' dir='ltr'>hominis</span> <span class='ocrx_word' id='word_1_211' title='bbox 728 1312 757 1346; x_wconf 93' lang='lat' dir='ltr'>in-</span> 
     </span>
     <span class='ocr_line' id='line_1_24' title="bbox 55 1363 757 1407; baseline 0.001 -10"><span class='ocrx_word' id='word_1_212' title='bbox 55 1363 155 1406; x_wconf 85' lang='lat' dir='ltr'>telligentia</span> <span class='ocrx_word' id='word_1_213' title='bbox 165 1363 307 1407; x_wconf 91' lang='lat' dir='ltr'>comprehendi;</span> <span class='ocrx_word' id='word_1_214' title='bbox 318 1374 339 1397; x_wconf 90' lang='lat' dir='ltr'>se</span> <span class='ocrx_word' id='word_1_215' title='bbox 350 1374 409 1407; x_wconf 90' lang='lat' dir='ltr'>nuper</span> <span class='ocrx_word' id='word_1_216' title='bbox 419 1373 482 1397; x_wconf 89' lang='lat' dir='ltr'>eorum</span> <span class='ocrx_word' id='word_1_217' title='bbox 493 1363 597 1397; x_wconf 83' lang='lat' dir='ltr'>interfuisse</span> <span class='ocrx_word' id='word_1_218' title='bbox 608 1363 709 1407; x_wconf 86' lang='lat' dir='ltr'>colloquio;</span> <span class='ocrx_word' id='word_1_219' title='bbox 721 1364 757 1398; x_wconf 92' lang='lat' dir='ltr'>sibi</span> 
     </span>
     <span class='ocr_line' id='line_1_25' title="bbox 56 1409 757 1459; baseline 0.003 -10"><span class='ocrx_word' id='word_1_220' title='bbox 56 1416 140 1459; x_wconf 90' lang='lat' dir='ltr'>cuiquam</span> <span class='ocrx_word' id='word_1_221' title='bbox 155 1416 228 1459; x_wconf 86' lang='lat' dir='ltr'>aperire</span> <span class='ocrx_word' id='word_1_222' title='bbox 243 1421 365 1459; x_wconf 88' lang='lat' dir='ltr'>secretaque</span> <span class='ocrx_word' id='word_1_223' title='bbox 381 1415 465 1450; x_wconf 83' lang='lat' dir='ltr'>dixerant</span> <span class='ocrx_word' id='word_1_224' title='bbox 480 1426 517 1450; x_wconf 93' lang='lat' dir='ltr'>non</span> <span class='ocrx_word' id='word_1_225' title='bbox 532 1415 594 1451; x_wconf 79' lang='lat' dir='ltr'>licere.</span> <span class='ocrx_word' id='word_1_226' title='bbox 644 1409 712 1451; x_wconf 81' lang='lat' dir='ltr'>Altera</span> <span class='ocrx_word' id='word_1_227' title='bbox 727 1416 757 1452; x_wconf 91' lang='lat' dir='ltr'>die</span> 
     </span>
     <span class='ocr_line' id='line_1_26' title="bbox 57 1467 785 1513; baseline -0.001 -11"><span class='ocrx_word' id='word_1_228' title='bbox 57 1469 117 1503; x_wconf 91' lang='lat' dir='ltr'>subito</span> <span class='ocrx_word' id='word_1_229' title='bbox 136 1470 210 1504; x_wconf 87' lang='lat' dir='ltr'>excelsa</span> <span class='ocrx_word' id='word_1_230' title='bbox 224 1481 270 1504; x_wconf 91' lang='lat' dir='ltr'>voce</span> <span class='ocrx_word' id='word_1_231' title='bbox 285 1468 369 1513; x_wconf 90' lang='lat' dir='ltr'>dulcique</span> <span class='ocrx_word' id='word_1_232' title='bbox 384 1467 508 1503; x_wconf 90' lang='lat' dir='ltr'>modulatione</span> <span class='ocrx_word' id='word_1_233' title='bbox 524 1468 603 1502; x_wconf 87' lang='lat' dir='ltr'>cantauit</span> <span class='ocrx_word' id='word_1_234' title='bbox 618 1473 636 1502; x_wconf 91' lang='lat' dir='ltr'>et</span> <span class='ocrx_word' id='word_1_235' title='bbox 652 1469 685 1504; x_wconf 91' lang='lat' dir='ltr'>hec</span> <span class='ocrx_word' id='word_1_236' title='bbox 700 1470 757 1504; x_wconf 86' lang='lat' dir='ltr'>verba</span> <span class='ocrx_word' id='word_1_237' title='bbox 766 1479 785 1511; x_wconf 77' lang='lat'>25</span> 
     </span>
     <span class='ocr_line' id='line_1_27' title="bbox 56 1521 757 1566; baseline 0.004 -12"><span class='ocrx_word' id='word_1_238' title='bbox 56 1521 119 1565; x_wconf 90' lang='lat' dir='ltr'>sepius</span> <span class='ocrx_word' id='word_1_239' title='bbox 132 1521 216 1556; x_wconf 86' lang='lat' dir='ltr'>iterauit:</span> <span class='ocrx_word' id='word_1_240' title='bbox 233 1522 348 1564; x_wconf 75' lang='lat' dir='ltr'>‘welcome²,</span> <span class='ocrx_word' id='word_1_241' title='bbox 362 1521 458 1565; x_wconf 69' lang='lat' dir='ltr'>Symund!</span> <span class='ocrx_word' id='word_1_242' title='bbox 484 1521 546 1555; x_wconf 90' lang='lat' dir='ltr'>Verba</span> <span class='ocrx_word' id='word_1_243' title='bbox 561 1522 636 1564; x_wconf 89' lang='lat' dir='ltr'>quidem</span> <span class='ocrx_word' id='word_1_244' title='bbox 651 1522 705 1566; x_wconf 87' lang='lat' dir='ltr'>plura</span> <span class='ocrx_word' id='word_1_245' title='bbox 720 1533 757 1557; x_wconf 90' lang='lat' dir='ltr'>non</span> 
     </span>
     <span class='ocr_line' id='line_1_28' title="bbox 57 1573 758 1620; baseline 0.001 -12"><span class='ocrx_word' id='word_1_246' title='bbox 57 1573 137 1617; x_wconf 87' lang='lat' dir='ltr'>protulit,</span> <span class='ocrx_word' id='word_1_247' title='bbox 149 1574 182 1608; x_wconf 87' lang='lat' dir='ltr'>sed</span> <span class='ocrx_word' id='word_1_248' title='bbox 194 1573 279 1617; x_wconf 86' lang='lat' dir='ltr'>quotiens</span> <span class='ocrx_word' id='word_1_249' title='bbox 290 1584 312 1609; x_wconf 91' lang='lat' dir='ltr'>ea</span> <span class='ocrx_word' id='word_1_250' title='bbox 323 1573 402 1618; x_wconf 87' lang='lat' dir='ltr'>repetiit,</span> <span class='ocrx_word' id='word_1_251' title='bbox 414 1573 482 1609; x_wconf 91' lang='lat' dir='ltr'>totiens</span> <span class='ocrx_word' id='word_1_252' title='bbox 493 1573 578 1608; x_wconf 85' lang='lat' dir='ltr'>cantandi</span> <span class='ocrx_word' id='word_1_253' title='bbox 590 1574 674 1608; x_wconf 89' lang='lat' dir='ltr'>modulos</span> <span class='ocrx_word' id='word_1_254' title='bbox 685 1585 758 1620; x_wconf 89' lang='lat' dir='ltr'>pennu·</span> 
     </span>
     <span class='ocr_line' id='line_1_29' title="bbox 57 1625 759 1671; baseline 0.004 -12"><span class='ocrx_word' id='word_1_255' title='bbox 57 1626 106 1659; x_wconf 86' lang='lat' dir='ltr'>tauit.</span> <span class='ocrx_word' id='word_1_256' title='bbox 129 1626 225 1661; x_wconf 88' lang='lat' dir='ltr'>Moderata</span> <span class='ocrx_word' id='word_1_257' title='bbox 236 1627 311 1661; x_wconf 88' lang='lat' dir='ltr'>demum</span> <span class='ocrx_word' id='word_1_258' title='bbox 322 1638 367 1660; x_wconf 88' lang='lat' dir='ltr'>voce</span> <span class='ocrx_word' id='word_1_259' title='bbox 379 1625 478 1660; x_wconf 89' lang='lat' dir='ltr'>subridens</span> <span class='ocrx_word' id='word_1_260' title='bbox 488 1625 523 1660; x_wconf 86' lang='lat' dir='ltr'>ait:</span> <span class='ocrx_word' id='word_1_261' title='bbox 536 1625 651 1668; x_wconf 71' lang='lat' dir='ltr'>‘welcome²,</span> <span class='ocrx_word' id='word_1_262' title='bbox 663 1626 759 1671; x_wconf 85' lang='lat' dir='ltr'>Symund.’</span> 
     </span>
     <span class='ocr_line' id='line_1_30' title="bbox 58 1677 758 1722; baseline 0.003 -10"><span class='ocrx_word' id='word_1_263' title='bbox 58 1679 105 1712; x_wconf 91' lang='lat' dir='ltr'>Sunt</span> <span class='ocrx_word' id='word_1_264' title='bbox 109 1684 171 1713; x_wconf 92' lang='lat' dir='ltr'>autem</span> <span class='ocrx_word' id='word_1_265' title='bbox 177 1679 279 1714; x_wconf 88' lang='lat' dir='ltr'>diutissime</span> <span class='ocrx_word' id='word_1_266' title='bbox 285 1678 380 1721; x_wconf 80' lang='lat' dir='ltr'>collocuti3</span> <span class='ocrx_word' id='word_1_267' title='bbox 388 1683 407 1712; x_wconf 91' lang='lat' dir='ltr'>et</span> <span class='ocrx_word' id='word_1_268' title='bbox 415 1678 489 1712; x_wconf 86' lang='lat' dir='ltr'>tandem</span> <span class='ocrx_word' id='word_1_269' title='bbox 498 1677 588 1713; x_wconf 88' lang='lat' dir='ltr'>Godricus</span> <span class='ocrx_word' id='word_1_270' title='bbox 596 1678 658 1713; x_wconf 91' lang='lat' dir='ltr'>oculos</span> <span class='ocrx_word' id='word_1_271' title='bbox 666 1678 684 1713; x_wconf 89' lang='lat' dir='ltr'>in</span> <span class='ocrx_word' id='word_1_272' title='bbox 693 1679 758 1722; x_wconf 86' lang='lat' dir='ltr'>celum,</span> 
     </span>
     <span class='ocr_line' id='line_1_31' title="bbox 57 1731 787 1777; baseline 0.001 -11"><span class='ocrx_word' id='word_1_273' title='bbox 57 1740 144 1777; x_wconf 88' lang='lat' dir='ltr'>tanquam</span> <span class='ocrx_word' id='word_1_274' title='bbox 155 1732 223 1777; x_wconf 89' lang='lat' dir='ltr'>aliquid</span> <span class='ocrx_word' id='word_1_275' title='bbox 233 1732 332 1777; x_wconf 88' lang='lat' dir='ltr'>aspiciens,</span> <span class='ocrx_word' id='word_1_276' title='bbox 340 1732 405 1774; x_wconf 87' lang='lat' dir='ltr'>erexit,</span> <span class='ocrx_word' id='word_1_277' title='bbox 413 1737 431 1767; x_wconf 92' lang='lat' dir='ltr'>et</span> <span class='ocrx_word' id='word_1_278' title='bbox 440 1731 562 1776; x_wconf 90' lang='lat' dir='ltr'>postmodum,</span> <span class='ocrx_word' id='word_1_279' title='bbox 571 1741 594 1765; x_wconf 91' lang='lat' dir='ltr'>an</span> <span class='ocrx_word' id='word_1_280' title='bbox 604 1731 670 1776; x_wconf 89' lang='lat' dir='ltr'>aliquis</span> <span class='ocrx_word' id='word_1_281' title='bbox 680 1743 758 1777; x_wconf 89' lang='lat' dir='ltr'>presens</span> <span class='ocrx_word' id='word_1_282' title='bbox 767 1741 787 1772; x_wconf 79' lang='lat'>30</span> 
     </span>
     <span class='ocr_line' id='line_1_32' title="bbox 57 1784 759 1829; baseline 0.001 -10"><span class='ocrx_word' id='word_1_283' title='bbox 57 1790 106 1820; x_wconf 89' lang='lat' dir='ltr'>esset</span> <span class='ocrx_word' id='word_1_284' title='bbox 121 1785 219 1829; x_wconf 73' lang='lat' dir='ltr'>inquisiuit,</span> <span class='ocrx_word' id='word_1_285' title='bbox 243 1785 266 1819; x_wconf 87' lang='lat' dir='ltr'>Et</span> <span class='ocrx_word' id='word_1_286' title='bbox 279 1786 388 1819; x_wconf 88' lang='lat' dir='ltr'>accedentes</span> <span class='ocrx_word' id='word_1_287' title='bbox 403 1786 480 1819; x_wconf 85' lang='lat' dir='ltr'>adeum</span> <span class='ocrx_word' id='word_1_288' title='bbox 492 1784 553 1828; x_wconf 88' lang='lat' dir='ltr'>aliqui,</span> <span class='ocrx_word' id='word_1_289' title='bbox 565 1784 626 1827; x_wconf 90' lang='lat' dir='ltr'>ipsum</span> <span class='ocrx_word' id='word_1_290' title='bbox 641 1784 692 1819; x_wconf 90' lang='lat' dir='ltr'>vultu</span> <span class='ocrx_word' id='word_1_291' title='bbox 704 1785 759 1820; x_wconf 90' lang='lat' dir='ltr'>solito</span> 
     </span>
     <span class='ocr_line' id='line_1_33' title="bbox 58 1836 758 1882; baseline -0.001 -10"><span class='ocrx_word' id='word_1_292' title='bbox 58 1838 171 1874; x_wconf 90' lang='lat' dir='ltr'>sereniorem</span> <span class='ocrx_word' id='word_1_293' title='bbox 183 1849 226 1872; x_wconf 89' lang='lat' dir='ltr'>esse</span> <span class='ocrx_word' id='word_1_294' title='bbox 237 1842 378 1882; x_wconf 85' lang='lat' dir='ltr'>conspexerunt.</span> <span class='ocrx_word' id='word_1_295' title='bbox 402 1836 425 1870; x_wconf 87' lang='lat' dir='ltr'>Et</span> <span class='ocrx_word' id='word_1_296' title='bbox 437 1836 493 1871; x_wconf 86' lang='lat' dir='ltr'>dixit:</span> <span class='ocrx_word' id='word_1_297' title='bbox 506 1836 554 1879; x_wconf 85' lang='lat' dir='ltr'>‘filii,</span> <span class='ocrx_word' id='word_1_298' title='bbox 564 1836 665 1881; x_wconf 88' lang='lat' dir='ltr'>Symonem</span> <span class='ocrx_word' id='word_1_299' title='bbox 678 1838 758 1879; x_wconf 87' lang='lat' dir='ltr'>Petrum,</span> 
     </span>
     <span class='ocr_line' id='line_1_34' title="bbox 58 1888 759 1933; baseline 0.003 -9"><span class='ocrx_word' id='word_1_300' title='bbox 58 1891 93 1924; x_wconf 90' lang='lat' dir='ltr'>celi</span> <span class='ocrx_word' id='word_1_301' title='bbox 101 1891 257 1933; x_wconf 89' lang='lat' dir='ltr'>clauicularium,a</span> <span class='ocrx_word' id='word_1_302' title='bbox 264 1891 319 1933; x_wconf 85' lang='lat' dir='ltr'>longe</span> <span class='ocrx_word' id='word_1_303' title='bbox 326 1890 363 1924; x_wconf 90' lang='lat' dir='ltr'>vidi</span> <span class='ocrx_word' id='word_1_304' title='bbox 370 1889 481 1930; x_wconf 88' lang='lat' dir='ltr'>venientem,</span> <span class='ocrx_word' id='word_1_305' title='bbox 487 1894 505 1924; x_wconf 91' lang='lat' dir='ltr'>et</span> <span class='ocrx_word' id='word_1_306' title='bbox 510 1888 568 1923; x_wconf 91' lang='lat' dir='ltr'>cecini</span> <span class='ocrx_word' id='word_1_307' title='bbox 576 1889 645 1924; x_wconf 86' lang='lat' dir='ltr'>adeius</span> <span class='ocrx_word' id='word_1_308' title='bbox 653 1890 759 1926; x_wconf 87' lang='lat' dir='ltr'>aduentum.</span> 
     </span>
    </p>

    <p class='ocr_par' dir='ltr' id='par_1_3' title="bbox 41 1939 789 2463">
     <span class='ocr_line' id='line_1_35' title="bbox 41 1939 759 1987; baseline 0 -9"><span class='ocrx_word' id='word_1_309' title='bbox 41 1978 43 1983; x_wconf 86' lang='grc'>,</span> <span class='ocrx_word' id='word_1_310' title='bbox 59 1945 112 1983; x_wconf 86' lang='lat' dir='ltr'>quta</span> <span class='ocrx_word' id='word_1_311' title='bbox 122 1954 152 1978; x_wconf 91' lang='lat' dir='ltr'>me</span> <span class='ocrx_word' id='word_1_312' title='bbox 162 1944 215 1986; x_wconf 90' lang='lat' dir='ltr'>sedit,</span> <span class='ocrx_word' id='word_1_313' title='bbox 223 1948 242 1978; x_wconf 91' lang='lat' dir='ltr'>et</span> <span class='ocrx_word' id='word_1_314' title='bbox 252 1953 324 1978; x_wconf 88' lang='lat' dir='ltr'>mecum</span> <span class='ocrx_word' id='word_1_315' title='bbox 333 1942 417 1987; x_wconf 82' lang='lat' dir='ltr'>loquens,</span> <span class='ocrx_word' id='word_1_316' title='bbox 428 1942 485 1976; x_wconf 87' lang='lat' dir='ltr'>multa</span> <span class='ocrx_word' id='word_1_317' title='bbox 496 1942 551 1976; x_wconf 92' lang='lat' dir='ltr'>michi</span> <span class='ocrx_word' id='word_1_318' title='bbox 562 1941 623 1977; x_wconf 90' lang='lat' dir='ltr'>retulit</span> <span class='ocrx_word' id='word_1_319' title='bbox 635 1939 711 1983; x_wconf 79' lang='lat' dir='ltr'>secreta,</span> <span class='ocrx_word' id='word_1_320' title='bbox 722 1954 759 1987; x_wconf 91' lang='lat' dir='ltr'>que</span> 
     </span>
     <span class='ocr_line' id='line_1_36' title="bbox 58 1995 787 2040; baseline 0.001 -10"><span class='ocrx_word' id='word_1_321' title='bbox 58 2008 112 2031; x_wconf 87' lang='lat' dir='ltr'>mens</span> <span class='ocrx_word' id='word_1_322' title='bbox 119 1998 200 2031; x_wconf 85' lang='lat' dir='ltr'>humana</span> <span class='ocrx_word' id='word_1_323' title='bbox 207 2008 244 2031; x_wconf 94' lang='lat' dir='ltr'>non</span> <span class='ocrx_word' id='word_1_324' title='bbox 253 1997 306 2040; x_wconf 87' lang='lat' dir='ltr'>capit,</span> <span class='ocrx_word' id='word_1_325' title='bbox 314 2007 348 2030; x_wconf 87' lang='lat' dir='ltr'>nec</span> <span class='ocrx_word' id='word_1_326' title='bbox 357 1995 442 2030; x_wconf 88' lang='lat' dir='ltr'>humanis</span> <span class='ocrx_word' id='word_1_327' title='bbox 452 2001 530 2040; x_wconf 90' lang='lat' dir='ltr'>possunt</span> <span class='ocrx_word' id='word_1_328' title='bbox 540 1995 656 2030; x_wconf 83' lang='lat' dir='ltr'>sermonibus</span> <span class='ocrx_word' id='word_1_329' title='bbox 665 1996 759 2040; x_wconf 81' lang='lat' dir='ltr'>explicari.</span> <span class='ocrx_word' id='word_1_330' title='bbox 767 2004 787 2036; x_wconf 82' lang='grc'>35</span> 
     </span>
     <span class='ocr_line' id='line_1_37' title="bbox 59 2047 759 2092; baseline 0.001 -10"><span class='ocrx_word' id='word_1_331' title='bbox 59 2050 123 2092; x_wconf 89' lang='lat' dir='ltr'>Ipsum</span> <span class='ocrx_word' id='word_1_332' title='bbox 134 2050 237 2089; x_wconf 89' lang='lat' dir='ltr'>abeuntem,</span> <span class='ocrx_word' id='word_1_333' title='bbox 249 2049 309 2092; x_wconf 90' lang='lat' dir='ltr'>primo</span> <span class='ocrx_word' id='word_1_334' title='bbox 320 2049 343 2082; x_wconf 87' lang='lat' dir='ltr'>ad</span> <span class='ocrx_word' id='word_1_335' title='bbox 355 2048 399 2082; x_wconf 88' lang='lat' dir='ltr'>alias</span> <span class='ocrx_word' id='word_1_336' title='bbox 411 2049 500 2091; x_wconf 83' lang='lat' dir='ltr'>regiones,</span> <span class='ocrx_word' id='word_1_337' title='bbox 512 2047 579 2081; x_wconf 89' lang='lat' dir='ltr'>deinde</span> <span class='ocrx_word' id='word_1_338' title='bbox 590 2048 649 2081; x_wconf 90' lang='lat' dir='ltr'>celum</span> <span class='ocrx_word' id='word_1_339' title='bbox 661 2055 759 2092; x_wconf 88' lang='lat' dir='ltr'>penetrare</span> 
     </span>
     <span class='ocr_line' id='line_1_38' title="bbox 59 2091 760 2151; baseline -0.003 -13"><span class='ocrx_word' id='word_1_340' title='bbox 59 2102 158 2147; x_wconf 82' lang='lat' dir='ltr'>conspexi.¹</span> <span class='ocrx_word' id='word_1_341' title='bbox 188 2091 203 2151; x_wconf 78' lang='lat'>(³</span> <span class='ocrx_word' id='word_1_342' title='bbox 209 2094 296 2138; x_wconf 84' lang='lat' dir='ltr'>Clericus</span> <span class='ocrx_word' id='word_1_343' title='bbox 304 2100 378 2147; x_wconf 88' lang='lat' dir='ltr'>quidam</span> <span class='ocrx_word' id='word_1_344' title='bbox 386 2101 439 2135; x_wconf 86' lang='lat' dir='ltr'>beato</span> <span class='ocrx_word' id='word_1_345' title='bbox 447 2100 526 2135; x_wconf 88' lang='lat' dir='ltr'>Godrico</span> <span class='ocrx_word' id='word_1_346' title='bbox 533 2100 586 2134; x_wconf 90' lang='lat' dir='ltr'>valde</span> <span class='ocrx_word' id='word_1_347' title='bbox 595 2100 677 2141; x_wconf 90' lang='lat' dir='ltr'>deuotus,</span> <span class='ocrx_word' id='word_1_348' title='bbox 682 2101 760 2136; x_wconf 88' lang='lat' dir='ltr'>accessit</span> 
     </span>
     <span class='ocr_line' id='line_1_39' title="bbox 59 2154 760 2200; baseline 0.001 -10"><span class='ocrx_word' id='word_1_349' title='bbox 59 2157 82 2190; x_wconf 88' lang='lat' dir='ltr'>ad</span> <span class='ocrx_word' id='word_1_350' title='bbox 95 2167 138 2190; x_wconf 90' lang='lat' dir='ltr'>eum</span> <span class='ocrx_word' id='word_1_351' title='bbox 152 2161 170 2190; x_wconf 90' lang='lat' dir='ltr'>et</span> <span class='ocrx_word' id='word_1_352' title='bbox 183 2156 206 2190; x_wconf 90' lang='lat' dir='ltr'>ad</span> <span class='ocrx_word' id='word_1_353' title='bbox 219 2156 278 2200; x_wconf 90' lang='lat' dir='ltr'>pedes</span> <span class='ocrx_word' id='word_1_354' title='bbox 291 2155 331 2190; x_wconf 86' lang='lat' dir='ltr'>elus</span> <span class='ocrx_word' id='word_1_355' title='bbox 343 2155 432 2196; x_wconf 89' lang='lat' dir='ltr'>residens,</span> <span class='ocrx_word' id='word_1_356' title='bbox 444 2155 505 2189; x_wconf 89' lang='lat' dir='ltr'>multis</span> <span class='ocrx_word' id='word_1_357' title='bbox 519 2154 646 2189; x_wconf 65' lang='lat' dir='ltr'>sermonibus*</span> <span class='ocrx_word' id='word_1_358' title='bbox 658 2155 706 2200; x_wconf 88' lang='lat' dir='ltr'>cepit</span> <span class='ocrx_word' id='word_1_359' title='bbox 717 2167 760 2200; x_wconf 89' lang='lat' dir='ltr'>per·</span> 
     </span>
     <span class='ocr_line' id='line_1_40' title="bbox 60 2207 759 2252; baseline 0.001 -10"><span class='ocrx_word' id='word_1_360' title='bbox 60 2209 143 2249; x_wconf 86' lang='lat' dir='ltr'>suadere,</span> <span class='ocrx_word' id='word_1_361' title='bbox 151 2219 206 2251; x_wconf 87' lang='lat' dir='ltr'>quam</span> <span class='ocrx_word' id='word_1_362' title='bbox 215 2207 259 2242; x_wconf 90' lang='lat' dir='ltr'>vtile</span> <span class='ocrx_word' id='word_1_363' title='bbox 268 2207 316 2242; x_wconf 88' lang='lat' dir='ltr'>soret</span> <span class='ocrx_word' id='word_1_364' title='bbox 328 2208 412 2242; x_wconf 79' lang='lat' dir='ltr'>actuum¹⁵</span> <span class='ocrx_word' id='word_1_365' title='bbox 422 2208 481 2252; x_wconf 89' lang='lat' dir='ltr'>ipsius</span> <span class='ocrx_word' id='word_1_366' title='bbox 491 2208 576 2243; x_wconf 90' lang='lat' dir='ltr'>noticiam</span> <span class='ocrx_word' id='word_1_367' title='bbox 588 2208 611 2241; x_wconf 90' lang='lat' dir='ltr'>ad</span> <span class='ocrx_word' id='word_1_368' title='bbox 621 2214 707 2251; x_wconf 87' lang='lat' dir='ltr'>posteros</span> <span class='ocrx_word' id='word_1_369' title='bbox 718 2220 759 2252; x_wconf 89' lang='lat' dir='ltr'>per·</span> 
     </span>
     <span class='ocr_line' id='line_1_41' title="bbox 59 2260 789 2305; baseline 0 -9"><span class='ocrx_word' id='word_1_370' title='bbox 59 2261 128 2296; x_wconf 89' lang='lat' dir='ltr'>uenire.</span> <span class='ocrx_word' id='word_1_371' title='bbox 151 2260 257 2294; x_wconf 90' lang='lat' dir='ltr'>Nouissime</span> <span class='ocrx_word' id='word_1_372' title='bbox 268 2260 333 2295; x_wconf 88' lang='lat' dir='ltr'>adiecit</span> <span class='ocrx_word' id='word_1_373' title='bbox 343 2262 393 2305; x_wconf 93' lang='lat' dir='ltr'>quod</span> <span class='ocrx_word' id='word_1_374' title='bbox 403 2261 487 2302; x_wconf 89' lang='lat' dir='ltr'>libenter,</span> <span class='ocrx_word' id='word_1_375' title='bbox 498 2260 514 2295; x_wconf 89' lang='lat' dir='ltr'>si</span> <span class='ocrx_word' id='word_1_376' title='bbox 523 2265 618 2303; x_wconf 86' lang='lat' dir='ltr'>annueret,</span> <span class='ocrx_word' id='word_1_377' title='bbox 627 2260 683 2294; x_wconf 86' lang='lat' dir='ltr'>vitam</span> <span class='ocrx_word' id='word_1_378' title='bbox 694 2261 759 2305; x_wconf 89' lang='lat' dir='ltr'>ipsius,</span> <span class='ocrx_word' id='word_1_379' title='bbox 767 2271 789 2300; x_wconf 76' lang='lat'>40</span> 
     </span>
     <span class='ocr_line' id='line_1_42' title="bbox 60 2313 761 2355; baseline 0.003 -8"><span class='ocrx_word' id='word_1_380' title='bbox 60 2325 82 2347; x_wconf 89' lang='lat' dir='ltr'>eo</span> <span class='ocrx_word' id='word_1_381' title='bbox 94 2313 176 2353; x_wconf 89' lang='lat' dir='ltr'>docente,</span> <span class='ocrx_word' id='word_1_382' title='bbox 188 2313 316 2347; x_wconf 85' lang='lat' dir='ltr'>conscriberet.</span> <span class='ocrx_word' id='word_1_383' title='bbox 339 2313 373 2347; x_wconf 88' lang='lat' dir='ltr'>Ille</span> <span class='ocrx_word' id='word_1_384' title='bbox 384 2314 474 2355; x_wconf 86' lang='lat' dir='ltr'>conticuit,</span> <span class='ocrx_word' id='word_1_385' title='bbox 486 2313 534 2347; x_wconf 89' lang='lat' dir='ltr'>etin</span> <span class='ocrx_word' id='word_1_386' title='bbox 546 2313 632 2347; x_wconf 90' lang='lat' dir='ltr'>clericum</span> <span class='ocrx_word' id='word_1_387' title='bbox 644 2315 706 2347; x_wconf 90' lang='lat' dir='ltr'>oculos</span> <span class='ocrx_word' id='word_1_388' title='bbox 717 2325 761 2349; x_wconf 90' lang='lat' dir='ltr'>con·</span> 
     </span>
     <span class='ocr_line' id='line_1_43' title="bbox 60 2364 760 2408; baseline 0.003 -8"><span class='ocrx_word' id='word_1_389' title='bbox 60 2371 140 2405; x_wconf 87' lang='lat' dir='ltr'>uertens,</span> <span class='ocrx_word' id='word_1_390' title='bbox 148 2371 190 2408; x_wconf 85' lang='lat' dir='ltr'>post</span> <span class='ocrx_word' id='word_1_391' title='bbox 198 2364 290 2398; x_wconf 90' lang='lat' dir='ltr'>silentium</span> <span class='ocrx_word' id='word_1_392' title='bbox 298 2365 373 2399; x_wconf 90' lang='lat' dir='ltr'>tandem</span> <span class='ocrx_word' id='word_1_393' title='bbox 380 2365 415 2400; x_wconf 90' lang='lat' dir='ltr'>ait:</span> <span class='ocrx_word' id='word_1_394' title='bbox 427 2364 465 2398; x_wconf 86' lang='lat' dir='ltr'>‘Ita</span> <span class='ocrx_word' id='word_1_395' title='bbox 471 2364 545 2408; x_wconf 90' lang='lat' dir='ltr'>quidem</span> <span class='ocrx_word' id='word_1_396' title='bbox 551 2365 631 2399; x_wconf 80' lang='lat' dir='ltr'>facturus</span> <span class='ocrx_word' id='word_1_397' title='bbox 637 2365 684 2407; x_wconf 76' lang='lat' dir='ltr'>eris3</span> <span class='ocrx_word' id='word_1_398' title='bbox 695 2376 760 2402; x_wconf 85' lang='lat' dir='ltr'>verum</span> 
     </span>
     <span class='ocr_line' id='line_1_44' title="bbox 61 2417 761 2463; baseline -0.001 -9"><span class='ocrx_word' id='word_1_399' title='bbox 61 2420 95 2454; x_wconf 93' lang='lat' dir='ltr'>hoc</span> <span class='ocrx_word' id='word_1_400' title='bbox 110 2428 226 2462; x_wconf 89' lang='lat' dir='ltr'>nequaquam</span> <span class='ocrx_word' id='word_1_401' title='bbox 242 2417 261 2453; x_wconf 92' lang='lat' dir='ltr'>in</span> <span class='ocrx_word' id='word_1_402' title='bbox 276 2418 358 2463; x_wconf 89' lang='lat' dir='ltr'>presenti</span> <span class='ocrx_word' id='word_1_403' title='bbox 373 2423 457 2463; x_wconf 87' lang='lat' dir='ltr'>tempore</span> <span class='ocrx_word' id='word_1_404' title='bbox 472 2417 603 2462; x_wconf 66' lang='lat' dir='ltr'>consequeris?</span> <span class='ocrx_word' id='word_1_405' title='bbox 630 2417 701 2452; x_wconf 87' lang='lat' dir='ltr'>Clerico</span> <span class='ocrx_word' id='word_1_406' title='bbox 716 2431 761 2453; x_wconf 91' lang='lat' dir='ltr'>vero</span> 
     </span>
    </p>

    <p class='ocr_par' dir='ltr' id='par_1_4' title="bbox 61 2486 762 2612">
     <span class='ocr_line' id='line_1_45' title="bbox 81 2486 761 2525; baseline 0.004 -9"><span class='ocrx_word' id='word_1_407' title='bbox 81 2489 86 2505; x_wconf 85' lang='lat'>¹</span> <span class='ocrx_word' id='word_1_408' title='bbox 97 2488 115 2517; x_wconf 85' lang='lat' dir='ltr'>E.</span> <span class='ocrx_word' id='word_1_409' title='bbox 123 2487 179 2516; x_wconf 89' lang='lat' dir='ltr'>missas</span> <span class='ocrx_word' id='word_1_410' title='bbox 186 2487 205 2517; x_wconf 64' lang='lat' dir='ltr'>ei,</span> <span class='ocrx_word' id='word_1_411' title='bbox 233 2487 240 2504; x_wconf 79' lang='lat'>¹</span> <span class='ocrx_word' id='word_1_412' title='bbox 249 2488 267 2517; x_wconf 89' lang='lat' dir='ltr'>T.</span> <span class='ocrx_word' id='word_1_413' title='bbox 274 2487 346 2517; x_wconf 84' lang='lat' dir='ltr'>welcum.</span> <span class='ocrx_word' id='word_1_414' title='bbox 374 2486 380 2504; x_wconf 77' lang='lat'>²</span> <span class='ocrx_word' id='word_1_415' title='bbox 389 2487 424 2516; x_wconf 90' lang='lat' dir='ltr'>The</span> <span class='ocrx_word' id='word_1_416' title='bbox 431 2487 513 2524; x_wconf 82' lang='lat' dir='ltr'>following</span> <span class='ocrx_word' id='word_1_417' title='bbox 519 2491 586 2516; x_wconf 85' lang='lat' dir='ltr'>account</span> <span class='ocrx_word' id='word_1_418' title='bbox 592 2487 606 2517; x_wconf 88' lang='lat' dir='ltr'>is</span> <span class='ocrx_word' id='word_1_419' title='bbox 613 2487 659 2525; x_wconf 84' lang='lat' dir='ltr'>given</span> <span class='ocrx_word' id='word_1_420' title='bbox 667 2487 683 2518; x_wconf 94' lang='lat' dir='ltr'>in</span> <span class='ocrx_word' id='word_1_421' title='bbox 690 2488 709 2518; x_wconf 88' lang='lat' dir='ltr'>T.</span> <span class='ocrx_word' id='word_1_422' title='bbox 716 2499 734 2519; x_wconf 89' lang='lat' dir='ltr'>as</span> <span class='ocrx_word' id='word_1_423' title='bbox 741 2499 761 2519; x_wconf 80' lang='lat' dir='ltr'>an</span> 
     </span>
     <span class='ocr_line' id='line_1_46' title="bbox 61 2526 762 2567; baseline -0.001 -8"><span class='ocrx_word' id='word_1_424' title='bbox 61 2527 169 2559; x_wconf 83' lang='lat' dir='ltr'>Introduction</span> <span class='ocrx_word' id='word_1_425' title='bbox 177 2531 193 2557; x_wconf 93' lang='lat' dir='ltr'>to</span> <span class='ocrx_word' id='word_1_426' title='bbox 200 2527 227 2557; x_wconf 90' lang='lat' dir='ltr'>the</span> <span class='ocrx_word' id='word_1_427' title='bbox 235 2526 273 2565; x_wconf 80' lang='lat' dir='ltr'>Life,</span> <span class='ocrx_word' id='word_1_428' title='bbox 279 2527 310 2557; x_wconf 79' lang='lat' dir='ltr'>and</span> <span class='ocrx_word' id='word_1_429' title='bbox 315 2527 329 2557; x_wconf 90' lang='lat' dir='ltr'>is</span> <span class='ocrx_word' id='word_1_430' title='bbox 336 2537 366 2557; x_wconf 88' lang='lat' dir='ltr'>om.</span> <span class='ocrx_word' id='word_1_431' title='bbox 373 2526 417 2558; x_wconf 82' lang='lat' dir='ltr'>here.</span> <span class='ocrx_word' id='word_1_432' title='bbox 457 2526 463 2544; x_wconf 78' lang='lat'>⁴</span> <span class='ocrx_word' id='word_1_433' title='bbox 473 2536 503 2557; x_wconf 87' lang='lat' dir='ltr'>om.</span> <span class='ocrx_word' id='word_1_434' title='bbox 511 2527 527 2557; x_wconf 92' lang='lat' dir='ltr'>in</span> <span class='ocrx_word' id='word_1_435' title='bbox 534 2526 552 2557; x_wconf 91' lang='lat' dir='ltr'>T.</span> <span class='ocrx_word' id='word_1_436' title='bbox 559 2526 581 2557; x_wconf 88' lang='lat' dir='ltr'>H.</span> <span class='ocrx_word' id='word_1_437' title='bbox 621 2528 628 2547; x_wconf 58' lang='grc' dir='ltr'><em>θ</em></span> <span class='ocrx_word' id='word_1_438' title='bbox 638 2527 660 2558; x_wconf 82' lang='grc' dir='ltr'>Η.</span> <span class='ocrx_word' id='word_1_439' title='bbox 667 2534 762 2567; x_wconf 75' lang='lat' dir='ltr'>accuratam,</span> 
     </span>
     <span class='ocr_line' id='line_1_47' title="bbox 83 2576 428 2612; baseline -0.009 0"><span class='ocrx_word' id='word_1_440' title='bbox 83 2584 125 2612; x_wconf 79' lang='lat' dir='ltr'>vot.</span> <span class='ocrx_word' id='word_1_441' title='bbox 133 2585 146 2612; x_wconf 88' lang='lat'>1.</span> <span class='ocrx_word' id='word_1_442' title='bbox 396 2576 428 2610; x_wconf 83' lang='lat' dir='ltr'>nk</span> 
     </span>
    </p>
   </div>
   <div class='ocr_carea' id='block_1_3' title="bbox 0 0 898 2803">
    <p class='ocr_par' dir='ltr' id='par_1_5' title="bbox 0 0 898 2803">
     <span class='ocr_line' id='line_1_48' title="bbox 0 0 898 2803; baseline 0 0"><span class='ocrx_word' id='word_1_443' title='bbox 0 0 898 2803; x_wconf 95' lang='lat' dir='ltr'> </span> 
     </span>
    </p>
   </div>
  </div>
 </body>
</html>
