1762 2803
258 178 303 234 bc
318 177 418 231 &anau
434 177 549 230 abacto.
727 193 755 235 39

54 299 135 334 cessaria
146 299 214 334 curtior
226 300 268 334 aliis
280 300 355 334 inuenta
368 300 406 334 suit.
428 300 525 334 Aldelmus
537 299 598 343 igitur,
610 299 651 333 fusa
664 300 686 333 ad
700 300 756 333 deum

55 363 115 397 prece,
123 353 194 388 trabem
202 363 246 388 mox
254 352 304 388 iuxta
310 359 372 388 votum
381 352 486 397 elongatum
494 352 570 387 inuenit.
609 345 640 387 Ea
647 357 756 397 tempestate

54 417 65 440 a
81 406 184 440 Bertwaldo
199 405 338 450 archiepiscopo
353 407 376 439 ad
390 406 501 449 colloquium
516 406 595 447 ascitus·,
614 416 636 440 eo
650 406 702 439 iuxta
714 406 757 439 litus

54 458 111 493 maris
123 458 247 500 transeunte¹,
259 464 314 493 naute
330 458 403 502 quidam
420 459 488 502 ipsum,
501 458 584 493 vestibus
599 457 700 500 sordidum,
715 468 756 492 con·

54 516 151 554 tempnere
167 517 185 545 et
200 510 284 545 deridere
299 523 337 545 non
351 511 469 546 verebantur.
492 511 515 545 Et
530 522 579 553 ecce,
594 510 685 545 contrario
701 510 757 544 flante
765 521 774 552 5

54 568 114 604 vento,
122 574 173 597 mare
180 563 262 607 insurgit,
272 564 339 608 hyems
347 564 399 604 seuit,
406 569 506 607 tempestas
515 562 615 598 inualescit.
631 563 757 597 Periclitantes

55 627 99 660 ergo
107 621 167 657 naute,
175 620 193 651 et
204 616 269 651 mortis
280 617 345 651 horam
357 622 482 661 expectantes,
489 622 560 651 reatum
572 627 626 651 suum
636 627 677 651 eum
685 616 757 661 lachry-

55 669 90 703 mis
104 669 217 710 confitentur,
231 674 249 704 et
264 670 322 704 sancti
335 670 415 705 Aldelmi
431 669 537 715 suffragium
550 669 667 705 inclamitant.
689 669 714 704 At
726 670 757 704 ille

55 722 154 765 scapham²
165 723 188 757 ad
201 722 316 757 inferendum
332 724 419 758 auxilium
432 723 550 758 conscendit:
567 729 585 757 et
597 734 640 757 mox
651 728 671 756 vt
682 728 757 757 sanctus

55 776 135 809 lembum
145 786 222 820 corpore
231 776 274 810 suol
281 776 353 820 pressit,
362 777 384 810 ad
396 787 470 810 omnem
480 775 629 820 tranquillitatem
641 786 661 809 se
673 781 756 819 paratum
767 786 785 807 10

55 839 106 861 mare
117 828 195 872 prebuit,
208 834 226 863 et
240 835 305 863 nautas
318 840 360 863 cum
373 839 420 863 naue
432 835 480 863 terre
493 828 568 873 appulit.
613 820 654 862 Hic
669 828 718 862 enim
729 828 758 862 vir

55 887 130 915 sanctus
141 882 208 915 multos
220 881 328 924 conscripsit
340 881 401 922 libros,
412 886 476 926 vtpote
488 882 618 925 undecumque
629 880 757 920 doctissimus;

55 934 103 968 inter
113 945 159 978 quos
170 934 237 968 librum
250 935 283 969 ‘de
295 934 386 978 virginum
399 934 464 976 laude,'
474 940 493 969 ct
505 935 537 968 ‘de
550 944 612 977 pugna
623 939 695 977 septem
708 934 758 977 prin-

56 987 141 1031 cipalium
158 986 253 1029 vitiorum,'
273 987 306 1021 ‘de
325 986 426 1031 disciplinis
443 987 606 1030 philosophorum,'
622 988 655 1020 ‘de
669 987 758 1020 ammoni-

56 1040 105 1073 tione
120 1040 200 1072 fraterne
214 1039 317 1081 charitatis,’
329 1039 431 1082 multosque
446 1039 492 1073 alios
507 1038 609 1082 composuit
624 1039 685 1073 libros.
708 1038 759 1073 Fecit
768 1050 786 1080 ¹5

56 1103 128 1136 quoque
148 1092 244 1125 cenobium
263 1092 314 1126 iuxta
333 1092 409 1126 fluuium
425 1091 455 1136 qui
470 1097 546 1126 vocatur
565 1092 631 1126 From:
649 1091 680 1125 vbi
698 1092 758 1126 adhuc

56 1149 92 1177 stat
107 1144 184 1177 ecclesia
199 1143 218 1177 in
233 1144 303 1178 honore
322 1144 379 1178 sancti
399 1143 486 1178 lobannis
506 1143 589 1188 Baptiste
608 1149 721 1185 constructa3
741 1150 759 1178 et

56 1198 104 1241 apud
118 1197 218 1231 Bradeford
232 1196 305 1231 tertium
319 1196 419 1230 construxit
434 1196 571 1231 monasterium.
590 1195 628 1230 Sed
643 1196 673 1230 illa
686 1206 759 1231 monas-

56 1248 101 1283 teria
116 1261 127 1283 a
143 1249 200 1283 Danis
215 1255 279 1293 postea
291 1250 364 1284 fuerunt
378 1250 437 1284 deleta
450 1255 468 1283 et
482 1251 579 1284 destructa.
602 1250 697 1294 Nusquam
709 1250 758 1283 enim

56 1315 67 1337 a
82 1305 199 1344 monasterio,
213 1303 248 1337 nisi
263 1304 372 1337 necessitate
388 1313 453 1347 magna
469 1309 547 1344 coactus,
561 1303 687 1347 progrediens,
703 1313 758 1347 pecu·
768 1314 787 1335 ιο

56 1357 128 1390 niarum
147 1356 222 1390 minime
242 1356 306 1389 auidus
325 1356 389 1397 extitit,
405 1356 439 1389 sed
456 1355 517 1389 omnia
535 1355 570 1389 sibi
589 1360 662 1399 erogata
680 1356 698 1390 in
713 1367 759 1390 vsus

56 1409 109 1443 vtiles
122 1413 140 1443 et
155 1419 256 1453 pauperum
271 1408 397 1452 expendebam
414 1414 434 1443 vt
445 1415 506 1443 autem
522 1419 596 1443 carnem
610 1418 662 1442 suam
674 1409 758 1452 fragilem

57 1463 132 1497 domare
143 1467 213 1505 posset,
225 1461 269 1495 fonti
281 1461 312 1504 qui
323 1462 420 1505 proximus
432 1466 461 1495 est
472 1461 588 1503 monasterio,
599 1461 629 1504 qui
638 1460 689 1495 ‘fons
701 1461 759 1496 sancti

57 1514 146 1548 Aldelmi¹
160 1519 240 1556 vocatur,
254 1524 275 1547 se
290 1513 421 1547 humerotenus
436 1513 561 1557 inmergebat:
576 1513 601 1548 ibi
617 1524 651 1547 nec
665 1514 759 1557 glacialem

58 1567 137 1612 rigorem
157 1577 229 1610 curans,
248 1566 332 1601 noctibus
354 1566 430 1601 durabat
450 1566 557 1610 psalterium
578 1572 636 1602 totum
655 1567 759 1602 decantans.
769 1579 787 1610 ²5

58 1620 175 1654 Feminarum
186 1619 276 1653 consortia
287 1630 324 1652 non
336 1619 421 1662 fugiebat,
433 1620 490 1653 immo
501 1620 530 1654 vel
542 1619 627 1654 assidens
636 1620 665 1654 vel
677 1620 760 1654 cubitans

57 1674 136 1718 aliquam
152 1674 249 1715 detinebat,
265 1684 360 1718 quousque
377 1674 438 1708 carnis
454 1679 560 1718 tepescente
575 1673 650 1715 lubrico,
665 1674 727 1718 quieto
742 1679 760 1708 et

57 1727 132 1761 immoto
148 1727 250 1761 discederet
263 1726 331 1762 animo.
354 1726 439 1760 Derideri
452 1737 472 1761 se
485 1726 558 1761 videbat
572 1727 668 1770 dyabolus,
682 1737 761 1761 cernens

58 1780 176 1814 adherentem
191 1779 284 1821 feminam,
296 1778 397 1823 virumque,
412 1779 457 1814 alias
472 1785 548 1814 auocato
563 1779 628 1822 animo,
644 1778 760 1814 insistentem

58 1835 147 1867 cantando
159 1833 278 1877 psalterium3
292 1838 311 1866 et
321 1832 440 1867 valefaciebat
452 1838 526 1867 sanctus
537 1832 609 1867 mulieri
621 1833 673 1867 saluo
684 1834 760 1877 pudore,
769 1845 789 1875 30

58 1885 109 1921 illesa
117 1886 203 1921 castitate.
242 1878 324 1921 Sanctus
332 1885 381 1920 enim
389 1885 486 1920 Aldelmus
494 1885 534 1919 vice
539 1886 616 1929 quadam
625 1886 689 1920 detulit
697 1896 760 1920 secum

58 1940 81 1973 de
94 1940 154 1973 Roma
169 1940 225 1972 altare
239 1949 263 1972 ex
276 1948 367 1972 marmore
380 1938 463 1979 candido,
476 1938 547 1972 babens
559 1937 577 1971 in
590 1937 713 1982 grossitudine
726 1949 760 1972 sex

58 1993 121 2036 pedes,
136 1992 155 2025 in
173 1991 285 2035 longitudine
304 1997 385 2035 quatuor,
401 1991 420 2025 in
438 1991 533 2025 latitudine
549 1996 587 2025 tres
605 1991 681 2034 palmos.
704 1991 759 2025 Hunc

58 2045 139 2088 lapidem
149 2054 207 2088 usque
219 2044 242 2077 ad
253 2044 312 2088 Alpes
322 2054 386 2077 secum
396 2044 460 2077 detulit
469 2044 556 2084 camelus,
566 2049 584 2077 et
595 2043 619 2076 ibi
631 2048 706 2086 propter
717 2054 760 2087 pre-

59 2103 112 2143 rupta
119 2096 149 2132 vie
160 2095 248 2132 concidit:
260 2102 279 2131 et
290 2096 342 2131 ruina
353 2096 454 2132 iumentum
467 2097 555 2140 contriuit,
563 2102 581 2131 et
593 2106 673 2131 marmor
683 2097 701 2131 in
713 2097 759 2131 duas
769 2106 788 2137 35

58 2156 121 2193 partes
133 2151 191 2194 fregit.
214 2151 255 2192 Quo
262 2150 302 2184 viso
310 2150 408 2183 Aldelmus
415 2150 456 2184 fusa
466 2151 489 2184 ad
498 2150 552 2184 deum
560 2160 620 2193 prece,
629 2154 646 2182 et
654 2149 696 2183 data
703 2149 760 2184 bene·

59 2202 148 2245 dictione;
160 2202 224 2238 salutis
231 2201 283 2247 vigor
290 2201 363 2236 animali
375 2203 462 2245 redditur,
474 2209 492 2237 et
503 2203 581 2238 fractura
593 2202 663 2246 lapidis,
671 2201 714 2246 qui⁴
723 2213 760 2237 non

59 2262 108 2290 recta
123 2257 172 2291 linea
187 2257 220 2290 sed
237 2257 316 2300 quodam
331 2256 419 2289 amfractu
435 2256 527 2290 dissiliens
546 2261 647 2300 crepuerat,
662 2254 724 2290 statim
739 2266 761 2290 se

59 2309 78 2343 in
93 2310 172 2343 solidum
187 2309 289 2353 compegit3
304 2308 323 2342 in
338 2308 419 2342 miraculi
434 2314 496 2343 tamen
511 2308 599 2343 memoria
613 2309 673 2342 adhuc
687 2307 761 2342 cicatrix

60 2362 140 2396 scissure
159 2362 265 2403 ostenditur,
280 2367 343 2396 sanata
360 2362 434 2405 quidem
453 2362 545 2403 miraculo,
560 2362 594 2395 sed
611 2360 682 2395 curioso
699 2366 761 2396 tamen
770 2370 790 2401 40

60 2416 158 2460 perspicua
169 2415 226 2450 oculo.
250 2415 306 2460 Lapis
317 2415 347 2448 ille
361 2415 416 2448 modo
429 2414 495 2448 dicitur
508 2425 550 2448 esse
563 2414 581 2448 in
595 2415 675 2458 quodam
689 2414 761 2449 canoni-

60 2479 123 2503 corum
145 2469 226 2513 prioratu
248 2469 322 2503 nomine
341 2467 455 2509 Britonum³,
474 2468 493 2502 in
512 2467 648 2502 Somersitana⁶
663 2468 763 2512 prouincia.

62 2514 154 2557 Processu
166 2523 241 2558 tandem
253 2522 341 2567 temporis
352 2521 485 2557 westsaxonica
496 2521 550 2566 plaga
560 2521 579 2556 in
588 2521 634 2557 duos
646 2522 763 2567 episcopatus

64 2586 66 2588 ¹
80 2590 85 2608 ¹
97 2591 114 2620 E.
122 2592 226 2621 transsemite.
295 2592 327 2621 πΕ.
335 2592 430 2629 schapham·,
439 2591 457 2620 T.
465 2591 544 2627 scapham.
614 2591 648 2621 3Τ.
656 2601 764 2629 suocorpore.

60 2627 65 2645 ⁴
76 2630 93 2659 T.
102 2631 119 2660 Ε,
127 2640 162 2669 que.
223 2631 229 2648 ³
238 2631 256 2661 T.
264 2631 352 2661 brutonum.
412 2630 418 2647 ⁵
427 2630 445 2660 T.
453 2634 565 2660 somersetam.
