1762 2803
254 152 299 208 vr
315 150 414 204 &ancta
431 147 576 206 tumbata.
720 163 760 206 241

61 272 112 308 sibus
120 273 211 317 prescidit,
218 279 236 309 et
243 273 319 319 propria
327 284 382 307 manu
388 272 446 307 inciso
453 277 532 317 gutture,
537 271 593 306 vitam
599 270 662 306 finiuit.
699 263 764 305 ι111101·

60 326 132 361 comitis
144 328 207 371 Tostii,
221 333 305 362 sanctum
318 327 440 361 Cuthbertum
453 326 535 370 diligens,
548 325 622 360 diuersa
634 324 674 360 eius
686 325 764 359 ecclesie

61 386 168 414 ornamenta
183 381 264 423 contulit,
276 385 295 415 et
310 380 370 414 adhuc
386 379 445 422 plura,
457 389 497 413 cnm
511 378 573 413 multis
585 384 675 413 terrarum
691 387 764 421 posses·

60 431 149 475 sionibus,
158 444 179 466 se
190 434 274 467 daturam
284 431 374 477 promisit,
382 431 398 464 si
407 431 447 465 eius
457 431 553 465 ecclesiam
565 431 633 466 intrare
643 436 662 464 et
672 431 695 464 ad
703 430 763 474 ipsius

61 485 179 528 sepulchrum
194 486 229 520 sibi
244 486 307 520 liceret
322 486 405 518 adorare.
427 484 465 518 Sed
480 495 519 519 rem
535 489 604 519 tantam
620 489 711 528 temptare
726 491 782 522 non5

61 539 136 579 audens,
151 549 206 573 vnam
222 540 245 573 de
260 539 331 573 ancillis
346 538 385 572 suis
400 538 445 572 hora
460 537 554 572 secretiori
569 537 658 581 premisit.
680 537 764 580 Cumque

61 591 129 634 pedem
143 591 162 625 in
175 591 263 627 cimiterio
278 597 360 637 poneret,
372 591 432 627 subito
444 592 493 626 velut
504 597 601 626 ventorum
614 590 701 626 violentia
716 588 764 635 cepit

62 645 131 689 repelli,
144 651 162 680 et
176 647 246 681 viribus
261 647 346 681 deficere.
368 645 435 690 Sicque
450 645 530 690 grauiter
544 645 642 686 infirmata,
655 655 697 678 cum
712 643 763 688 graui

62 699 141 733 cruciatu
153 705 171 734 et
183 701 245 735 dolore
256 701 275 734 in
286 700 338 735 breui
346 699 401 734 vitam
412 699 476 733 finiuit.
520 691 591 733 ²Mi1es
602 698 676 742 quidam
687 698 763 733 nomine

62 751 111 786 Boeo
121 764 156 796 per
163 759 200 788 tres
208 754 248 788 dies
258 759 327 798 raptus,
335 753 387 797 quasi
395 758 478 786 mortuus
488 752 529 786 sine
540 752 577 785 vllo
585 762 642 785 sensu
650 753 763 795 permansit:
774 762 792 784 ro

62 806 96 839 sed
105 806 158 840 tertio
167 806 197 841 die
208 808 231 841 ad
243 818 264 841 se
274 807 353 849 rediens,
364 806 419 851 priori
431 805 529 839 Dunelmie
540 804 597 839 dixit:
610 805 649 839 ‘Ad
660 810 678 838 te
691 804 765 839 iussus³

62 868 103 892 sum
112 860 181 901 venire,
189 859 258 903 tibique
267 865 342 903 peccata
352 858 440 899 confiteri,
451 863 469 892 et
481 868 542 891 meam
555 857 644 902 deinceps
655 857 718 897 vitam,
728 868 764 901 que

62 915 124 946 tamen
137 913 191 957 longa
204 924 241 948 non
253 912 293 954 erit,
306 918 337 948 tuo
350 911 428 956 imperio
444 911 539 945 ordinare!
563 910 627 954 Itaque
639 920 681 944 cum
696 910 765 954 gemitu

62 966 119 998 multo
128 972 203 1008 peccata
215 977 249 1000 sua
260 966 361 1007 confessus,
373 965 416 998 talia
427 975 504 997 narrare
515 963 568 1006 cepit.
591 963 687 1004 ‘Ductore‚
701 963 765 1006 inquit,

63 1022 152 1060 preeunte
163 1029 198 1061 per
205 1018 297 1052 horrenda
308 1016 363 1052 simul
373 1021 391 1051 et
399 1027 464 1050 amena
472 1016 512 1049 loca
519 1015 616 1060 sequebar.
639 1014 696 1049 Erant
703 1021 764 1050 autem
775 1028 793 1059 15

63 1080 128 1103 omnes
137 1070 221 1105 monachi
233 1070 310 1106 ecclesie
320 1069 378 1104 sancti
387 1069 482 1104 cuthberti
490 1069 570 1114 quodam
580 1069 598 1103 in
606 1068 647 1103 loco
654 1068 765 1113 congregati,

63 1128 105 1157 ante
113 1134 159 1166 quos
168 1123 219 1158 multi
227 1124 332 1168 splendoris
341 1134 386 1157 crux
396 1123 517 1157 deferebatur.
540 1121 611 1155 Omnes
619 1121 638 1155 in
646 1121 765 1165 processione

62 1174 81 1208 in
97 1175 192 1219 directum,
207 1188 297 1221 nusquam
313 1177 425 1212 declinantes
440 1176 554 1216 incedebant,
570 1180 632 1219 preter
646 1176 692 1209 duos
708 1175 739 1219 qui
754 1185 764 1210 a

63 1234 113 1262 recto
118 1230 183 1264 ordine
189 1230 321 1274 aliquantulum
328 1230 454 1264 declinabant.’
471 1228 494 1263 Et
501 1228 525 1263 ait
532 1228 596 1263 ductor
603 1238 648 1263 suus
654 1229 677 1263 ad
684 1239 726 1263 eum
732 1228 752 1272 (t)
760 1239 764 1263 :

64 1281 74 1299 “
81 1281 146 1324 Dicito,
154 1283 217 1325 inquit,
225 1282 282 1326 priori
290 1283 371 1325 Turgoto
378 1287 398 1316 vt
409 1293 441 1316 eos
453 1283 475 1315 ad
487 1282 564 1316 salutem
575 1281 678 1315 animarum
689 1291 765 1315 suarum
774 1289 794 1311 ²0

64 1333 168 1378 diligentius
179 1335 267 1370 hortetur.
291 1334 334 1369 Illos
344 1335 391 1369 duos
402 1344 449 1379 quos
461 1334 483 1369 ab
495 1334 558 1368 ordine
568 1344 602 1368 suo
613 1333 687 1368 deniare
698 1333 765 1375 vidisti,

64 1387 172 1422 nominatim
183 1388 208 1422 illi
220 1388 309 1422 ostende:
325 1387 367 1422 Non
378 1398 443 1431 pamm
456 1386 506 1421 enim
518 1398 529 1421 a
540 1386 570 1420 via
582 1392 631 1421 recta
644 1387 736 1429 aberrant,
747 1392 766 1421 et

64 1438 105 1474 ideo
124 1446 199 1484 peccata
218 1441 263 1475 sua⁴
278 1441 342 1485 purius
361 1440 446 1482 confessi,
463 1439 607 1474 emendatiorem
625 1440 681 1475 vitam
699 1440 766 1475 ducere

64 1492 156 1528 festinent.
179 1494 221 1529 Huc
231 1494 299 1529 etenim
308 1505 373 1539 vsque,
382 1504 447 1539 puram
459 1504 479 1528 ac
491 1499 559 1528 rectam
571 1493 706 1528 confessionem
719 1504 774 1529 nun·.

64 1557 119 1590 quam
130 1547 228 1582 fecerunt.¹’
252 1548 298 1582 Inde
309 1549 375 1582 ductus
386 1559 420 1591 per
431 1546 540 1581 latissimum
552 1558 642 1590 campum,
653 1547 690 1581 vidi
702 1558 767 1582 omnes
776 1555 794 1585 ²5

64 1599 160 1643 indigenas
172 1600 226 1634 huius
237 1600 331 1645 prouincie
344 1599 396 1645 equis
409 1600 501 1642 sedentes,
514 1605 532 1634 et
545 1599 608 1634 hastas
621 1605 721 1644 portantes.
744 1600 767 1635 Et

65 1652 111 1685 dixit
126 1654 190 1686 ductor
201 1663 265 1687 meus:
279 1653 366 1687 “Omnes
379 1652 408 1686 isti
422 1652 457 1687 cito
469 1652 582 1696 peribunt:”
595 1652 626 1696 qui
640 1663 705 1687 omnes
717 1654 767 1688 velut

64 1704 125 1739 fumus
137 1706 160 1739 ab
174 1705 231 1740 oeulis
246 1706 286 1740 eius
301 1711 420 1740 euanuerunt.
443 1705 487 1740 Post
499 1705 533 1740 hos
546 1704 583 1739 vidi
596 1705 659 1749 plures
673 1711 691 1739 et
704 1705 767 1740 maiori

65 1757 152 1801 superbia
164 1757 288 1803 Francigenas
300 1758 455 1793 innumerabiles:
472 1758 503 1804 qui
518 1758 578 1793 statim
591 1769 632 1793 cum
647 1759 697 1793 omni
710 1759 767 1803 gloria

65 1821 103 1853 sua,
118 1817 137 1845 vt
152 1811 208 1845 michi
222 1812 324 1853 videbatur,
339 1812 400 1846 subito
415 1818 464 1846 terre
480 1812 529 1846 hiatu
544 1812 625 1856 absorpti
641 1823 678 1846 non
694 1823 767 1857 compa·
776 1819 796 1848 30

65 1869 146 1898 merum.
169 1864 241 1898 Deinde
248 1864 285 1899 vidi
293 1875 327 1908 per
335 1875 420 1908 campum
429 1871 526 1899 extensum
538 1875 623 1909 magnam
634 1866 705 1900 turbam
715 1866 767 1900 femi·

65 1927 130 1952 narum
137 1928 141 1959 3
153 1927 230 1961 quarum
238 1917 373 1952 multitudinem
382 1919 425 1953 dum
433 1918 478 1953 satis
486 1918 568 1959 mirarer,
575 1917 632 1952 dixitl
639 1918 695 1953 michi
703 1919 767 1953 ductor

65 1980 128 2004 meus:
141 1970 151 1988 “
158 1970 198 2004 Has
203 1971 215 2013 ⁰,
221 1969 284 2014 inquit,
289 1970 403 2005 miserabiles
411 1970 488 2006 feminas
496 1976 514 2005 et
521 1970 562 2005 illos
568 1970 599 2016 qui
606 1972 629 2005 ad
637 1981 671 2005 sue
677 1982 767 2016 erumpne

66 2023 158 2057 cumulum
169 2023 287 2057 vnanimitate
302 2033 401 2067 prauorum
415 2029 488 2058 actuum
503 2023 615 2068 gloriantur⁷
628 2034 662 2058 nec
675 2024 767 2059 illecebris

66 2076 169 2109 carnalibus
180 2075 249 2109 inuolui
260 2080 349 2117 metuunt,
360 2075 395 2109 111Β
407 2076 539 2119 sempiternum
551 2082 569 2109 et
580 2076 704 2110 iehennalium
716 2077 767 2110 ilam-
776 2082 794 2113 55

66 2139 137 2162 marum
149 2128 285 2163 atrocissimus⁹
296 2128 386 2162 cruciatus
398 2135 483 2173 expectat
488 2129 515 2162 ¹⁰3¹
539 2128 585 2163 Inde
597 2128 615 2162 in
629 2129 669 2163 loco
680 2134 731 2163 vaste
745 2139 766 2163 ac

65 2186 113 2215 tetre
121 2180 223 2215 solitudinis
231 2190 297 2224 magna
305 2180 400 2215 altitudine
408 2182 549 2223 domum,totam
557 2192 581 2215 ex
589 2181 637 2215 ferro
645 2180 767 2223 fabrefactam,

66 2233 135 2279 aspexi.
159 2233 215 2268 Cuius
226 2232 280 2268 ianua
292 2234 335 2268 dum
347 2233 410 2278 sepius
421 2235 524 2279 aperiretur
534 2236 634 2279 sepiusque
647 2234 767 2277 clauderetur,

67 2298 110 2321 ecce
121 2286 180 2320 subito
188 2286 293 2320 Willelmus
304 2286 402 2331 episcopus
414 2287 540 2322 dunelmensis
552 2288 631 2321 efferens
637 2286 649 2306 ¹¹
661 2292 714 2331 caput
725 2298 768 2331 pro·

66 2340 132 2384 prium,
145 2339 219 2374 vbinam
235 2339 334 2374 Godfridus
349 2341 451 2374 monachus
466 2347 516 2376 esset
531 2340 614 2384 quesiuit.
645 2340 697 2375 “Hic
713 2341 796 2383 enim,4c

66 2393 130 2438 inquit,
138 2393 161 2427 ad
169 2392 256 2437 placitum
266 2403 327 2427 meum
339 2393 406 2428 adesse
414 2395 489 2430 deberet
494 2394 575 2428 ¹¹-bunc
583 2403 662 2437 namque
670 2393 768 2438 episcopus

86 2486 145 2517 ¹Hist.
154 2488 195 2516 Dun.
203 2488 233 2517 111.
242 2497 265 2517 11.
316 2486 374 2516 'Hist
382 2488 424 2516 Duri.
432 2488 481 2525 1V.9.
534 2486 637 2517 ⁵T.missus.
691 2488 769 2518 *Esco

66 2524 451 2563 ³HD.easpresbiterorumuxoresesscdidici.
491 2525 637 2563 ⁶T.hac;E.hecr
677 2526 769 2566 τ1’11).ι]11ἰ

66 2566 86 2595 ad
94 2566 213 2595 sacrificandum
220 2566 251 2596 deo
258 2565 345 2596 consecrati
352 2571 395 2597 sunt.
471 2566 476 2584 ⁸
487 2566 504 2596 E.
513 2576 538 2596 ne.
614 2566 620 2584 ⁰
631 2567 650 2596 E.
657 2567 768 2597 atrocissimos.

67 2605 78 2622 ¹⁰
90 2605 108 2635 F..
115 2609 205 2643 expectant.
264 2605 275 2624 ¹¹
286 2606 304 2636 E.
312 2605 386 2636 offerens.

411 2665 424 2688 R
