1762 2803
121 137 122 142 ’
147 135 192 190 476
342 132 422 185 moue
437 129 553 193 tantona
569 129 661 194 anglic.
726 131 850 178 [tanne

148 241 272 287 Sapientiam
281 251 357 286 quarum
366 246 418 286 pater
426 252 459 277 rex
467 247 512 285 erat,
520 243 553 277 sed
561 251 648 287 paganus
666 240 727 276 Huius
738 245 799 276 autem
808 251 850 275 con·

148 295 233 330 sobrinus
241 300 315 330 sanetus
323 294 355 329 suit
362 295 451 338 Donatus,
457 295 488 339 qui
496 301 560 340 postea
569 295 629 330 Rome
636 294 705 329 lactus¹
713 306 767 339 papa,
775 293 850 328 nomine

148 348 229 383 mutato¹
243 348 302 383 dictus
320 354 348 383 est
365 348 459 383 Ciriacus:
479 349 510 393 qui
525 350 580 384 etiam
597 348 685 392 occubuit,
703 348 766 382 relicto
783 353 850 392 papatu

149 403 223 437 easdem
236 401 316 446 virgines
330 407 424 446 sequutus,
438 413 480 437 cum
497 402 533 437 illis
549 403 674 447 interemptus.
704 401 776 436 Presata
790 402 851 444 itaque

132 464 141 494 5
150 455 206 489 Lucia
217 456 299 498 prudens
310 460 329 488 et
340 465 430 498 generosa
441 454 501 489 extitit
508 467 545 490 vna
554 457 577 490 de
586 455 717 499 principalibus
724 454 809 489 vndeeim
816 454 851 488 vir-

148 507 221 550 ginibus
236 518 271 549 que
285 507 344 550 capita
356 507 429 540 fuerunt
444 513 462 541 et
478 508 571 551 principes
584 508 639 541 totius
655 507 729 550 [sacri]¹
741 506 817 550 collegii,
833 512 851 540 et

149 560 183 593 hec
195 558 244 592 mille
255 559 322 604 prefuit
330 559 437 604 virginibus,
446 560 532 605 magistra
544 560 615 594 illarum
624 559 710 595 existens
733 559 800 594 Sancta
808 569 850 603 qno-

149 624 185 656 que
197 613 272 646 Osanna
283 618 322 646 erat
333 613 370 646 filia
381 613 457 657 Rogerii
469 615 524 654 ducis¹
537 614 609 658 cognati
621 616 674 648 beate
686 613 772 648 Pinnose.
795 614 851 647 Porro

149 670 212 699 sancta
225 666 325 710 Sapientia,
336 666 388 710 virgo
403 667 479 711 sapiens
493 673 511 701 et
524 666 591 700 nobilis
605 666 656 701 cuius
672 666 726 711 paulo
741 671 784 701 ante
799 676 851 700 men-

123 728 141 750 ιο
149 719 218 752 tionem
226 719 308 761 fecimus
316 720 369 753 beate
377 719 444 753 Vrsule
452 720 567 761 consobrina,
575 731 611 753 vna
620 719 674 753 etiam
686 720 709 752 de
721 718 852 763 principalibus

149 772 239 814 vndecim,
249 773 358 806 auunculum
371 772 449 806 habebat
460 773 479 805 in
491 773 555 806 eodem
568 772 653 806 comitatu
665 782 722 815 sacro,
734 771 851 806 Eustachium

150 825 230 867 nomine,
239 825 269 869 qui
280 835 342 859 comes
351 825 426 859 illustris
438 829 477 860 erat
489 830 507 860 et
518 830 590 869 potens,
598 825 649 860 cuius
657 835 703 860 vxor
715 824 778 859 Sibilia
789 830 853 859 vocata

150 884 184 913 est.
207 878 243 912 Hic
258 879 307 913 idem
322 889 367 913 sane
382 889 443 913 eomes
459 884 530 923 septem
546 879 608 913 habuit
622 879 673 922 filias,
691 889 767 923 quarum
783 889 820 913 vna
834 878 853 913 in

150 937 200 966 terra
209 932 244 965 iam
253 931 323 966 obierat
333 933 400 973 natiua‚
408 932 442 966 sed
453 942 487 966 sen
497 931 566 975 relique
574 931 665 976 virginum
673 933 766 966 beatarum
776 937 853 976 sequute

124 989 194 1025 15sunt
213 984 290 1027 agmina.
321 984 402 1026 Quarum
418 984 492 1017 nomina
507 990 550 1017 sunt
569 984 616 1019 hec:
636 984 739 1028 Margarita,
756 984 853 1027 Florentia,

151 1036 237 1078 Eusebia,
253 1037 358 1080 Margarita,
370 1036 482 1079 Walburgis,
502 1042 520 1071 et
540 1036 650 1071 Eleutheria.
674 1037 745 1071 Harum
763 1036 853 1081 siquidem

151 1100 235 1125 sororum
253 1094 291 1123 tres
307 1089 377 1123 maritis
395 1090 483 1133 copulate,
499 1094 517 1123 et
535 1091 605 1134 relique
624 1096 662 1124 tres
677 1090 757 1134 virgines
776 1090 853 1124 luerunt.

152 1143 206 1178 Pater
217 1142 277 1187 itaque
289 1144 389 1178 earundem
401 1143 480 1177 filiarum
492 1154 531 1185 seu,
542 1149 561 1178 et
572 1149 636 1186 mater,
645 1143 697 1178 tum⁴
705 1143 776 1177 illarum
788 1143 853 1178 affectu

151 1202 190 1230 tum
203 1207 236 1238 spe
249 1196 324 1229 martirii
335 1196 413 1237 excitati,
426 1196 494 1230 relictis
506 1196 623 1239 dignitatibus
633 1201 651 1229 et
663 1195 717 1230 terris
727 1197 799 1238 sequuti
812 1201 854 1229 sunt

125 1259 144 1281 20
152 1248 203 1290 filias,
217 1258 250 1290 pro
265 1247 337 1282 Christo
350 1247 397 1281 mori
410 1247 543 1282 desiderantes.
572 1247 657 1292 Denique
670 1248 719 1282 idem
733 1258 795 1282 comes
808 1247 854 1281 Eus-

151 1301 222 1337 tachius
234 1301 309 1335 fratrem
322 1301 400 1336 habebat
412 1302 520 1346 episcopum
532 1301 562 1346 qui
575 1301 692 1337 Eleutherius
706 1307 735 1336 est
748 1302 854 1346 appellatus.

153 1355 189 1389 Hic
200 1355 288 1397 similiter,
299 1355 369 1389 abiecta
378 1356 495 1399 pontificatus
507 1356 599 1399 dignitate,
613 1356 688 1389 fratrem
698 1361 785 1399 sequutus
797 1361 825 1390 est
837 1361 854 1389 et

153 1413 219 1453 neptes
225 1407 237 1451 ⁵,
247 1408 325 1443 exulans
335 1413 354 1442 et
364 1408 405 1452 ipse
417 1419 451 1452 pro
462 1408 553 1443 domiuol.
577 1408 634 1443 Porro
644 1408 737 1443 comitissa
748 1419 795 1443 vxor
807 1408 854 1442 Eus-

153 1461 207 1494 tachii
215 1461 251 1493 iam
259 1461 301 1494 dicti
309 1461 385 1502 comitis,
394 1461 469 1494 fratrem
480 1461 542 1493 habuit
552 1461 632 1494 nobilem
640 1460 742 1504 principem
750 1466 768 1494 et
775 1462 854 1504 probum

127 1523 145 1554 ²5
153 1513 184 1557 qui
196 1513 254 1546 dictus
265 1518 294 1546 est
306 1513 415 1555 Macharius,
427 1518 445 1548 et
456 1513 485 1547 hic
497 1524 539 1547 cum
550 1518 627 1558 quatuor
639 1513 710 1548 filiabus
721 1513 816 1549 adiunctus
827 1519 855 1549 est

154 1567 195 1602 illis.
218 1566 299 1608 Quarum
305 1577 341 1602 vna
350 1566 454 1610 illargareta
462 1567 560 1608 dicebatur,
568 1566 614 1601 alie¹
622 1567 698 1609 Serena,
707 1566 783 1609 Aleidis,
792 1566 855 1602 Mitro-

154 1618 199 1653 nia¹.
222 1619 320 1654 Helindius
329 1620 383 1653 etiam
391 1620 461 1653 minor¹
469 1622 507 1653 dux
517 1620 587 1661 nobilis,
597 1621 712 1664 supradictus
719 1621 767 1654 filius
778 1621 837 1665 patrui
842 1621 855 1641 ¹⁰

154 1673 208 1706 beate
213 1671 286 1714 Vrsule,
295 1683 336 1707 cum
345 1673 400 1706 Anna
407 1683 464 1707 vxore
475 1673 586 1717 sequebatur
594 1674 639 1707 duas
647 1673 699 1713 filias,
707 1678 789 1708 sanctam
798 1674 855 1717 Spem

154 1730 172 1759 et
187 1726 259 1759 beatam
276 1725 396 1759 Eufrosinam.
423 1725 501 1759 Adhesit
517 1725 636 1760 nihilominus
652 1726 679 1760 eis
693 1727 746 1760 beata
761 1726 855 1766 Blandula,

127 1789 146 1819 30
154 1776 225 1813 comitis
237 1777 331 1812 cuiusdam
342 1776 459 1812 illustrissimi
470 1778 511 1820 lilia,
520 1777 570 1813 cuius
581 1783 639 1813 mater
647 1783 686 1813 erat
694 1783 792 1814 matertera
802 1780 856 1813 beate

154 1830 253 1875 Sapienfie,
262 1830 294 1875 [et]
303 1835 365 1866 sancte
373 1830 440 1865 Vrsule
451 1836 532 1874 cognata.

190 1916 205 1952 tl
217 1914 270 1956 Quod
279 1914 383 1958 quindecim
391 1915 518 1958 principalium
526 1915 618 1960 virginum
626 1915 655 1950 hic
664 1915 722 1950 series
730 1921 819 1957 narratur,

293 1968 378 2011 aciesque
385 1968 513 2002 vniuersarum
522 1970 545 2002 ad
552 1969 586 2002 iter
594 1975 612 2003 et
620 1969 719 2003 instruitur.

177 2024 236 2065 Beata
253 2031 320 2065 Vrsula
337 2036 439 2065 ceterarum
456 2031 526 2066 ductrix
542 2037 560 2066 et
576 2032 644 2077 regina,
659 2038 704 2067 nutu
718 2032 747 2067 dei
761 2032 856 2076 episcopo-

154 2094 232 2128 rumque
244 2084 320 2118 consilio
331 2084 412 2128 quicum
423 2095 444 2118 ea
453 2084 531 2127 luerunt,
540 2085 618 2129 nauigiis
628 2084 737 2130 preparatis
746 2084 839 2119 accercitis
845 2084 857 2104 ¹¹

155 2139 178 2172 ad
186 2149 205 2172 se
212 2137 362 2181 prudentioribus
373 2144 411 2172 tam
422 2138 513 2182 virginum
522 2149 576 2183 quam
588 2138 674 2182 virorum,
682 2143 780 2173 numerant
784 2139 797 2159 ¹¹
805 2139 857 2174 soda-

128 2201 146 2232 55
155 2189 199 2224 lium
218 2191 271 2233 acies,
285 2191 395 2225 constituunt
411 2192 509 2234 principes,
522 2192 591 2234 eligunt
606 2191 744 2235 sapientiores¹¹
760 2192 857 2234 animoque

155 2242 287 2276 constantiores
299 2243 385 2276 undecim
399 2244 485 2287 virgines.
513 2244 583 2276 Diuisis
598 2244 658 2287 itaque
673 2244 764 2287 virginum
779 2245 858 2285 milibus,

156 2295 228 2329 cuilibet
240 2294 341 2327 millenario
352 2306 407 2329 vnam
423 2296 509 2340 delegant
515 2295 527 2314 ¹¹
541 2306 564 2330 ex
578 2295 613 2329 hiis
625 2296 709 2331 undecim
722 2296 827 2339 magIstram
840 2300 857 2330 et

155 2347 262 2391 principem.
288 2347 349 2390 Super
365 2347 451 2382 uniuersa
466 2349 536 2392 quippe
552 2348 664 2382 sacrarum¹¹
678 2348 770 2392 virginum
785 2349 858 2393 agmina

155 2401 190 2435 iste
202 2399 262 2445 prime
272 2399 370 2434 extiterunt
376 2399 388 2420 ¹⁶
396 2407 414 2435 et
423 2401 501 2436 maiores
509 2414 513 2436 z
526 2401 582 2436 Beata
590 2401 662 2445 Vrsula,
670 2402 748 2447 piissimi
758 2403 806 2447 regis
816 2401 858 2444 filia,

175 2469 268 2499 113.s.suit.
327 2469 442 2499 ¹E.mutatus.
500 2470 546 2499 ¹0m.
603 2471 638 2498 ¹13.
646 2480 685 2501 cum.
744 2471 778 2500 ὗΕ.
786 2474 858 2508 nepotes.

155 2508 190 2539 θΒ.
198 2508 267 2538 Christo.
307 2507 377 2538 ¹omrin
385 2508 402 2537 B.
445 2508 567 2539 ¹B.Micronia.
607 2509 704 2541 ¹B.iunior.
746 2510 858 2549 ¹⁰B.patrem.

155 2549 166 2567 ¹¹
178 2550 196 2580 Β,
204 2549 262 2578 accitis.
327 2549 338 2567 ¹¹
349 2549 366 2578 E.
375 2553 462 2578 munerant.
529 2551 540 2568 ¹¹
552 2550 570 2581 B.
578 2551 671 2581 sanctiores.
733 2550 746 2568 ¹¹
756 2550 775 2581 Β.
783 2550 858 2588 deligunt.

155 2588 166 2608 ¹¹
176 2590 194 2620 B.
203 2589 286 2619 sociarum.
327 2587 339 2607 ¹⁶
349 2588 366 2619 E.
374 2593 469 2621 exteterunt.
