1762 2803
107 134 149 179 712
363 121 488 182 opponat
505 123 550 169 111.

126 243 157 277 DE
168 249 246 278 DUOBUS
258 249 365 277 FRATRIBUS
376 249 510 290 baltrammus
521 250 548 276 Ab
560 249 607 285 EUM,
619 249 669 283 Quos
681 251 702 276 IN
714 250 792 277 SPIRITU

146 303 247 330 COGNOUIT
257 303 298 330 DUO
310 303 406 329 FLASCULA
417 303 556 337 noscommssn;
572 303 597 329 ΕΤ
608 303 634 329 DE
646 296 704 336 OBBA,
716 303 774 329 CUIUS

339 355 384 379 PEDI
396 355 418 379 SE
429 355 485 381 SPINA
497 355 577 380 INFIXIT.

110 407 165 484 DE
180 407 256 450 quodam
271 405 375 441 monasterio
389 407 424 441 (luo
438 407 499 441 fratres
514 407 589 442 exierant
603 412 622 441 ut
640 406 662 440 ad
681 406 709 440 dei
727 406 810 440 famulum

171 457 260 491 uenientes
273 458 295 490 ab
308 467 329 491 eo
341 459 395 491 uerba
407 457 465 491 diuine
478 457 589 492 institutionis
602 458 686 491 audirent.
708 458 811 490 Detulerant

107 515 166 543 autem
174 518 231 543 secum
241 508 276 541 duo
287 508 358 542 flascula
368 508 420 550 piena
429 514 481 552 potu:
494 515 511 542 et
521 509 588 549 eadem,
595 514 688 552 antequam
697 512 812 551 peruenerunt

108 560 130 593 ad
138 559 194 593 uirum
202 564 285 598 sanctum,
294 564 405 601 reposuerunt
417 559 435 592 in
446 560 511 601 sabulo,
519 565 536 592 et
547 558 641 601 cespitibus
652 558 785 599 absconderunt,
793 562 812 590 ut

91 618 100 648 5
108 621 129 643 ex
136 610 161 643 eis
169 610 187 641 in
193 608 250 641 reditu
258 618 289 641 suo
296 609 380 643 haberent
390 609 459 651 aliquod
469 608 533 642 itineris
541 608 639 650 laborisque
647 608 732 641 solatium.
755 608 812 640 Vene-

108 664 147 692 rant
158 659 181 691 ad
192 659 263 692 beatum
275 659 389 691 Guthlacum:
400 659 475 702 dumque
483 658 516 691 iilis
527 657 574 691 uerbi
585 657 653 703 celestis
660 658 742 701 pabulum
752 655 812 691 minis·

109 714 167 750 traret,
181 707 198 742 in
212 707 250 751 ipso
263 709 347 742 sermonis
362 720 433 742 excursu
448 710 523 751 quadani
535 714 603 742 matura
617 709 702 751 grauitate
716 707 813 748 subridens,

110 760 184 802 ‘Quam
194 759 255 801 inquit,
266 759 312 792 filioli
323 760 363 799 mei,
372 770 407 791 non
419 759 498 792 attulistis
509 759 599 791 uobiscum
610 758 640 791 iila
650 759 684 791 duo
695 758 772 799 flascula,
780 768 813 800 que

110 809 201 852 operuistis
208 808 263 850 glebis
274 814 290 842 et
301 809 361 841 sabulo
371 806 479 840 infodistis?'
502 809 541 848 Quo
551 808 609 840 audito
620 808 643 840 illi
655 808 751 850 stupefacti,
759 808 813 841 territi

83 866 103 890 ro
111 865 128 892 et
136 859 207 897 confusi,
215 858 282 900 cuipam
292 858 394 891 confitentes
401 857 470 891 ueniam
480 863 551 900 petunt;
563 863 581 891 et
588 857 671 891 licentiati
681 859 704 891 ab
713 868 739 898 eo,
747 864 764 892 et
774 868 814 891 cum

110 907 235 943 benedictionis
245 907 304 949 gracia
315 907 420 949 recedentes,
431 907 524 940 dicebant:
536 908 596 948 ‘Vera
608 908 636 940 hic
648 913 674 940 est
685 908 774 951 propheta,
786 907 814 942 cui

110 959 179 1003 spiritus
191 957 220 993 dei
232 958 312 992 uniuersa
323 957 463 992 reuelat.'-N0n
475 958 531 991 solum
544 965 602 992 autem
614 958 648 992 iam
661 958 683 992 dc
694 959 758 1002 populo
768 959 814 993 Mer·

110 1010 180 1052 ciorum,
193 1009 224 1044 sed
236 1009 258 1042 de
268 1009 339 1042 remotis
351 1008 440 1043 Britannia
452 1008 530 1053 partibus
543 1010 589 1043 sama
601 1009 675 1043 hominis
688 1010 716 1044 dei
729 1010 815 1044 excitabat

110 1072 170 1094 omnes
178 1059 207 1103 qui
215 1059 243 1093 uel
250 1061 311 1092 morbo
319 1060 425 1099 laborabant,
433 1060 461 1092 uei
468 1060 543 1099 maligno
551 1059 611 1101 spiritu
617 1061 728 1100 uexabantur,
735 1061 763 1092 uei
771 1070 814 1103 quos
866 1070 871 1080 ⁶

84 1119 102 1150 15
110 1108 217 1144 necessitatis
224 1108 304 1150 angustia
311 1108 348 1141 siue
355 1107 421 1151 peccati
430 1109 497 1142 sarcina
502 1109 620 1152 pregrauabat·
636 1110 732 1152 Reportant
740 1109 814 1144 vniuersi

110 1166 128 1195 et
141 1159 204 1203 singuli
217 1159 240 1193 de
254 1159 363 1193 tribulatione
376 1159 463 1199 solacium,
475 1159 565 1192 consilium
580 1159 598 1192 in
612 1160 703 1201 ambiguis,
719 1159 741 1193 de
755 1160 815 1193 dolore
830 1202 832 1204 Ι

61 1213 64 1219 “
111 1210 198 1252 gaudium,
207 1209 229 1242 de
235 1206 307 1251 peccato
315 1209 367 1243 etiam
374 1215 404 1242 aut
412 1209 487 1251 corporis
495 1208 580 1242 anxietate
588 1209 688 1242 remedium.
707 1209 749 1243 Erat
757 1215 815 1243 autem
830 1210 834 1217 '

112 1259 130 1293 in
139 1261 167 1294 illa
175 1258 281 1294 confluencia
291 1259 394 1302 populorum
403 1259 474 1302 quidam
486 1258 538 1292 Obba
548 1255 622 1300 nomine,
631 1270 689 1292 tornes
700 1260 745 1293 illius
756 1259 815 1300 magni

112 1309 166 1343 exulis
177 1309 293 1349 Aethelbaidi‚
301 1308 330 1351 qui
341 1308 364 1342 ad
375 1308 409 1342 hoc
420 1307 516 1351 specialiter
523 1306 560 1341 ibat
570 1314 589 1341 ut
600 1319 619 1341 se
629 1308 661 1341 uin'
670 1309 698 1342 dei
710 1309 815 1342 orationibus

86 1372 105 1393 20
113 1360 247 1393 commendaret.
270 1357 346 1399 Contigit
358 1369 399 1391 uero
411 1363 430 1391 ut
441 1369 460 1390 se
473 1357 517 1394 iilius
531 1357 605 1391 hominis
619 1358 659 1401 pedi
671 1358 721 1402 spina
732 1358 816 1394 uirulenta

113 1409 195 1452 infigeret,
203 1420 224 1444 ac
231 1409 294 1452 pedem
301 1408 355 1452 ipsius
363 1419 417 1452 usque
425 1409 447 1443 ad
458 1414 522 1443 cratem
529 1408 620 1443 enormiter
628 1410 743 1444 transforaret.
766 1409 816 1453 Cepit

113 1461 170 1503 itaque
178 1471 218 1495 eum
228 1460 277 1494 dolor
288 1458 399 1494 intolerabilis
411 1459 484 1501 anxiare,
493 1460 571 1503 cepitque
582 1471 593 1493 a
604 1461 663 1502 planta
672 1460 722 1502 pedis
732 1472 786 1504 usque
793 1461 816 1494 ad

112 1512 180 1544 lumbos
191 1515 240 1545 tanto
251 1516 317 1543 tumore
331 1517 433 1551 turgescere,
447 1515 465 1542 ut
477 1510 500 1542 de
514 1509 550 1542 uita
563 1509 616 1551 ipsius
627 1515 697 1551 possent
712 1520 772 1543 omnes
787 1510 816 1552 qui

113 1561 185 1594 aderant
196 1561 292 1601 desperare.
315 1559 393 1592 Audiens
404 1559 438 1592 hoc
448 1559 509 1592 beatus
521 1555 621 1598 Guffliacus,
629 1558 675 1592 iubet
683 1570 722 1592 eum
729 1560 786 1593 afferri
794 1559 817 1593 ad

87 1622 105 1652 ²5
114 1620 143 1651 sc;
156 1615 173 1643 et
180 1619 244 1642 exuens
252 1608 325 1641 cilicium
333 1609 351 1641 in
358 1619 392 1651 quo
400 1608 465 1640 solebat
474 1618 529 1649 orare,
537 1607 594 1651 ipsum
601 1608 724 1644 circumdedit:
736 1609 817 1652 dictoque
875 1640 877 1642 .

114 1657 167 1693 cicius
176 1659 226 1701 spina
233 1657 283 1701 quasi
292 1658 355 1701 sagitta
364 1659 428 1691 emissa
435 1657 458 1691 ab
468 1668 508 1692 arcu
519 1659 541 1691 de
548 1659 593 1700 pede
601 1658 645 1692 iliius
656 1659 745 1701 prosiluit;
757 1660 817 1693 subse-

114 1709 173 1751 ditque
180 1709 198 1742 in
205 1714 293 1741 momento
303 1713 365 1749 tumor,
373 1713 391 1741 et
398 1707 461 1741 doloris
469 1707 548 1749 angustia
556 1708 658 1751 conquieuit.
681 1709 713 1742 llle
720 1720 760 1742 uero
768 1710 818 1752 plene

114 1758 203 1792 ualitudini
211 1757 303 1798 restitutus,
312 1768 351 1792 curn
361 1757 457 1798 graciarum
468 1757 536 1791 actione
546 1756 590 1791 letus
597 1763 614 1791 et
622 1758 711 1792 incolumis
718 1759 741 1792 ad
748 1758 818 1802 propria

112 1807 200 1842 remeauit.

134 1882 165 1913 DE
176 1887 311 1914 ORDINATIONE
322 1887 380 1913 ΒΕΑΤΙ
391 1880 496 1914 Cumano}
507 1887 531 1913 AB
543 1887 634 1915 briscono
646 1881 724 1923 Hanni,
735 1888 760 1914 ET
770 1888 797 1914 DE

176 1934 284 1975 erslno,
295 1940 354 1967 CUIUS
365 1940 456 1967 nnsnm'rls
467 1940 533 1967 UERBA
544 1941 629 1968 SANCTUS
641 1934 759 1969 GUTflanos

306 1993 384 2021 SPIRITU
395 1993 512 2020 REUELANTE
523 1993 628 2020 COGNOUIT.

88 2054 107 2083 30
158 2047 222 2079 Vidam
229 2046 320 2087 episcopus
329 2045 393 2078 Hedda
402 2045 477 2084 nomine,
485 2047 532 2078 fama
542 2046 585 2078 tanti
596 2046 672 2079 hominis
683 2052 735 2089 atque
743 2047 818 2080 miracu-

180 2096 235 2130 lorum
246 2094 301 2137 gloria
312 2095 400 2137 excitatus,
411 2095 492 2129 ueniebat
505 2095 564 2129 uidere
577 2095 742 2131 desideratissimam
755 2098 819 2131 faciem

115 2147 159 2181 tanti
174 2146 211 2180 uiri.
234 2146 278 2179 Cum
292 2157 333 2188 ergo
345 2153 391 2179 esset
403 2146 421 2178 in
435 2147 469 2187 uia,
482 2146 538 2180 clerici
550 2147 587 2180 eius
599 2154 681 2190 ceperunt
693 2148 715 2181 de
728 2148 819 2182 sanctitate

116 2198 162 2232 beati
171 2196 257 2239 Guthlaci‚
265 2198 287 2230 de
294 2197 394 2231 austeritate
401 2197 436 2231 uite
443 2197 485 2238 eius,
493 2198 517 2231 de'
526 2198 623 2232 humilitate
633 2204 650 2232 et
662 2198 761 2240 prudencia,
769 2209 789 2231 ac
797 2199 819 2232 de

116 2247 204 2282 miraculis
215 2248 292 2279 conferre
303 2247 326 2279 ad
336 2246 415 2286 inuicem,
427 2246 537 2289 diuinamque
548 2247 566 2280 in
577 2258 598 2280 eo
612 2248 721 2289 magnificare
733 2247 819 2281 uirtutem.

90 2304 108 2336 35
117 2299 161 2332 Erat
165 2297 210 2330 inter
214 2306 244 2330 eos
251 2296 322 2338 quidam
328 2296 397 2330 nomine
402 2295 506 2337 Wiltn'dus1,
511 2296 540 2339 qui
547 2297 592 2339 cepit
597 2298 722 2339 quadamuana
728 2297 820 2331 iactatione

117 2348 179 2388 dicere,
188 2346 205 2380 in
213 2345 290 2389 proximo
297 2355 316 2378 se
324 2344 405 2378 sciturum
413 2345 427 2379 si
435 2346 475 2379 talis
483 2353 530 2380 esset
537 2347 606 2390 qualem
614 2356 654 2380 cum
662 2346 709 2381 fama
720 2348 820 2391 predicaret.

118 2400 123 2417 ‘
128 2399 172 2440 Ego,
187 2396 248 2441 inquit,
263 2396 293 2429 diu
308 2403 418 2430 conuersatus
433 2407 471 2431 sum
486 2398 533 2440 apud
548 2399 615 2439 scotos,
629 2397 657 2431 ubi
673 2397 707 2432 uidi
723 2399 820 2441 pseudoan-

118 2449 204 2483 achoritas
216 2447 325 2481 simulatione
337 2447 433 2480 sanctitatis
444 2447 518 2489 speciem
528 2448 654 2489 pretendentes,
663 2449 706 2481 alios
716 2448 768 2481 ctiam
779 2449 820 2481 noui

117 2504 177 2533 sancte
188 2497 275 2539 religionis
287 2496 386 2530 uerissimos
398 2496 507 2539 professores.
529 2498 566 2530 Vsu
576 2506 617 2540 ergo
625 2503 642 2531 et
650 2497 758 2541 experiencia
766 2496 820 2532 sciam

414 2551 420 2571 ¹
429 2553 451 2584 al.
458 2552 530 2593 Wigsrid.
