1762 2803
263 117 309 173 Dr
324 115 424 169 &aaut
440 117 578 175 utcontra.
728 125 773 177 369

70 236 145 271 metrice
160 235 209 280 artis,
224 235 342 278 astronomie,
357 241 375 271 et
390 236 503 272 arithmetice
518 237 643 272 ecclesiastice
658 237 774 284 disciplinam

70 291 118 325 inter
125 300 219 325 sacrorum
228 289 302 336 apicum
309 289 402 326 volumina
410 289 448 326 suis
458 291 571 326 auditoribus
580 292 700 326 tradiderunt.
720 291 775 326 Vnde

71 350 89 379 ct
98 344 182 388 plerique
191 355 255 379 eorum
265 343 349 388 discipuli
359 343 434 378 latinam
441 354 552 390 grecamque
560 344 640 389 linguam
649 355 696 390 eque
704 350 723 380 vt
733 355 775 390 pro-

70 397 129 442 priam
140 396 159 431 in
169 408 206 441 qua
216 397 254 432 nati
264 404 307 432 sunt
317 402 413 432 nonerunt.
435 398 469 432 Set
479 404 497 431 et
506 408 563 432 sonos
571 398 656 432 cantandi
665 398 684 431 in
692 397 776 439 ecclesia,

71 460 117 493 quos
128 455 204 484 eatenus
213 449 232 483 in
241 449 308 484 Cancia
318 454 388 483 tantum
397 454 493 491 nouerant,
500 450 523 483 ab
534 450 568 483 hoc
576 455 660 494 tempore
667 460 702 494 per
709 454 793 486 omnes⁵

71 502 174 544 Anglorum
182 501 270 535 ecclesias
277 502 349 536 discere
357 508 452 546 ceperunt,
471 503 535 548 ltaque
542 502 651 537 Theodorus
659 502 775 547 perlustrans

71 553 163 596 uniuersa,
177 554 267 589 ordinauit
279 555 324 590 locis
337 555 432 600 oportunis
446 556 549 600 episcopos,
560 556 619 590 tenuit
632 555 724 598 concilia¹,
736 566 777 589 cor·

71 607 119 641 rexit
133 607 247 651 imperfecta,
260 608 329 643 iidemz
344 608 451 643 catholicam
466 608 534 653 ubique
549 608 656 652 predicauit,
673 607 776 642 sanctitatis

71 659 163 703 exemplis
171 670 204 694 sua
211 661 320 695 documenta
327 660 426 695 illustrans.
449 660 589 695 Ordinationern
597 661 655 695 sancti
662 661 731 699 Cedde,
738 671 776 694 non

72 712 106 745 rite
114 713 221 754 consecrati,
228 718 248 747 vt
258 714 277 747 in
285 714 326 747 eius
332 713 370 747 vita
378 713 463 758 superius
471 718 526 758 patet,
532 713 648 748 confirmauit
652 713 664 749 ³.
710 705 776 748 Huius
786 725 805 746 re

72 764 183 800 sanctissimi
189 766 282 800 Theodori
291 772 376 812 ternpore
384 778 421 801 non
431 767 491 801 solum
498 766 562 802 Grecis
570 773 588 802 et
597 766 667 802 Latinis
674 767 776 803 litterarum

73 818 174 863 gymnasiis
180 819 192 862 ⁴,
204 821 237 854 sed
248 820 302 855 etiam
313 826 417 855 sanctoruni
429 821 510 855 maxime
520 821 622 865 frequentia
629 820 688 855 instar
698 820 777 856 clarissi-

72 882 144 906 morum
156 872 237 908 siderum
247 879 285 908 tota
295 874 409 918 resplenduit
417 873 490 918 Anglia·
512 873 535 908 Et
545 874 622 908 audiens
633 875 690 909 fidem
698 873 777 909 ecclesie

73 936 108 967 per
117 925 198 959 heresim
211 926 311 960 Euticetis³
322 926 525 970 constantinopolitani³
536 926 614 960 multum
626 936 669 961 esse
681 925 777 966 turbatam,

74 977 106 1019 [et]
115 977 202 1011 ecclesias
212 978 315 1023 Anglorum
326 979 349 1013 ab
361 978 465 1013 huiusmodi
476 979 517 1013 labe
528 978 621 1013 immunes
632 978 735 1023 perdurare
746 978 804 1022 cle-15

73 1030 161 1070 siderans,
173 1031 248 1066 collecto
260 1032 375 1066 sacerdotum
387 1032 520 1076 doctorumque
531 1037 577 1074 cetu,
589 1031 641 1066 cuius
657 1037 721 1067 essent
732 1031 776 1066 fidei

73 1083 139 1127 singuli
151 1084 226 1119 sedulus
237 1084 345 1129 inquirebat,
357 1085 475 1130 omniumque
488 1086 594 1120 unanimem
607 1085 626 1119 in
639 1085 676 1120 fide
687 1085 776 1120 catholica

73 1136 156 1181 repperit
165 1149 282 1173 consensum.
304 1138 358 1173 Vnde
369 1144 387 1173 et
398 1139 446 1173 idem
458 1144 533 1173 sanctus
543 1144 595 1183 pater
603 1140 626 1173 ad
637 1139 776 1173 instructionem

73 1192 189 1234 sequentium
196 1191 261 1226 litteris
269 1191 316 1226 inter
323 1197 384 1226 cetera
391 1191 433 1225 talia
441 1192 570 1226 commendare
579 1193 658 1225 curauit:
667 1192 776 1225 ‘Credimus

74 1249 92 1276 et
103 1249 209 1278 constanter
220 1244 334 1286 confitemur,
343 1243 444 1278 secundum
455 1248 518 1287 patres
529 1249 608 1286 sanctos,
616 1243 692 1289 proprie
699 1248 776 1278 etvera-
786 1254 805 1277 to

74 1296 119 1331 citer
133 1301 204 1340 patrem
219 1302 237 1331 et
252 1296 310 1331 filium
325 1302 344 1330 et
359 1296 443 1340 spiritum
459 1302 548 1339 sanctum,
563 1297 662 1331 trinitatem
677 1297 695 1329 in
708 1297 777 1332 unitate

74 1349 254 1393 consubstantialem,
266 1355 284 1385 et
296 1349 384 1385 vnitatem
396 1350 415 1384 in
428 1348 515 1392 trinitate,
528 1349 562 1384 hoc
576 1355 609 1391 est,
622 1360 679 1384 vnum
691 1350 746 1384 deum
758 1349 777 1384 in

74 1403 132 1435 tribus
144 1402 276 1447 [subsistenciis
284 1403 334 1447 νεὶ]τ
342 1403 427 1448 personis
438 1402 629 1444 consubstantialibus,
639 1403 710 1447 equalis
720 1402 777 1447 glorie

75 1461 93 1489 et
104 1456 190 1490 honoris.¹
214 1457 237 1491 Et
248 1463 290 1501 post
301 1456 358 1490 multa
369 1468 405 1500 que
417 1456 440 1490 ad
454 1456 496 1490 fidei
509 1456 644 1490 contessionem
656 1456 778 1500 pertinebant,

75 1509 158 1552 scrIpsit:
171 1509 295 1554 ‘Suscipimus
307 1514 380 1544 sanctas
391 1514 409 1543 et
420 1509 536 1543 vniuersales
547 1509 629 1553 quinque
641 1509 723 1552 synodos
735 1510 778 1543 bea·
787 1520 805 1551 25

75 1565 135 1595 torum
139 1568 224 1605 patrum:
233 1562 344 1607 suscipimus
349 1567 367 1595 et
375 1561 498 1606 glorificamus
506 1561 601 1595 dominum
609 1567 694 1595 nostrum
703 1560 778 1596 ihesum

76 1613 169 1648 Christum
182 1615 229 1649 sicut
241 1615 267 1649 illi
279 1615 432 1659 glorificauemnt‚
443 1614 488 1648 nihil
501 1614 590 1648 addentes
602 1613 631 1648 vel
642 1613 778 1654 subtrahentes,

76 1673 93 1701 et
101 1668 224 1712 glorificamus
232 1668 288 1703 deum
295 1672 366 1713 patrem
377 1667 417 1703 sine
428 1666 484 1710 initio,
492 1672 511 1702 ct
518 1666 576 1702 filium
584 1668 624 1702 eius
631 1668 745 1713 unigenitum
753 1679 777 1702 ex

75 1727 128 1764 patre
143 1722 225 1766 genitum
240 1728 283 1757 ante
298 1722 365 1763 secula,
377 1727 395 1756 et
410 1721 495 1765 spiritum
511 1726 595 1755 sanctum
610 1721 742 1764 procedentem
755 1732 779 1755 ex

76 1780 128 1817 patre
140 1781 158 1809 et
170 1775 207 1809 filio
218 1774 369 1817 inenarrabiliter,
381 1774 428 1808 sicut
439 1774 581 1818 predicauerunt
593 1773 618 1807 hii
630 1784 677 1817 quos
688 1784 779 1808 memora·
787 1790 807 1818 30

77 1828 139 1860 ulmus
150 1829 208 1861 sancti
219 1828 302 1871 apostoli,
310 1828 406 1871 prophete,
416 1832 434 1859 et
445 1827 540 1860 doctores.¹
589 1819 665 1869 Agatho
674 1835 719 1860 vero
730 1836 778 1869 papa

77 1879 96 1912 in
106 1879 180 1913 basilica
190 1880 287 1914 saluatoris
298 1879 358 1914 Rome
368 1879 403 1914 illis
414 1879 478 1913 diebus
490 1879 509 1912 in
521 1877 608 1912 concilio8
618 1878 702 1923 scripsit:
715 1878 779 1912 ‘Diffi-

76 1933 138 1967 nimus
154 1939 172 1967 et
186 1933 283 1967 statuimus
296 1937 315 1966 ut
329 1931 471 1976 vnumquodque
486 1941 564 1975 regnum
579 1930 598 1964 in
612 1930 706 1965 Britannia
719 1931 779 1966 insula

77 1987 195 2021 constitutum
203 1987 269 2021 habeat
277 1986 379 2021 secundum
388 1984 519 2019 moderaminis
530 1994 635 2018 mensuram
642 1984 778 2028 prouinciarum

77 2040 174 2084 episcopos
185 2040 210 2074 ita
221 2044 303 2081 statutos,
310 2044 329 2073 vt
341 2037 395 2073 simul
406 2048 471 2071 omnes
483 2048 524 2071 cum
537 2037 675 2082 archiepiscopo
683 2038 779 2073 duodecim
788 2049 807 2079 35

77 2092 195 2128 ecclesiarum
216 2093 301 2137 presules
323 2097 446 2130 numerentur,
465 2101 512 2133 quos
531 2090 685 2133 archiepiscopus,
703 2091 734 2134 qui
757 2093 779 2125 ah

45 2140 48 2143 ’
78 2144 127 2188 [hac]
134 2145 141 2164 ⁷
148 2145 247 2189 apostolica
258 2144 303 2179 sede
313 2143 362 2191 pallii
373 2144 442 2178 honore
450 2143 551 2185 decoratur,
559 2143 649 2188 prouehat
657 2148 712 2188 atque
720 2155 780 2179 sacer-

78 2198 132 2232 dotali
143 2201 201 2243 gradu
211 2210 243 2233 eos
254 2199 341 2234 canonice
351 2197 427 2240 ordinet,
435 2196 530 2242 ipsiusque
541 2202 611 2232 tanturn
623 2197 733 2232 ordinationi
744 2197 781 2232 sint

78 2253 159 2288 subiecti.
182 2254 282 2288 Statuimus
295 2253 351 2288 etiam
361 2257 381 2287 vt
392 2251 495 2297 quicunque
509 2251 626 2285 ecclesiastici
639 2251 713 2294 ordinis,
725 2253 781 2286 armis

78 2315 115 2340 non
122 2312 200 2349 Vtuntur,
206 2317 240 2341 nec
248 2306 350 2341 citharedas
358 2306 438 2340 habeant
445 2305 474 2339 vel
480 2316 588 2349 quecunque
596 2305 739 2349 simphoniacal,
746 2316 781 2340 nec
789 2314 810 2345 40

79 2369 196 2404 quoscunque
204 2359 254 2394 iocos
261 2360 291 2394 vel
298 2361 351 2394 ludos
358 2365 400 2393 ante
408 2370 429 2393 se
438 2358 535 2401 (exerceri)
540 2357 554 2378 ¹⁰
563 2358 680 2401 permittant:
692 2358 735 2403 quia
742 2369 781 2392 om-

79 2411 109 2447 nia
118 2413 153 2448 hec
163 2413 259 2457 disciplina
269 2418 331 2448 sancte
342 2411 419 2447 ecclesie
428 2411 534 2447 sacerdotes
543 2411 608 2445 fideles
617 2421 661 2445 suos
668 2410 737 2446 habere
744 2421 782 2445 non

85 2496 210 2529 ‚¹E.consilia
255 2496 382 2535 'Eidemque
429 2495 611 2527 ’Bcdconsummauit
661 2494 782 2534 ¹T.gygnasis.

79 2534 214 2576 ⁵r.Eutychetis.
269 2537 326 2568 ⁶Bed.
334 2537 477 2576 Constantinopoli.
532 2535 693 2574 ³s0T.;om.inE.
746 2535 781 2567 ¹E.

80 2577 151 2610 consilio.
211 2577 258 2609 ⁹Vit.
266 2578 366 2617 symphonia
406 2603 408 2607 .
426 2577 438 2595 ¹⁰
448 2587 479 2609 orn.
486 2577 503 2607 in
509 2577 528 2609 T.
535 2577 568 2609 Vit.

102 2646 141 2671 vot.
149 2647 168 2671 11.
416 2645 428 2669 a
436 2635 448 2670 b
