1762 2803
92 136 95 142 ’
128 158 171 212 652
193 218 195 223 ,
391 144 514 214 nnumin
531 154 562 199 u.

282 279 314 312 DR
326 286 399 313 PUELLA
411 285 487 311 ELlENSl
498 286 552 311 MUTA
563 285 588 311 ET
598 285 678 312 SANATA.

167 344 218 378 Uelia
226 345 299 386 quedam
310 344 377 378 eliensis
389 344 446 386 lingue
455 354 485 378 sue
497 344 616 378 modulacione
628 344 709 386 priuatur,
720 345 776 388 lingue
784 349 828 390 regi·

187 393 233 426 mine
245 394 333 435 alienatur,
340 394 368 427 vix
375 394 423 427 uocis
435 394 568 427 obmutescentis
580 394 656 427 exalacio
667 395 759 437 retinetur;
772 397 829 441 sicque

127 450 175 478 muta
182 454 250 487 prorsus
258 445 303 477 facta
311 444 377 478 diucius
388 444 438 478 siluit.
462 445 541 477 Tandem
552 450 608 478 mater
619 444 655 477 eius
666 445 755 479 admonita
766 447 828 488 glorio-

128 493 196 529 sissimo
205 494 241 536 regi
249 500 266 529 et
273 494 337 528 martiri
347 495 441 528 Edmundo
452 504 490 528 eam
501 494 577 528 adducit
599 495 623 528 Et
630 494 671 537 quia
678 494 765 536 genitricis
773 497 829 537 genita

110 546 184 582 5minus
196 544 291 587 supplicare
303 545 362 587 potuit,
373 555 403 588 pro
417 544 474 588 genita
486 544 559 587 genitrix
570 544 651 578 deuocius
663 543 747 586 supplicat
759 550 775 578 et
787 554 828 589 orat,

127 596 260 638 assistentesque
266 601 345 638 precatur
352 595 433 639 quatinus
438 607 468 638 pro
474 602 515 628 nata
521 600 568 628 muta
575 593 649 637 presenti
656 594 679 627 ad
687 594 738 627 deum
746 595 763 627 in
769 603 828 630 sancto

128 656 164 684 suo,
172 651 189 678 et
197 646 220 678 ad
228 651 307 678 sanctum
315 645 332 676 in
340 647 373 678 deo
381 655 417 685 suo,
426 645 524 687 suppliciter
529 644 640 677 intercedant.
654 644 720 686 Quibus
728 645 816 678 orantibus
824 658 827 679 z

127 696 191 728 clamat
199 700 216 727 et
224 695 308 728 exclamat
316 695 372 728 subito
380 700 433 736 muta,
440 705 475 727 non
483 694 541 736 utique
549 699 597 727 muta
608 699 633 727 set
641 692 707 726 meritis
715 694 769 726 sancti
777 695 828 729 collo·

128 756 182 788 quens
197 746 262 787 puella;
278 746 323 779 inter
337 751 402 779 ceteros
415 755 482 787 quoque
494 755 525 787 pro
540 744 602 778 eadam
617 750 685 777 orantes
698 750 741 784 orat,
755 750 772 778 et
785 745 828 779 inter

101 807 120 827 ιο
128 802 217 838 precantes
229 802 312 837 precatur.
336 797 376 828 Hoc
383 795 433 836 igitur
441 795 543 827 miraculum
553 799 633 835 operatus
641 800 667 827 est
674 793 717 826 deus
725 792 743 826 in
751 795 828 837 sollemp-

128 846 182 878 nitate
199 844 302 877 sanctissimi
314 843 414 877 confessoris
430 844 456 877 sui
469 844 546 885 lurmini,
558 854 589 885 per
599 842 661 876 merita
675 842 744 884 gloriosi
755 844 800 885 regis
811 852 828 879 et

128 894 201 927 martiris
209 894 234 926 sui
242 893 335 926 Edmundi.

157 983 187 1014 DE
199 989 250 1015 UOTO
262 990 334 1015 MILITIS
346 990 492 1016 LINCOLNIENSIS
504 991 529 1015 ET
539 980 621 1015 VXORIS1
633 989 677 1015 EIUS
689 989 727 1014 PRO
738 989 800 1015 PROLE

430 1041 527 1065 HABENDA.

170 1097 235 1130 ldimus
249 1098 302 1130 oculis
315 1102 332 1129 et
346 1097 416 1130 auribus
431 1097 494 1130 nostris
508 1096 605 1129 audiuimus
618 1097 708 1130 ecclesiam
723 1095 777 1128 sancti
793 1096 828 1128 Ed·

191 1146 250 1180 mnndi
258 1148 345 1190 quondam
357 1147 428 1180 militem
437 1147 487 1180 valde
498 1148 579 1179 deuotum
591 1146 659 1188 intrare,
671 1152 687 1179 et
699 1155 781 1187 sponsam
792 1145 827 1178 eius

102 1207 119 1237 15
128 1197 221 1231 formosam
228 1207 267 1230 cum
275 1198 309 1230 filio
321 1208 352 1231 suo
359 1203 377 1231 et
384 1196 434 1230 vnico
445 1197 507 1230 cliente
518 1197 633 1230 subsecutam.
656 1196 689 1239 Qui
697 1196 743 1229 sacta
750 1194 828 1229 oracione
841 1209 842 1212 ¹

128 1248 207 1281 custodes
222 1247 279 1280 feretri
294 1253 311 1280 et
324 1247 367 1280 alios
380 1248 474 1281 monachos
487 1246 587 1280 assistentes
602 1246 634 1279 sibi
649 1247 722 1279 affatur:
735 1247 740 1264 ¹
747 1246 762 1278 0
777 1244 828 1278 dilec-

127 1296 189 1330 tissimi
200 1304 217 1329 et
230 1304 289 1330 sancte
300 1297 386 1339 religionis
398 1297 434 1338 viri,
447 1297 586 1330 lincolniensibus
598 1307 664 1338 egoque
675 1294 776 1328 vxor²mea
789 1305 828 1328 con-

128 1346 190 1379 finibus
201 1347 236 1379 nati
248 1353 265 1380 et
277 1347 349 1387 educati,
357 1348 394 1388 lege
403 1346 487 1387 coniugali
498 1352 563 1388 septem
573 1356 656 1379 annorum
666 1344 769 1388 repeticione
776 1344 829 1377 vitam

128 1395 225 1429 adinuicem
232 1396 348 1438 produximus,
356 1402 382 1429 set
390 1395 430 1437 quia
441 1396 505 1438 prolem
517 1406 552 1428 non
564 1395 658 1438 genuimus,
667 1400 726 1428 votum
737 1395 770 1428 deo
782 1394 828 1426 uoui-

102 1459 120 1480 20
128 1456 166 1480 mus
174 1451 211 1479 tota
221 1446 277 1479 cordis
285 1446 381 1479 intencione
388 1452 406 1479 vt
414 1446 428 1478 si
439 1446 481 1478 deus
492 1445 542 1478 nobis
554 1445 655 1478 concederet
666 1446 731 1488 prolem
742 1454 828 1487 generare,

128 1502 196 1529 nosmet
204 1495 250 1538 ipsos
258 1496 328 1529 omnino
336 1507 406 1539 corpore
413 1502 430 1529 et
440 1496 499 1528 anima
507 1501 524 1529 et
531 1496 597 1538 prolem
606 1495 669 1538 pariter
676 1493 765 1528 seruituti³
773 1494 801 1527 dei
812 1500 829 1527 et

128 1545 230 1578 sanctissimi
242 1546 315 1579 martiris
326 1545 415 1578 Edmundi
423 1545 470 1578 omni
479 1551 556 1587 tempore
563 1546 597 1578 nte
605 1550 663 1578 nostre
674 1545 730 1586 subdi,
739 1544 829 1585 humiliari,

128 1604 221 1637 eorumque
233 1595 321 1628 voluntate
332 1596 381 1628 finiri.
404 1596 437 1628 Dei
449 1595 507 1637 gracia
518 1595 598 1628 exaudita
610 1601 636 1628 est
648 1595 704 1628 oracio
715 1601 783 1627 nostra:
801 1594 828 1626 dei

129 1642 187 1685 gracia
198 1650 265 1677 nosmet
273 1643 320 1687 ipsos
331 1651 348 1677 et
360 1645 413 1677 filium
424 1650 501 1677 nostrum
511 1644 612 1678 miraculose
620 1644 671 1678 nobis
680 1645 762 1677 donatum
770 1644 803 1676 deo
813 1649 829 1676 et

101 1709 119 1739 ²⁵
128 1695 237 1728 sanctissimo
245 1695 337 1727 Edmundo
345 1694 436 1737 offerimus,
445 1701 525 1737 rogantes
534 1695 613 1737 quatinus
622 1695 674 1728 deum
681 1701 698 1728 et
706 1701 784 1729 sanctum
793 1692 828 1727 eius

129 1744 241 1777 Edmundum
249 1755 280 1787 pro
288 1750 336 1777 tanto
344 1745 426 1778 miraculo
434 1746 531 1778 collaudare
538 1746 594 1779 velitis
602 1751 619 1779 et
626 1745 731 1788 glorificare?

164 1831 194 1864 DE
206 1839 304 1866 CANONICO
315 1840 340 1865 ET
350 1839 394 1865 EIUS
406 1839 526 1866 PARENTIBUS
537 1839 561 1865 ΑΒ
573 1838 702 1866 INFIRMITATE
713 1838 797 1865 snunTls.

131 1897 235 1973 IOhannes
243 1897 313 1938 quidam
325 1897 417 1931 canonicus
429 1897 485 1931 sancti
494 1896 569 1931 Oswaldi
577 1898 599 1931 de
608 1896 701 1931 Leicestria
708 1909 748 1930 cum
755 1902 803 1940 patre
812 1901 829 1929 et

174 1953 233 1987 matre,
240 1954 266 1980 set
273 1947 326 1980 etalii
334 1948 356 1981 de
363 1948 416 1989 stirpe
424 1959 460 1988 sua,
469 1948 533 1989 pariter
538 1953 659 1989 egrotauerunt
664 1958 718 1990 usque
724 1948 746 1981 ad
752 1952 829 1980 mortem.

128 1996 213 2039 Quocirca
220 1997 325 2030 medicorum
333 2008 374 2030 cura
381 1998 399 2030 in
407 2004 490 2040 quantum
501 1997 556 2040 potuit
567 1997 657 2038 laborauit,
665 1997 743 2040 victaque
754 1996 829 2035 tandem,

101 2064 120 2092 30
127 2046 217 2079 nobiscum
223 2046 242 2088 (l)
251 2048 306 2079 eciam
314 2047 368 2087 victis,
374 2048 463 2080 succubuit
471 2053 488 2079 et
496 2048 562 2089 puduit.
582 2049 597 2080 O
605 2048 665 2089 pudor,
673 2059 684 2079 o
692 2048 765 2088 gemitus
772 2048 776 2079 1
788 2045 829 2087 quid

128 2096 173 2130 ualet
188 2096 216 2129 hic
232 2097 320 2129 medicus?
348 2097 401 2130 Nulla
416 2097 467 2139 igitur
481 2097 510 2130 via
524 2097 584 2130 salutis
599 2096 656 2130 auxilii
670 2097 741 2130 humani
755 2100 829 2140 patente,

128 2147 198 2188 uitaque
208 2146 236 2179 vix
247 2151 352 2189 remanente,
364 2152 405 2180 uota
418 2153 501 2180 uouerunt
513 2148 546 2180 deo
558 2152 576 2179 et
588 2152 648 2180 sancto
662 2157 693 2180 suo
707 2146 829 2190 gloriosissimo

128 2196 221 2231 Edmundo
233 2207 264 2238 pro
275 2198 330 2230 salute
341 2197 444 2240 optinenda:
458 2208 510 2240 quam
524 2198 606 2232 maturius
618 2204 635 2231 et
648 2198 719 2232 celerius
733 2204 773 2232 uoto
784 2197 829 2230 facto

128 2245 156 2280 dei
167 2246 225 2287 gracia
236 2246 350 2280 obtinuerunt.
374 2247 408 2288 Qui
420 2253 479 2290 postea
491 2258 530 2280 cum
541 2248 588 2281 omni
596 2247 690 2281 deuocione
701 2253 718 2281 et
726 2247 783 2281 cordis
790 2256 828 2279 con-

101 2311 120 2340 35
128 2294 200 2328 tricione
213 2301 249 2326 tum
260 2296 339 2337 precibus
352 2303 389 2329 turn
402 2297 460 2338 precio
473 2304 514 2329 uota
528 2299 646 2339 persoluentes
662 2299 685 2330 ad
700 2304 779 2331 sanctum
794 2297 829 2328 Ed-

128 2344 212 2378 mundum
224 2351 338 2385 accesserunt,
348 2352 418 2379 orantes
430 2352 448 2379 vt
460 2346 487 2378 dei
499 2353 516 2380 et
528 2347 583 2379 sancti
597 2348 685 2380 Edmundi
698 2347 799 2380 miraculum
812 2345 829 2377 in

128 2403 187 2428 eorum
199 2399 285 2427 maturata
296 2400 314 2427 et
327 2395 391 2437 patenti
405 2396 478 2429 sanitate
493 2396 611 2430 manifestetur
624 2402 641 2430 et
655 2397 781 2439 multiplicetur.
804 2394 829 2428 Si·

128 2445 197 2488 quidem
207 2451 253 2478 totus
263 2452 357 2479 conuentus
367 2446 425 2480 audito
435 2446 518 2480 miraculo
530 2446 581 2481 deum
593 2447 611 2481 in
622 2454 682 2482 sancto
693 2458 724 2482 suo
736 2446 829 2482 Edmundo

128 2496 221 2528 laudabant
229 2501 246 2528 et
253 2496 376 2537 glorificabant,
384 2507 417 2529 nec
425 2497 547 2530 cessabantdie
554 2508 575 2530 ac
582 2504 633 2531 nocte
641 2498 658 2531 in
668 2505 728 2532 sancto
736 2495 829 2532 Edmundo

100 2563 120 2593 40
128 2551 145 2579 et
153 2545 232 2577 omnibus
240 2545 319 2586 operibus
327 2547 362 2579 suis
370 2556 409 2579 eum
417 2547 492 2588 laudare,
501 2547 518 2579 in
526 2549 584 2581 secula
592 2548 692 2582 seculorum.

169 2610 174 2627 ¹
184 2611 217 2642 MS.
225 2614 240 2642 et
247 2611 266 2642 de
273 2621 322 2642 uxore.
415 2612 421 2629 ²
434 2626 447 2637 =
458 2621 487 2651 ego
494 2622 566 2652 uxorque.
658 2614 664 2632 ³
674 2614 707 2646 MS.
714 2613 788 2646 seruituti.
