1762 2803
252 120 297 174 br
312 117 412 171 &unctu
428 117 528 171 ututur.
714 134 742 178 37

38 242 127 285 integram
135 241 231 276 sanitatem
240 252 260 276 se
268 240 361 285 recepisse
371 241 454 276 letantur.
477 241 540 276 Naues
552 241 606 276 etiam
618 241 743 286 periclitantes

37 296 55 329 in
65 294 111 327 mari
117 295 128 336 ¹,
136 296 199 329 sedata
207 299 316 339 tempestate
327 294 367 328 eius
377 293 466 329 beneficia
477 300 620 338 consequuntur.
666 288 742 330 quenis

38 347 112 392 quidam
128 347 220 381 homicidii
236 357 284 389 reus,
298 347 321 380 ad
335 345 393 380 sancti
406 346 474 381 Albani
487 346 588 391 presidium
601 347 692 391 coniugit;
709 349 742 382 sed

38 400 133 445 promissis
149 400 242 434 cuiusdam
258 401 351 445 deceptus,
367 410 454 445 egressus
467 400 542 446 capitur,
556 400 610 435 iudici
626 406 743 446 presentatus

38 454 156 494 conuincitur,
172 461 190 488 et
205 455 241 487 lata
257 454 353 494 sententia,
370 455 463 488 oculorum
480 454 621 498 [dextereque]²
639 455 708 498 pariter
725 461 761 494 et5

37 506 142 551 genitalium
157 506 265 547 mutilationi
281 511 309 540 est
324 506 412 540 addictus.
440 507 523 551 Cumque
538 506 611 541 lictores
625 507 688 541 oculos
703 505 743 542 eius

37 571 102 595 eruere
117 559 222 603 niterentur,
237 559 297 595 omnis
312 570 376 595 eorum
391 566 466 595 conatus
481 566 575 596 cassatur:
598 561 678 595 Sanctus
693 561 742 596 enirn

37 614 120 647 Albanus
139 624 191 647 reum
210 614 306 647 adamante
324 614 416 647 duriorem
435 614 505 656 effecit;
524 614 587 659 sicque
603 615 626 649 ad
646 614 741 649 ecclesiam

37 678 118 708 currens,
134 667 202 710 gratias
219 668 254 702 deo
268 667 315 701 letus
331 667 413 701 exsoluit.
459 660 521 701 Diues
536 667 616 710 quidam,
631 668 650 701 in
666 667 742 702 transla-

37 719 86 755 tione
94 718 152 754 sancti
160 719 233 762 Albani,
241 720 264 754 ad
272 731 336 764 agrurn
344 731 385 754 cum
393 720 507 755 messoribus
515 720 547 754 iuit
552 733 557 763 ;
571 726 589 755 et
598 720 664 755 videns
674 722 742 755 multos
753 732 771 753 ro

37 775 60 807 ad
71 772 167 807 ecclesiam
180 774 282 813 tendentes,
295 772 352 807 dixit:
371 773 442 814 ‘Quare
453 774 476 806 ad
487 773 580 807 Albanum
594 783 690 818 pergerem
702 784 742 818 ego,

37 825 67 870 qui
77 826 156 861 rusticus
167 826 241 870 quidam
253 825 286 860 suit
297 832 317 860 vt
327 837 368 870 ego,
378 836 412 870 per
425 826 528 870 posteriora
540 832 621 860 stercora
634 837 713 871 egerens
723 834 743 861 vt

37 881 82 924 ego?
111 879 166 921 Dixit,
182 884 200 913 et
219 879 278 912 cibum
297 890 334 922 quo
351 878 430 913 resectus
447 878 510 921 suerat,
527 890 561 922 per
577 890 598 913 os
614 880 742 923 blasphemum

37 932 129 967 euomuit³
144 932 173 966 et⁴
188 932 223 965 sub
240 932 299 966 sorma
316 937 417 966 stercorum
436 932 509 977 egessit.
539 932 575 967 Per
594 939 665 978 septem
685 944 743 969 annos

38 986 103 1030 quibus
116 985 167 1027 vixit,
180 997 280 1029 nunquam,
290 986 326 1019 nisi
338 996 372 1029 per
382 986 419 1019 oris
432 986 536 1029 blasphemi
548 986 646 1027 officinam,
659 993 742 1022 ventrem
753 1000 770 1028 ¹5

37 1039 126 1082 purgauit.
155 1039 178 1072 Et
195 1038 237 1072 licet
255 1038 356 1072 ditissimus
372 1039 435 1080 suerat,
452 1039 475 1072 ad
492 1043 560 1073 tantam
578 1038 653 1073 tamen⁵
668 1040 743 1077 deuenit

37 1092 123 1135 inopiam,
134 1097 154 1125 vt
163 1092 222 1126 victus
232 1091 337 1125 necessaria
347 1097 389 1126 ante
401 1097 478 1126 mortem
490 1092 521 1126 vix
532 1092 614 1126 haberet.
635 1092 688 1126 onr
698 1093 744 1136 eius,

38 1146 124 1190 quamdiu
142 1145 193 1187 vixit,
209 1144 301 1178 ostiatim⁸
316 1144 432 1178 mendicauit.
463 1144 507 1178 Filia
521 1144 565 1186 eius,
580 1145 652 1179 ventris
667 1146 743 1180 multata

37 1204 114 1240 tumore,
129 1202 232 1241 pregnante
248 1197 335 1241 grossior,
352 1197 370 1231 in
386 1202 438 1232 vtero
455 1199 503 1241 quod
520 1202 593 1241 pareret
609 1208 646 1233 non
665 1198 741 1243 habens,

38 1257 175 1286 monstruosum
190 1250 314 1294 spectantibus
326 1251 419 1294 prestabat
434 1251 543 1295 prodigium.
588 1244 647 1285 Miles
661 1252 742 1296 quidam,
752 1266 771 1286 ιο

38 1304 163 1337 Herebertus⁷
172 1303 232 1336 Duket
239 1303 318 1343 nomine,
326 1303 424 1337 latrociniis
433 1309 522 1344 assuetus,
529 1308 597 1337 terram
605 1303 667 1338 Sancti
674 1305 741 1339 Albani

37 1357 131 1391 nocturnis
139 1355 242 1390 incursibus
250 1355 389 1399 depredabatur.
412 1355 487 1390 Factum
495 1359 523 1390 est
529 1360 613 1390 autemut
619 1366 660 1390 cum
667 1356 743 1392 domino

38 1421 71 1447 suo
84 1409 103 1442 in
115 1409 193 1442 ecclesia
205 1408 268 1441 Sancti
277 1408 344 1441 Albani
358 1409 433 1442 missam
446 1409 527 1442 audiret:
546 1414 564 1442 et
575 1419 645 1443 vocans
657 1411 742 1444 dominus

38 1462 104 1495 milites
115 1472 164 1503 suos,
174 1462 199 1495 ait
207 1461 252 1496 illis:
265 1460 369 1495 ‘Videtisne
383 1461 507 1495 Herebertum
520 1461 573 1494 solito
584 1461 675 1496 minorem
688 1462 743 1496 ellec-

38 1521 76 1549 tum
83 1516 99 1549 t’
115 1514 218 1554 ‘Videmus
224 1513 312 1558 inquiunt,
319 1518 336 1547 et
342 1524 399 1558 supra
404 1515 479 1547 modum
486 1514 638 1558 obstupescentes
645 1513 744 1549 miramur!
753 1531 770 1560 ε,-

39 1569 62 1602 Et
73 1573 161 1611 ceperunt
172 1567 220 1601 inter
232 1578 252 1601 se
265 1578 307 1600 eum
319 1567 407 1601 deridere.
431 1567 516 1611 Egressis
527 1568 612 1601 omnibus
624 1569 647 1601 de
661 1568 743 1610 ecclesia,

38 1621 62 1654 ait
77 1621 173 1654 dominus:
193 1620 312 1660 ‘Hereberte,
325 1619 369 1663 quid
384 1620 473 1663 estquod
488 1625 525 1654 tam
538 1630 607 1664 paruus
622 1621 699 1655 effectus
711 1624 744 1655 es?

38 1674 85 1707 Vide
93 1685 117 1708 ne
124 1674 198 1708 beatum
203 1673 296 1707 Albanum
302 1673 321 1707 in
329 1672 389 1717 aliquo
397 1672 467 1713 leseris‚
474 1673 510 1716 qui,
516 1672 612 1707 Britonum
620 1684 677 1716 more,
683 1674 718 1709 cito
724 1674 743 1709 in

38 1727 85 1760 male
94 1726 177 1761 conscios
185 1725 323 1760 animaduertit!
348 1726 463 1760 Herebertus
468 1737 513 1760 vero
519 1726 611 1768 contusus,
618 1727 650 1760 vix
658 1728 743 1762 manibus

39 1785 120 1823 strepam
133 1784 209 1823 tangere
224 1778 287 1823 potuit,
301 1788 356 1823 quam
370 1778 421 1823 prius
436 1778 521 1813 facillime
537 1779 585 1822 pede
602 1779 694 1823 tangebat.
721 1780 771 1823 Et30

39 1832 99 1867 statim
107 1832 160 1877 signo
168 1831 227 1866 crucis
235 1830 332 1875 humeri[s]
339 1830 439 1876 lapposito,
446 1837 520 1876 peccata
529 1831 627 1867 commissa
635 1832 742 1868 abbaticum

38 1886 138 1930 lachrymis
146 1887 247 1927 confitetur,
254 1885 327 1919 veniam
335 1885 417 1927 obtinuit,
425 1890 443 1919 et
452 1885 523 1919 solitam
530 1890 617 1919 staturam
623 1886 744 1930 recuperauit.

40 1932 137 1982 Peregrini
148 1939 191 1972 dum
202 1950 236 1981 per
246 1949 297 1972 mare
306 1937 418 1981 nauigarent,
426 1944 465 1971 orta
474 1943 583 1982 tempestate
595 1938 680 1979 maxima,
690 1939 743 1983 quin-

39 2002 74 2034 que
86 2003 109 2025 ex
121 1991 148 2025 eis
159 1990 207 2024 beati
219 1990 287 2024 Albani
297 1990 404 2033 suffragium
416 1990 501 2024 flebiliter
514 1990 640 2033 implorabant.
663 1990 686 2024 Et
699 2002 742 2025 ecce

39 2043 96 2085 nauis,
108 2044 145 2077 vim
157 2047 255 2077 ventorum
270 2042 318 2076 serre
330 2053 367 2075 non
380 2042 449 2082 valens,
464 2042 566 2076 tabularum
579 2042 637 2086 ruptis
650 2043 742 2087 compagi·
752 2058 771 2088 55

39 2096 73 2130 bus
81 2096 147 2130 fluctus
155 2095 236 2130 admittit.
260 2094 327 2129 Periit⁰
335 2095 393 2137 nauis,
403 2101 481 2139 pereunt
493 2101 511 2129 et
522 2096 552 2138 qui
563 2095 581 2129 in
593 2106 614 2129 ea
625 2095 703 2136 suerunt,
715 2096 743 2130 his

39 2149 120 2194 quinque
135 2148 217 2193 exceptis
230 2159 276 2192 quos
287 2148 361 2182 beatum
374 2148 467 2183 Albanum
480 2148 559 2182 diximus
572 2148 673 2182 inuocasse.
696 2149 743 2184 Narn

38 2203 87 2236 vnde
95 2202 156 2245 maris,
165 2213 197 2236 eos
204 2201 305 2235 incolumes
313 2201 442 2243 subuehentes‚
451 2201 469 2235 in
480 2206 554 2245 portum
564 2200 662 2235 voluntatis
673 2213 744 2244 eorum,

39 2266 80 2290 cum
99 2256 184 2290 omnibus
202 2255 257 2289 rebus
276 2254 315 2288 suis
335 2259 466 2298 exposuerunt.
522 2246 572 2289 Cum
594 2253 669 2298 quidam
689 2262 744 2290 nocte

40 2309 118 2351 quadam
133 2313 175 2342 ante
188 2306 273 2351 martyris
285 2306 352 2340 Albani
365 2307 422 2340 altare
434 2307 543 2348 consideret,
556 2307 611 2341 deum
624 2317 661 2340 non
676 2307 773 2355 timens40

39 2371 73 2395 nec
90 2366 190 2404 martyrem
208 2359 303 2401 reueritus,
323 2370 364 2393 curn
383 2370 455 2394 summa
473 2359 589 2393 festinatione
608 2360 680 2394 calceos
698 2372 744 2396 suos

40 2414 125 2448 resartire
133 2413 186 2458 cepit.
201 2412 283 2457 Cumque
291 2412 421 2456 aliquantulum
429 2412 448 2445 in
456 2422 514 2455 opere
521 2411 557 2446 iant
566 2413 695 2456 processisset,
701 2425 744 2449 ecce

39 2471 76 2500 tam
85 2467 145 2501 valide
155 2467 208 2511 alapa
218 2466 234 2500 ei
244 2466 335 2509 impressa
347 2469 380 2507 est,
390 2470 410 2498 rt
421 2476 432 2499 a
444 2476 516 2499 summo
529 2465 587 2509 gradu
599 2477 637 2501 non
649 2467 709 2503 solum
720 2470 744 2503 ad

59 2535 93 2565 1Τ,
101 2535 175 2567 ΕᾹτΊεικτΔ
209 2533 324 2565 ²addeuinT.
357 2533 477 2564 turannon
485 2535 559 2566 euomuit.
591 2535 662 2568 1Ἰζςιει
697 2538 745 2569 'Vit

40 2575 106 2606 demum.
141 2575 174 2606 ⁶T.
182 2575 265 2606 hostiatim.
307 2576 341 2605 1Τ,
349 2574 441 2606 Herbertus.
477 2575 510 2608 ET.
518 2576 609 2607 E.hu1neri.
643 2578 725 2617 ⁹npcrit.
