<?xml version="1.0" encoding="UTF-8"?>
<!DOCTYPE html PUBLIC "-//W3C//DTD XHTML 1.0 Transitional//EN"
    "http://www.w3.org/TR/xhtml1/DTD/xhtml1-transitional.dtd">
<html xmlns="http://www.w3.org/1999/xhtml" xml:lang="en" lang="en">
 <head>
  <title>
</title>
<meta http-equiv="Content-Type" content="text/html;charset=utf-8" />
  <meta name='ocr-system' content='tesseract 3.04.00' />
  <meta name='ocr-capabilities' content='ocr_page ocr_carea ocr_par ocr_line ocrx_word'/>
</head>
<body>
  <div class='ocr_page' id='page_1' title='image "./MN5111ucmf_0/MN5111ucmf_0_0267.png"; bbox 0 0 1762 2803; ppageno 0'>
   <div class='ocr_carea' id='block_1_1' title="bbox 249 108 759 167">
    <p class='ocr_par' dir='ltr' id='par_1_1' title="bbox 249 108 759 167">
     <span class='ocr_line' id='line_1_1' title="bbox 249 108 759 167; baseline -0.022 -3"><span class='ocrx_word' id='word_1_1' title='bbox 249 110 295 167; x_wconf 60' lang='lat' dir='ltr'>vo</span> <span class='ocrx_word' id='word_1_2' title='bbox 310 108 410 163; x_wconf 52' lang='lat' dir='ltr'>bondo</span> <span class='ocrx_word' id='word_1_3' title='bbox 426 109 574 162; x_wconf 70' lang='lat' dir='ltr'>decantato.</span> <span class='ocrx_word' id='word_1_4' title='bbox 717 121 759 167; x_wconf 82' lang='lat'>177</span> 
     </span>
    </p>
   </div>
   <div class='ocr_carea' id='block_1_2' title="bbox 58 231 794 1756">
    <p class='ocr_par' dir='ltr' id='par_1_2' title="bbox 58 231 761 330">
     <span class='ocr_line' id='line_1_2' title="bbox 58 231 761 277; baseline 0 -13"><span class='ocrx_word' id='word_1_5' title='bbox 58 236 121 265; x_wconf 90' lang='lat' dir='ltr'>contra</span> <span class='ocrx_word' id='word_1_6' title='bbox 134 232 221 267; x_wconf 92' lang='lat' dir='ltr'>barbaros</span> <span class='ocrx_word' id='word_1_7' title='bbox 235 234 309 277; x_wconf 81' lang='lat' dir='ltr'>expuit:</span> <span class='ocrx_word' id='word_1_8' title='bbox 326 237 413 277; x_wconf 84' lang='lat' dir='ltr'>tantaque</span> <span class='ocrx_word' id='word_1_9' title='bbox 427 233 487 268; x_wconf 87' lang='lat' dir='ltr'>subito</span> <span class='ocrx_word' id='word_1_10' title='bbox 499 243 541 267; x_wconf 87' lang='lat' dir='ltr'>eum</span> <span class='ocrx_word' id='word_1_11' title='bbox 557 237 611 277; x_wconf 84' lang='lat' dir='ltr'>sputo</span> <span class='ocrx_word' id='word_1_12' title='bbox 626 232 688 277; x_wconf 91' lang='lat' dir='ltr'>pluuie</span> <span class='ocrx_word' id='word_1_13' title='bbox 702 231 761 265; x_wconf 84' lang='lat' dir='ltr'>moles</span> 
     </span>
     <span class='ocr_line' id='line_1_3' title="bbox 59 284 760 330; baseline 0 -13"><span class='ocrx_word' id='word_1_14' title='bbox 59 285 158 326; x_wconf 88' lang='lat' dir='ltr'>descendit,</span> <span class='ocrx_word' id='word_1_15' title='bbox 165 291 183 319; x_wconf 93' lang='lat' dir='ltr'>et</span> <span class='ocrx_word' id='word_1_16' title='bbox 190 285 289 330; x_wconf 83' lang='lat' dir='ltr'>impiorum</span> <span class='ocrx_word' id='word_1_17' title='bbox 297 286 386 329; x_wconf 91' lang='lat' dir='ltr'>impeturn</span> <span class='ocrx_word' id='word_1_18' title='bbox 393 286 512 329; x_wconf 87' lang='lat' dir='ltr'>quatriduana</span> <span class='ocrx_word' id='word_1_19' title='bbox 519 285 638 320; x_wconf 89' lang='lat' dir='ltr'>inundatione</span> <span class='ocrx_word' id='word_1_20' title='bbox 646 284 760 328; x_wconf 83' lang='lat' dir='ltr'>compressit,</span> 
     </span>
    </p>

    <p class='ocr_par' dir='ltr' id='par_1_3' title="bbox 59 331 794 1756">
     <span class='ocr_line' id='line_1_4' title="bbox 59 331 761 384; baseline -0.001 -12"><span class='ocrx_word' id='word_1_21' title='bbox 59 342 78 372; x_wconf 92' lang='lat' dir='ltr'>vt</span> <span class='ocrx_word' id='word_1_22' title='bbox 88 342 180 373; x_wconf 90' lang='lat' dir='ltr'>cateruam</span> <span class='ocrx_word' id='word_1_23' title='bbox 190 338 275 374; x_wconf 81' lang='lat' dir='ltr'><strong>hostilem</strong></span> <span class='ocrx_word' id='word_1_24' title='bbox 286 350 296 374; x_wconf 94' lang='lat' dir='ltr'>a</span> <span class='ocrx_word' id='word_1_25' title='bbox 307 340 364 374; x_wconf 91' lang='lat' dir='ltr'>muris</span> <span class='ocrx_word' id='word_1_26' title='bbox 376 339 440 382; x_wconf 85' lang='lat' dir='ltr'>fugere</span> <span class='ocrx_word' id='word_1_27' title='bbox 450 344 528 384; x_wconf 84' lang='lat' dir='ltr'>cogeret.</span> <span class='ocrx_word' id='word_1_28' title='bbox 574 331 597 374; x_wconf 91' lang='lat' dir='ltr'>ln</span> <span class='ocrx_word' id='word_1_29' title='bbox 607 337 702 373; x_wconf 81' lang='lat' dir='ltr'>Thebaide</span> <span class='ocrx_word' id='word_1_30' title='bbox 712 336 761 372; x_wconf 91' lang='lat' dir='ltr'>enim</span> 
     </span>
     <span class='ocr_line' id='line_1_5' title="bbox 59 390 761 437; baseline -0.003 -12"><span class='ocrx_word' id='word_1_31' title='bbox 59 396 98 426; x_wconf 87' lang='lat' dir='ltr'>erat</span> <span class='ocrx_word' id='word_1_32' title='bbox 108 392 210 435; x_wconf 80' lang='lat' dir='ltr'>cenobium,</span> <span class='ocrx_word' id='word_1_33' title='bbox 218 394 236 426; x_wconf 89' lang='lat' dir='ltr'>in</span> <span class='ocrx_word' id='word_1_34' title='bbox 247 403 283 437; x_wconf 94' lang='lat' dir='ltr'>quo</span> <span class='ocrx_word' id='word_1_35' title='bbox 291 392 332 437; x_wconf 89' lang='lat' dir='ltr'>plus</span> <span class='ocrx_word' id='word_1_36' title='bbox 340 403 396 437; x_wconf 88' lang='lat' dir='ltr'>quarn</span> <span class='ocrx_word' id='word_1_37' title='bbox 404 393 484 437; x_wconf 90' lang='lat' dir='ltr'>quinque</span> <span class='ocrx_word' id='word_1_38' title='bbox 496 392 546 427; x_wconf 87' lang='lat' dir='ltr'>milia</span> <span class='ocrx_word' id='word_1_39' title='bbox 555 391 632 427; x_wconf 81' lang='lat' dir='ltr'>fratrum</span> <span class='ocrx_word' id='word_1_40' title='bbox 640 392 674 425; x_wconf 90' lang='lat' dir='ltr'>sub</span> <span class='ocrx_word' id='word_1_41' title='bbox 682 402 719 425; x_wconf 88' lang='lat' dir='ltr'>vno</span> <span class='ocrx_word' id='word_1_42' title='bbox 729 390 761 423; x_wconf 86' lang='lat' dir='ltr'>ab·</span> 
     </span>
     <span class='ocr_line' id='line_1_6' title="bbox 59 445 778 490; baseline -0.001 -12"><span class='ocrx_word' id='word_1_43' title='bbox 59 445 101 479; x_wconf 89' lang='lat' dir='ltr'>bate</span> <span class='ocrx_word' id='word_1_44' title='bbox 109 445 204 489; x_wconf 81' lang='lat' dir='ltr'>degebant.</span> <span class='ocrx_word' id='word_1_45' title='bbox 221 446 316 490; x_wconf 80' lang='lat' dir='ltr'>Tantaque</span> <span class='ocrx_word' id='word_1_46' title='bbox 324 446 356 480; x_wconf 89' lang='lat' dir='ltr'>fuit</span> <span class='ocrx_word' id='word_1_47' title='bbox 363 446 467 480; x_wconf 90' lang='lat' dir='ltr'>obedientia</span> <span class='ocrx_word' id='word_1_48' title='bbox 475 447 524 481; x_wconf 90' lang='lat' dir='ltr'>omni</span> <span class='ocrx_word' id='word_1_49' title='bbox 532 457 572 487; x_wconf 92' lang='lat' dir='ltr'>euo,</span> <span class='ocrx_word' id='word_1_50' title='bbox 579 451 647 490; x_wconf 85' lang='lat' dir='ltr'>quanta</span> <span class='ocrx_word' id='word_1_51' title='bbox 655 454 692 479; x_wconf 89' lang='lat' dir='ltr'>non</span> <span class='ocrx_word' id='word_1_52' title='bbox 700 448 760 488; x_wconf 88' lang='lat' dir='ltr'>potest</span> <span class='ocrx_word' id='word_1_53' title='bbox 770 454 778 484; x_wconf 79' lang='lat'>5</span> 
     </span>
     <span class='ocr_line' id='line_1_7' title="bbox 59 497 761 542; baseline -0.001 -11"><span class='ocrx_word' id='word_1_54' title='bbox 59 498 108 541; x_wconf 86' lang='lat' dir='ltr'>apud</span> <span class='ocrx_word' id='word_1_55' title='bbox 118 508 153 532; x_wconf 90' lang='lat' dir='ltr'>nos</span> <span class='ocrx_word' id='word_1_56' title='bbox 162 508 210 532; x_wconf 91' lang='lat' dir='ltr'>vnus</span> <span class='ocrx_word' id='word_1_57' title='bbox 218 498 248 533; x_wconf 92' lang='lat' dir='ltr'>vel</span> <span class='ocrx_word' id='word_1_58' title='bbox 257 498 287 533; x_wconf 91' lang='lat' dir='ltr'>vni</span> <span class='ocrx_word' id='word_1_59' title='bbox 297 500 376 533; x_wconf 83' lang='lat' dir='ltr'>obedire.</span> <span class='ocrx_word' id='word_1_60' title='bbox 400 498 547 534; x_wconf 71' lang='lat' dir='ltr'>infamabantur</span> <span class='ocrx_word' id='word_1_61' title='bbox 556 499 605 533; x_wconf 89' lang='lat' dir='ltr'>enim</span> <span class='ocrx_word' id='word_1_62' title='bbox 616 497 676 533; x_wconf 92' lang='lat' dir='ltr'>nullas</span> <span class='ocrx_word' id='word_1_63' title='bbox 686 497 761 542; x_wconf 88' lang='lat' dir='ltr'>penitus</span> 
     </span>
     <span class='ocr_line' id='line_1_8' title="bbox 60 550 762 595; baseline 0 -10"><span class='ocrx_word' id='word_1_64' title='bbox 60 550 178 594; x_wconf 84' lang='lat' dir='ltr'>cogitationes</span> <span class='ocrx_word' id='word_1_65' title='bbox 193 553 298 595; x_wconf 86' lang='lat' dir='ltr'>prurientes</span> <span class='ocrx_word' id='word_1_66' title='bbox 312 553 331 586; x_wconf 91' lang='lat' dir='ltr'>in</span> <span class='ocrx_word' id='word_1_67' title='bbox 346 553 401 587; x_wconf 93' lang='lat' dir='ltr'>corde</span> <span class='ocrx_word' id='word_1_68' title='bbox 416 552 481 594; x_wconf 88' lang='lat' dir='ltr'>celare,</span> <span class='ocrx_word' id='word_1_69' title='bbox 497 553 530 587; x_wconf 90' lang='lat' dir='ltr'>sed</span> <span class='ocrx_word' id='word_1_70' title='bbox 545 552 648 593; x_wconf 81' lang='lat' dir='ltr'>confestim,</span> <span class='ocrx_word' id='word_1_71' title='bbox 663 557 683 585; x_wconf 90' lang='lat' dir='ltr'>vt</span> <span class='ocrx_word' id='word_1_72' title='bbox 697 555 762 585; x_wconf 83' lang='lat' dir='ltr'>exorte</span> 
     </span>
     <span class='ocr_line' id='line_1_9' title="bbox 59 603 762 650; baseline 0.004 -14"><span class='ocrx_word' id='word_1_73' title='bbox 59 603 136 646; x_wconf 89' lang='lat' dir='ltr'>fuerant,</span> <span class='ocrx_word' id='word_1_74' title='bbox 143 614 175 638; x_wconf 91' lang='lat' dir='ltr'>eas</span> <span class='ocrx_word' id='word_1_75' title='bbox 183 615 217 638; x_wconf 91' lang='lat' dir='ltr'>suo</span> <span class='ocrx_word' id='word_1_76' title='bbox 224 604 328 649; x_wconf 81' lang='lat' dir='ltr'>patefacere</span> <span class='ocrx_word' id='word_1_77' title='bbox 336 605 409 647; x_wconf 87' lang='lat' dir='ltr'>seniori,</span> <span class='ocrx_word' id='word_1_78' title='bbox 414 617 449 640; x_wconf 91' lang='lat' dir='ltr'>nec</span> <span class='ocrx_word' id='word_1_79' title='bbox 457 616 513 650; x_wconf 90' lang='lat' dir='ltr'>super</span> <span class='ocrx_word' id='word_1_80' title='bbox 520 616 583 640; x_wconf 91' lang='lat' dir='ltr'>eorum</span> <span class='ocrx_word' id='word_1_81' title='bbox 591 605 657 640; x_wconf 88' lang='lat' dir='ltr'>iudicio</span> <span class='ocrx_word' id='word_1_82' title='bbox 664 605 762 649; x_wconf 86' lang='lat' dir='ltr'>quicquam</span> 
     </span>
     <span class='ocr_line' id='line_1_10' title="bbox 60 656 760 700; baseline 0 -10"><span class='ocrx_word' id='word_1_83' title='bbox 60 667 94 691; x_wconf 84' lang='lat' dir='ltr'>sue</span> <span class='ocrx_word' id='word_1_84' title='bbox 104 656 209 691; x_wconf 87' lang='lat' dir='ltr'>discretioni</span> <span class='ocrx_word' id='word_1_85' title='bbox 219 657 337 700; x_wconf 84' lang='lat' dir='ltr'>committere,</span> <span class='ocrx_word' id='word_1_86' title='bbox 345 659 378 692; x_wconf 93' lang='lat' dir='ltr'>sed</span> <span class='ocrx_word' id='word_1_87' title='bbox 389 658 433 693; x_wconf 92' lang='lat' dir='ltr'>illud</span> <span class='ocrx_word' id='word_1_88' title='bbox 441 660 517 693; x_wconf 89' lang='lat' dir='ltr'>credere</span> <span class='ocrx_word' id='word_1_89' title='bbox 526 658 595 693; x_wconf 88' lang='lat' dir='ltr'>malum</span> <span class='ocrx_word' id='word_1_90' title='bbox 605 669 647 693; x_wconf 87' lang='lat' dir='ltr'>esse</span> <span class='ocrx_word' id='word_1_91' title='bbox 654 658 683 692; x_wconf 88' lang='lat' dir='ltr'>vel</span> <span class='ocrx_word' id='word_1_92' title='bbox 691 658 760 691; x_wconf 91' lang='lat' dir='ltr'>bonum</span> 
     </span>
     <span class='ocr_line' id='line_1_11' title="bbox 60 709 790 754; baseline 0 -13"><span class='ocrx_word' id='word_1_93' title='bbox 60 711 109 752; x_wconf 88' lang='lat' dir='ltr'>quod</span> <span class='ocrx_word' id='word_1_94' title='bbox 117 710 223 743; x_wconf 86' lang='lat' dir='ltr'>discusserit</span> <span class='ocrx_word' id='word_1_95' title='bbox 233 711 311 744; x_wconf 92' lang='lat' dir='ltr'>senioris</span> <span class='ocrx_word' id='word_1_96' title='bbox 321 720 403 744; x_wconf 86' lang='lat' dir='ltr'>examen.</span> <span class='ocrx_word' id='word_1_97' title='bbox 426 710 517 745; x_wconf 87' lang='lat' dir='ltr'>Generale</span> <span class='ocrx_word' id='word_1_98' title='bbox 527 721 607 754; x_wconf 85' lang='lat' dir='ltr'>namque</span> <span class='ocrx_word' id='word_1_99' title='bbox 618 715 636 744; x_wconf 90' lang='lat' dir='ltr'>et</span> <span class='ocrx_word' id='word_1_100' title='bbox 646 710 723 743; x_wconf 92' lang='lat' dir='ltr'>euidens</span> <span class='ocrx_word' id='word_1_101' title='bbox 733 709 761 742; x_wconf 89' lang='lat' dir='ltr'>in·</span> <span class='ocrx_word' id='word_1_102' title='bbox 771 719 790 741; x_wconf 77' lang='grc' dir='ltr'>ιο</span> 
     </span>
     <span class='ocr_line' id='line_1_12' title="bbox 60 762 762 807; baseline 0 -12"><span class='ocrx_word' id='word_1_103' title='bbox 60 762 127 796; x_wconf 85' lang='lat' dir='ltr'>dicium</span> <span class='ocrx_word' id='word_1_104' title='bbox 136 762 229 806; x_wconf 89' lang='lat' dir='ltr'>dyabolice</span> <span class='ocrx_word' id='word_1_105' title='bbox 237 763 350 807; x_wconf 81' lang='lat' dir='ltr'>cogitationis</span> <span class='ocrx_word' id='word_1_106' title='bbox 359 773 402 797; x_wconf 90' lang='lat' dir='ltr'>esse</span> <span class='ocrx_word' id='word_1_107' title='bbox 412 764 563 807; x_wconf 80' lang='lat' dir='ltr'>pronunciabant,</span> <span class='ocrx_word' id='word_1_108' title='bbox 571 763 586 796; x_wconf 93' lang='lat' dir='ltr'>si</span> <span class='ocrx_word' id='word_1_109' title='bbox 595 772 636 796; x_wconf 89' lang='lat' dir='ltr'>eam</span> <span class='ocrx_word' id='word_1_110' title='bbox 643 762 710 796; x_wconf 92' lang='lat' dir='ltr'>seniori</span> <span class='ocrx_word' id='word_1_111' title='bbox 718 771 762 795; x_wconf 87' lang='lat' dir='ltr'>con-</span> 
     </span>
     <span class='ocr_line' id='line_1_13' title="bbox 60 813 763 859; baseline 0 -12"><span class='ocrx_word' id='word_1_112' title='bbox 60 814 180 848; x_wconf 87' lang='lat' dir='ltr'>funderentur</span> <span class='ocrx_word' id='word_1_113' title='bbox 191 813 268 859; x_wconf 89' lang='lat' dir='ltr'>aperire.</span> <span class='ocrx_word' id='word_1_114' title='bbox 290 815 349 848; x_wconf 89' lang='lat' dir='ltr'>Tanta</span> <span class='ocrx_word' id='word_1_115' title='bbox 359 815 475 850; x_wconf 85' lang='lat' dir='ltr'>obseruantia</span> <span class='ocrx_word' id='word_1_116' title='bbox 485 815 589 850; x_wconf 86' lang='lat' dir='ltr'>obedientie</span> <span class='ocrx_word' id='word_1_117' title='bbox 598 814 662 858; x_wconf 86' lang='lat' dir='ltr'>regula</span> <span class='ocrx_word' id='word_1_118' title='bbox 671 814 763 849; x_wconf 73' lang='lat' dir='ltr'>custodie-</span> 
     </span>
     <span class='ocr_line' id='line_1_14' title="bbox 61 867 763 912; baseline -0.001 -12"><span class='ocrx_word' id='word_1_119' title='bbox 61 867 119 909; x_wconf 87' lang='lat' dir='ltr'>batur,</span> <span class='ocrx_word' id='word_1_120' title='bbox 127 873 146 901; x_wconf 91' lang='lat' dir='ltr'>vt</span> <span class='ocrx_word' id='word_1_121' title='bbox 157 868 227 911; x_wconf 90' lang='lat' dir='ltr'>absque</span> <span class='ocrx_word' id='word_1_122' title='bbox 238 868 327 911; x_wconf 85' lang='lat' dir='ltr'>prepositi</span> <span class='ocrx_word' id='word_1_123' title='bbox 338 867 367 901; x_wconf 91' lang='lat' dir='ltr'>sui</span> <span class='ocrx_word' id='word_1_124' title='bbox 378 867 454 901; x_wconf 88' lang='lat' dir='ltr'>scientia</span> <span class='ocrx_word' id='word_1_125' title='bbox 461 868 491 902; x_wconf 92' lang='lat' dir='ltr'>vel</span> <span class='ocrx_word' id='word_1_126' title='bbox 502 868 594 912; x_wconf 86' lang='lat' dir='ltr'>permissu</span> <span class='ocrx_word' id='word_1_127' title='bbox 606 878 643 901; x_wconf 91' lang='lat' dir='ltr'>non</span> <span class='ocrx_word' id='word_1_128' title='bbox 655 868 715 901; x_wconf 89' lang='lat' dir='ltr'>solum</span> <span class='ocrx_word' id='word_1_129' title='bbox 726 877 763 900; x_wconf 94' lang='lat' dir='ltr'>non</span> 
     </span>
     <span class='ocr_line' id='line_1_15' title="bbox 61 919 764 965; baseline -0.001 -11"><span class='ocrx_word' id='word_1_130' title='bbox 61 920 153 954; x_wconf 90' lang='lat' dir='ltr'>audebant</span> <span class='ocrx_word' id='word_1_131' title='bbox 164 920 228 955; x_wconf 91' lang='lat' dir='ltr'>cellam</span> <span class='ocrx_word' id='word_1_132' title='bbox 239 921 307 965; x_wconf 88' lang='lat' dir='ltr'>egredi,</span> <span class='ocrx_word' id='word_1_133' title='bbox 315 921 349 954; x_wconf 89' lang='lat' dir='ltr'>sed</span> <span class='ocrx_word' id='word_1_134' title='bbox 360 931 395 955; x_wconf 89' lang='lat' dir='ltr'>nec</span> <span class='ocrx_word' id='word_1_135' title='bbox 407 921 484 955; x_wconf 89' lang='lat' dir='ltr'>naturali</span> <span class='ocrx_word' id='word_1_136' title='bbox 496 920 602 956; x_wconf 88' lang='lat' dir='ltr'>necessitati</span> <span class='ocrx_word' id='word_1_137' title='bbox 613 919 719 955; x_wconf 87' lang='lat' dir='ltr'>satisfacere</span> <span class='ocrx_word' id='word_1_138' title='bbox 731 929 764 954; x_wconf 92' lang='lat' dir='ltr'>sua</span> 
     </span>
     <span class='ocr_line' id='line_1_16' title="bbox 61 972 792 1018; baseline -0.003 -11"><span class='ocrx_word' id='word_1_139' title='bbox 61 973 308 1017; x_wconf 87' lang='lat' dir='ltr'>auctoritatepresumebant.</span> <span class='ocrx_word' id='word_1_140' title='bbox 321 972 792 1018; x_wconf 82' lang='lat' dir='ltr'>Sicquevniuersacomplerequecunquefuerant15</span> 
     </span>
     <span class='ocr_line' id='line_1_17' title="bbox 62 1024 765 1070; baseline 0 -11"><span class='ocrx_word' id='word_1_141' title='bbox 62 1026 84 1060; x_wconf 91' lang='lat' dir='ltr'>ab</span> <span class='ocrx_word' id='word_1_142' title='bbox 96 1026 161 1060; x_wconf 88' lang='lat' dir='ltr'>abbate</span> <span class='ocrx_word' id='word_1_143' title='bbox 172 1031 265 1070; x_wconf 89' lang='lat' dir='ltr'>precepta,</span> <span class='ocrx_word' id='word_1_144' title='bbox 273 1030 360 1070; x_wconf 84' lang='lat' dir='ltr'>tanquam</span> <span class='ocrx_word' id='word_1_145' title='bbox 371 1027 387 1060; x_wconf 94' lang='lat' dir='ltr'>si</span> <span class='ocrx_word' id='word_1_146' title='bbox 398 1037 409 1059; x_wconf 91' lang='lat' dir='ltr'>a</span> <span class='ocrx_word' id='word_1_147' title='bbox 421 1027 456 1060; x_wconf 91' lang='lat' dir='ltr'>deo</span> <span class='ocrx_word' id='word_1_148' title='bbox 467 1031 530 1061; x_wconf 91' lang='lat' dir='ltr'>essent</span> <span class='ocrx_word' id='word_1_149' title='bbox 542 1026 606 1061; x_wconf 86' lang='lat' dir='ltr'>celitus</span> <span class='ocrx_word' id='word_1_150' title='bbox 617 1025 671 1068; x_wconf 88' lang='lat' dir='ltr'>edita,</span> <span class='ocrx_word' id='word_1_151' title='bbox 680 1026 720 1060; x_wconf 89' lang='lat' dir='ltr'>sine</span> <span class='ocrx_word' id='word_1_152' title='bbox 729 1024 765 1059; x_wconf 89' lang='lat' dir='ltr'>vlla</span> 
     </span>
     <span class='ocr_line' id='line_1_18' title="bbox 62 1078 765 1123; baseline -0.001 -10"><span class='ocrx_word' id='word_1_153' title='bbox 62 1079 177 1114; x_wconf 88' lang='lat' dir='ltr'>discussione</span> <span class='ocrx_word' id='word_1_154' title='bbox 188 1079 305 1113; x_wconf 87' lang='lat' dir='ltr'>festinabant.</span> <span class='ocrx_word' id='word_1_155' title='bbox 328 1079 405 1113; x_wconf 87' lang='lat' dir='ltr'>Summe</span> <span class='ocrx_word' id='word_1_156' title='bbox 416 1079 548 1123; x_wconf 85' lang='lat' dir='ltr'>reputabantur</span> <span class='ocrx_word' id='word_1_157' title='bbox 559 1078 625 1121; x_wconf 86' lang='lat' dir='ltr'>delitie,</span> <span class='ocrx_word' id='word_1_158' title='bbox 633 1079 649 1114; x_wconf 88' lang='lat' dir='ltr'>si</span> <span class='ocrx_word' id='word_1_159' title='bbox 660 1079 717 1113; x_wconf 89' lang='lat' dir='ltr'>herba</span> <span class='ocrx_word' id='word_1_160' title='bbox 726 1078 765 1113; x_wconf 92' lang='lat' dir='ltr'>sale</span> 
     </span>
     <span class='ocr_line' id='line_1_19' title="bbox 62 1130 765 1177; baseline -0.001 -11"><span class='ocrx_word' id='word_1_161' title='bbox 62 1132 139 1174; x_wconf 82' lang='lat' dir='ltr'>condita,</span> <span class='ocrx_word' id='word_1_162' title='bbox 148 1143 203 1175; x_wconf 86' lang='lat' dir='ltr'>quam</span> <span class='ocrx_word' id='word_1_163' title='bbox 213 1132 316 1175; x_wconf 88' lang='lat' dir='ltr'>lapsamum</span> <span class='ocrx_word' id='word_1_164' title='bbox 323 1137 394 1175; x_wconf 85' lang='lat' dir='ltr'>vocant,</span> <span class='ocrx_word' id='word_1_165' title='bbox 402 1143 449 1177; x_wconf 87' lang='lat' dir='ltr'>aqua</span> <span class='ocrx_word' id='word_1_166' title='bbox 457 1132 518 1175; x_wconf 90' lang='lat' dir='ltr'>diluta,</span> <span class='ocrx_word' id='word_1_167' title='bbox 526 1133 549 1166; x_wconf 88' lang='lat' dir='ltr'>ad</span> <span class='ocrx_word' id='word_1_168' title='bbox 559 1132 678 1167; x_wconf 87' lang='lat' dir='ltr'>refectionem</span> <span class='ocrx_word' id='word_1_169' title='bbox 688 1130 765 1166; x_wconf 86' lang='lat' dir='ltr'>fratrum</span> 
     </span>
     <span class='ocr_line' id='line_1_20' title="bbox 62 1185 764 1229; baseline -0.001 -9"><span class='ocrx_word' id='word_1_170' title='bbox 62 1190 191 1229; x_wconf 85' lang='lat' dir='ltr'>apponeretur.</span> <span class='ocrx_word' id='word_1_171' title='bbox 214 1185 261 1219; x_wconf 88' lang='lat' dir='ltr'>Cum</span> <span class='ocrx_word' id='word_1_172' title='bbox 272 1190 333 1219; x_wconf 90' lang='lat' dir='ltr'>autern</span> <span class='ocrx_word' id='word_1_173' title='bbox 345 1186 424 1220; x_wconf 90' lang='lat' dir='ltr'>sonitum</span> <span class='ocrx_word' id='word_1_174' title='bbox 436 1187 537 1227; x_wconf 90' lang='lat' dir='ltr'>audierunt,</span> <span class='ocrx_word' id='word_1_175' title='bbox 549 1185 572 1220; x_wconf 91' lang='lat' dir='ltr'>ad</span> <span class='ocrx_word' id='word_1_176' title='bbox 584 1186 684 1219; x_wconf 86' lang='lat' dir='ltr'>orationem</span> <span class='ocrx_word' id='word_1_177' title='bbox 695 1194 729 1219; x_wconf 89' lang='lat' dir='ltr'>seu</span> <span class='ocrx_word' id='word_1_178' title='bbox 740 1185 764 1219; x_wconf 86' lang='lat' dir='ltr'>ad</span> 
     </span>
     <span class='ocr_line' id='line_1_21' title="bbox 63 1238 793 1282; baseline -0.003 -10"><span class='ocrx_word' id='word_1_179' title='bbox 63 1249 114 1282; x_wconf 89' lang='lat' dir='ltr'>opus,</span> <span class='ocrx_word' id='word_1_180' title='bbox 121 1239 203 1272; x_wconf 85' lang='lat' dir='ltr'>certatim</span> <span class='ocrx_word' id='word_1_181' title='bbox 209 1243 337 1282; x_wconf 87' lang='lat' dir='ltr'>proruperunt,</span> <span class='ocrx_word' id='word_1_182' title='bbox 343 1238 368 1272; x_wconf 89' lang='lat' dir='ltr'>ita</span> <span class='ocrx_word' id='word_1_183' title='bbox 375 1244 399 1280; x_wconf 90' lang='lat' dir='ltr'>vt,</span> <span class='ocrx_word' id='word_1_184' title='bbox 406 1240 436 1282; x_wconf 89' lang='lat' dir='ltr'>qui</span> <span class='ocrx_word' id='word_1_185' title='bbox 443 1249 490 1282; x_wconf 90' lang='lat' dir='ltr'>opus</span> <span class='ocrx_word' id='word_1_186' title='bbox 498 1238 592 1282; x_wconf 89' lang='lat' dir='ltr'>scriptoris</span> <span class='ocrx_word' id='word_1_187' title='bbox 599 1238 702 1279; x_wconf 79' lang='lat' dir='ltr'>exercebat,</span> <span class='ocrx_word' id='word_1_188' title='bbox 708 1247 763 1282; x_wconf 89' lang='lat' dir='ltr'>quarn</span> <span class='ocrx_word' id='word_1_189' title='bbox 774 1247 793 1269; x_wconf 72' lang='grc' dir='ltr'>πο</span> 
     </span>
     <span class='ocr_line' id='line_1_22' title="bbox 63 1290 765 1335; baseline 0.001 -11"><span class='ocrx_word' id='word_1_190' title='bbox 63 1296 146 1335; x_wconf 88' lang='lat' dir='ltr'>repertus</span> <span class='ocrx_word' id='word_1_191' title='bbox 158 1291 216 1325; x_wconf 85' lang='lat' dir='ltr'>fuerat</span> <span class='ocrx_word' id='word_1_192' title='bbox 227 1291 325 1325; x_wconf 86' lang='lat' dir='ltr'>inchoasse</span> <span class='ocrx_word' id='word_1_193' title='bbox 336 1292 421 1333; x_wconf 86' lang='lat' dir='ltr'>litteram,</span> <span class='ocrx_word' id='word_1_194' title='bbox 432 1291 486 1325; x_wconf 92' lang='lat' dir='ltr'>finire</span> <span class='ocrx_word' id='word_1_195' title='bbox 499 1302 537 1325; x_wconf 91' lang='lat' dir='ltr'>non</span> <span class='ocrx_word' id='word_1_196' title='bbox 548 1290 633 1326; x_wconf 83' lang='lat' dir='ltr'>audebat.</span> <span class='ocrx_word' id='word_1_197' title='bbox 655 1290 707 1324; x_wconf 88' lang='lat' dir='ltr'>Inter</span> <span class='ocrx_word' id='word_1_198' title='bbox 717 1300 765 1334; x_wconf 91' lang='lat' dir='ltr'>quos</span> 
     </span>
     <span class='ocr_line' id='line_1_23' title="bbox 63 1343 764 1388; baseline -0.001 -10"><span class='ocrx_word' id='word_1_199' title='bbox 63 1344 133 1379; x_wconf 86' lang='lat' dir='ltr'>nullum</span> <span class='ocrx_word' id='word_1_200' title='bbox 143 1343 235 1388; x_wconf 87' lang='lat' dir='ltr'>peculiare</span> <span class='ocrx_word' id='word_1_201' title='bbox 244 1355 297 1387; x_wconf 91' lang='lat' dir='ltr'>opus,</span> <span class='ocrx_word' id='word_1_202' title='bbox 305 1355 342 1378; x_wconf 91' lang='lat' dir='ltr'>non</span> <span class='ocrx_word' id='word_1_203' title='bbox 352 1345 392 1378; x_wconf 92' lang='lat' dir='ltr'>dico</span> <span class='ocrx_word' id='word_1_204' title='bbox 403 1344 475 1387; x_wconf 84' lang='lat' dir='ltr'>effectu,</span> <span class='ocrx_word' id='word_1_205' title='bbox 483 1346 516 1379; x_wconf 91' lang='lat' dir='ltr'>sed</span> <span class='ocrx_word' id='word_1_206' title='bbox 527 1355 561 1379; x_wconf 91' lang='lat' dir='ltr'>nec</span> <span class='ocrx_word' id='word_1_207' title='bbox 572 1344 681 1388; x_wconf 85' lang='lat' dir='ltr'>cogitatione</span> <span class='ocrx_word' id='word_1_208' title='bbox 689 1344 764 1388; x_wconf 90' lang='lat' dir='ltr'>quidem</span> 
     </span>
     <span class='ocr_line' id='line_1_24' title="bbox 63 1396 765 1441; baseline -0.003 -10"><span class='ocrx_word' id='word_1_209' title='bbox 63 1397 86 1431; x_wconf 89' lang='lat' dir='ltr'>ab</span> <span class='ocrx_word' id='word_1_210' title='bbox 98 1396 157 1441; x_wconf 90' lang='lat' dir='ltr'>aliquo</span> <span class='ocrx_word' id='word_1_211' title='bbox 168 1396 243 1441; x_wconf 89' lang='lat' dir='ltr'>penitus</span> <span class='ocrx_word' id='word_1_212' title='bbox 256 1396 379 1431; x_wconf 82' lang='lat' dir='ltr'>affectabatur.</span> <span class='ocrx_word' id='word_1_213' title='bbox 401 1397 446 1439; x_wconf 85' lang='lat' dir='ltr'>Nos,</span> <span class='ocrx_word' id='word_1_214' title='bbox 458 1397 516 1441; x_wconf 90' lang='lat' dir='ltr'>inquit</span> <span class='ocrx_word' id='word_1_215' title='bbox 528 1397 633 1439; x_wconf 89' lang='lat' dir='ltr'>Cassianus,</span> <span class='ocrx_word' id='word_1_216' title='bbox 645 1396 765 1437; x_wconf 85' lang='lat' dir='ltr'>miserabiles,</span> 
     </span>
     <span class='ocr_line' id='line_1_25' title="bbox 64 1447 765 1493; baseline 0.001 -11"><span class='ocrx_word' id='word_1_217' title='bbox 64 1450 107 1493; x_wconf 90' lang='lat' dir='ltr'>quid</span> <span class='ocrx_word' id='word_1_218' title='bbox 121 1450 209 1491; x_wconf 87' lang='lat' dir='ltr'>dicemus,</span> <span class='ocrx_word' id='word_1_219' title='bbox 221 1449 252 1493; x_wconf 93' lang='lat' dir='ltr'>qui</span> <span class='ocrx_word' id='word_1_220' title='bbox 267 1449 285 1482; x_wconf 93' lang='lat' dir='ltr'>in</span> <span class='ocrx_word' id='word_1_221' title='bbox 299 1448 380 1483; x_wconf 90' lang='lat' dir='ltr'>cenobiis</span> <span class='ocrx_word' id='word_1_222' title='bbox 394 1454 534 1492; x_wconf 88' lang='lat' dir='ltr'>commorantes,</span> <span class='ocrx_word' id='word_1_223' title='bbox 547 1460 591 1484; x_wconf 88' lang='lat' dir='ltr'>cura</span> <span class='ocrx_word' id='word_1_224' title='bbox 602 1454 620 1483; x_wconf 93' lang='lat' dir='ltr'>et</span> <span class='ocrx_word' id='word_1_225' title='bbox 633 1447 765 1484; x_wconf 84' lang='lat' dir='ltr'>sollicitudinc¹</span> 
     </span>
     <span class='ocr_line' id='line_1_26' title="bbox 64 1500 794 1547; baseline -0.001 -11"><span class='ocrx_word' id='word_1_226' title='bbox 64 1502 162 1544; x_wconf 89' lang='lat' dir='ltr'>constituti,</span> <span class='ocrx_word' id='word_1_227' title='bbox 171 1502 272 1547; x_wconf 87' lang='lat' dir='ltr'>peculiares</span> <span class='ocrx_word' id='word_1_228' title='bbox 283 1501 426 1537; x_wconf 89' lang='lat' dir='ltr'>circumferimus</span> <span class='ocrx_word' id='word_1_229' title='bbox 437 1502 510 1537; x_wconf 72' lang='lat' dir='ltr'>claues?</span> <span class='ocrx_word' id='word_1_230' title='bbox 521 1501 588 1547; x_wconf 89' lang='lat' dir='ltr'>quique</span> <span class='ocrx_word' id='word_1_231' title='bbox 598 1500 624 1536; x_wconf 90' lang='lat' dir='ltr'>ita</span> <span class='ocrx_word' id='word_1_232' title='bbox 633 1512 766 1546; x_wconf 89' lang='lat' dir='ltr'>nonnunquam</span> <span class='ocrx_word' id='word_1_233' title='bbox 776 1510 794 1543; x_wconf 84' lang='lat'>²5</span> 
     </span>
     <span class='ocr_line' id='line_1_27' title="bbox 64 1554 767 1600; baseline 0 -12"><span class='ocrx_word' id='word_1_234' title='bbox 64 1566 99 1600; x_wconf 90' lang='lat' dir='ltr'>pro</span> <span class='ocrx_word' id='word_1_235' title='bbox 110 1555 177 1589; x_wconf 88' lang='lat' dir='ltr'>vilibus</span> <span class='ocrx_word' id='word_1_236' title='bbox 192 1554 283 1598; x_wconf 89' lang='lat' dir='ltr'>nullisque</span> <span class='ocrx_word' id='word_1_237' title='bbox 297 1555 353 1588; x_wconf 89' lang='lat' dir='ltr'>rebus</span> <span class='ocrx_word' id='word_1_238' title='bbox 366 1556 488 1597; x_wconf 85' lang='lat' dir='ltr'>accendimur,</span> <span class='ocrx_word' id='word_1_239' title='bbox 501 1565 533 1590; x_wconf 86' lang='lat' dir='ltr'>eas</span> <span class='ocrx_word' id='word_1_240' title='bbox 544 1554 594 1590; x_wconf 86' lang='lat' dir='ltr'>velut</span> <span class='ocrx_word' id='word_1_241' title='bbox 606 1556 691 1599; x_wconf 88' lang='lat' dir='ltr'>proprias</span> <span class='ocrx_word' id='word_1_242' title='bbox 703 1555 767 1589; x_wconf 85' lang='lat' dir='ltr'>vendi-</span> 
     </span>
     <span class='ocr_line' id='line_1_28' title="bbox 65 1607 767 1652; baseline 0 -11"><span class='ocrx_word' id='word_1_243' title='bbox 65 1613 133 1649; x_wconf 90' lang='lat' dir='ltr'>cantes,</span> <span class='ocrx_word' id='word_1_244' title='bbox 140 1612 160 1641; x_wconf 88' lang='lat' dir='ltr'>vt</span> <span class='ocrx_word' id='word_1_245' title='bbox 170 1607 227 1650; x_wconf 89' lang='lat' dir='ltr'>siquis</span> <span class='ocrx_word' id='word_1_246' title='bbox 234 1607 264 1641; x_wconf 91' lang='lat' dir='ltr'>vel</span> <span class='ocrx_word' id='word_1_247' title='bbox 271 1607 327 1651; x_wconf 86' lang='lat' dir='ltr'>digito</span> <span class='ocrx_word' id='word_1_248' title='bbox 334 1607 431 1651; x_wconf 91' lang='lat' dir='ltr'>quicquam</span> <span class='ocrx_word' id='word_1_249' title='bbox 439 1618 463 1642; x_wconf 85' lang='lat' dir='ltr'>ex</span> <span class='ocrx_word' id='word_1_250' title='bbox 471 1607 500 1642; x_wconf 90' lang='lat' dir='ltr'>his</span> <span class='ocrx_word' id='word_1_251' title='bbox 508 1612 620 1642; x_wconf 88' lang='lat' dir='ltr'>contrectare</span> <span class='ocrx_word' id='word_1_252' title='bbox 628 1608 767 1652; x_wconf 87' lang='lat' dir='ltr'>presumpserit,</span> 
     </span>
     <span class='ocr_line' id='line_1_29' title="bbox 65 1658 768 1704; baseline 0 -9"><span class='ocrx_word' id='word_1_253' title='bbox 65 1665 115 1696; x_wconf 90' lang='lat' dir='ltr'>tanta</span> <span class='ocrx_word' id='word_1_254' title='bbox 123 1665 186 1695; x_wconf 87' lang='lat' dir='ltr'>contra</span> <span class='ocrx_word' id='word_1_255' title='bbox 192 1671 234 1694; x_wconf 89' lang='lat' dir='ltr'>eum</span> <span class='ocrx_word' id='word_1_256' title='bbox 241 1658 334 1695; x_wconf 90' lang='lat' dir='ltr'>iracundia</span> <span class='ocrx_word' id='word_1_257' title='bbox 342 1661 466 1704; x_wconf 88' lang='lat' dir='ltr'>suppleamur,</span> <span class='ocrx_word' id='word_1_258' title='bbox 471 1665 490 1695; x_wconf 91' lang='lat' dir='ltr'>vt</span> <span class='ocrx_word' id='word_1_259' title='bbox 498 1660 638 1696; x_wconf 90' lang='lat' dir='ltr'>commotionem</span> <span class='ocrx_word' id='word_1_260' title='bbox 644 1660 704 1695; x_wconf 90' lang='lat' dir='ltr'>cordis</span> <span class='ocrx_word' id='word_1_261' title='bbox 709 1659 768 1695; x_wconf 88' lang='lat' dir='ltr'>nostri</span> 
     </span>
     <span class='ocr_line' id='line_1_30' title="bbox 66 1713 482 1756; baseline 0 -8"><span class='ocrx_word' id='word_1_262' title='bbox 66 1723 153 1748; x_wconf 87' lang='lat' dir='ltr'>reuocare</span> <span class='ocrx_word' id='word_1_263' title='bbox 160 1714 192 1747; x_wconf 81' lang='lat' dir='ltr'>vix</span> <span class='ocrx_word' id='word_1_264' title='bbox 199 1713 304 1756; x_wconf 64' lang='lat' dir='ltr'>possimus?</span> <span class='ocrx_word' id='word_1_265' title='bbox 327 1713 368 1747; x_wconf 90' lang='lat' dir='ltr'>Hec</span> <span class='ocrx_word' id='word_1_266' title='bbox 376 1713 482 1749; x_wconf 85' lang='lat' dir='ltr'>Cassianus.</span> 
     </span>
    </p>
   </div>
   <div class='ocr_carea' id='block_1_3' title="bbox 206 1883 625 1928">
    <p class='ocr_par' dir='ltr' id='par_1_4' title="bbox 206 1883 625 1928">
     <span class='ocr_line' id='line_1_31' title="bbox 206 1883 625 1928; baseline -0.005 0"><span class='ocrx_word' id='word_1_267' title='bbox 206 1890 220 1928; x_wconf 75' lang='lat' dir='ltr'>ll</span> <span class='ocrx_word' id='word_1_268' title='bbox 234 1883 267 1925; x_wconf 77' lang='lat' dir='ltr'>DE</span> <span class='ocrx_word' id='word_1_269' title='bbox 278 1900 349 1926; x_wconf 78' lang='lat' dir='ltr'>SANCTO</span> <span class='ocrx_word' id='word_1_270' title='bbox 361 1883 479 1927; x_wconf 76' lang='lat' dir='ltr'>CARANTOCO</span> <span class='ocrx_word' id='word_1_271' title='bbox 490 1890 625 1927; x_wconf 70' lang='lat' dir='ltr'><strong>CONFESSORE².</strong></span> 
     </span>
    </p>
   </div>
   <div class='ocr_carea' id='block_1_4' title="bbox 68 1974 798 2497">
    <p class='ocr_par' dir='ltr' id='par_1_5' title="bbox 68 1974 798 2497">
     <span class='ocr_line' id='line_1_32' title="bbox 71 1974 797 2052; baseline 0.003 -44"><span class='ocrx_word' id='word_1_272' title='bbox 71 1974 140 2052; x_wconf 80' lang='lat' dir='ltr'>REn</span> <span class='ocrx_word' id='word_1_273' title='bbox 151 1975 225 2018; x_wconf 88' lang='lat' dir='ltr'>quidam</span> <span class='ocrx_word' id='word_1_274' title='bbox 234 1974 309 2009; x_wconf 85' lang='lat' dir='ltr'>nomine</span> <span class='ocrx_word' id='word_1_275' title='bbox 321 1974 424 2009; x_wconf 89' lang='lat' dir='ltr'>Keredicus</span> <span class='ocrx_word' id='word_1_276' title='bbox 435 1975 503 2009; x_wconf 90' lang='lat' dir='ltr'>multos</span> <span class='ocrx_word' id='word_1_277' title='bbox 512 1975 575 2009; x_wconf 87' lang='lat' dir='ltr'>habuit</span> <span class='ocrx_word' id='word_1_278' title='bbox 587 1974 676 2009; x_wconf 80' lang='lat' dir='ltr'>liberos³z</span> <span class='ocrx_word' id='word_1_279' title='bbox 688 1985 765 2020; x_wconf 88' lang='lat' dir='ltr'>quorum</span> <span class='ocrx_word' id='word_1_280' title='bbox 777 1982 797 2011; x_wconf 79' lang='lat'>30</span> 
     </span>
     <span class='ocr_line' id='line_1_33' title="bbox 131 2026 768 2073; baseline 0.002 -11"><span class='ocrx_word' id='word_1_281' title='bbox 131 2039 184 2070; x_wconf 92' lang='lat' dir='ltr'>vnus,</span> <span class='ocrx_word' id='word_1_282' title='bbox 196 2026 270 2062; x_wconf 89' lang='lat' dir='ltr'>nomine</span> <span class='ocrx_word' id='word_1_283' title='bbox 280 2027 397 2070; x_wconf 87' lang='lat' dir='ltr'>Carantocus,</span> <span class='ocrx_word' id='word_1_284' title='bbox 406 2038 453 2072; x_wconf 90' lang='lat' dir='ltr'>puer</span> <span class='ocrx_word' id='word_1_285' title='bbox 464 2028 513 2062; x_wconf 91' lang='lat' dir='ltr'>bone</span> <span class='ocrx_word' id='word_1_286' title='bbox 524 2027 596 2072; x_wconf 88' lang='lat' dir='ltr'>indolis,</span> <span class='ocrx_word' id='word_1_287' title='bbox 607 2039 643 2073; x_wconf 90' lang='lat' dir='ltr'>que</span> <span class='ocrx_word' id='word_1_288' title='bbox 655 2028 690 2063; x_wconf 92' lang='lat' dir='ltr'>deo</span> <span class='ocrx_word' id='word_1_289' title='bbox 701 2028 768 2073; x_wconf 87' lang='lat' dir='ltr'>placita</span> 
     </span>
     <span class='ocr_line' id='line_1_34' title="bbox 68 2080 768 2126; baseline 0.003 -12"><span class='ocrx_word' id='word_1_290' title='bbox 68 2086 120 2115; x_wconf 85' lang='lat' dir='ltr'>erant</span> <span class='ocrx_word' id='word_1_291' title='bbox 139 2082 217 2125; x_wconf 89' lang='lat' dir='ltr'>implere</span> <span class='ocrx_word' id='word_1_292' title='bbox 235 2080 288 2126; x_wconf 85' lang='lat' dir='ltr'>cepit.</span> <span class='ocrx_word' id='word_1_293' title='bbox 310 2080 406 2115; x_wconf 89' lang='lat' dir='ltr'>Venerunt</span> <span class='ocrx_word' id='word_1_294' title='bbox 425 2082 499 2115; x_wconf 92' lang='lat' dir='ltr'>demum</span> <span class='ocrx_word' id='word_1_295' title='bbox 519 2081 569 2116; x_wconf 87' lang='lat' dir='ltr'>Scoti</span> <span class='ocrx_word' id='word_1_296' title='bbox 588 2086 606 2116; x_wconf 90' lang='lat' dir='ltr'>et</span> <span class='ocrx_word' id='word_1_297' title='bbox 625 2092 699 2116; x_wconf 89' lang='lat' dir='ltr'>omnem</span> <span class='ocrx_word' id='word_1_298' title='bbox 715 2082 768 2125; x_wconf 87' lang='lat' dir='ltr'>quasi</span> 
     </span>
     <span class='ocr_line' id='line_1_35' title="bbox 68 2133 769 2179; baseline 0 -11"><span class='ocrx_word' id='word_1_299' title='bbox 68 2134 163 2178; x_wconf 83' lang='lat' dir='ltr'>regionem</span> <span class='ocrx_word' id='word_1_300' title='bbox 174 2139 277 2179; x_wconf 86' lang='lat' dir='ltr'>pugnantes</span> <span class='ocrx_word' id='word_1_301' title='bbox 289 2139 430 2177; x_wconf 86' lang='lat' dir='ltr'>occupauerunt.</span> <span class='ocrx_word' id='word_1_302' title='bbox 452 2133 556 2169; x_wconf 86' lang='lat' dir='ltr'>Keredicus</span> <span class='ocrx_word' id='word_1_303' title='bbox 566 2145 611 2169; x_wconf 88' lang='lat' dir='ltr'>vero</span> <span class='ocrx_word' id='word_1_304' title='bbox 623 2145 662 2177; x_wconf 80' lang='lat' dir='ltr'>rex,</span> <span class='ocrx_word' id='word_1_305' title='bbox 674 2139 769 2169; x_wconf 89' lang='lat' dir='ltr'>senectute</span> 
     </span>
     <span class='ocr_line' id='line_1_36' title="bbox 68 2186 769 2232; baseline 0 -10"><span class='ocrx_word' id='word_1_306' title='bbox 68 2192 86 2222; x_wconf 89' lang='lat' dir='ltr'>et</span> <span class='ocrx_word' id='word_1_307' title='bbox 97 2187 150 2223; x_wconf 91' lang='lat' dir='ltr'>bellis</span> <span class='ocrx_word' id='word_1_308' title='bbox 160 2188 227 2229; x_wconf 90' lang='lat' dir='ltr'>fessus,</span> <span class='ocrx_word' id='word_1_309' title='bbox 239 2197 281 2222; x_wconf 91' lang='lat' dir='ltr'>cum</span> <span class='ocrx_word' id='word_1_310' title='bbox 291 2186 370 2222; x_wconf 91' lang='lat' dir='ltr'>inimicis</span> <span class='ocrx_word' id='word_1_311' title='bbox 380 2187 467 2222; x_wconf 90' lang='lat' dir='ltr'>resistere</span> <span class='ocrx_word' id='word_1_312' title='bbox 476 2198 513 2222; x_wconf 90' lang='lat' dir='ltr'>non</span> <span class='ocrx_word' id='word_1_313' title='bbox 524 2192 599 2232; x_wconf 78' lang='lat' dir='ltr'>posset3</span> <span class='ocrx_word' id='word_1_314' title='bbox 611 2188 695 2222; x_wconf 89' lang='lat' dir='ltr'>seniores</span> <span class='ocrx_word' id='word_1_315' title='bbox 705 2187 769 2232; x_wconf 88' lang='lat' dir='ltr'>populi</span> 
     </span>
     <span class='ocr_line' id='line_1_37' title="bbox 68 2240 798 2285; baseline 0.003 -11"><span class='ocrx_word' id='word_1_316' title='bbox 68 2242 97 2274; x_wconf 92' lang='lat' dir='ltr'>sui</span> <span class='ocrx_word' id='word_1_317' title='bbox 110 2241 196 2275; x_wconf 86' lang='lat' dir='ltr'>dixerunt</span> <span class='ocrx_word' id='word_1_318' title='bbox 209 2241 237 2275; x_wconf 92' lang='lat' dir='ltr'>ei:</span> <span class='ocrx_word' id='word_1_319' title='bbox 250 2241 323 2274; x_wconf 82' lang='lat' dir='ltr'>‘Senex</span> <span class='ocrx_word' id='word_1_320' title='bbox 336 2251 361 2281; x_wconf 88' lang='lat' dir='ltr'>es,</span> <span class='ocrx_word' id='word_1_321' title='bbox 375 2240 454 2282; x_wconf 89' lang='lat' dir='ltr'>domine,</span> <span class='ocrx_word' id='word_1_322' title='bbox 467 2251 502 2274; x_wconf 89' lang='lat' dir='ltr'>nec</span> <span class='ocrx_word' id='word_1_323' title='bbox 514 2240 593 2285; x_wconf 88' lang='lat' dir='ltr'>amplius</span> <span class='ocrx_word' id='word_1_324' title='bbox 607 2240 693 2274; x_wconf 88' lang='lat' dir='ltr'>dimicare</span> <span class='ocrx_word' id='word_1_325' title='bbox 704 2246 798 2284; x_wconf 69' lang='lat' dir='ltr'>potestas</span> 
     </span>
     <span class='ocr_line' id='line_1_38' title="bbox 69 2291 771 2338; baseline 0.003 -12"><span class='ocrx_word' id='word_1_326' title='bbox 69 2298 141 2337; x_wconf 88' lang='lat' dir='ltr'>oportet</span> <span class='ocrx_word' id='word_1_327' title='bbox 149 2303 183 2328; x_wconf 92' lang='lat' dir='ltr'>nos</span> <span class='ocrx_word' id='word_1_328' title='bbox 191 2293 313 2328; x_wconf 87' lang='lat' dir='ltr'>Carantocum</span> <span class='ocrx_word' id='word_1_329' title='bbox 321 2292 379 2326; x_wconf 89' lang='lat' dir='ltr'>filium</span> <span class='ocrx_word' id='word_1_330' title='bbox 387 2297 438 2326; x_wconf 88' lang='lat' dir='ltr'>tuum</span> <span class='ocrx_word' id='word_1_331' title='bbox 446 2291 532 2327; x_wconf 89' lang='lat' dir='ltr'>ordinare</span> <span class='ocrx_word' id='word_1_332' title='bbox 539 2292 558 2327; x_wconf 94' lang='lat' dir='ltr'>in</span> <span class='ocrx_word' id='word_1_333' title='bbox 566 2295 639 2338; x_wconf 80' lang='lat' dir='ltr'>regem.¹</span> <span class='ocrx_word' id='word_1_334' title='bbox 662 2292 702 2336; x_wconf 81' lang='lat' dir='ltr'>Quo</span> <span class='ocrx_word' id='word_1_335' title='bbox 708 2293 771 2328; x_wconf 90' lang='lat' dir='ltr'>audito</span> 
     </span>
     <span class='ocr_line' id='line_1_39' title="bbox 70 2346 771 2391; baseline 0.001 -10"><span class='ocrx_word' id='word_1_336' title='bbox 70 2346 187 2390; x_wconf 88' lang='lat' dir='ltr'>Carantocus,</span> <span class='ocrx_word' id='word_1_337' title='bbox 199 2348 241 2391; x_wconf 92' lang='lat' dir='ltr'>plus</span> <span class='ocrx_word' id='word_1_338' title='bbox 252 2357 316 2390; x_wconf 88' lang='lat' dir='ltr'>regem</span> <span class='ocrx_word' id='word_1_339' title='bbox 327 2347 413 2380; x_wconf 87' lang='lat' dir='ltr'>celestem</span> <span class='ocrx_word' id='word_1_340' title='bbox 424 2352 499 2380; x_wconf 85' lang='lat' dir='ltr'>terreno</span> <span class='ocrx_word' id='word_1_341' title='bbox 510 2356 568 2390; x_wconf 87' lang='lat' dir='ltr'>regno</span> <span class='ocrx_word' id='word_1_342' title='bbox 579 2346 663 2389; x_wconf 84' lang='lat' dir='ltr'>diligens,</span> <span class='ocrx_word' id='word_1_343' title='bbox 674 2351 692 2382; x_wconf 86' lang='lat' dir='ltr'>et</span> <span class='ocrx_word' id='word_1_344' title='bbox 702 2347 771 2382; x_wconf 91' lang='lat' dir='ltr'>domini</span> 
     </span>
     <span class='ocr_line' id='line_1_40' title="bbox 70 2398 772 2444; baseline 0.003 -12"><span class='ocrx_word' id='word_1_345' title='bbox 70 2400 99 2433; x_wconf 93' lang='lat' dir='ltr'>sui</span> <span class='ocrx_word' id='word_1_346' title='bbox 110 2400 223 2434; x_wconf 84' lang='lat' dir='ltr'>voluntatem</span> <span class='ocrx_word' id='word_1_347' title='bbox 236 2409 291 2444; x_wconf 89' lang='lat' dir='ltr'>quam</span> <span class='ocrx_word' id='word_1_348' title='bbox 305 2399 405 2432; x_wconf 90' lang='lat' dir='ltr'>humanum</span> <span class='ocrx_word' id='word_1_349' title='bbox 418 2398 506 2441; x_wconf 88' lang='lat' dir='ltr'>fauorem,</span> <span class='ocrx_word' id='word_1_350' title='bbox 517 2398 579 2442; x_wconf 84' lang='lat' dir='ltr'>fugam</span> <span class='ocrx_word' id='word_1_351' title='bbox 591 2398 636 2441; x_wconf 87' lang='lat' dir='ltr'>iniit,</span> <span class='ocrx_word' id='word_1_352' title='bbox 649 2403 668 2433; x_wconf 93' lang='lat' dir='ltr'>et</span> <span class='ocrx_word' id='word_1_353' title='bbox 680 2400 748 2444; x_wconf 87' lang='lat' dir='ltr'>emptis</span> <span class='ocrx_word' id='word_1_354' title='bbox 761 2410 772 2434; x_wconf 91' lang='lat' dir='ltr'>a</span> 
     </span>
     <span class='ocr_line' id='line_1_41' title="bbox 71 2450 773 2497; baseline 0 -10"><span class='ocrx_word' id='word_1_355' title='bbox 71 2462 154 2497; x_wconf 87' lang='lat' dir='ltr'>paupere</span> <span class='ocrx_word' id='word_1_356' title='bbox 168 2463 215 2497; x_wconf 88' lang='lat' dir='ltr'>pera</span> <span class='ocrx_word' id='word_1_357' title='bbox 227 2457 246 2487; x_wconf 88' lang='lat' dir='ltr'>et</span> <span class='ocrx_word' id='word_1_358' title='bbox 259 2452 329 2494; x_wconf 87' lang='lat' dir='ltr'>baculo,</span> <span class='ocrx_word' id='word_1_359' title='bbox 340 2451 376 2486; x_wconf 88' lang='lat' dir='ltr'>iter</span> <span class='ocrx_word' id='word_1_360' title='bbox 387 2450 474 2496; x_wconf 87' lang='lat' dir='ltr'>arripuit:</span> <span class='ocrx_word' id='word_1_361' title='bbox 490 2456 508 2485; x_wconf 90' lang='lat' dir='ltr'>et</span> <span class='ocrx_word' id='word_1_362' title='bbox 520 2452 652 2495; x_wconf 89' lang='lat' dir='ltr'>precedentem</span> <span class='ocrx_word' id='word_1_363' title='bbox 667 2452 702 2487; x_wconf 91' lang='lat' dir='ltr'>sibi</span> <span class='ocrx_word' id='word_1_364' title='bbox 714 2464 725 2487; x_wconf 88' lang='lat' dir='ltr'>a</span> <span class='ocrx_word' id='word_1_365' title='bbox 737 2453 773 2487; x_wconf 94' lang='lat' dir='ltr'>deo</span> 
     </span>
    </p>
   </div>
   <div class='ocr_carea' id='block_1_5' title="bbox 70 2540 773 2622">
    <p class='ocr_par' dir='ltr' id='par_1_6' title="bbox 70 2540 773 2622">
     <span class='ocr_line' id='line_1_42' title="bbox 90 2540 773 2583; baseline 0.003 -12"><span class='ocrx_word' id='word_1_366' title='bbox 90 2541 96 2559; x_wconf 88' lang='lat'><strong>¹</strong></span> <span class='ocrx_word' id='word_1_367' title='bbox 106 2541 124 2571; x_wconf 82' lang='lat' dir='ltr'>E.</span> <span class='ocrx_word' id='word_1_368' title='bbox 132 2541 237 2572; x_wconf 75' lang='lat' dir='ltr'>sollicitudini.</span> <span class='ocrx_word' id='word_1_369' title='bbox 277 2540 374 2579; x_wconf 78' lang='lat' dir='ltr'>²Abridged</span> <span class='ocrx_word' id='word_1_370' title='bbox 382 2541 422 2570; x_wconf 87' lang='lat' dir='ltr'>from</span> <span class='ocrx_word' id='word_1_371' title='bbox 432 2540 459 2571; x_wconf 87' lang='lat' dir='ltr'>the</span> <span class='ocrx_word' id='word_1_372' title='bbox 466 2540 504 2570; x_wconf 85' lang='lat' dir='ltr'>Vita</span> <span class='ocrx_word' id='word_1_373' title='bbox 512 2541 529 2570; x_wconf 91' lang='lat' dir='ltr'>in</span> <span class='ocrx_word' id='word_1_374' title='bbox 538 2540 573 2571; x_wconf 71' lang='grc' dir='ltr'>ΜΞ.</span> <span class='ocrx_word' id='word_1_375' title='bbox 580 2541 630 2580; x_wconf 83' lang='lat' dir='ltr'>Vesp.</span> <span class='ocrx_word' id='word_1_376' title='bbox 641 2541 661 2573; x_wconf 85' lang='lat' dir='ltr'>A.</span> <span class='ocrx_word' id='word_1_377' title='bbox 672 2541 716 2583; x_wconf 86' lang='lat' dir='ltr'>xlv,</span> <span class='ocrx_word' id='word_1_378' title='bbox 724 2542 750 2573; x_wconf 84' lang='lat' dir='ltr'>etl.</span> <span class='ocrx_word' id='word_1_379' title='bbox 757 2542 773 2573; x_wconf 88' lang='lat' dir='ltr'>in</span> 
     </span>
     <span class='ocr_line' id='line_1_43' title="bbox 70 2580 609 2622; baseline 0.006 -12"><span class='ocrx_word' id='word_1_380' title='bbox 70 2580 105 2613; x_wconf 80' lang='lat' dir='ltr'>Act.</span> <span class='ocrx_word' id='word_1_381' title='bbox 113 2581 143 2613; x_wconf 86' lang='lat' dir='ltr'>SS.</span> <span class='ocrx_word' id='word_1_382' title='bbox 151 2581 191 2613; x_wconf 90' lang='lat' dir='ltr'>Boll.</span> <span class='ocrx_word' id='word_1_383' title='bbox 199 2582 237 2622; x_wconf 85' lang='lat' dir='ltr'>May</span> <span class='ocrx_word' id='word_1_384' title='bbox 244 2582 273 2613; x_wconf 89' lang='lat' dir='ltr'>lll.</span> <span class='ocrx_word' id='word_1_385' title='bbox 281 2591 296 2621; x_wconf 90' lang='lat' dir='ltr'>p.</span> <span class='ocrx_word' id='word_1_386' title='bbox 304 2582 340 2620; x_wconf 78' lang='lat'>583,</span> <span class='ocrx_word' id='word_1_387' title='bbox 348 2581 396 2620; x_wconf 87' lang='lat' dir='ltr'>Rees,</span> <span class='ocrx_word' id='word_1_388' title='bbox 403 2589 418 2619; x_wconf 88' lang='lat' dir='ltr'>p.</span> <span class='ocrx_word' id='word_1_389' title='bbox 427 2590 451 2619; x_wconf 75' lang='lat'>97.</span> <span class='ocrx_word' id='word_1_390' title='bbox 512 2581 518 2599; x_wconf 82' lang='lat'><strong>³</strong></span> <span class='ocrx_word' id='word_1_391' title='bbox 529 2580 547 2612; x_wconf 85' lang='lat' dir='ltr'>E.</span> <span class='ocrx_word' id='word_1_392' title='bbox 555 2580 609 2613; x_wconf 79' lang='lat' dir='ltr'>libros.</span> 
     </span>
    </p>
   </div>
   <div class='ocr_carea' id='block_1_6' title="bbox 417 2641 429 2666">
    <p class='ocr_par' dir='ltr' id='par_1_7' title="bbox 417 2641 429 2666">
     <span class='ocr_line' id='line_1_44' title="bbox 417 2641 429 2666; baseline 0 0"><span class='ocrx_word' id='word_1_393' title='bbox 417 2641 429 2666; x_wconf 77' lang='lat' dir='ltr'>tt</span> 
     </span>
    </p>
   </div>
   <div class='ocr_carea' id='block_1_7' title="bbox 0 0 901 2803">
    <p class='ocr_par' dir='ltr' id='par_1_8' title="bbox 0 0 901 2803">
     <span class='ocr_line' id='line_1_45' title="bbox 0 0 901 2803; baseline 0 0"><span class='ocrx_word' id='word_1_394' title='bbox 0 0 901 2803; x_wconf 95' lang='lat' dir='ltr'> </span> 
     </span>
    </p>
   </div>
  </div>
 </body>
</html>
