1762 2803
107 141 151 172 220
299 128 378 181 muna
394 126 510 189 termut
525 126 618 188 anglia

108 249 131 283 Et
142 249 291 294 circumspiciens
302 250 321 284 in
333 249 398 284 domo¹
409 250 458 284 vnde
470 255 520 284 esset
533 253 572 283 orta
583 253 634 282 tanta
647 247 708 282 odoris
724 248 810 290 suauitas,

108 302 152 336 vidit
163 301 213 336 iuxta
226 303 295 347 positos
307 307 346 336 tres
357 313 415 346 panes
429 303 496 336 calidos
508 301 575 336 insoliti
587 301 677 343 candoris,
689 306 707 334 et
721 311 811 345 expaues-

108 365 153 388 cens
179 355 234 388 dixit:
259 355 329 387 ‘Cerno
354 355 403 397 quod
428 356 505 397 angelus
529 354 559 387 dei
585 359 623 387 erat
645 364 700 397 quem
726 353 810 397 suscepi:

108 417 190 450 pascere,
199 417 236 438 non
248 406 298 450 pasci
309 406 391 439 veniens.
415 406 455 438 En²
464 417 522 450 panes
534 406 592 439 attulit
601 407 665 450 quales
675 411 724 438 terra
735 406 811 450 gignere

91 459 202 502 5nequiuit:
222 460 269 493 Nam
280 459 317 492 lilia
331 460 416 500 candore,
428 464 446 492 et
462 469 514 493 rosas
531 460 593 500 odore,
605 465 623 493 et
638 459 692 493 mella
709 459 811 502 precellunt

108 522 179 554 sapore.
201 511 255 545 Vnde
268 516 339 544 constat
357 512 400 555 quia
420 522 457 544 non
475 512 499 545 de
519 517 582 545 nostra
599 512 663 545 tellure
681 510 720 552 orti,
736 512 769 545 sed
788 511 812 544 de

108 562 193 608 paradiso
211 563 310 608 voluptatis
329 568 372 597 sunt
390 563 449 596 allati*
483 563 511 596 Ex
530 563 560 596 illo
579 564 628 598 enim
647 570 730 607 tempore
749 563 812 608 sepius

108 617 184 660 angelos
198 616 261 652 videre
276 621 295 651 et
310 616 382 660 alloqui,
395 617 428 651 sed
441 621 459 651 et
473 617 557 651 esuriens
570 617 616 652 cibis
630 629 640 652 a
655 616 730 651 domino
745 627 812 661 prepa-

108 669 152 703 ratis
163 669 213 704 refici
222 669 292 704 meruit.
336 662 438 713 Aliquanto
450 675 492 713 post
503 670 537 704 hec
548 670 625 704 decurso
633 676 722 713 tempore,
730 671 812 713 prefatus

82 723 165 756 roabbas
185 722 231 755 Eata
250 733 291 756 cum
312 722 411 756 Cuthberto
431 726 450 755 et
470 721 536 755 ceteris
556 732 603 765 quos
625 732 688 756 secum
710 723 812 756 adduxerat

108 775 199 817 fratribus,
215 775 326 810 monasterio
341 775 372 809 illo
387 776 410 809 ad
429 775 547 809 incolendum
568 774 607 808 aliis
628 774 723 809 monachis
742 775 812 817 collato,

109 830 184 862 domum
194 829 279 871 repulsus
291 833 323 862 est.
369 822 439 862 Morbo
450 838 495 862 vero
507 827 615 872 pestilentie,
628 838 664 871 quo
676 832 719 861 tunc
738 827 813 871 plurimi

53 879 56 884 ’
109 891 143 924 per
152 880 265 914 Britanniam
277 881 332 924 longe
341 881 414 924 lateque
425 880 539 921 deficiebant,
550 885 645 923 correptus
659 884 692 922 est,
702 881 735 913 sed
746 880 813 913 fratres

110 932 216 967 monasterii
227 938 289 975 totam,
300 944 334 977 pro
346 934 386 968 eius
397 933 434 968 vita
445 938 463 967 et
475 933 533 980 salute
548 938 651 976 precantes,
663 938 735 967 noctem
751 932 813 977 perui-

83 986 165 1029 15gilem
184 986 305 1020 deduxerunt.
339 986 393 1028 Quod
414 986 457 1019 dum
480 986 591 1020 Cuthbertus
613 996 668 1020 mane
691 985 812 1030 cognouisset,

110 1039 163 1072 hilari
175 1039 226 1073 vultu
241 1039 297 1073 dixit:
314 1040 372 1073 ‘Date
383 1040 468 1073 baculum
482 1044 501 1073 et
514 1038 592 1082 caligas,
610 1050 642 1072 cur
655 1038 684 1072 hic
699 1040 759 1073 iacere
774 1050 813 1073 am-

110 1092 158 1135 plius
173 1092 236 1126 v010³r
270 1092 334 1135 Neque
351 1092 412 1127 enirn¹
429 1092 548 1126 dubitandum
566 1098 594 1126 est
611 1093 653 1136 quia
671 1098 697 1126 tot
714 1093 813 1136 taliumque

109 1146 190 1178 virorum
202 1155 267 1188 preces
279 1155 316 1178 non
329 1145 436 1189 despexerit
448 1145 542 1178 dominus.¹
570 1145 672 1189 Statimque
686 1156 783 1188 exurgens,
796 1149 814 1179 et

110 1198 174 1231 baculo
190 1197 277 1240 innitens,
297 1197 345 1231 infra
364 1208 432 1241 paucos
453 1197 492 1231 dies
513 1197 568 1241 plene
586 1197 682 1231 conualuit.
711 1198 749 1232 Sed
771 1197 814 1242 quia

83 1266 102 1287 20
110 1255 171 1283 tumor
186 1250 216 1292 qui
231 1250 250 1282 in
268 1250 337 1282 femore
356 1251 462 1293 apparebat,
477 1251 564 1292 paulatim
582 1251 606 1282 ad
625 1251 743 1293 superficiem
762 1252 814 1284 detu-

110 1302 293 1346 mescenscorporis,
305 1302 328 1335 ad
339 1302 430 1336 viscerum
442 1301 529 1336 interiora
542 1301 640 1346 perlapsus
657 1306 691 1344 est,
708 1306 745 1336 toto
765 1312 813 1347 pene

110 1355 146 1389 vite
159 1366 191 1389 sue
203 1360 286 1399 tempore
298 1355 429 1398 aliquantulum
441 1354 589 1389 interaneorum⁵
601 1366 638 1389 non
651 1356 735 1388 cessabat
746 1355 814 1390 sentire

110 1408 196 1442 dolorem.
228 1408 287 1450 Quem
306 1419 347 1441 cum
371 1407 450 1442 Boisilus
473 1413 556 1443 sanatum
580 1413 668 1451 cerneret,
687 1407 722 1443 ait:
742 1408 814 1452 ‘Vides

110 1462 171 1503 frater,
183 1461 225 1505 quia
236 1462 323 1495 liberatus
334 1473 355 1496 es
366 1472 377 1495 a
388 1461 471 1495 molestia
484 1473 520 1505 qua
535 1462 641 1497 laborabas:
661 1462 701 1495 dico
717 1462 749 1496 tibi
766 1463 814 1506 quod

84 1532 102 1560 ²5
111 1527 133 1549 ea
144 1515 180 1547 iarn
191 1515 239 1548 vltra
249 1516 352 1557 tangendus
364 1525 401 1547 non
413 1525 438 1547 es.
467 1515 505 1547 Sed
517 1515 559 1557 quia
570 1526 600 1547 me
611 1525 660 1548 mors
672 1515 731 1548 vicina
744 1520 814 1558 presto·

110 1568 163 1609 latur,
175 1566 246 1601 discere
257 1577 268 1601 a
279 1577 309 1600 me
322 1567 394 1611 aliquid,
406 1567 493 1610 quamdiu
508 1567 574 1600 docere
588 1567 665 1609 valeam,
676 1577 714 1600 non
729 1567 814 1602 omittas:

112 1621 154 1654 Non
166 1619 215 1653 enim
226 1620 268 1663 plus
277 1630 332 1662 quam
342 1625 414 1663 septem
425 1619 464 1653 dies
476 1625 518 1653 sunt
531 1619 596 1661 quibus
609 1619 663 1654 michi
676 1620 699 1653 ad
711 1620 814 1654 docendum

112 1672 181 1706 sanitas
193 1671 279 1715 corporis,
291 1679 309 1705 et
321 1672 381 1715 lingue
399 1682 485 1704 concessa
504 1676 532 1704 est
548 1670 616 1704 virtus.⁵
644 1671 667 1704 Et
684 1672 785 1715 completis,
796 1678 815 1705 vt

111 1723 197 1768 predixit,
209 1729 281 1768 septem
293 1723 361 1766 diebus,
373 1723 449 1758 feliciter
463 1723 524 1758 anima
539 1723 562 1757 de
574 1733 651 1767 corpore
666 1723 715 1757 exiit.
745 1724 815 1766 Quibus

85 1794 104 1823 30
112 1778 175 1811 diebus
193 1782 270 1821 septem,
287 1776 349 1810 omnia
368 1787 404 1821 que
421 1776 521 1810 Cuthberto
540 1775 600 1810 sutura
616 1781 673 1818 erant,
688 1777 815 1811 denunciabat.

112 1831 232 1874 Propheticus
243 1840 323 1874 namque
333 1835 352 1864 et
363 1830 409 1863 mire
420 1829 521 1864 sanctitatis
530 1834 569 1863 erat
580 1830 640 1872 homo,
652 1834 671 1863 et
681 1830 753 1873 prefate
764 1840 815 1865 acer-

64 1935 66 1937 ’
111 1937 191 1983 predixit
203 1938 287 1972 suturam.
314 1937 382 1972 Sedet
396 1937 495 1971 Cuthberto
506 1938 553 1970 inter
568 1942 634 1979 cetera,
646 1937 695 1980 quod
711 1941 729 1970 et
745 1937 816 1981 episco-

112 2003 147 2036 pus
159 1996 209 2025 esset
220 1992 332 2024 ordinandus
344 1990 447 2024 insinuauit.
493 1983 539 2023 Post
549 1989 637 2023 Boisilum
648 2000 692 2022 vero
705 1990 815 2024 Cuthbertus

84 2060 102 2090 55
111 2046 169 2080 factus
181 2045 291 2088 prepositus,
303 2054 340 2077 non
352 2044 411 2078 solum
423 2044 459 2087 ipsi
470 2042 581 2077 monasterio
595 2042 684 2086 regularis
697 2042 734 2077 vite
747 2043 816 2077 monita

112 2098 166 2132 simul
178 2103 196 2131 et
211 2097 297 2139 exempla
311 2097 421 2139 preferebat,
432 2097 465 2129 sed
482 2101 500 2130 et
515 2096 581 2138 vulgus
597 2095 746 2138 circumpositum
762 2096 816 2139 longe

112 2151 190 2194 lateque,
197 2161 208 2183 a
215 2149 245 2184 via
253 2149 307 2183 stulte
315 2149 451 2183 consuetudinis
459 2150 482 2182 ad
490 2148 585 2183 celestium
593 2148 700 2192 gaudiorum
709 2154 816 2183 conuertere

112 2204 186 2238 curabat
204 2212 291 2237 amorem.
322 2202 368 2236 Nam
387 2206 406 2236 et
424 2202 475 2236 multi
494 2202 555 2245 fidem,
567 2212 622 2246 quam
641 2201 737 2243 habebant,
749 2201 816 2247 iniquis

112 2258 253 2300 prophanabant
264 2257 360 2298 operibus3
380 2260 398 2289 et
410 2255 465 2298 aliqui
479 2256 534 2288 etiam
549 2259 633 2298 tempore
648 2254 768 2296 mortalitatis,
785 2265 816 2288 ne-

84 2310 171 2358 40glecto
186 2309 229 2343 fidei
243 2318 279 2353 quo
297 2308 375 2342 imbuti⁷
395 2313 448 2342 erant
464 2312 584 2349 sacramento,
600 2308 623 2341 ad
639 2306 716 2341 erratica
734 2306 817 2341 idolatrie

112 2363 234 2397 medicamina
248 2362 386 2404 concurrebant,
400 2360 452 2404 quasi
466 2361 543 2395 missam
558 2373 569 2394 a
584 2361 619 2394 deo
635 2359 728 2394 conditore
742 2360 816 2404 plagam

112 2426 146 2459 per
157 2415 288 2449 incantationes
299 2414 329 2449 vel
342 2414 445 2459 alligaturas
460 2414 490 2449 vel
505 2413 540 2448 alia
556 2411 663 2447 demoniace
678 2413 722 2446 artis
738 2414 817 2448 archana

113 2469 199 2503 cohibere
217 2469 305 2503 valerent.
335 2468 364 2502 Ob
381 2468 415 2502 hoc
432 2478 476 2502 vero
491 2467 520 2503 vir
536 2467 571 2501 dei·
582 2467 647 2501 crebro
663 2466 687 2501 de
705 2467 817 2502 monasterio

133 2536 164 2565 lin
172 2537 244 2567 domoal.
252 2546 282 2566 om.
324 2536 358 2567 “T.
366 2537 384 2566 E.
392 2536 416 2566 Et.
457 2536 540 2566 31Ξ.ιῑοΙο.
586 2533 658 2565 *avit
702 2535 736 2566 ⁵T.
744 2536 761 2566 E.
769 2536 817 2565 inter-

113 2585 200 2607 raucorum.
247 2576 253 2592 ‘¹
262 2577 280 2606 T.
286 2576 356 2613 veniret,
367 2577 385 2606 E.
392 2576 458 2605 venerit.
505 2576 510 2593 ἵ
522 2575 539 2604 E.
547 2574 606 2604 imbitu.
