1762 2803
138 103 182 160 '304
243 183 244 187 Ἰ
326 100 409 157 idota
424 100 540 164 teneone
556 100 649 164 annito.
757 111 840 152 [nen.

137 227 194 256 mentis
202 226 258 263 quibus
265 226 325 256 animas
333 227 414 257 excoriare
421 227 447 257 uel
454 226 532 256 decollare
539 226 566 256 uel
573 227 634 256 findere
641 225 667 255 uel
674 229 746 256 truncare
755 224 840 264 (poterant,

137 274 154 303 in
164 273 217 303 medio
227 275 323 303 flammarum
333 275 406 311 stantes),
414 278 430 303 et
441 274 477 311 (sub
483 273 562 311 ma)nibus
569 282 623 302 eorum
631 273 745 302 multitudinem
754 273 841 302 animarum

138 321 168 351 hec
175 320 228 352 omnia
238 322 356 353 sustinencium.
378 321 424 358 Quod
432 321 488 351 uidens
499 320 583 356 Tundalus,
592 320 631 350 dixit
638 320 658 350 ad
665 320 747 357 angelum:
758 319 841 349 ‘Obsecro

138 369 207 406 domine,
218 370 232 399 si
242 370 298 408 placet,
309 370 328 399 ab
339 370 370 399 hoc
380 370 414 399 solo
427 369 466 409 (mle
476 368 524 398 libera
534 368 616 406 supplicio,
626 372 642 397 et
655 367 712 398 ceteris
722 377 753 406 que
764 371 800 405 post
811 366 841 397 hec

121 421 222 454 5occurrent
235 428 260 448 me
274 419 329 456 trani)
342 416 422 448 concedo!
443 417 473 447 Cui
486 417 561 454 angelus:
575 417 622 446 ‘Hoc
635 416 672 455 (est)
685 417 734 447 maius
748 415 841 453 supplicium

140 466 212 495 omnibus
226 476 257 503 que
271 466 347 495 hactenus
361 465 419 500 uidisti,
430 468 455 494 set
465 464 516 494 adhuc
531 463 590 494 uidebis
604 473 652 493 unum
665 463 719 494 maius.
742 464 785 493 lutra
799 462 841 492 istud

139 513 236 551 supplicium,
248 513 284 550 quia
291 523 338 542 canes
345 513 394 549 rapidi
400 513 404 529 ¹
411 516 427 541 te
437 511 531 549 expectant!
555 511 636 540 Tundalus
646 515 699 540 autem
709 516 779 541 tremens
790 514 806 540 et
813 520 841 547 pre

140 560 212 597 angustia
226 561 306 595 deficiens,
320 560 385 596 rogabat
399 569 419 587 ne
433 559 503 595 intraret,
516 562 541 587 set
554 568 586 587 non
599 558 670 595 profecit.
697 558 778 588 Demones
789 561 842 586 autem

140 608 212 636 uidentes
229 616 263 635 eam
281 606 311 635 sibi
328 615 424 642 concessam,
441 615 476 633 eam
491 605 628 634 circumdederunt
644 608 660 633 et
675 605 736 643 magnis
752 603 842 643 (conui)ciis

114 660 132 682 10
140 655 257 693 exprobrantes
268 663 303 683 cum
314 653 408 691 supradictis
418 653 526 682 instrumentis
536 652 552 682 in
563 652 612 682 frusta
622 652 743 690 discerpserunt.
765 651 842 681 Dominus

140 703 187 732 huius
197 702 252 730 domus
261 701 342 730 dicebatur
352 701 461 731 Phistrinusle
472 700 488 729 in
501 710 532 737 qua
543 704 577 729 erat
587 700 654 737 gemitus
665 704 681 729 et
690 699 760 736 tristicia,
771 699 817 728 ssetus
826 705 843 730 et

140 750 198 780 stridor
211 748 288 784 dencium,
300 748 352 778 lentus
363 748 405 786 ignis
417 748 521 784 extrinsecus,
534 752 551 778 et
562 747 656 777 intrinsecus
667 751 729 777 uastum
742 746 843 783 incendium

140 798 205 828 auiditas
213 797 242 827 cibi
249 798 347 836 inexplebilis
354 797 375 826 ibi
382 801 421 831 erat,
428 806 458 826 nec
467 796 522 826 saciari
529 800 591 834 poterat
598 796 671 825 nimietas
679 796 720 835 gule,
732 796 802 825 uerenda
809 795 843 825 loca

141 846 220 874 doloribus
227 845 335 873 cruciabantur
342 844 448 881 permaximis,
456 844 530 880 pudenda
536 844 570 880 ipsa
579 844 662 879 putredine
669 847 743 880 corrupta
750 843 844 871 uidebantur

115 898 133 928 15
141 892 216 921 scaturire
226 891 310 927 uermibus,
321 895 338 919 et
348 891 364 919 in
374 891 408 927 ipsa
418 891 489 919 uerenda
499 891 568 919 uirorum
578 899 596 919 ac
603 889 685 919 mulierum
696 899 728 919 non
738 890 791 919 solum
800 898 843 918 secu·

141 940 200 976 larium,
208 943 233 968 set
240 939 289 967 eciam
296 939 405 975 religiosorum
412 938 446 966 dire
451 939 518 975 quedam
525 937 604 966 intrabant
610 937 665 966 bestie.
687 937 710 966 lbi
717 937 769 966 anima
776 936 843 965 Tundali

140 996 159 1017 se
166 986 206 1015 iuste
216 986 249 1022 pati
259 986 295 1015 talia
304 986 385 1015 fatebatur.
406 985 436 1015 Set
446 985 509 1022 quando
520 985 550 1014 deo
560 984 623 1022 placuit,
631 984 704 1014 nesciens
715 994 746 1022 quo
757 985 818 1019 ordine,
825 993 843 1013 se

140 1039 185 1064 extra
192 1038 271 1064 tormenta
278 1043 313 1063 esse
321 1033 399 1070 cognouit.
422 1032 491 1062 Sedebat
500 1037 552 1062 autem
563 1031 656 1061 intenebris
666 1036 683 1061 et
693 1031 709 1062 in
720 1031 774 1062 umbra
781 1030 842 1066 mortis,

141 1086 157 1111 et
169 1082 226 1111 uidens
236 1082 309 1119 angelum
320 1090 371 1116 suum,
382 1081 431 1110 dixit:
442 1080 496 1116 Ἥρη,
507 1080 571 1110 domine
582 1080 609 1114 mi,
619 1079 646 1109 ubi
658 1083 682 1109 cst
693 1081 735 1116 quod
745 1079 843 1109 audiuimus:

114 1135 133 1156 ao
141 1132 151 1146 ‘¹
158 1128 264 1157 misericordia
271 1128 330 1156 domini
338 1128 385 1164 plena
392 1131 416 1156 est
424 1129 476 1156 terrai
483 1126 491 1140 ¹’
498 1126 502 1140 ’
523 1127 612 1163 Respondit
619 1127 693 1162 angelus:
705 1130 709 1144 ‘
716 1127 752 1155 Hee
762 1126 844 1155 sentencia

141 1176 199 1205 multos
213 1176 285 1213 decepit:
302 1176 346 1204 Deus
358 1174 406 1210 enim,
418 1174 455 1203 licet
467 1174 487 1203 sit
501 1173 596 1209 misericors,
610 1176 634 1202 est
648 1176 700 1202 tamen
714 1174 769 1202 iustus.
795 1172 844 1202 Multa

140 1224 215 1259 uindicat,
223 1227 248 1252 set
255 1223 300 1260 plura
306 1223 390 1252 condonat.
411 1222 435 1250 Tu
442 1222 483 1251 iuste
490 1230 545 1259 passus
555 1230 578 1257 cs,
588 1224 613 1250 set
622 1225 660 1250 tunc
668 1221 726 1258 gratias
735 1230 773 1258 ages
780 1221 843 1257 quando

141 1271 202 1300 uidebis
209 1280 240 1308 que
247 1274 324 1300 tormenta
330 1280 359 1308 per
365 1269 489 1299 misericordiam
494 1269 519 1298 dei
527 1268 596 1298 euasisti.
617 1268 634 1298 Si
642 1269 681 1297 deus
689 1273 745 1299 cuncta
752 1268 844 1303 dimitteret,

142 1329 170 1348 cur
176 1319 223 1348 homo
231 1319 281 1348 iustus
288 1319 341 1348 essetl
352 1317 372 1347 Et
379 1317 393 1346 si
400 1317 476 1355 supplicia
483 1326 515 1345 non
522 1316 645 1354 pertimesceret,
653 1325 701 1354 quare
708 1325 774 1355 peccare
782 1316 844 1345 timeret

115 1372 133 1402 25
142 1367 168 1395 uel
175 1377 184 1396 a
191 1366 298 1404 uoluptatibus
304 1366 337 1395 suis
343 1375 361 1394 se
368 1366 457 1394 auerteretl
479 1364 499 1392 Et
507 1364 544 1401 quid
551 1373 591 1401 opus
598 1368 640 1393 esset
648 1368 665 1393 ut
672 1364 741 1393 confessi
748 1364 843 1402 peniterent,

142 1413 156 1441 si
165 1414 211 1441 deum
222 1421 255 1441 non
264 1413 349 1441 timerentl
373 1411 484 1439 Peccatoribus
496 1410 512 1438 in
523 1418 589 1446 corpore
601 1409 706 1447 penitenciam
717 1419 749 1438 non
762 1409 844 1446 agentibus

142 1459 280 1489 misericorditera
287 1459 317 1489 deo
323 1457 396 1496 parcitur,
403 1460 428 1487 set
435 1460 488 1487 tamen
495 1465 524 1494 pro
531 1456 563 1486 suis
570 1456 629 1487 meritis
637 1460 673 1494 post
680 1461 746 1488 mortem
753 1456 843 1495 punientur.

143 1507 190 1537 Iustis
201 1516 264 1544 quoque
273 1516 301 1544 pro
311 1505 343 1535 suis
354 1504 445 1534 excessibus
456 1503 542 1542 temporale
550 1504 633 1533 comodum
644 1503 660 1533 in
672 1514 739 1542 corpore
751 1504 845 1542 degentibus

143 1555 184 1584 iuste
196 1554 260 1591 tollitur,
271 1558 296 1584 set
305 1554 346 1583 bona
357 1553 380 1582 eis
390 1552 425 1582 sine
435 1552 467 1581 fine
477 1561 550 1581 mansura
561 1550 666 1582 reseruantur.
688 1551 737 1583 Multa
748 1552 845 1590 malaopera

116 1608 135 1638 30
144 1602 223 1632 condonat
234 1603 278 1638 deus,
289 1601 349 1630 nullum
359 1605 411 1630 tamen
423 1610 462 1638 opus
472 1599 530 1628 bouum
541 1599 560 1629 ab
572 1609 592 1629 eo
603 1599 733 1629 irremuneratum
746 1599 844 1638 relinquitur.

144 1650 195 1678 Nemo
206 1648 246 1678 liber
257 1653 281 1678 est
292 1659 301 1678 a
312 1652 382 1685 peccato,
394 1657 423 1676 nec
435 1647 487 1676 infans
499 1647 545 1676 unius
558 1647 606 1682 lrore;
620 1647 664 1676 multi
676 1651 729 1677 tamen
740 1647 826 1677 liberantur
836 1658 846 1677 a

143 1705 189 1733 pena,
197 1699 214 1723 ut
221 1704 249 1724 eos
257 1705 289 1724 non
296 1699 350 1731 tangat
357 1695 411 1723 umbra
418 1694 477 1723 mortis.
493 1694 531 1722 Ideo
537 1697 589 1722 autem
594 1693 661 1730 iustiqui
667 1703 716 1731 penas
723 1704 756 1723 non
763 1695 846 1731 paciuntur

143 1747 180 1783 post
189 1746 261 1781 mortem,
272 1744 292 1772 ad
304 1743 389 1772 uidendum
399 1746 452 1771 tamen
462 1741 497 1771 illas
506 1742 588 1778 ducuntur,
598 1745 615 1771 ut
627 1742 666 1771 uisis
676 1743 759 1772 tormentis
770 1752 780 1771 a
790 1742 846 1780 quibus

143 1802 173 1830 per
183 1791 209 1820 dei
222 1792 290 1828 graciam
302 1791 392 1825 liberantur,
405 1790 454 1826 magis
466 1790 566 1818 inardescant
576 1790 592 1818 in
605 1799 674 1818 amorem
687 1790 713 1819 dei
727 1794 743 1819 et
757 1790 773 1818 in
784 1790 846 1820 laudem

116 1845 135 1875 35
143 1838 218 1868 creatoris
228 1838 257 1867 sui.
278 1838 323 1867 Sicut
333 1837 421 1866 econtrario
428 1837 480 1865 anime
490 1837 549 1866 eternis
562 1836 643 1873 suppliciis
655 1836 708 1873 digne,
716 1838 759 1874 prius
769 1838 847 1866 ducuntur

143 1886 163 1916 ad
173 1889 263 1915 sanctorum
273 1885 342 1922 gloriam,
350 1888 368 1912 ut
378 1884 416 1912 uisis
426 1883 490 1921 premiis
500 1893 531 1921 que
541 1887 599 1921 sponte
610 1883 720 1920 deseruerunt,
730 1883 780 1921 magis
791 1887 847 1921 postea

143 1933 211 1963 doleant.
239 1933 302 1961 Nullum
316 1932 358 1960 enim
369 1935 401 1960 tam
412 1939 460 1967 graue
472 1931 565 1967 supplicium
577 1934 601 1959 est
613 1938 659 1967 quam
670 1939 680 1959 a
692 1931 718 1960 dei
729 1934 745 1959 et
756 1932 847 1960 sanctorum

143 1980 193 2017 gloria
208 1979 235 2008 et³
249 1979 332 2009 consorcio
347 1977 447 2015 sequestrari.
473 1977 511 2007 ldeo
525 1977 551 2007 ille
565 1977 644 2014 presbiter
657 1986 704 2014 quem
718 1978 768 2015 primo
782 1981 847 2015 pontem

143 2036 199 2057 secure
211 2027 278 2056 transire
292 2025 351 2061 uidisti,
363 2025 419 2054 ductus
432 2028 456 2054 est
468 2025 487 2054 ad
501 2024 599 2062 supplicium,
612 2028 629 2054 ut
641 2024 680 2053 uisis
692 2025 738 2061 penis
748 2025 846 2063 ard(encius)

114 2082 136 2113 -4o
144 2075 197 2105 laudet
204 2074 247 2104 illum
255 2074 281 2112 qui
288 2073 351 2104 uocauit
358 2083 394 2102 eum
404 2072 424 2102 ad
432 2072 497 2110 gloriam
506 2083 555 2103 suam.
577 2071 618 2102 Nam
626 2071 678 2101 fidelis
688 2081 744 2102 seruus
754 2077 770 2102 et
777 2072 847 2111 prudens

145 2123 219 2152 inuentus
229 2126 258 2160 est,
267 2126 284 2151 et
293 2122 329 2150 ideo
338 2121 404 2158 accipiet
411 2130 483 2150 coronam
493 2122 530 2157 uite,
538 2130 585 2157 quam
594 2120 684 2157 repromisit
695 2120 733 2149 deus
745 2120 846 2157 diligentibus

144 2180 167 2200 se.
189 2170 298 2207 §etquenam
306 2169 376 2198 nondum
384 2168 436 2198 omnia
443 2168 483 2198 mala
489 2168 547 2203 uidisti,
555 2167 668 2205 properemus!
691 2158 793 2198 Procedente
800 2168 849 2205 igitur

145 2217 208 2254 angelo,
215 2216 254 2245 uidit
261 2216 341 2245 Tundalus
347 2216 413 2244 bestiam
420 2216 476 2245 ceteris
487 2225 526 2253 quas
533 2219 570 2244 ante
577 2215 638 2244 uiderat
647 2215 695 2252 longe
702 2215 799 2253 dissimilem,
807 2216 848 2245 duo‘s

145 2265 195 2302 pedes
206 2267 222 2291 et
233 2264 271 2291 duas
281 2263 314 2291 alas
325 2263 413 2300 habentem,
425 2262 481 2291 collum
491 2262 599 2299 longissimum
609 2266 626 2290 et
636 2266 703 2290 rostrum
713 2262 782 2291 ferreum
793 2266 809 2291 ct
819 2272 848 2291 un·

117 2321 136 2351 45
146 2311 190 2349 gulas
207 2310 274 2343 ferrem
293 2310 313 2339 de
327 2309 370 2338 cuius
384 2319 412 2338 ore
426 2310 487 2339 ssarnrua
501 2309 624 2346 inextinguibilis
639 2309 753 2340 eructuabatur.
780 2309 849 2339 Sedebat

145 2363 198 2388 autem
209 2357 239 2386 hec
249 2357 300 2385 bestia
310 2365 358 2392 super
367 2360 439 2392 stagnum
450 2357 499 2392 glacie
509 2357 613 2392 condensum,
623 2359 639 2385 et
649 2356 735 2385 deuorabat
745 2356 809 2394 animas,
817 2365 849 2392 que

145 2406 162 2433 in
173 2408 229 2433 uentre
240 2404 274 2432 eius
284 2413 313 2440 per
323 2403 400 2439 supplicia
409 2403 521 2438 redigebantur
531 2404 551 2431 ad
561 2403 641 2438 nichilum,
649 2406 665 2431 et
675 2403 731 2431 iterum
742 2403 812 2439 pariebat
821 2411 849 2431 eas

145 2453 162 2483 in
176 2456 249 2489 stagnum
263 2451 313 2489 glacie
327 2450 434 2488 congelatum,
444 2450 496 2488 ibique
511 2450 627 2480 rcnouabantur
640 2449 697 2480 iterum
711 2450 731 2480 ad
748 2453 849 2480 tonuentum.

176 2565 181 2583 ¹
191 2565 212 2596 al.
220 2565 275 2595 rabidi.
381 2563 387 2581 ³
397 2563 417 2594 al.
426 2563 518 2594 Phristinus.
625 2563 631 2582 ³
642 2563 692 2602 gloria
699 2568 716 2594 et
723 2573 754 2594 om.
761 2563 777 2592 in
784 2563 818 2594 VB.
