1762 2803
251 113 297 168 itt
312 111 412 165 &aucto
424 110 552 172 butaro.
711 123 753 166 113

50 236 73 271 ad
81 235 142 271 locum
150 246 161 271 a
168 235 207 272 viro
216 236 246 271 dei
254 236 381 281 designatum:
393 240 412 270 et
422 246 464 271 cum
471 241 540 270 terram
549 234 614 270 baculo
623 234 752 279 percussisset,

51 290 92 323 sons
107 289 174 333 iugens
189 296 251 324 statrm
266 290 332 334 erupit,
345 300 356 323 a
371 300 407 334 quo
422 300 482 334 vsque
497 299 546 323 nunc
562 298 649 333 maguum
664 293 683 322 et
696 287 752 321 latum

51 342 127 377 fluuium
141 343 223 378 creuisse
235 344 326 379 videmus.
369 336 406 377 Vir
421 342 451 377 dei
465 343 560 387 Benignus
575 341 626 376 solus
641 341 659 375 in
675 341 753 375 obscuro

51 395 110 430 noetis
122 396 194 431 silentio
204 399 227 432 ad
238 397 336 433 ecclesiam
345 403 408 432 sancte
420 396 478 431 Marie
488 396 507 430 in
516 396 610 431 Glastonia
620 394 684 429 orandi
695 393 753 438 gratia

51 450 79 484 ire
84 450 160 484 solebat.
173 450 256 495 Cumque
261 456 315 486 nocte
320 451 399 496 quadam
404 460 439 495 per
443 455 518 494 pontem
525 460 581 494 quem
587 450 655 484 fecerat
661 447 754 488 transiret,
763 456 771 486 5

51 502 96 537 vidit
109 504 201 545 quendam
214 506 312 537 demonem
327 503 460 547 turpissimum,
472 508 547 546 aspectu
562 502 668 542 terribilem,
681 500 753 534 obuiam

52 553 87 588 sibi
98 554 208 591 venientem.
235 556 266 590 Ad
279 566 334 600 quem
350 561 423 591 sanctus
438 554 514 599 propius
529 555 626 596 accedens,
641 554 677 587 hiis
691 552 754 587 verbis

53 617 95 642 eum
107 607 204 652 alloquitur
214 608 288 643 dicens:
302 608 368 651 ‘Quid
379 607 442 653 inquit,
454 607 484 643 hic
495 613 539 649 stas,
553 614 628 643 cruenta
640 606 710 642 bestia?
725 605 753 640 cui

53 660 156 695 insidiaris?
169 661 197 696 cui
205 661 234 696 hic
242 663 357 707 expectando
364 663 465 708 dampnum
473 661 530 707 gestis
538 661 605 697 inferre
612 663 628 697 l’
644 661 678 696 Cui
686 661 754 695 demon

53 713 89 748 ait:
102 714 139 747 ‘Te
150 714 180 748 hic
190 721 272 759 expecto,
280 716 366 750 edentule
374 726 438 756 senex,
445 721 464 750 te
476 715 562 759 decipere
574 715 637 758 cupi0.¹
660 714 690 748 Ad
699 723 754 758 quem
765 720 784 741 1⁰

53 772 137 801 sanctus:
149 767 255 809 ‘Dominus
264 768 327 812 inquit,
334 768 389 802 michi
397 774 426 802 est
433 768 515 811 adiutor;
527 779 565 801 non
572 768 641 802 timebo
649 767 693 810 quid
701 766 755 800 faciat

54 819 110 853 michi
121 820 151 854 vel
166 820 214 855 dicat
229 821 331 865 malignus!
354 821 377 855 Et
392 821 426 855 hec
442 820 511 864 dicens,
524 820 566 855 leua
578 831 621 855 eum
632 819 755 865 apprehendit

54 883 115 915 manu,
125 879 142 908 et
153 874 217 908 baculo
228 876 284 917 quem
296 875 372 908 dextera
384 875 467 918 gestabat
477 873 580 908 diutissime
588 874 699 915 uerberauit,
707 872 755 919 etin

54 927 146 970 quendam
157 927 322 971 profundissimum
334 932 410 971 puteum
422 927 548 971 precipitauit3
560 926 591 971 qui
601 927 648 960 vltra
660 937 697 960 non
707 936 757 959 com·

54 979 120 1022 paruit.
144 979 172 1013 Ex
183 979 215 1013 illo
226 979 276 1013 enim
286 984 371 1023 tempore
378 990 437 1023 usque
447 979 466 1014 in
478 979 587 1014 hodiernum
598 980 647 1013 diem
658 979 719 1014 nullus
733 978 756 1012 ad
767 987 784 1018 ¹5

13 1066 15 1070 ,
54 1037 131 1076 puteum
139 1032 190 1066 iilum
198 1042 255 1066 ausus
263 1038 291 1067 est
299 1033 393 1075 accedere,
402 1032 488 1077 quoniam
496 1033 554 1068 fertur
561 1032 586 1067 ibi
596 1033 674 1067 fundum
681 1032 756 1076 penitus

55 1096 93 1118 non
105 1085 190 1118 inueniri.
214 1085 237 1118 Et
247 1086 270 1118 ad
282 1085 395 1118 Glastoniam
405 1095 486 1129 pergens
495 1091 575 1127 sanctus,
583 1085 629 1119 sacta
639 1084 664 1119 ibi
674 1083 756 1119 oratioue

55 1137 114 1178 solita,
130 1138 153 1171 ad
169 1137 233 1171 cellam
249 1137 308 1171 rediit.
339 1137 414 1172 Ieiuniis
429 1143 447 1171 et
462 1137 575 1172 orationibus
589 1137 668 1172 assiduis
683 1147 758 1176 vacans,

55 1200 162 1233 supremam
169 1189 206 1224 vite
218 1201 251 1224 sue
262 1189 327 1225 horam
338 1190 404 1225 cotidie
415 1196 520 1235 suspectam
532 1190 600 1226 habuit.
645 1183 696 1226 Cum
704 1190 759 1235 igitur

56 1243 113 1277 finem
125 1253 179 1277 suum
190 1243 277 1277 diuinitus
288 1243 386 1278 imminere
397 1244 519 1288 cognouisset,
526 1244 595 1279 vocatis
607 1243 702 1288 discipulis
713 1242 757 1285 suis,
767 1253 786 1274 ac

56 1297 121 1330 horam
129 1307 165 1340 qua
173 1297 196 1330 ab
204 1296 238 1330 hoc
249 1296 311 1331 seculo
322 1297 432 1340 migraturus
440 1303 479 1332 erat
487 1297 570 1332 innotuit.
593 1297 675 1332 Eleuatis
682 1297 757 1331 tandem

56 1349 75 1383 in
83 1350 142 1383 celum
151 1348 212 1391 oculis,
220 1350 269 1383 inter
276 1359 343 1383 manus
350 1350 423 1384 illorum
431 1350 503 1385 felicem
511 1350 591 1385 animam
602 1351 625 1384 ad
636 1359 758 1394 supernorum

57 1402 124 1435 ciuium
143 1401 280 1443 beatitudinem,
295 1402 349 1435 tertio
367 1413 426 1436 nonas
444 1402 556 1443 nouembris,
572 1402 638 1437 emisit.
699 1395 759 1436 Auno

56 1459 118 1489 autem
136 1453 206 1488 domini
224 1453 322 1488 millesimo
340 1455 520 1500 nonagesimoprimo
539 1455 630 1491 eleuatum
649 1460 678 1490 est
692 1464 760 1499 corpus

57 1508 97 1542 eius
112 1513 196 1542 sanetum
211 1508 235 1541 de
250 1513 304 1548 terra,
319 1513 338 1542 et
354 1509 378 1542 ad
397 1508 540 1552 glastoniensem
559 1508 655 1543 ecclesiam
674 1508 787 1547 delatum.25

59 1560 93 1593 111ο
106 1571 151 1594 vero
164 1560 194 1594 die
206 1560 263 1594 abbas
275 1571 332 1595 vnum
346 1562 370 1594 de
382 1560 454 1595 ossibus
467 1562 536 1596 sanctis
549 1560 645 1605 arripiens,
657 1566 676 1595 et
686 1560 759 1605 signum

58 1613 117 1648 crucis
128 1623 186 1657 super
195 1613 284 1657 populum
293 1624 335 1647 eum
345 1625 367 1648 eo
375 1613 450 1656 faciens,
458 1614 557 1649 nonnullos
564 1615 643 1650 diuersis
651 1615 759 1659 languorum

58 1666 167 1701 cruciatibus
181 1671 259 1701 vexatos
274 1667 352 1701 sanitate
368 1673 442 1711 recepta
457 1668 510 1702 letari
525 1668 577 1710 secit3
596 1674 615 1703 et
633 1668 671 1703 ceci
686 1668 760 1712 quidam

58 1725 112 1763 atque
126 1719 214 1753 contracti
227 1725 307 1763 optatam
323 1720 401 1755 salutem
415 1720 508 1755 consecuti
520 1726 573 1762 sunt;
589 1726 607 1756 et
622 1720 696 1765 plurimi
712 1719 761 1755 cerei

58 1772 77 1806 in
85 1772 171 1806 manibus
178 1772 241 1816 populi
250 1778 324 1806 avento
335 1778 353 1807 et
364 1773 436 1807 turbine
446 1773 497 1816 prius
507 1773 589 1815 extincti,
596 1784 630 1817 per
637 1773 703 1807 merita
713 1772 761 1807 beati
770 1783 790 1812 ³0

59 1825 137 1868 Benigni
148 1825 189 1868 ipsa
200 1826 245 1857 hora
257 1825 344 1858 diuinitus
356 1831 400 1858 sunt
413 1825 491 1859 accensi.
518 1825 594 1859 Plurimi
607 1825 662 1860 etiam
676 1824 761 1859 colubros

59 1882 77 1911 et
95 1877 169 1911 diuersa
188 1876 271 1912 dolorum
289 1887 359 1921 genera
377 1876 479 1912 visceribus
497 1876 593 1917 habentes,
607 1877 669 1922 palam
687 1877 761 1912 vidente

59 1930 133 1974 populo,
146 1934 273 1964 euomuerunt.
295 1929 354 1963 Tanta
370 1930 438 1964 etenim
455 1930 553 1964 curationis
570 1931 628 1974 gratia
642 1931 661 1964 in
677 1930 708 1963 illo
722 1930 762 1963 loco

59 1987 99 2016 erat
111 1987 190 2023 ostensa,
197 1988 217 2016 vt
224 1981 256 2016 vix
267 1982 333 2016 debilis
341 1982 438 2026 quisquam
450 1988 480 2017 aut
492 1988 565 2027 egrotus
576 1984 599 2017 ad
609 1982 692 2017 tumbam
703 1982 762 2017 sancti

59 2034 138 2069 veniens
146 2036 216 2079 absque
224 2035 302 2069 sanitate
310 2040 384 2080 recepta
392 2035 499 2070 discederet.
552 2028 620 2071 Frater
627 2035 701 2080 quidam
708 2036 763 2080 longa
771 2046 790 2076 35

60 2088 166 2123 infirmitate
175 2089 268 2129 decoctus,
278 2099 289 2122 a
301 2088 387 2122 fratribus
400 2093 474 2133 rogatur
484 2094 503 2123 vt
515 2095 599 2124 sanctum
612 2089 716 2133 Benignum
729 2099 763 2133 pro
796 2102 799 2108 ·

60 2142 119 2175 salute
130 2151 164 2175 sua
175 2146 271 2183 exorarem
283 2141 314 2186 qui
325 2141 350 2175 ita
362 2141 469 2187 respondit:
481 2141 521 2177 ‘Re
532 2142 583 2178 enim
593 2153 639 2178 vera
650 2142 696 2177 sicut
707 2141 762 2176 michi

60 2195 150 2239 prodesse
162 2206 200 2229 uon
213 2195 267 2235 valet,
279 2194 304 2229 ita
316 2206 350 2230 nee
362 2195 418 2229 michi
431 2206 498 2230 nocere
510 2197 582 2240 potest?
605 2196 688 2239 Cumque
701 2194 764 2238 sopori

60 2248 144 2282 membra
156 2247 243 2289 dedisset,
256 2247 341 2292 apparuit
356 2247 373 2283 ei
385 2253 461 2282 sanetus
473 2247 573 2291 Benignus,
587 2247 669 2282 candidis
680 2247 764 2282 vestibus

61 2306 142 2341 ornatus,
154 2300 185 2343 qui
195 2299 248 2344 quasi
260 2299 358 2344 indignans
370 2300 397 2334 sic
410 2310 452 2333 eum
466 2300 542 2334 affatur:
555 2299 612 2341 ‘Quid
624 2310 673 2333 nunc
684 2300 722 2341 tibi,
733 2300 764 2342 ait,
772 2311 792 2341 40

61 2355 85 2388 de
97 2352 181 2396 Benigno
193 2363 248 2387 seruo
259 2353 288 2388 dei
301 2352 379 2393 videtur,
391 2352 459 2386 frater?
481 2352 529 2394 Quid
540 2351 572 2386 tibi
583 2353 607 2386 de
618 2353 690 2386 duobus
700 2353 765 2387 eredi¹

61 2405 179 2450 potissimum
191 2405 220 2447 sit,
228 2416 252 2439 an
264 2417 306 2440 cum
318 2405 387 2440 sanctIs
398 2404 418 2438 in
432 2415 489 2449 regno
500 2405 573 2448 gaudet,
581 2404 611 2438 vel
622 2415 664 2439 cum
675 2404 737 2449 impiis
746 2406 765 2440 in

61 2458 115 2504 penis
121 2459 238 2503 torqueturt¹
254 2458 327 2494 Etcum
335 2458 496 2503 ille²respondere
504 2468 541 2492 nou
549 2457 630 2500 auderet,
636 2458 765 2494 comminando

62 2513 97 2548 hoo
111 2511 171 2547 intulit
186 2516 272 2546 sanctus:
290 2513 347 2547 ‘Cum
362 2517 434 2546 secreta
447 2511 477 2545 dei
489 2511 556 2544 iudicia
570 2511 650 2546 humane
664 2511 766 2556 fragilitatis

181 2579 188 2598 ¹
199 2580 217 2611 E.
225 2580 277 2611 crede.
577 2579 583 2598 ²
593 2579 612 2612 T.
617 2580 645 2614 illi.

410 2628 418 2654 1
