1762 2803
226 99 272 155 D&
286 97 386 152 &mitid
403 95 567 150 Qfflissmhdlw.
705 112 748 153 209

46 229 70 253 ex
80 219 153 254 lauacro
163 221 300 266 suscipiendum
311 220 392 261 tradatis
402 231 436 264 pro
444 220 497 254 vobis
508 231 542 264 ego
553 218 668 253 clementiam
679 218 747 253 domini

47 272 152 315 implorabo,
160 280 179 307 vt
187 284 225 308 non
233 274 292 308 solum
300 283 342 307 eum
351 283 405 317 quem
413 272 487 307 domino
495 271 582 306 voueritis
590 271 676 311 habeatis,
684 281 748 305 verum

47 324 102 358 etiam
114 333 191 369 quantos
201 327 295 360 volueritis
306 326 374 360 liberos
385 325 500 370 suscipiatis.5
523 326 564 368 Quo
576 324 673 369 promisso,
683 324 749 358 mulier

48 380 136 422 concepit,
151 380 208 414 filium
225 380 302 425 peperit,
317 386 335 414 et
354 380 377 413 ad
392 379 452 412 virum
467 379 496 413 dei
515 378 566 413 illum
582 377 685 412 destinauit.
708 377 749 419 Quo

47 431 143 475 baptizato,
152 432 244 468 Donatum
251 444 320 468 nomen
327 432 420 477 imposuit,
428 438 447 466 et
455 432 508 466 matri
516 433 539 467 ad
547 431 666 467 nutriendum
674 431 750 465 remisit.
759 440 767 470 5

49 483 85 518 Hic
96 491 160 528 postea
171 486 190 520 in
202 488 267 521 eodem
279 486 355 521 cenobio
367 485 468 521 monachus
479 485 543 527 factus,
552 491 570 520 et
582 484 671 531 sapientia
682 489 700 520 et
712 483 748 519 vir-

47 537 117 572 tutihus
132 540 218 583 imbutus,
229 539 347 575 Vesontionis
359 538 457 585 episcopus
469 538 527 575 factus
539 545 572 582 est,
585 545 603 575 et
616 537 747 574 monasterium

48 593 123 626 nomine
131 593 223 628 Palacium
233 600 342 629 construens
353 594 452 629 monachos
462 593 568 628 introduxit,
590 594 675 627 Alterum
685 592 749 632 filium,

49 650 67 678 et
78 644 126 679 filias
137 646 183 680 duas
194 647 232 681 dux
243 647 292 681 idem
303 652 368 691 postea
379 646 453 690 genuit;
465 652 506 691 post
518 647 570 680 cuius
581 647 650 680 obitum
658 656 705 680 vxor
715 656 749 679 sua

49 698 180 732 monasterium
186 700 288 743 puellarum
294 700 313 734 in
319 700 364 734 vrbe
370 699 482 734 Vesontioue
488 699 570 733 fundauit
576 704 594 733 et
600 698 748 742 possessionibus
759 705 778 728 10

49 750 105 784 variis
115 750 201 785 dilatauit.
246 744 296 787 Cum
306 752 335 786 vir
343 753 372 786 dei
384 751 496 785 cirotechas¹
506 761 552 795 quas
562 751 585 784 ad
596 750 657 795 operis
668 750 749 785 laborem

50 802 118 837 habere
133 804 203 838 solebat
218 809 260 839 ante
276 805 325 839 fores
340 803 430 839 refectorii
445 803 567 848 deposuisset,
580 813 647 837 coruus
661 803 750 837 aduolans

50 864 105 887 vnam
118 865 141 888 ex
153 855 180 889 eis
191 860 251 890 rostro
262 855 324 889 ferens
336 855 415 890 abstulit.
438 854 561 897 Querentibus
573 854 621 888 inter
632 864 653 888 se
665 853 751 887 fratribus

50 908 91 950 quis
103 907 163 941 illam²
174 908 285 950 abstulisset,
297 909 422 943 Columbanus
433 908 457 941 ait
469 908 518 951 quod
530 907 592 941 nullus
604 906 651 941 alius
662 907 697 940 hoe
709 916 752 951 pre-

51 961 130 1005 sumpsit
141 960 176 995 nisi
186 961 226 996 auis
236 973 272 1005 que
283 962 306 995 ab
317 962 372 995 archa
384 962 423 995 Noe
432 960 508 995 dimissa
518 971 554 994 non
565 961 628 1002 rediit,
640 961 751 1003 addiditque,
762 968 780 998 15

51 1014 102 1047 nullo
113 1014 168 1047 modo
180 1024 201 1048 se
211 1014 273 1057 pullos
284 1025 328 1048 suos
340 1014 429 1055 alituram,
440 1013 456 1047 si
467 1023 525 1057 rapax
536 1012 604 1047 furtum
616 1012 683 1047 celeri³
692 1013 752 1047 volatu

51 1076 88 1099 non
99 1065 183 1101 deferret.
207 1066 307 1101 Confestim
318 1077 385 1102 coruus
395 1066 484 1101 aduolans
495 1066 563 1100 furtum
572 1071 631 1100 rostro
641 1070 727 1110 reportat,
735 1072 753 1101 et

51 1118 149 1154 ferocitatis
157 1120 223 1154 oblitus
228 1120 316 1155 vltionem
324 1125 419 1164 expectat;
432 1130 487 1164 quem
494 1119 523 1154 vir
530 1125 604 1154 sanctus
612 1119 662 1154 abire
669 1119 753 1164 imperat.

52 1164 103 1206 Cum
118 1172 201 1207 minister
216 1172 305 1208 refectorii
321 1179 378 1208 tracto
396 1172 490 1207 serraculo
504 1173 523 1206 in
538 1183 571 1207 vas
586 1173 678 1216 quoddam
696 1173 753 1207 latum

52 1224 142 1269 liquorem
154 1236 228 1260 currere
240 1225 312 1267 faceret,
322 1227 370 1260 beati
381 1225 488 1260 Columbani
498 1226 575 1269 imperio
586 1236 633 1260 vnus
645 1236 655 1260 e
667 1225 753 1260 fratribus
762 1233 781 1254 πο

51 1279 123 1312 vocauit
134 1278 191 1312 illurn.
213 1279 239 1312 At
250 1279 286 1321 ille,
296 1280 401 1313 obedientia
411 1279 491 1320 feruens,
500 1284 580 1312 meatum
592 1288 675 1312 reserare
686 1278 753 1312 oblitus

53 1331 131 1365 cucurrit
144 1331 167 1365 ad
179 1336 257 1375 patrem,
269 1331 388 1373 serraculum,
400 1331 448 1376 quod
460 1330 562 1365 duciculum
573 1336 644 1373 vocant,
656 1342 710 1366 manu
722 1331 753 1366 de·

52 1383 120 1417 ferens.
143 1383 243 1427 Postquam
259 1389 320 1418 autem
335 1384 384 1428 quod
398 1384 455 1418 voluit
468 1384 498 1417 vir
512 1384 541 1417 dei
558 1384 593 1418 sibi
608 1389 715 1425 reserasset,
730 1385 754 1418 ad

53 1436 147 1469 cellarium
160 1436 238 1470 festinus
249 1436 308 1478 rediit,
320 1436 375 1470 nichil
388 1436 407 1469 in
420 1435 480 1470 dolio⁴
491 1436 577 1480 repperit,
590 1436 623 1470 sed
635 1437 711 1471 intuitus
722 1448 755 1470 vas

54 1488 98 1523 illud
106 1488 162 1523 latum
169 1489 289 1533 suppositum,
295 1490 391 1523 ceruisiam
399 1500 455 1534 supra
461 1490 541 1523 creuisse
548 1500 581 1523 nec
588 1490 682 1524 minimam
688 1489 756 1524 stillam
765 1500 783 1530 ²5

54 1542 98 1576 foris
110 1542 199 1576 cecidisse
210 1543 265 1585 vidit3
282 1547 300 1576 et
311 1543 397 1577 crederes
408 1553 441 1577 vas
452 1544 564 1586 geminatum
576 1554 623 1584 esse,
635 1554 656 1577 ac
667 1543 727 1586 qualis
738 1549 756 1577 et

55 1599 123 1638 quanta
133 1595 234 1629 rotunditas
243 1595 291 1629 infra
298 1606 331 1629 vas
343 1601 387 1637 erat,
394 1600 465 1629 tantum
475 1596 494 1628 in
505 1594 561 1629 altum
572 1596 678 1629 exercuisse
688 1596 757 1630 clarum

55 1646 93 1682 fuit.
138 1640 219 1682 Cuidam
227 1647 277 1682 fratri
287 1646 355 1692 super⁵
363 1648 460 1692 exiguitate
470 1647 556 1682 frumenti
566 1648 584 1682 in
593 1648 664 1683 horreis
672 1649 757 1690 contenti,

56 1705 74 1734 et
86 1701 134 1734 vnde
147 1704 198 1733 tanta
210 1700 286 1734 fratrum
299 1700 396 1735 multitudo
408 1702 487 1735 aleretur
498 1701 622 1745 conquerenti,
634 1701 758 1735 Columbanus

56 1754 163 1798 respondit:
175 1752 206 1786 ‘Si
216 1758 265 1787 recte
274 1755 363 1788 conditori
374 1764 407 1788 suo
418 1753 483 1798 plebes
494 1755 614 1796 deseruirent,
622 1764 717 1798 nunquam
724 1764 759 1799 per
767 1762 787 1792 30
797 1759 799 1762 ·

56 1816 112 1840 euum
127 1806 176 1840 fame
191 1806 232 1840 illas
247 1807 308 1850 pen're
320 1808 365 1841 deus
381 1812 479 1850 pateretur.
503 1806 591 1842 Perfacile
606 1808 655 1842 enim
671 1807 757 1841 horreum

57 1860 130 1904 replere
137 1863 197 1904 potest
205 1860 236 1903 qui
244 1859 267 1893 de
273 1859 354 1904 quinque
359 1860 437 1904 panibus
444 1861 523 1904 quinque
531 1860 580 1894 milia
588 1860 683 1894 hominurn
691 1862 758 1895 satiare

57 1914 143 1958 dignatus
150 1914 188 1946 est?
212 1912 267 1946 Mane
275 1913 327 1954 facto,
333 1913 401 1956 optimo
408 1912 499 1947 frumento
507 1917 564 1947 totum
573 1912 659 1947 horreum
667 1913 758 1957 repletum

58 1966 156 2001 inuenitur.
199 1957 258 2010 Apud
270 1965 363 1999 Fontanas
376 1965 471 2011 sexaginta
483 1965 549 2000 fratres
562 1965 633 2001 sarculo
646 1971 713 2001 terram
727 1977 758 2001 ex·

58 2020 139 2053 colentes
148 2024 165 2052 et
173 2019 232 2052 futuro
240 2019 306 2052 semini
314 2029 358 2052 arua
365 2024 452 2063 parantes
460 2020 556 2053 inueniens
564 2019 592 2052 vir
599 2019 634 2060 dei,
640 2029 682 2053 cum
689 2025 759 2052 tantum
768 2026 787 2056 35

58 2072 105 2106 duos
113 2083 172 2116 panes
180 2076 198 2106 et
205 2071 299 2115 paululum
307 2072 384 2106 ceruisie
389 2083 423 2115 pro
429 2072 528 2106 refectione
535 2072 576 2105 illos
584 2071 653 2106 habere
661 2072 759 2113 didicisset,

58 2126 132 2159 intuens
144 2125 163 2158 in
174 2125 234 2159 celum
245 2125 281 2159 ait:
294 2124 376 2158 ‘Christe
384 2124 441 2159 ihesu
449 2125 502 2158 vuiea
512 2136 556 2168 spes
566 2126 621 2165 orbis,
629 2130 649 2158 tu
658 2125 692 2158 hos
701 2136 760 2168 panes

59 2182 77 2211 et
89 2178 137 2211 hunc
148 2182 211 2220 potum
222 2175 326 2220 multiplica,
334 2177 364 2219 qui
377 2177 400 2211 de
410 2177 491 2221 quinque
500 2177 578 2221 panibus
589 2177 670 2221 quinque
681 2176 730 2211 milia
741 2177 760 2210 in

60 2229 135 2264 heremo
151 2231 234 2265 saciasti!
258 2229 369 2273 Factumque
385 2235 412 2264 est
424 2235 443 2264 vt
457 2231 542 2264 omnibus
555 2230 626 2264 saciatis
640 2230 696 2274 dupla
707 2231 761 2274 panis

59 2284 119 2326 portio
127 2284 146 2317 in
154 2283 266 2327 fragmentis,
271 2283 363 2326 duplaque
371 2293 458 2316 mensura
465 2289 525 2327 potus,
533 2293 544 2316 a
551 2282 636 2316 fratribus
644 2282 720 2317 collecta
727 2288 761 2317 est.
769 2294 790 2324 40

61 2329 109 2370 Erat
117 2336 193 2370 enimin
201 2335 311 2370 monasterio
318 2335 402 2369 Luxouio
409 2336 465 2370 frater
473 2337 546 2380 quidam
555 2337 629 2370 nomine
637 2336 762 2371 Columbanus

60 2400 84 2424 ex
92 2400 162 2435 genere
169 2390 217 2425 beati
226 2389 339 2431 Columbani,
347 2389 375 2424 cui
386 2389 444 2424 bestie
452 2395 471 2424 et
478 2390 562 2424 volucres
569 2390 666 2424 venientes
676 2400 697 2425 se
706 2401 763 2426 manu

61 2443 183 2477 blandientis⁵
196 2444 286 2478 attrectari
301 2442 390 2485 sinebant,
403 2443 457 2486 eique
468 2444 570 2486 gaudentes
584 2448 602 2477 et
617 2443 702 2478 ludentes
717 2446 764 2479 sicut

82 2521 346 2557 ¹E.eir0teeuas;r.etrott1eeas.
402 2520 437 2550 ¹T.
445 2520 484 2551 illas.
539 2521 615 2552 ³T.celi‚
671 2521 705 2553 ¹E.
713 2521 765 2552 doleo.

61 2560 137 2592 iasub.
196 2559 230 2592 ⁸E.
238 2560 340 2591 blandientes.

409 2620 421 2643 Ρ
