1762 2803
57 127 195 177 licentiato-t
235 116 281 169 De
292 112 327 165 &-
340 112 443 170 OEbssm&
457 113 578 169 Ussbsstff.
713 126 756 172 557

57 256 96 280 nem
108 253 126 276 se
137 237 206 281 largiter
217 236 329 271 extenderant
340 234 363 269 ad
374 245 460 269 summam
470 234 517 269 mille
527 234 659 278 quingentarum
670 234 759 277 sexaginta

58 297 142 332 librarum,
157 295 213 332 preter
227 286 308 329 reliquias
322 292 340 320 et
354 286 461 319 munimenta
475 285 581 326 monasterii,
595 296 667 328 quorum
682 285 758 328 precium

58 346 103 379 nullo
117 340 169 374 modo
184 337 239 381 potuit
254 336 336 370 estimari.
362 336 430 370 Erectis
444 336 496 379 igitur
510 336 560 369 malis
578 342 596 369 et
613 336 656 368 velis
672 335 759 377 expansis,

59 391 116 428 classis
128 390 165 433 ipsa
180 386 261 431 pestifera
276 385 349 420 Francie
360 385 384 419 ad
395 385 469 430 patriam
480 385 502 419 de
513 395 547 428 qua
558 390 628 419 venerat
640 383 722 419 celerius¹
733 391 759 419 est

59 452 129 479 reuersa.
153 437 235 471 Monachi
246 447 287 469 vero
300 436 329 479 qui
342 436 409 480 pridem
422 443 469 470 metu
482 435 543 469 mortis
556 436 641 480 perterriti
652 435 675 469 ad
688 435 776 478 latibula5

59 494 172 534 confugerant,
191 498 260 521 recessu
278 488 409 521 maledictorum
427 487 541 531 vespilionum
560 498 599 521 cum
620 486 705 521 nauibus²
723 486 759 520 suis

59 543 139 579 veraciter
150 540 242 579 intellecto,
253 539 334 572 deorsum
346 539 363 572 in
375 538 465 572 ecclesiam
476 539 606 573 descenderunt.
628 539 652 572 Et
664 538 681 572 in
695 538 758 572 dormi-

59 595 118 630 torium
133 590 273 629 conscendentes,
289 599 339 623 casus
351 589 384 623 sibi
396 589 514 623 lamentabiles
530 589 594 623 ibidem
609 589 715 623 inuenerunt.
738 590 759 622 ln

59 643 116 688 primis
128 649 203 682 namque
218 639 279 671 karum
291 639 394 672 confratrem
408 648 458 672 suum
469 638 539 672 fratrem
552 638 639 671 Thomam
651 638 702 670 dela
713 638 759 671 Hale

60 692 154 728 terribiliter
161 690 268 722 vulneratum
276 693 293 722 et
301 688 318 721 in
330 688 414 730 sanguine
424 699 460 728 suo,
468 694 487 722 ut
497 688 521 722 ita
530 688 595 731 loquar,
605 687 734 731 rebaptizatum,
742 687 759 721 in
770 698 788 720 ro

60 745 94 777 solo
102 747 141 774 ante
148 741 212 772 lectum
220 749 275 780 suurn,
283 740 337 772 altero
345 739 390 782 pede
401 738 525 778 discalciatum,
533 744 618 771 mortuum
629 738 692 772 misere
701 738 760 772 videre

60 794 147 827 iacentem.
174 790 208 822 Pro
222 798 256 831 quo
271 795 307 822 tam
322 788 400 832 nequiter
414 788 586 832 iugulato-grauibus
601 788 681 822 lamentis
698 788 759 831 singuli

60 841 137 878 monachi
146 851 164 873 se
172 839 262 879 dederunt,
269 849 312 873 voce
322 839 374 874 flebili
385 840 526 874 conclamantes:
539 839 576 873 ‘Ve
587 838 638 873 nobis
648 838 689 882 quid
699 846 716 873 et
727 849 759 872 nos

61 892 112 927 acturi
120 901 183 929 sumus,
191 889 221 932 qui
228 889 284 932 magis
292 890 338 923 hane
346 889 426 923 miseram
434 889 494 923 mundi
502 889 556 923 vitam
564 901 632 924 seruare
640 890 759 924 contendimus

61 954 109 988 quarn
124 951 163 975 curn
178 941 212 974 hoc
229 941 281 974 fratre
297 947 357 974 nostro
373 941 451 985 regulam
468 947 545 975 nostram
563 941 671 975 obseruando
688 940 760 975 feliciter
769 950 787 981 15

61 993 165 1027 occumbere.
188 991 245 1023 Potuit
256 1001 331 1033 namque
342 991 368 1023 vir
379 992 413 1031 dei,
424 992 438 1024 si
452 991 539 1032 voluisset,
550 991 573 1024 ad
587 991 657 1025 latibula
669 991 759 1024 nobiscum

61 1042 153 1084 confugisse
166 1047 183 1075 et
196 1047 269 1076 mortem
281 1041 352 1075 forsitan
368 1041 454 1075 euasisse:
469 1047 495 1075 set
506 1042 567 1074 maluit
580 1051 599 1074 se
610 1041 670 1074 mortis
684 1040 759 1083 periculo

61 1092 147 1127 salubriter
164 1102 255 1135 exponere,
269 1102 322 1135 quam
340 1092 417 1134 regulam
435 1091 491 1125 sancti
509 1091 603 1132 Benedicti,
619 1102 671 1135 quarn
687 1091 759 1135 professi

62 1154 122 1183 sumus,
130 1141 226 1185 aliqualiter
233 1143 324 1177 offendere.
347 1143 394 1176 Ecce
401 1153 432 1186 pro
440 1153 474 1186 qua
481 1144 532 1185 culpa
541 1143 594 1175 frater
600 1149 660 1175 noster
665 1143 689 1176 ab
697 1143 759 1186 iniquis

61 1193 155 1227 interfectus
170 1199 201 1226 est.
224 1195 275 1227 Certe
290 1192 313 1226 ob
331 1193 396 1226 nullam
414 1193 466 1226 aliam
484 1203 559 1232 causam,
574 1192 608 1226 nisi
625 1193 666 1235 quia
682 1193 788 1235 regulamus

61 1249 134 1277 nostram
145 1243 215 1276 nolebat
227 1242 323 1285 infringere,
332 1247 349 1276 et
356 1243 396 1286 quia
404 1243 472 1277 uolebat
482 1249 541 1277 sancte
551 1242 579 1276 dei
589 1242 661 1277 ecclesie
668 1242 759 1277 violatores

61 1299 77 1326 et
84 1293 208 1326 crudelissimos
216 1293 316 1337 spoliatores
324 1299 342 1328 ut
350 1293 469 1337 resipiscerent
477 1293 567 1327 salubriter
574 1294 668 1328 consulere.
684 1294 700 1328 Ο
708 1304 760 1337 quarn

61 1354 111 1386 graue
122 1343 158 1376 viro
169 1344 197 1377 dei
209 1343 281 1387 contigit
294 1345 409 1388 infortunium,
421 1345 449 1389 qui
462 1351 498 1379 toto
511 1350 588 1388 tempore
600 1344 717 1379 conuersionis
729 1355 760 1379 sue

61 1395 158 1437 regulariter
168 1401 186 1428 et
197 1395 297 1429 innocenter
304 1396 351 1438 vixit,
363 1401 399 1430 tarn
409 1407 441 1439 pro
452 1406 472 1430 se
483 1406 535 1440 quam
547 1406 577 1439 pro
588 1394 639 1430 nobis
651 1395 731 1430 omnibus
742 1401 760 1430 et

62 1445 138 1485 precipue
146 1445 163 1477 in
171 1447 259 1488 obsequiis
267 1446 329 1478 diuinis
338 1453 406 1479 strenue
414 1454 431 1479 et
439 1447 524 1479 indefesse
534 1447 640 1479 laborando?
662 1447 731 1479 Deinde
741 1446 760 1478 in
770 1454 788 1483 ²5

62 1494 128 1536 obliquo
135 1494 265 1538 prospicientes,
273 1495 336 1529 ostium
343 1495 377 1529 loci
385 1495 430 1529 illius
438 1495 455 1529 in
463 1505 497 1538 quo
505 1496 595 1529 thesaurus
604 1496 675 1529 ecclesie
683 1496 760 1529 recondi·

62 1549 88 1577 tus
94 1544 124 1577 fuit
132 1545 215 1578 violenter
222 1546 297 1579 dirutum
309 1552 326 1579 et
338 1546 449 1588 confractum,
457 1557 490 1580 nec
498 1557 533 1580 non
544 1546 602 1580 omnia
613 1552 630 1580 et
641 1545 707 1589 singula
716 1545 762 1580 bona

62 1594 141 1628 introrsus
154 1595 233 1639 deposita
248 1597 321 1639 spoliata
335 1603 352 1631 et
367 1603 460 1640 asportata,
473 1608 508 1630 vna
520 1607 559 1630 cum
573 1597 622 1630 lectis
638 1606 696 1631 eorum
710 1596 761 1631 simul

62 1645 138 1679 omnibus
149 1647 200 1680 rebus
211 1647 315 1690 exspoliatis,
323 1647 445 1690 repperierunt.
469 1648 551 1689 Quicum
562 1646 626 1689 ingenti
635 1657 706 1688 merore,
714 1647 761 1680 ornni

62 1698 117 1727 tamen
124 1706 158 1738 qua
165 1703 245 1738 poterant
252 1697 352 1739 deuotione,
359 1697 382 1730 ad
390 1709 452 1739 corpus
461 1698 551 1730 confratris
562 1698 615 1731 occisi
622 1697 707 1738 conuersi,
715 1697 761 1730 omni
770 1706 790 1735 30

62 1753 94 1784 qua
105 1751 184 1786 poterant
197 1747 305 1780 humanitate
317 1747 359 1780 illud
374 1747 492 1790 recolligentes
507 1747 544 1781 eius
558 1747 638 1790 exequias
653 1753 761 1790 parauerunt.

62 1793 195 1839 Verumptanren
205 1802 230 1831 tot
241 1803 259 1832 et
270 1797 323 1832 tantis
334 1797 427 1839 doloribus,
438 1798 523 1841 angustiis
534 1804 551 1832 et
563 1797 678 1842 dampnorum
689 1797 762 1833 miseriis

62 1845 135 1889 vndique
150 1847 226 1890 [erant]³
240 1848 305 1891 fatigati
319 1856 337 1882 vt
349 1859 381 1883 nec
394 1859 415 1883 ea
428 1859 462 1892 qua
475 1849 531 1883 decuit
545 1848 667 1892 [reuerentia]³
681 1849 761 1891 exequias

63 1895 188 1939 sollempnizare
197 1904 296 1941 potuerunt.
319 1900 339 1932 In
349 1899 425 1933 crastino
432 1909 473 1933 vero
482 1899 568 1939 monachi,
576 1898 705 1932 considerantes
715 1899 762 1941 quod

62 1954 118 1978 coram
128 1948 177 1980 altari
188 1950 235 1992 quod
242 1950 260 1982 in
271 1951 336 1983 honore
346 1950 419 1992 gloriose
429 1949 500 1991 virginis
512 1949 568 1983 Marie
579 1954 595 1982 et
608 1955 666 1982 sancte
679 1949 762 1982 Katerine
769 1959 788 1989 ³5

63 1994 158 2031 dedicatum
166 2005 197 2038 est,
205 1998 283 2033 noctium
295 1999 356 2034 saltem
366 1998 472 2042 temporibus
483 1998 568 2032 secrecius
580 1998 598 2032 in
608 1997 718 2033 oracionibus
725 1997 761 2033 suis

63 2043 102 2077 dum
114 2047 178 2082 vixerat
191 2049 277 2083 excubare
292 2049 363 2089 solebat,
375 2049 408 2083 hoc
419 2047 438 2082 in
449 2049 487 2082 loco
498 2049 528 2093 qui
539 2049 595 2092 ipsum
606 2049 661 2082 altare
674 2048 762 2082 concernit

63 2103 121 2138 corpus
138 2097 175 2132 eius
193 2099 300 2134 humandum
318 2110 348 2134 seu
366 2098 483 2143 sepeliendum
502 2099 619 2133 decreuerunt.
649 2099 702 2134 Cuius
721 2111 762 2134 vero

63 2154 130 2188 corpore
138 2159 187 2183 sacre
195 2151 258 2184 tradito
266 2151 352 2194 sepulture
360 2162 364 2183 :
376 2151 439 2192 placuit
447 2150 506 2184 statim
513 2150 603 2183 Altissimo
611 2150 675 2184 Christi
683 2150 763 2184 fidelibus

63 2201 155 2231 monstrare
162 2198 180 2232 in
187 2207 247 2242 aperto
255 2206 319 2244 quanto
326 2200 354 2244 pie
362 2199 460 2234 dileccionis
472 2200 508 2234 zelo
518 2199 574 2243 ipsum
582 2199 642 2235 zelauit
649 2201 737 2235 viuentem
744 2200 763 2235 in
771 2214 791 2244 40

63 2244 178 2284 boemundo.
201 2251 222 2284 In
237 2256 304 2285 tantum
320 2260 394 2294 namque
409 2249 542 2295 clrcumquaque
556 2250 633 2285 fidelium
647 2256 684 2285 tam
699 2258 764 2286 remote

63 2304 112 2336 quam
121 2300 215 2345 propinque
226 2302 321 2344 positorum
333 2302 408 2336 excreuit
419 2301 495 2344 deuotio,
503 2308 521 2336 vt
533 2302 609 2346 quolibet
620 2302 649 2336 die
660 2302 763 2336 adueniente

63 2347 135 2382 tumulus
150 2350 186 2385 eius
199 2352 348 2396 peregrinantium
363 2352 426 2387 deuoto
440 2352 538 2388 visitaretur
553 2353 640 2396 obsequio.
662 2354 714 2387 Vnde
728 2363 763 2386 non

62 2396 102 2451 nulli
113 2400 192 2434 candelas
201 2413 289 2444 accensas,
297 2403 325 2436 alii
336 2403 431 2445 ymagines,
441 2403 470 2436 alii
482 2403 539 2446 capita
551 2404 578 2437 vel
589 2404 647 2437 oculos
658 2404 685 2436 vel
696 2404 763 2442 dentes,

63 2444 90 2476 alu
105 2457 145 2482 vero
159 2461 221 2484 manus
236 2459 253 2485 et
266 2452 341 2493 brachia,
355 2452 383 2486 alii
397 2459 455 2486 autem
466 2454 520 2495 pedes
535 2459 552 2486 et
564 2453 621 2492 tibias,
632 2452 707 2485 nonnulli
722 2460 789 2490 vernes

63 2499 133 2531 nautea
145 2500 197 2535 maris
206 2501 286 2544 periculis
297 2502 376 2546 graciose
386 2502 453 2537 liberati
464 2502 553 2537 nauiculas
563 2508 580 2536 et
591 2501 688 2536 huiusmodi
700 2501 762 2536 instru-

158 2567 164 2585 ¹
174 2569 209 2600 MS.
215 2570 290 2602 sceletius.
395 2570 401 2589 ²
412 2570 446 2602 MS.
454 2570 531 2602 manibus.
631 2570 638 2589 ¹
648 2580 679 2600 om.
