1762 2803
253 112 298 168 tit
313 110 414 164 &anno
430 111 565 163 dotrina
711 125 753 171 197

53 232 118 274 colere,
125 237 181 275 vtque
191 234 330 267 resurrectionis
341 233 396 267 etiam
408 239 476 275 nostre,
484 243 539 277 quam
549 234 614 268 eadem
625 234 655 267 die
664 234 755 268 dominica

52 284 131 318 futuram
140 286 236 328 credimus,
245 297 279 330 spe
286 297 321 321 nos
332 285 435 320 certissima
446 287 526 330 gaudere
535 285 726 330 signemus—Verum
737 292 755 321 et

52 342 152 380 tonsuram,
161 339 184 372 de
192 350 227 382 qua
236 340 304 383 pariter
311 339 364 373 vobis
374 339 444 373 litteras
455 339 494 373 fieri
502 339 591 381 voluistis,
599 339 663 372 hortor
670 344 689 373 vt
697 339 755 373 ecclc-

53 391 144 424 siasticam
152 396 170 425 et
177 392 275 427 christiane
283 393 326 427 fidei
337 403 437 437 congruam
447 393 515 427 habere
526 392 598 427 curetis.
621 392 694 426 Scimus
705 393 754 427 enim

52 445 95 488 quia
103 455 162 487 neque
172 446 249 488 apostoli
259 457 324 480 omnes
331 457 368 481 vno
380 447 482 490 eodemque
494 451 536 480 sunt
547 447 603 480 modo
613 447 687 487 attonsi,
694 451 772 489 nequet

52 508 101 531 nunc
109 498 186 532 ecclesia
193 499 286 542 catholica,
295 499 341 534 sicut
349 510 385 534 vna
397 499 439 542 tide,
447 510 481 543 spe
489 504 507 534 et
518 498 605 534 charitate
617 500 636 533 in
646 499 701 533 deum
712 510 755 533 con·

53 550 113 593 sentit,
121 550 146 585 ita
153 552 208 586 etiam
215 563 252 587 vna
261 558 316 596 atque
325 552 440 587 indissimili¹
448 557 506 587 totum
514 563 548 597 per
558 553 621 587 orbem
633 558 709 587 tonsure
720 552 754 587 sibi

53 604 111 638 forma
123 606 210 649 congruit.
232 606 302 640 Verum
314 611 390 641 tonsure
402 606 500 640 discrimen
511 617 548 640 non
561 611 620 649 nocet,
631 607 697 651 quibus
708 616 754 651 pura

52 657 71 690 in
81 658 148 691 deum²
159 658 210 699 fides,
221 665 239 692 et
251 659 329 692 charitas
340 660 359 692 in
370 660 476 702 proximum
488 660 559 692 sincera
570 665 604 692 est.
627 660 678 692 Inter
689 670 754 692 omnes

52 714 114 743 tamen
122 714 207 744 tonsuras
214 710 283 745 nullam
291 710 349 755 magis
357 711 470 755 sequendam
480 711 664 755 amplectendamque
675 710 753 745 dixerim
764 714 782 736 ¹0

53 772 75 796 ea
84 773 138 805 quam
148 763 167 796 in
177 765 236 806 capite
246 774 280 797 suo
291 765 374 808 gestabat
385 765 415 797 ille
426 765 454 797 cui
466 774 486 797 se
496 763 600 797 confitenti³
611 764 696 797 dominus
708 764 754 798 dixit

53 814 96 848 “Tu
108 826 129 848 es
141 815 206 849 Petrus
218 821 258 857 etc.,
270 820 287 849 et
298 820 351 859 porte
364 815 418 849 inferi
431 821 470 857 etc,
485 820 503 849 et
515 815 548 849 tibi
561 816 608 849 dabo
621 817 666 850 etc.”
689 816 754 859 Neque

52 878 96 902 vero
105 868 128 902 ob
138 868 157 902 id
167 873 238 902 tantum
247 869 266 903 in
278 879 364 903 coronam
377 869 498 911 attondemur,
507 868 549 913 quia
560 868 626 903 Petrus
636 868 660 903 ita
671 874 755 905 attonsus

52 926 91 964 est;
105 922 138 955 sed
150 921 192 965 quia
202 922 268 956 Petrus
280 923 298 955 in
309 923 418 956 memoriam
430 922 522 956 dominice
533 922 626 966 passionis
637 922 662 956 ita
672 927 755 957 attonsus

53 979 87 1017 est,
97 974 162 1009 iccirco
174 980 192 1008 et
204 986 238 1008 nos
249 976 281 1019 qui
292 986 326 1019 per
337 976 415 1009 eandem
426 974 533 1019 passionem
544 975 611 1009 saluari
623 975 755 1017 desideramus,
764 987 783 1017 ¹5

52 1028 110 1071 ipsius
119 1029 209 1072 passionis
217 1029 290 1072 signum
299 1039 340 1062 cum
350 1029 381 1062 illo
390 1028 410 1062 in
417 1029 490 1071 vertice,
498 1039 571 1063 summa
578 1028 662 1063 videlicet
674 1029 755 1073 corporis

53 1081 111 1114 nostri
125 1080 194 1124 parte⁴,
207 1087 305 1124 gestamus.
333 1081 356 1114 Et
373 1082 419 1115 sicut
434 1082 495 1115 omnis
510 1082 587 1115 ecclesia
602 1082 674 1125 signum
693 1087 755 1115 sancte

53 1133 112 1166 crucis
123 1134 142 1166 in
154 1133 213 1167 fronte
224 1133 330 1176 imprimere
342 1135 442 1175 consueuit,
452 1133 483 1168 vt⁵
494 1134 555 1167 vexilli
567 1134 621 1168 huius
632 1135 733 1167 munimine
745 1145 756 1168 a

53 1185 174 1228 malignorum
185 1185 282 1229 spirituum
293 1185 401 1219 defendatur
412 1185 521 1228 incursibus,
533 1186 597 1219 crebra
607 1185 662 1219 huius
673 1185 755 1220 admoni-

53 1238 102 1271 tIone
115 1237 227 1280 doce[a]tur⁰
240 1248 261 1271 se
274 1248 347 1281 quoque
360 1248 434 1272 carnem
448 1248 500 1272 suam
514 1248 555 1272 cum
566 1238 615 1272 vitiis
628 1244 647 1272 et
659 1238 755 1281 concupis·
764 1248 783 1270 πο

53 1289 117 1324 centiis
131 1290 237 1333 crucifigere
251 1290 329 1325 debere:
348 1289 373 1325 ita
386 1290 440 1324 etiam
453 1296 525 1335 oportet
538 1301 571 1324 eos
584 1291 615 1335 qui
627 1290 657 1324 vel
670 1290 755 1324 monachi

53 1347 121 1384 votum,
129 1343 159 1376 vel
169 1344 246 1386 gradum
257 1343 352 1377 clericatus
362 1343 451 1377 habentes
463 1344 560 1377 artioribus
570 1354 591 1377 se
600 1354 677 1378 necesse
687 1343 755 1377 habent

53 1405 87 1439 pro
100 1395 174 1429 domino
188 1396 299 1430 continentie
314 1396 372 1429 frenis
387 1397 494 1439 astringere,
510 1396 588 1429 formam
601 1406 674 1440 quoque
688 1406 755 1430 corone

54 1459 108 1493 quam
120 1448 160 1493 ipse
171 1449 189 1482 in
200 1449 286 1493 passione
299 1460 332 1483 sua
343 1448 426 1493 spineam
439 1449 518 1493 portauit
528 1448 547 1482 in
558 1449 622 1493 capite,
632 1455 652 1483 vt
663 1448 726 1493 spinas
737 1455 756 1484 et

54 1502 130 1536 tribulos
145 1508 261 1546 peccatorum
280 1502 412 1546 [nostrorumll
429 1507 516 1546 portaret,
532 1502 551 1536 id
568 1508 596 1536 est
615 1507 720 1546 exportaret
738 1508 756 1537 et
766 1514 784 1543 25

54 1555 133 1589 auferret
146 1566 157 1588 a
168 1555 226 1597 nobis,
238 1565 272 1588 suo
284 1565 375 1598 quemque
386 1555 405 1588 in
417 1555 476 1598 capite
487 1565 522 1598 per
534 1560 628 1589 tonsuram
639 1555 726 1599 preferre,
737 1561 757 1589 vt

54 1619 75 1642 se
88 1607 141 1642 etiam
152 1609 246 1642 irrisiones
257 1613 275 1642 et
284 1608 381 1651 obprobria
390 1619 424 1651 pro
435 1607 466 1641 illo
478 1607 556 1642 libenter
565 1619 586 1642 ac
597 1613 683 1651 prompte
694 1609 757 1643 omnia

54 1660 131 1694 sufferre
144 1661 185 1705 ipso
198 1660 252 1694 etiam
265 1660 379 1704 frontispicio
394 1661 483 1701 doceant;
501 1665 521 1694 vt
534 1671 620 1694 coronam
634 1660 671 1695 vite
686 1666 756 1703 eteme‚

54 1724 109 1757 quam
121 1713 224 1757 repromisit
234 1715 279 1747 deus
290 1713 406 1757 diligentibus
417 1724 443 1755 se,
452 1724 473 1747 se
481 1724 556 1757 semper
564 1719 667 1757 expectare,
674 1715 757 1758 proque*

54 1766 108 1800 huius
121 1767 239 1810 perceptione
252 1772 271 1800 et
286 1767 364 1800 aduersa
379 1777 400 1800 se
413 1765 477 1800 mundi
491 1771 509 1800 et
523 1777 612 1810 prospera
625 1772 757 1811 contempnere
766 1778 785 1808 3⁰

54 1820 137 1862 signent!
164 1819 187 1851 Et
202 1824 245 1861 post
259 1818 372 1852 mentionem
386 1829 453 1851 corone
467 1829 521 1861 quam
534 1818 605 1861 Symon
620 1818 685 1862 Magus
698 1819 758 1852 fertur

54 1876 137 1915 portasse
150 1871 169 1904 in
182 1872 246 1914 capite,
259 1882 294 1914 que
307 1871 329 1905 ad
342 1870 433 1905 ceruicem
445 1871 557 1914 perueniens
570 1871 663 1905 decurtata
674 1877 718 1913 erat,
728 1872 757 1906 in-

54 1924 104 1958 tulit:
117 1923 188 1957 ‘Gratia
196 1928 213 1956 te
221 1924 270 1967 regis
278 1923 337 1956 eterni
345 1922 423 1967 longiori
431 1928 513 1966 tempore
521 1929 635 1966 regnantem,
643 1924 666 1957 ad
674 1929 756 1958 nostram

55 1978 136 2011 omnium
152 1987 215 2020 pacem
231 1977 320 2009 custodiat
334 1975 450 2018 incolumem,
464 1975 582 2009 dilectissime
597 1976 616 2009 in
630 1976 703 2010 Christo
719 1977 756 2010 fili)

56 2031 177 2073 Interpretata
186 2030 205 2062 in
215 2030 307 2072 presentia
319 2028 367 2071 regis
379 2033 397 2062 et
407 2039 483 2062 suorum
494 2028 554 2062 littera
565 2034 583 2062 et
595 2034 659 2063 tenore
670 2029 715 2070 eius,
723 2040 756 2063 ex-
765 2041 784 2071 ³5

55 2093 124 2126 urgens
132 2093 165 2116 rex
173 2082 196 2115 de
204 2081 264 2115 medio
274 2080 381 2124 optimatum
392 2091 468 2114 suorum
479 2091 540 2124 genua
549 2081 568 2114 in
579 2086 646 2115 terram
656 2080 712 2123 flexit,
721 2082 757 2116 deo

55 2136 122 2179 gratias
134 2146 191 2179 agens
204 2134 252 2178 quod
265 2133 301 2167 tale
316 2133 445 2167 munusculum
459 2133 482 2167 de
495 2138 544 2167 terra
557 2133 660 2178 Anglorum
673 2134 757 2178 accipere

55 2194 162 2223 mereretur.

78 2262 126 2306 [MS.
133 2261 173 2295 Tib.
181 2261 226 2295 adds
234 2272 238 2295 :
355 2259 439 2294 Narratio
443 2259 455 2294 ⁹.

77 2324 355 2373 Treuerensisarchiepiscopus
360 2329 525 2363 nomincRusticus
530 2329 616 2373 operibus
621 2329 758 2365 sanctisGoaris

55 2386 90 2419 uiri
98 2385 127 2419 dei
135 2384 225 2427 inuidens,
232 2384 293 2418 missis
301 2383 323 2418 ad
331 2393 374 2417 eum
382 2381 453 2416 nunciis
461 2381 540 2417 iniunxit
545 2387 565 2416 ut
573 2383 595 2417 ad
602 2383 640 2418 eius
647 2383 757 2428 colloquium
767 2399 787 2430 4⁰

76 2484 110 2515 1Ε,
119 2485 216 2514 indissimile.
255 2484 290 2513 1Ε,
299 2483 362 2513 domini.
403 2482 536 2513 ³E.c0nfitendi.
577 2482 612 2514 ΔΕ,
620 2488 677 2521 perte.
722 2485 758 2515 ³al.

55 2524 141 2553 vterebro.
201 2523 234 2552 ⁰T.
243 2524 260 2553 E.
270 2524 338 2552 docetur.
398 2521 559 2559 'soT.;om.inE.
620 2523 758 2562 ’raptoque

55 2563 61 2579 ⁹
73 2564 119 2593 From
126 2563 171 2594 Vinc.
180 2563 220 2593 Bell.
229 2563 282 2592 XXII.
291 2570 314 2600 15.
