1762 2803
276 129 321 185 we
336 126 436 181 &anuo
451 127 597 179 brennam.
744 142 786 184 149

85 251 145 296 paruit
160 251 196 286 illis
211 262 264 286 mons
280 250 327 284 altus
340 249 359 284 in
371 260 451 284 occeano
465 250 517 295 quasi
529 259 564 294 per
575 254 641 283 tenues
656 248 739 288 nebulas,
753 249 786 283 sed

84 306 138 341 valde
147 305 228 341 fumosus
236 310 275 340 erat
283 304 301 339 in
310 304 425 339 summitate:
438 309 456 338 et
464 303 525 338 statim
533 301 650 347 rapidissimo
658 312 712 337 cursu
720 307 787 336 ventus

85 359 139 393 traxit
151 359 192 393 illos
205 361 227 393 ad
240 359 290 393 littus
301 357 366 392 insule.
389 358 441 392 Vnus
453 357 484 401 qui
495 356 583 392 remansit
595 367 619 390 ex
630 355 689 389 tribus
699 354 786 388 fratribus

85 411 178 456 predictis,
189 411 258 446 exiliuit
272 411 321 445 foras
331 411 354 444 de
366 410 408 444 naui
421 415 439 445 et
451 409 498 454 cepit
510 409 604 444 ambulare
615 418 674 452 usque
686 408 709 441 ad
721 407 787 451 ripam,

85 470 103 499 et
114 465 218 499 exclamans
229 464 284 499 dicit:
297 464 335 497 ‘Ve
346 464 401 498 miehi
413 469 475 508 pater:
488 464 557 507 predor
567 461 637 497 avobis
648 467 667 496 et
678 471 715 494 non
726 460 785 494 habeo
796 472 804 503 5

84 522 194 560 potestatem
205 518 269 551 venire
281 518 304 551 ad
315 519 359 550 vos!
383 517 406 550 Et
418 516 530 560 aspiciebant
545 515 611 549 fratres
626 515 719 557 quomodo
731 514 787 547 duee·

84 570 138 603 batur
148 568 212 602 infel‘m
223 569 254 603 ille
265 580 276 603 a
288 568 403 603 multitudine
415 569 514 603 demonum
525 568 548 601 ad
559 572 655 613 tormenta,
668 572 686 601 et
697 565 785 600 incende·

85 623 138 655 batur
149 621 197 654 inter
208 621 254 655 illos.
277 621 300 654 Et
312 620 337 655 ait
343 621 372 655 vir
379 621 420 655 dei:
432 621 470 654 ‘Ve
479 620 512 654 tibi
523 620 560 654 fili:
573 619 615 663 quia
625 618 712 663 recepisti
722 618 741 652 in
748 618 786 652 vita

85 680 116 708 tua
124 674 232 708 mortalem¹
240 675 307 708 finem?
331 674 353 707 Et
364 674 450 708 viderunt
461 680 543 708 montem
555 673 692 716 discoopertum
705 683 716 706 a
728 672 784 712 fumo,

85 732 103 761 et
112 737 122 760 a
131 737 151 761 se
159 726 243 761 flammas
250 731 368 771 spumantem
376 737 433 771 usque
441 727 464 760 ad
472 725 541 768 ethera,
549 725 641 760 etiterum
649 725 672 759 ad
681 735 702 759 se
709 724 784 759 easdem
795 736 815 758 ro

85 780 169 813 flammas
182 780 309 824 respirantem,
323 779 347 813 ita
358 785 377 814 vt
388 785 437 814 totus
448 789 502 814 mons
511 789 570 822 usque
581 778 600 812 in
612 787 664 812 mare
669 788 717 812 unus
729 787 785 821 rogus

84 815 212 885 videremus
220 825 340 880 ²[Apparuit
353 838 395 877 post
407 832 441 866 hec
450 831 469 865 in
481 830 540 866 mari³
550 830 630 875 quedam
641 830 719 865 formula
731 829 783 874 quasi

85 885 164 918 hominis
176 885 258 919 sedentis
269 895 326 929 super
337 890 419 928 petram,
431 889 449 917 et
460 884 522 917 uelum
536 889 578 917 ante
592 893 634 916 eum
646 894 657 917 a
667 883 722 926 longe
734 883 786 925 quasi

85 949 172 973 mensura
183 938 237 973 unius
252 938 297 982 sagi,
308 939 394 981 pendens
407 938 455 972 inter
466 937 552 972 furcellas
563 936 639 978 ferreas,
651 942 670 971 et
685 936 786 980 agitabatur

85 992 170 1026 fluctibus
185 991 231 1026 sicut
246 991 329 1026 nauicula
344 992 417 1035 quando
434 990 546 1035 periclitatur
562 1001 573 1025 a
589 989 667 1025 turbine.
695 989 786 1024 Viderunt
797 1003 814 1033 1⁵

85 1055 157 1088 quoque
168 1045 262 1078 hominem
276 1045 372 1078 sedentem
385 1054 441 1087 supra
454 1048 526 1087 petram
539 1042 632 1087 hispidum
646 1048 664 1077 et
677 1042 787 1084 deformem,

85 1102 103 1131 et
117 1107 140 1131 ex
153 1096 203 1130 omni
216 1102 268 1140 parte
280 1097 354 1140 quando
369 1096 474 1130 defluebant
486 1097 535 1130 unde
550 1096 573 1130 ad
588 1095 645 1138 illum,
656 1095 785 1140 percuciebant

85 1160 127 1184 eum
135 1160 193 1194 usque
201 1151 224 1184 ad
232 1149 326 1191 uerticem,
334 1149 364 1183 et⁴
371 1149 487 1184 recedebant.
503 1149 557 1184 Petra
566 1148 585 1183 in
593 1159 630 1193 qua
637 1149 713 1183 sedebat
721 1147 784 1183 infelix

85 1203 121 1244 ille,
132 1204 232 1246 apparebat
241 1204 295 1237 nuda.
318 1203 392 1237 Pannus
404 1213 477 1246 quoque
487 1202 518 1246 qui
530 1208 573 1237 ante
583 1202 634 1236 illum
644 1203 742 1246 pendebat,
753 1202 785 1235 ali·

86 1257 159 1299 quando
174 1256 289 1298 percuciebat
305 1265 347 1288 eum
362 1265 397 1298 per
409 1255 472 1288 oculos
487 1261 505 1288 et
520 1255 604 1288 frontem.
632 1254 655 1288 Et
666 1253 784 1297 interrogauit
795 1267 815 1287 πο

85 1308 136 1342 illum
148 1308 257 1342 Brendanus
270 1307 310 1352 quis
323 1313 378 1349 esset,
388 1312 418 1342 aut
431 1318 465 1351 pro
474 1317 510 1351 qua
522 1307 575 1352 eulpa
588 1306 655 1341 missus
667 1312 717 1340 esset
730 1306 754 1339 ibi
766 1312 784 1341 et

85 1361 139 1394 talem
157 1360 279 1405 peniteneIam
298 1365 396 1405 pateretur.
423 1360 456 1394 Cui
471 1360 507 1395 ait:
527 1360 577 1404 ‘Ego
592 1369 633 1394 sum
650 1360 711 1402 ludas,
728 1370 785 1405 nego·

85 1414 142 1448 eiator
153 1413 258 1457 pessimus3
269 1425 306 1448 non
318 1424 352 1458 pro
363 1425 405 1448 meo
414 1413 479 1448 merito
491 1413 550 1448 habeo
562 1414 619 1447 istum
629 1413 695 1455 locum,
705 1414 739 1448 sed
750 1423 785 1458 pro

85 1467 210 1501 misericordia
220 1467 307 1501 ineffabili
317 1467 372 1501 lhesu
383 1467 461 1508 Christi3
476 1477 513 1501 non
525 1466 580 1501 michi
592 1472 706 1509 computatur
714 1466 786 1510 penalis

86 1520 120 1553 iste
135 1520 192 1562 locus,
206 1526 234 1554 set
248 1532 282 1564 pro
295 1520 412 1564 indulgencia
426 1519 550 1563 redemptoris
562 1524 639 1563 propter
651 1520 741 1553 honorem
752 1520 786 1554 do·
796 1531 815 1560 ¹5

86 1572 153 1606 minice
168 1572 403 1607 resurreccionis⁶,’-Nam
421 1578 459 1606 erat
474 1572 514 1607 dies
531 1571 633 1606 dominicus
650 1572 785 1607 tuno—‘Michi

86 1626 136 1660 enim
143 1626 220 1668 uidetur,
229 1627 302 1670 quando
312 1626 368 1660 sedeo
376 1626 411 1668 hic,
419 1625 472 1670 quasi
481 1636 543 1660 essem
552 1625 571 1659 in
580 1625 666 1669 paradiso
674 1626 787 1668 deliciarum,

85 1684 161 1722 propter
168 1678 253 1713 timorem
264 1684 398 1713 tormentorum
405 1689 441 1722 que
449 1678 509 1712 futura
520 1683 562 1712 sunt
570 1677 625 1711 michi
633 1677 651 1712 in
660 1679 694 1713 hac
701 1689 787 1722 uespera.

86 1732 134 1766 Nam
145 1732 201 1766 ardeo
212 1737 232 1766 ut
243 1732 339 1776 plumbum
351 1731 479 1777 liquefactuml
486 1730 505 1766 in
517 1731 553 1765 olla
560 1730 590 1766 die
600 1741 621 1765 ac
632 1737 685 1766 nocte
695 1731 714 1766 in
723 1731 785 1767 medio

85 1784 153 1819 montis
161 1796 215 1829 quem
223 1785 300 1820 uidistis.
319 1784 346 1819 Ibi
354 1790 382 1824 est
391 1785 492 1820 Leniathan
501 1796 542 1820 eum
550 1785 589 1820 suis
597 1784 715 1829 satellitibus,
729 1785 753 1820 ibi
762 1785 786 1821 fui
796 1794 816 1825 30

86 1840 158 1882 quando
166 1839 261 1882 deglutiuit
269 1839 343 1873 fratrem
351 1844 440 1880 uestrum,
448 1844 467 1873 et
476 1839 518 1873 ideo
526 1844 565 1874 erat
572 1838 642 1872 inferus
649 1840 727 1881 letus,ut
735 1840 786 1874 emit·

85 1896 132 1925 teret
146 1891 194 1924 foras
207 1891 290 1925 flammas
303 1890 399 1933 ingentes:
417 1896 435 1925 et
447 1890 473 1925 sic
486 1891 528 1926 facit
541 1901 616 1934 semper
628 1893 701 1934 quando
714 1892 786 1927 animas

85 1943 183 1986 impiorum
198 1944 279 1977 deuorat.
307 1943 370 1977 Meum
385 1954 429 1977 uero
445 1943 559 1987 refrigerium
574 1944 633 1977 habeo
648 1944 676 1978 hie
691 1944 741 1978 omni
756 1945 786 1979 die

86 1996 177 2030 dominico
184 2006 279 2039 auespera
285 2006 343 2039 usque
351 1997 373 2029 ad
379 2007 484 2039 uesperam,
490 2003 508 2031 et
516 1996 544 2030 in⁷
551 1996 644 2030 natiuitate
652 1997 721 2031 domini
727 2008 786 2041 usque

86 2050 109 2082 ad
124 2048 259 2092 theophaniam,
274 2053 293 2081 et
309 2058 320 2081 a
334 2058 390 2091 pasca
404 2059 463 2092 usque
480 2048 499 2083 in
516 2054 642 2093 pentecosten,
657 2055 675 2084 et
690 2049 709 2083 in
724 2050 786 2093 purifi·
796 2057 815 2087 35

87 2101 161 2135 cacione
173 2100 202 2134 dei
214 2100 312 2145 genitricis,
322 2107 376 2143 atque
388 2101 522 2145 assumpcione.
545 2102 611 2135 Postea
622 2108 640 2135 et
652 2108 706 2136 antea
716 2103 787 2136 crucior

86 2155 105 2189 in
117 2154 228 2200 profundum
241 2153 308 2190 inferni
313 2154 324 2198 ⁸,
337 2165 378 2189 cum
393 2154 469 2190 Herode
481 2160 500 2190 et
512 2154 570 2190 Pilato
582 2161 600 2190 et
612 2154 667 2190 Anna
681 2161 699 2190 et
711 2155 786 2201 Caipha.

88 2209 158 2244 Idcirco
169 2209 232 2243 adiuro
240 2219 274 2243 uos
285 2218 319 2253 per
330 2210 467 2253 redemptorem
479 2210 548 2253 mundi,
559 2209 673 2244 intercedere
684 2210 786 2254 dignemini

86 2263 109 2297 ad
117 2262 211 2296 dominum
220 2263 295 2297 Ihesum
303 2266 323 2295 ut
333 2261 411 2296 habeam
422 2262 450 2295 hie
460 2267 571 2305 potestatem
579 2273 621 2297 esse
629 2272 687 2306 usque
695 2264 718 2297 ad
726 2269 786 2299 ortum

87 2315 131 2349 solis
143 2326 194 2350 cras:
207 2326 231 2349 ne
242 2326 272 2349 me
283 2316 371 2349 demones
381 2314 399 2348 in
410 2315 491 2349 aduentu
501 2321 564 2350 uestro
575 2315 655 2350 emeient
666 2321 720 2360 atque
730 2317 787 2351 ducar
795 2324 816 2355 40

86 2369 109 2402 ad
121 2368 188 2402 malam
199 2368 320 2403 hereditatem
332 2378 386 2411 quam
398 2369 503 2411 comparaui
514 2369 562 2401 malo
573 2368 644 2412 precio!
666 2369 700 2403 Cui
712 2376 788 2405 sanetus

105 2457 110 2474 ¹
121 2457 141 2486 al.
149 2457 200 2488 talem.
275 2456 282 2474 ¹
291 2457 325 2485 Tm
332 2456 413 2493 following
419 2456 433 2486 is
441 2465 471 2486 om.
480 2456 496 2485 in
503 2456 527 2493 E,
534 2457 561 2486 but
568 2460 622 2486 extant
630 2456 646 2487 in
653 2458 671 2488 T.
680 2459 712 2488 and
719 2459 787 2492 Tanner.

86 2496 91 2514 ³
102 2497 119 2525 T.
127 2506 174 2527 mare.
222 2496 228 2515 ⁴
238 2496 258 2526 af.
267 2497 335 2533 Quando
342 2506 380 2526 vero
387 2506 425 2533 ree,
432 2501 481 2533 petra,
491 2498 519 2526 &o
577 2496 583 2514 ⁵
594 2497 636 2527 add:
647 2498 677 2528 hoc
685 2499 736 2529 habeo
743 2500 787 2529 refri—

86 2537 180 2608 &suppum
192 2535 198 2553 ⁸
207 2536 225 2567 T.
231 2537 317 2576 liquefacta,
326 2536 345 2567 al.
354 2545 406 2567 massa
413 2535 471 2575 plumbi
478 2536 565 2575 liquefacta.
607 2535 612 2552 ⁷
624 2536 644 2569 al.
650 2548 664 2570 a.
706 2539 711 2557 ¹
722 2539 738 2569 in
746 2540 786 2578 prof.
