<?xml version="1.0" encoding="UTF-8"?>
<!DOCTYPE html PUBLIC "-//W3C//DTD XHTML 1.0 Transitional//EN"
    "http://www.w3.org/TR/xhtml1/DTD/xhtml1-transitional.dtd">
<html xmlns="http://www.w3.org/1999/xhtml" xml:lang="en" lang="en">
 <head>
  <title>
</title>
<meta http-equiv="Content-Type" content="text/html;charset=utf-8" />
  <meta name='ocr-system' content='tesseract 3.04.00' />
  <meta name='ocr-capabilities' content='ocr_page ocr_carea ocr_par ocr_line ocrx_word'/>
</head>
<body>
  <div class='ocr_page' id='page_1' title='image "./MN5111ucmf_0/MN5111ucmf_0_1099.png"; bbox 0 0 1762 2803; ppageno 0'>
   <div class='ocr_carea' id='block_1_1' title="bbox 52 84 751 142">
    <p class='ocr_par' dir='ltr' id='par_1_1' title="bbox 52 84 751 142">
     <span class='ocr_line' id='line_1_1' title="bbox 52 84 751 142; baseline 0.013 -10"><span class='ocrx_word' id='word_1_1' title='bbox 52 102 64 132; x_wconf 68' lang='lat'>12</span> <span class='ocrx_word' id='word_1_2' title='bbox 72 99 136 131; x_wconf 57' lang='lat' dir='ltr'>aaa</span> <span class='ocrx_word' id='word_1_3' title='bbox 144 87 172 133; x_wconf 68' lang='lat' dir='ltr'>a]</span> <span class='ocrx_word' id='word_1_4' title='bbox 260 86 306 142; x_wconf 64' lang='lat' dir='ltr'>bt</span> <span class='ocrx_word' id='word_1_5' title='bbox 321 84 423 139; x_wconf 56' lang='lat' dir='ltr'>bondo</span> <span class='ocrx_word' id='word_1_6' title='bbox 439 84 543 139; x_wconf 69' lang='lat' dir='ltr'>btuuta.</span> <span class='ocrx_word' id='word_1_7' title='bbox 706 87 751 141; x_wconf 78' lang='lat'>483</span> 
     </span>
    </p>
   </div>
   <div class='ocr_carea' id='block_1_2' title="bbox 50 203 793 2517">
    <p class='ocr_par' dir='ltr' id='par_1_2' title="bbox 50 203 793 2517">
     <span class='ocr_line' id='line_1_2' title="bbox 50 203 751 250; baseline -0.01 -6"><span class='ocrx_word' id='word_1_8' title='bbox 50 214 92 245; x_wconf 90' lang='lat' dir='ltr'>runt</span> <span class='ocrx_word' id='word_1_9' title='bbox 109 217 174 242; x_wconf 88' lang='lat' dir='ltr'>omnes</span> <span class='ocrx_word' id='word_1_10' title='bbox 191 204 273 250; x_wconf 85' lang='lat' dir='ltr'>virgines</span> <span class='ocrx_word' id='word_1_11' title='bbox 289 205 319 239; x_wconf 93' lang='lat' dir='ltr'>ille</span> <span class='ocrx_word' id='word_1_12' title='bbox 338 206 407 239; x_wconf 83' lang='lat' dir='ltr'>cursim</span> <span class='ocrx_word' id='word_1_13' title='bbox 426 205 449 238; x_wconf 90' lang='lat' dir='ltr'>ad</span> <span class='ocrx_word' id='word_1_14' title='bbox 468 204 541 249; x_wconf 87' lang='lat' dir='ltr'>nauigia</span> <span class='ocrx_word' id='word_1_15' title='bbox 555 204 668 238; x_wconf 84' lang='lat' dir='ltr'>festinantes.</span> <span class='ocrx_word' id='word_1_16' title='bbox 691 203 751 238; x_wconf 85' lang='lat' dir='ltr'>Nulli¹</span> 
     </span>
     <span class='ocr_line' id='line_1_3' title="bbox 51 257 752 305; baseline -0.009 -8"><span class='ocrx_word' id='word_1_17' title='bbox 51 262 125 299; x_wconf 90' lang='lat' dir='ltr'>dubium</span> <span class='ocrx_word' id='word_1_18' title='bbox 140 260 184 305; x_wconf 91' lang='lat' dir='ltr'>quin</span> <span class='ocrx_word' id='word_1_19' title='bbox 203 264 308 294; x_wconf 87' lang='lat' dir='ltr'>sanctorum</span> <span class='ocrx_word' id='word_1_20' title='bbox 325 257 382 300; x_wconf 90' lang='lat' dir='ltr'>multi,</span> <span class='ocrx_word' id='word_1_21' title='bbox 397 264 434 293; x_wconf 92' lang='lat' dir='ltr'>tam</span> <span class='ocrx_word' id='word_1_22' title='bbox 449 258 555 302; x_wconf 88' lang='lat' dir='ltr'>angelorum</span> <span class='ocrx_word' id='word_1_23' title='bbox 571 267 626 301; x_wconf 89' lang='lat' dir='ltr'>quam</span> <span class='ocrx_word' id='word_1_24' title='bbox 643 262 752 299; x_wconf 88' lang='lat' dir='ltr'>ceterorum,</span> 
     </span>
     <span class='ocr_line' id='line_1_4' title="bbox 51 310 753 356; baseline -0.01 -5"><span class='ocrx_word' id='word_1_25' title='bbox 51 315 150 356; x_wconf 84' lang='lat' dir='ltr'>affuissent,</span> <span class='ocrx_word' id='word_1_26' title='bbox 163 313 204 347; x_wconf 89' lang='lat' dir='ltr'>illas</span> <span class='ocrx_word' id='word_1_27' title='bbox 219 311 344 347; x_wconf 67' lang='lat' dir='ltr'>deducentest</span> <span class='ocrx_word' id='word_1_28' title='bbox 355 310 427 355; x_wconf 87' lang='lat' dir='ltr'>illisque</span> <span class='ocrx_word' id='word_1_29' title='bbox 442 311 595 355; x_wconf 79' lang='lat' dir='ltr'><strong>congratulantes.</strong></span> <span class='ocrx_word' id='word_1_30' title='bbox 622 310 693 345; x_wconf 86' lang='lat' dir='ltr'>Aderat</span> <span class='ocrx_word' id='word_1_31' title='bbox 711 321 753 354; x_wconf 86' lang='lat' dir='ltr'>pre·</span> 
     </span>
     <span class='ocr_line' id='line_1_5' title="bbox 51 364 752 405; baseline -0.01 -1"><span class='ocrx_word' id='word_1_32' title='bbox 51 377 101 405; x_wconf 88' lang='lat' dir='ltr'>terea</span> <span class='ocrx_word' id='word_1_33' title='bbox 115 373 133 400; x_wconf 93' lang='lat' dir='ltr'>et</span> <span class='ocrx_word' id='word_1_34' title='bbox 148 366 213 401; x_wconf 88' lang='lat' dir='ltr'>sathan</span> <span class='ocrx_word' id='word_1_35' title='bbox 228 376 270 399; x_wconf 88' lang='lat' dir='ltr'>cum</span> <span class='ocrx_word' id='word_1_36' title='bbox 285 364 413 399; x_wconf 82' lang='lat' dir='ltr'>innumerabili</span> <span class='ocrx_word' id='word_1_37' title='bbox 428 365 524 399; x_wconf 82' lang='lat' dir='ltr'>satellitum</span> <span class='ocrx_word' id='word_1_38' title='bbox 540 374 615 399; x_wconf 88' lang='lat' dir='ltr'>suorum</span> <span class='ocrx_word' id='word_1_39' title='bbox 632 364 752 405; x_wconf 89' lang='lat' dir='ltr'>multitudine,</span> 
     </span>
     <span class='ocr_line' id='line_1_6' title="bbox 52 415 770 464; baseline -0.007 -9"><span class='ocrx_word' id='word_1_40' title='bbox 52 422 121 464; x_wconf 87' lang='lat' dir='ltr'>aliquas</span> <span class='ocrx_word' id='word_1_41' title='bbox 127 429 150 452; x_wconf 86' lang='lat' dir='ltr'>ex</span> <span class='ocrx_word' id='word_1_42' title='bbox 158 419 204 462; x_wconf 90' lang='lat' dir='ltr'>ipsis</span> <span class='ocrx_word' id='word_1_43' title='bbox 211 417 302 461; x_wconf 87' lang='lat' dir='ltr'>impedire</span> <span class='ocrx_word' id='word_1_44' title='bbox 310 416 409 461; x_wconf 84' lang='lat' dir='ltr'>uolen[te]s</span> <span class='ocrx_word' id='word_1_45' title='bbox 415 417 425 451; x_wconf 78' lang='lat'>³.</span> <span class='ocrx_word' id='word_1_46' title='bbox 440 417 465 450; x_wconf 90' lang='lat' dir='ltr'>At</span> <span class='ocrx_word' id='word_1_47' title='bbox 473 416 503 451; x_wconf 92' lang='lat' dir='ltr'>ille</span> <span class='ocrx_word' id='word_1_48' title='bbox 511 416 573 451; x_wconf 86' lang='lat' dir='ltr'>diuina</span> <span class='ocrx_word' id='word_1_49' title='bbox 580 416 632 450; x_wconf 86' lang='lat' dir='ltr'>sunt⁴</span> <span class='ocrx_word' id='word_1_50' title='bbox 640 415 752 461; x_wconf 82' lang='lat' dir='ltr'>protectione</span> <span class='ocrx_word' id='word_1_51' title='bbox 761 427 770 460; x_wconf 91' lang='lat'><strong>5</strong></span> 
     </span>
     <span class='ocr_line' id='line_1_7' title="bbox 52 468 753 514; baseline -0.007 -7"><span class='ocrx_word' id='word_1_52' title='bbox 52 472 126 512; x_wconf 84' lang='lat' dir='ltr'>munite,</span> <span class='ocrx_word' id='word_1_53' title='bbox 134 476 152 505; x_wconf 91' lang='lat' dir='ltr'>et</span> <span class='ocrx_word' id='word_1_54' title='bbox 163 469 239 514; x_wconf 81' lang='lat' dir='ltr'>maligni</span> <span class='ocrx_word' id='word_1_55' title='bbox 251 469 327 514; x_wconf 89' lang='lat' dir='ltr'>spiritus</span> <span class='ocrx_word' id='word_1_56' title='bbox 334 470 386 504; x_wconf 93' lang='lat' dir='ltr'>uacui</span> <span class='ocrx_word' id='word_1_57' title='bbox 397 474 514 504; x_wconf 86' lang='lat' dir='ltr'>reuertuntur</span> <span class='ocrx_word' id='word_1_58' title='bbox 521 475 539 504; x_wconf 86' lang='lat' dir='ltr'>et</span> <span class='ocrx_word' id='word_1_59' title='bbox 547 469 616 504; x_wconf 62' lang='lat' dir='ltr'>inanes,</span> <span class='ocrx_word' id='word_1_60' title='bbox 639 468 667 503; x_wconf 59' lang='grc' dir='ltr'>Ο*</span> <span class='ocrx_word' id='word_1_61' title='bbox 674 475 753 513; x_wconf 89' lang='lat' dir='ltr'>quantus</span> 
     </span>
     <span class='ocr_line' id='line_1_8' title="bbox 52 522 754 568; baseline -0.007 -7"><span class='ocrx_word' id='word_1_62' title='bbox 52 527 76 561; x_wconf 93' lang='lat' dir='ltr'>ibi</span> <span class='ocrx_word' id='word_1_63' title='bbox 90 525 150 559; x_wconf 89' lang='lat' dir='ltr'>luctus</span> <span class='ocrx_word' id='word_1_64' title='bbox 168 529 283 568; x_wconf 88' lang='lat' dir='ltr'>quantusque</span> <span class='ocrx_word' id='word_1_65' title='bbox 298 533 360 557; x_wconf 88' lang='lat' dir='ltr'>meror</span> <span class='ocrx_word' id='word_1_66' title='bbox 374 527 393 558; x_wconf 85' lang='lat' dir='ltr'>et</span> <span class='ocrx_word' id='word_1_67' title='bbox 411 522 501 568; x_wconf 83' lang='lat' dir='ltr'>planctus,</span> <span class='ocrx_word' id='word_1_68' title='bbox 517 533 559 557; x_wconf 88' lang='lat' dir='ltr'>cum</span> <span class='ocrx_word' id='word_1_69' title='bbox 573 522 611 557; x_wconf 84' lang='lat' dir='ltr'>filie</span> <span class='ocrx_word' id='word_1_70' title='bbox 626 527 663 556; x_wconf 87' lang='lat' dir='ltr'>tam</span> <span class='ocrx_word' id='word_1_71' title='bbox 682 522 754 556; x_wconf 90' lang='lat' dir='ltr'>nobiles</span> 
     </span>
     <span class='ocr_line' id='line_1_9' title="bbox 53 575 753 623; baseline -0.007 -7"><span class='ocrx_word' id='word_1_72' title='bbox 53 587 125 623; x_wconf 89' lang='lat' dir='ltr'>tamque</span> <span class='ocrx_word' id='word_1_73' title='bbox 133 579 199 613; x_wconf 87' lang='lat' dir='ltr'>decore</span> <span class='ocrx_word' id='word_1_74' title='bbox 211 584 229 613; x_wconf 90' lang='lat' dir='ltr'>et</span> <span class='ocrx_word' id='word_1_75' title='bbox 240 578 334 621; x_wconf 84' lang='lat' dir='ltr'>elegantes</span> <span class='ocrx_word' id='word_1_76' title='bbox 344 587 355 612; x_wconf 91' lang='lat' dir='ltr'>a</span> <span class='ocrx_word' id='word_1_77' title='bbox 366 576 473 622; x_wconf 87' lang='lat' dir='ltr'>parentibus</span> <span class='ocrx_word' id='word_1_78' title='bbox 483 582 501 612; x_wconf 91' lang='lat' dir='ltr'>et</span> <span class='ocrx_word' id='word_1_79' title='bbox 510 575 573 611; x_wconf 91' lang='lat' dir='ltr'>amicis</span> <span class='ocrx_word' id='word_1_80' title='bbox 582 576 605 610; x_wconf 88' lang='lat' dir='ltr'>ab</span> <span class='ocrx_word' id='word_1_81' title='bbox 613 575 692 610; x_wconf 88' lang='lat' dir='ltr'>inuicem</span> <span class='ocrx_word' id='word_1_82' title='bbox 700 587 753 621; x_wconf 89' lang='lat' dir='ltr'>sepa-</span> 
     </span>
     <span class='ocr_line' id='line_1_10' title="bbox 54 629 753 677; baseline -0.007 -9"><span class='ocrx_word' id='word_1_83' title='bbox 54 630 170 677; x_wconf 83' lang='lat' dir='ltr'>ra[re]ntur⁵,</span> <span class='ocrx_word' id='word_1_84' title='bbox 178 636 233 674; x_wconf 89' lang='lat' dir='ltr'>atque</span> <span class='ocrx_word' id='word_1_85' title='bbox 245 641 289 675; x_wconf 88' lang='lat' dir='ltr'>spes</span> <span class='ocrx_word' id='word_1_86' title='bbox 300 630 350 664; x_wconf 89' lang='lat' dir='ltr'>nulla</span> <span class='ocrx_word' id='word_1_87' title='bbox 360 631 445 665; x_wconf 86' lang='lat' dir='ltr'>decetero</span> <span class='ocrx_word' id='word_1_88' title='bbox 453 629 500 664; x_wconf 89' lang='lat' dir='ltr'>foret</span> <span class='ocrx_word' id='word_1_89' title='bbox 511 630 616 665; x_wconf 73' lang='lat' dir='ltr'>remeandi!</span> <span class='ocrx_word' id='word_1_90' title='bbox 640 629 716 665; x_wconf 84' lang='lat' dir='ltr'>Gladius</span> <span class='ocrx_word' id='word_1_91' title='bbox 727 629 753 664; x_wconf 89' lang='lat' dir='ltr'>tui</span> 
     </span>
     <span class='ocr_line' id='line_1_11' title="bbox 54 682 783 726; baseline -0.007 -7"><span class='ocrx_word' id='word_1_92' title='bbox 54 685 126 726; x_wconf 86' lang='lat' dir='ltr'>amoris,</span> <span class='ocrx_word' id='word_1_93' title='bbox 134 684 190 717; x_wconf 83' lang='lat' dir='ltr'>ihesu</span> <span class='ocrx_word' id='word_1_94' title='bbox 202 684 254 724; x_wconf 88' lang='lat' dir='ltr'>bone,</span> <span class='ocrx_word' id='word_1_95' title='bbox 262 684 297 717; x_wconf 90' lang='lat' dir='ltr'>hoc</span> <span class='ocrx_word' id='word_1_96' title='bbox 308 683 351 717; x_wconf 91' lang='lat' dir='ltr'>fecit</span> <span class='ocrx_word' id='word_1_97' title='bbox 360 683 389 717; x_wconf 88' lang='lat' dir='ltr'>bis</span> <span class='ocrx_word' id='word_1_98' title='bbox 400 688 469 723; x_wconf 87' lang='lat' dir='ltr'>acutus,</span> <span class='ocrx_word' id='word_1_99' title='bbox 477 683 508 725; x_wconf 88' lang='lat' dir='ltr'>qui</span> <span class='ocrx_word' id='word_1_100' title='bbox 519 683 611 725; x_wconf 88' lang='lat' dir='ltr'>separauit</span> <span class='ocrx_word' id='word_1_101' title='bbox 621 683 669 716; x_wconf 87' lang='lat' dir='ltr'>filios</span> <span class='ocrx_word' id='word_1_102' title='bbox 681 688 699 715; x_wconf 83' lang='lat' dir='ltr'>et</span> <span class='ocrx_word' id='word_1_103' title='bbox 708 682 755 715; x_wconf 88' lang='lat' dir='ltr'>filias</span> <span class='ocrx_word' id='word_1_104' title='bbox 763 693 783 714; x_wconf 84' lang='lat' dir='ltr'>ro</span> 
     </span>
     <span class='ocr_line' id='line_1_12' title="bbox 54 734 755 783; baseline -0.003 -11"><span class='ocrx_word' id='word_1_105' title='bbox 54 750 64 773; x_wconf 85' lang='lat' dir='ltr'>a</span> <span class='ocrx_word' id='word_1_106' title='bbox 75 735 204 783; x_wconf 84' lang='lat' dir='ltr'>parentibus,a</span> <span class='ocrx_word' id='word_1_107' title='bbox 216 735 276 770; x_wconf 89' lang='lat' dir='ltr'>charis</span> <span class='ocrx_word' id='word_1_108' title='bbox 287 740 305 770; x_wconf 88' lang='lat' dir='ltr'>et</span> <span class='ocrx_word' id='word_1_109' title='bbox 316 734 369 770; x_wconf 88' lang='lat' dir='ltr'>notis.</span> <span class='ocrx_word' id='word_1_110' title='bbox 391 734 492 770; x_wconf 82' lang='lat' dir='ltr'>Confestim</span> <span class='ocrx_word' id='word_1_111' title='bbox 500 735 530 770; x_wconf 74' lang='lat' dir='ltr'>ut⁸</span> <span class='ocrx_word' id='word_1_112' title='bbox 538 735 590 769; x_wconf 87' lang='lat' dir='ltr'>oculo</span> <span class='ocrx_word' id='word_1_113' title='bbox 601 739 697 780; x_wconf 84' lang='lat' dir='ltr'>parentum</span> <span class='ocrx_word' id='word_1_114' title='bbox 709 734 755 770; x_wconf 89' lang='lat' dir='ltr'>ami-</span> 
     </span>
     <span class='ocr_line' id='line_1_13' title="bbox 55 787 756 834; baseline -0.006 -8"><span class='ocrx_word' id='word_1_115' title='bbox 55 800 153 834; x_wconf 85' lang='lat' dir='ltr'>corumque</span> <span class='ocrx_word' id='word_1_116' title='bbox 168 790 261 824; x_wconf 89' lang='lat' dir='ltr'>obtutibus</span> <span class='ocrx_word' id='word_1_117' title='bbox 275 789 387 824; x_wconf 89' lang='lat' dir='ltr'>velificantes</span> <span class='ocrx_word' id='word_1_118' title='bbox 400 789 530 830; x_wconf 86' lang='lat' dir='ltr'>subducuntur,</span> <span class='ocrx_word' id='word_1_119' title='bbox 541 788 623 832; x_wconf 85' lang='lat' dir='ltr'>angelica</span> <span class='ocrx_word' id='word_1_120' title='bbox 634 787 756 823; x_wconf 84' lang='lat' dir='ltr'>deductione⁷</span> 
     </span>
     <span class='ocr_line' id='line_1_14' title="bbox 55 841 755 889; baseline -0.004 -11"><span class='ocrx_word' id='word_1_121' title='bbox 55 845 156 889; x_wconf 79' lang='lat' dir='ltr'>gaudentes</span> <span class='ocrx_word' id='word_1_122' title='bbox 167 842 301 877; x_wconf 74' lang='lat' dir='ltr'>confortantur:</span> <span class='ocrx_word' id='word_1_123' title='bbox 315 842 425 887; x_wconf 82' lang='lat' dir='ltr'>illorumque</span> <span class='ocrx_word' id='word_1_124' title='bbox 439 841 534 887; x_wconf 86' lang='lat' dir='ltr'>presentia</span> <span class='ocrx_word' id='word_1_125' title='bbox 547 842 641 884; x_wconf 87' lang='lat' dir='ltr'>delectate,</span> <span class='ocrx_word' id='word_1_126' title='bbox 655 853 691 886; x_wconf 89' lang='lat' dir='ltr'>que</span> <span class='ocrx_word' id='word_1_127' title='bbox 706 847 755 877; x_wconf 84' lang='lat' dir='ltr'>retro</span> 
     </span>
     <span class='ocr_line' id='line_1_15' title="bbox 56 895 756 940; baseline -0.004 -8"><span class='ocrx_word' id='word_1_128' title='bbox 56 902 97 933; x_wconf 88' lang='lat' dir='ltr'>sunt</span> <span class='ocrx_word' id='word_1_129' title='bbox 109 896 164 931; x_wconf 89' lang='lat' dir='ltr'>oblite</span> <span class='ocrx_word' id='word_1_130' title='bbox 177 897 200 931; x_wconf 87' lang='lat' dir='ltr'>ad</span> <span class='ocrx_word' id='word_1_131' title='bbox 213 896 279 940; x_wconf 87' lang='lat' dir='ltr'>gaudia</span> <span class='ocrx_word' id='word_1_132' title='bbox 291 896 325 931; x_wconf 92' lang='lat' dir='ltr'>sibi</span> <span class='ocrx_word' id='word_1_133' title='bbox 338 896 428 940; x_wconf 85' lang='lat' dir='ltr'>promissa</span> <span class='ocrx_word' id='word_1_134' title='bbox 441 895 533 930; x_wconf 86' lang='lat' dir='ltr'>festinant.</span> <span class='ocrx_word' id='word_1_135' title='bbox 556 896 614 929; x_wconf 87' lang='lat' dir='ltr'>Porro</span> <span class='ocrx_word' id='word_1_136' title='bbox 627 896 715 930; x_wconf 85' lang='lat' dir='ltr'>lactentes</span> <span class='ocrx_word' id='word_1_137' title='bbox 727 895 756 929; x_wconf 94' lang='lat' dir='ltr'>in·</span> 
     </span>
     <span class='ocr_line' id='line_1_16' title="bbox 56 947 783 993; baseline -0.004 -9"><span class='ocrx_word' id='word_1_138' title='bbox 56 950 127 991; x_wconf 76' lang='lat' dir='ltr'>santulo,</span> <span class='ocrx_word' id='word_1_139' title='bbox 136 959 171 993; x_wconf 86' lang='lat' dir='ltr'>que</span> <span class='ocrx_word' id='word_1_140' title='bbox 179 949 256 984; x_wconf 87' lang='lat' dir='ltr'>uberum</span> <span class='ocrx_word' id='word_1_141' title='bbox 265 949 312 983; x_wconf 86' lang='lat' dir='ltr'>lactc</span> <span class='ocrx_word' id='word_1_142' title='bbox 321 949 386 983; x_wconf 91' lang='lat' dir='ltr'>nutriri</span> <span class='ocrx_word' id='word_1_143' title='bbox 398 949 486 989; x_wconf 86' lang='lat' dir='ltr'>solebant,</span> <span class='ocrx_word' id='word_1_144' title='bbox 494 949 530 983; x_wconf 85' lang='lat' dir='ltr'>iam</span> <span class='ocrx_word' id='word_1_145' title='bbox 541 948 590 982; x_wconf 91' lang='lat' dir='ltr'>nullo</span> <span class='ocrx_word' id='word_1_146' title='bbox 600 959 676 992; x_wconf 89' lang='lat' dir='ltr'>prorsus</span> <span class='ocrx_word' id='word_1_147' title='bbox 684 947 756 982; x_wconf 85' lang='lat' dir='ltr'>mamil-</span> <span class='ocrx_word' id='word_1_148' title='bbox 765 961 783 992; x_wconf 86' lang='lat'>¹⁵</span> 
     </span>
     <span class='ocr_line' id='line_1_17' title="bbox 56 1000 755 1045; baseline -0.001 -8"><span class='ocrx_word' id='word_1_149' title='bbox 56 1003 113 1037; x_wconf 88' lang='lat' dir='ltr'>larum</span> <span class='ocrx_word' id='word_1_150' title='bbox 124 1001 236 1036; x_wconf 90' lang='lat' dir='ltr'>nutrimento</span> <span class='ocrx_word' id='word_1_151' title='bbox 247 1001 347 1044; x_wconf 85' lang='lat' dir='ltr'>alebantur,</span> <span class='ocrx_word' id='word_1_152' title='bbox 358 1001 391 1036; x_wconf 88' lang='lat' dir='ltr'>sed</span> <span class='ocrx_word' id='word_1_153' title='bbox 404 1000 470 1045; x_wconf 85' lang='lat' dir='ltr'>digitos</span> <span class='ocrx_word' id='word_1_154' title='bbox 482 1002 501 1036; x_wconf 94' lang='lat' dir='ltr'>in</span> <span class='ocrx_word' id='word_1_155' title='bbox 515 1012 546 1036; x_wconf 88' lang='lat' dir='ltr'>ora</span> <span class='ocrx_word' id='word_1_156' title='bbox 558 1000 654 1036; x_wconf 88' lang='lat' dir='ltr'>mittebant</span> <span class='ocrx_word' id='word_1_157' title='bbox 665 1007 683 1036; x_wconf 88' lang='lat' dir='ltr'>et</span> <span class='ocrx_word' id='word_1_158' title='bbox 694 1002 755 1036; x_wconf 88' lang='lat' dir='ltr'>statim</span> 
     </span>
     <span class='ocr_line' id='line_1_18' title="bbox 56 1054 756 1100; baseline -0.003 -9"><span class='ocrx_word' id='word_1_159' title='bbox 56 1057 79 1092; x_wconf 88' lang='lat' dir='ltr'>de</span> <span class='ocrx_word' id='word_1_160' title='bbox 87 1055 133 1100; x_wconf 86' lang='lat' dir='ltr'>ipsis</span> <span class='ocrx_word' id='word_1_161' title='bbox 141 1055 201 1099; x_wconf 87' lang='lat' dir='ltr'>digitis</span> <span class='ocrx_word' id='word_1_162' title='bbox 213 1067 274 1090; x_wconf 90' lang='lat' dir='ltr'>rorem</span> <span class='ocrx_word' id='word_1_163' title='bbox 283 1055 318 1089; x_wconf 91' lang='lat' dir='ltr'>sibi</span> <span class='ocrx_word' id='word_1_164' title='bbox 329 1055 393 1090; x_wconf 82' lang='lat' dir='ltr'>celitus</span> <span class='ocrx_word' id='word_1_165' title='bbox 402 1054 523 1090; x_wconf 88' lang='lat' dir='ltr'>ministratum</span> <span class='ocrx_word' id='word_1_166' title='bbox 531 1055 627 1100; x_wconf 82' lang='lat' dir='ltr'>sugebant,</span> <span class='ocrx_word' id='word_1_167' title='bbox 635 1055 686 1090; x_wconf 91' lang='lat' dir='ltr'>cuius</span> <span class='ocrx_word' id='word_1_168' title='bbox 693 1055 756 1099; x_wconf 85' lang='lat' dir='ltr'>uigore</span> 
     </span>
     <span class='ocr_line' id='line_1_19' title="bbox 57 1108 756 1153; baseline -0.003 -10"><span class='ocrx_word' id='word_1_169' title='bbox 57 1110 212 1150; x_wconf 86' lang='lat' dir='ltr'>sustentabantur;</span> <span class='ocrx_word' id='word_1_170' title='bbox 225 1119 259 1143; x_wconf 91' lang='lat' dir='ltr'>nec</span> <span class='ocrx_word' id='word_1_171' title='bbox 270 1109 363 1153; x_wconf 82' lang='lat' dir='ltr'>unquam⁸</span> <span class='ocrx_word' id='word_1_172' title='bbox 374 1109 393 1142; x_wconf 92' lang='lat' dir='ltr'>in</span> <span class='ocrx_word' id='word_1_173' title='bbox 404 1109 470 1142; x_wconf 91' lang='lat' dir='ltr'>eodem</span> <span class='ocrx_word' id='word_1_174' title='bbox 481 1108 551 1150; x_wconf 88' lang='lat' dir='ltr'>itinere,</span> <span class='ocrx_word' id='word_1_175' title='bbox 561 1113 580 1143; x_wconf 91' lang='lat' dir='ltr'>ut</span> <span class='ocrx_word' id='word_1_176' title='bbox 590 1108 707 1152; x_wconf 85' lang='lat' dir='ltr'>paruulorum</span> <span class='ocrx_word' id='word_1_177' title='bbox 715 1117 756 1142; x_wconf 86' lang='lat' dir='ltr'>mos</span> 
     </span>
     <span class='ocr_line' id='line_1_20' title="bbox 58 1160 756 1205; baseline -0.003 -9"><span class='ocrx_word' id='word_1_178' title='bbox 58 1161 99 1205; x_wconf 84' lang='lat' dir='ltr'>[est]</span> <span class='ocrx_word' id='word_1_179' title='bbox 108 1167 126 1196; x_wconf 89' lang='lat' dir='ltr'>et</span> <span class='ocrx_word' id='word_1_180' title='bbox 134 1166 202 1202; x_wconf 85' lang='lat' dir='ltr'>natura,</span> <span class='ocrx_word' id='word_1_181' title='bbox 211 1162 309 1196; x_wconf 82' lang='lat' dir='ltr'>sordebant</span> <span class='ocrx_word' id='word_1_182' title='bbox 317 1171 338 1195; x_wconf 90' lang='lat' dir='ltr'>se</span> <span class='ocrx_word' id='word_1_183' title='bbox 346 1161 498 1203; x_wconf 86' lang='lat' dir='ltr'>madefacientes;</span> <span class='ocrx_word' id='word_1_184' title='bbox 510 1161 543 1194; x_wconf 89' lang='lat' dir='ltr'>sed</span> <span class='ocrx_word' id='word_1_185' title='bbox 552 1171 586 1194; x_wconf 86' lang='lat' dir='ltr'>nec</span> <span class='ocrx_word' id='word_1_186' title='bbox 594 1161 687 1203; x_wconf 85' lang='lat' dir='ltr'>plorantes</span> <span class='ocrx_word' id='word_1_187' title='bbox 694 1160 756 1203; x_wconf 83' lang='lat' dir='ltr'>vagie-</span> 
     </span>
     <span class='ocr_line' id='line_1_21' title="bbox 57 1211 786 1254; baseline -0.001 -7"><span class='ocrx_word' id='word_1_188' title='bbox 57 1215 104 1254; x_wconf 89' lang='lat' dir='ltr'>bant,</span> <span class='ocrx_word' id='word_1_189' title='bbox 112 1213 152 1248; x_wconf 89' lang='lat' dir='ltr'>aliis</span> <span class='ocrx_word' id='word_1_190' title='bbox 163 1213 263 1248; x_wconf 89' lang='lat' dir='ltr'>inferentes</span> <span class='ocrx_word' id='word_1_191' title='bbox 274 1212 383 1247; x_wconf 82' lang='lat' dir='ltr'>molestiam.</span> <span class='ocrx_word' id='word_1_192' title='bbox 405 1212 429 1246; x_wconf 90' lang='lat' dir='ltr'>Et</span> <span class='ocrx_word' id='word_1_193' title='bbox 438 1211 473 1247; x_wconf 87' lang='lat' dir='ltr'>iste</span> <span class='ocrx_word' id='word_1_194' title='bbox 481 1212 499 1247; x_wconf 94' lang='lat' dir='ltr'>in</span> <span class='ocrx_word' id='word_1_195' title='bbox 507 1223 585 1246; x_wconf 92' lang='lat' dir='ltr'>numero</span> <span class='ocrx_word' id='word_1_196' title='bbox 592 1212 677 1248; x_wconf 82' lang='lat' dir='ltr'>undecim</span> <span class='ocrx_word' id='word_1_197' title='bbox 685 1212 756 1248; x_wconf 88' lang='lat' dir='ltr'>milium</span> <span class='ocrx_word' id='word_1_198' title='bbox 766 1224 786 1246; x_wconf 79' lang='lat' dir='ltr'>ao</span> 
     </span>
     <span class='ocr_line' id='line_1_22' title="bbox 58 1266 757 1311; baseline 0.003 -12"><span class='ocrx_word' id='word_1_199' title='bbox 58 1277 93 1299; x_wconf 90' lang='lat' dir='ltr'>non</span> <span class='ocrx_word' id='word_1_200' title='bbox 103 1266 180 1308; x_wconf 86' lang='lat' dir='ltr'>fuerunt,</span> <span class='ocrx_word' id='word_1_201' title='bbox 189 1267 222 1300; x_wconf 89' lang='lat' dir='ltr'>sed</span> <span class='ocrx_word' id='word_1_202' title='bbox 233 1266 351 1301; x_wconf 80' lang='lat' dir='ltr'>etiam⁹sunt</span> <span class='ocrx_word' id='word_1_203' title='bbox 362 1270 491 1308; x_wconf 86' lang='lat' dir='ltr'>annumerate;</span> <span class='ocrx_word' id='word_1_204' title='bbox 503 1275 580 1310; x_wconf 87' lang='lat' dir='ltr'>quarum</span> <span class='ocrx_word' id='word_1_205' title='bbox 592 1276 680 1301; x_wconf 83' lang='lat' dir='ltr'>numerus</span> <span class='ocrx_word' id='word_1_206' title='bbox 690 1276 757 1311; x_wconf 87' lang='lat' dir='ltr'>paruu-</span> 
     </span>
     <span class='ocr_line' id='line_1_23' title="bbox 58 1319 758 1365; baseline 0.001 -12"><span class='ocrx_word' id='word_1_207' title='bbox 58 1319 115 1353; x_wconf 90' lang='lat' dir='ltr'>larum</span> <span class='ocrx_word' id='word_1_208' title='bbox 127 1319 166 1354; x_wconf 88' lang='lat' dir='ltr'>fere</span> <span class='ocrx_word' id='word_1_209' title='bbox 177 1320 200 1354; x_wconf 89' lang='lat' dir='ltr'>ad</span> <span class='ocrx_word' id='word_1_210' title='bbox 211 1319 319 1365; x_wconf 88' lang='lat' dir='ltr'>quingentas</span> <span class='ocrx_word' id='word_1_211' title='bbox 331 1319 437 1354; x_wconf 83' lang='lat' dir='ltr'>habebatur.</span> <span class='ocrx_word' id='word_1_212' title='bbox 460 1319 498 1354; x_wconf 89' lang='lat' dir='ltr'>Sed</span> <span class='ocrx_word' id='word_1_213' title='bbox 506 1329 530 1354; x_wconf 89' lang='lat' dir='ltr'>ne</span> <span class='ocrx_word' id='word_1_214' title='bbox 537 1319 590 1354; x_wconf 92' lang='lat' dir='ltr'>alicui</span> <span class='ocrx_word' id='word_1_215' title='bbox 601 1321 636 1355; x_wconf 85' lang='lat' dir='ltr'>ista</span> <span class='ocrx_word' id='word_1_216' title='bbox 645 1319 758 1355; x_wconf 88' lang='lat' dir='ltr'>incredibilia</span> 
     </span>
     <span class='ocr_line' id='line_1_24' title="bbox 58 1365 761 1418; baseline 0.003 -12"><span class='ocrx_word' id='word_1_217' title='bbox 58 1372 152 1407; x_wconf 85' lang='lat' dir='ltr'>uideantur</span> <span class='ocrx_word' id='word_1_218' title='bbox 163 1379 182 1407; x_wconf 87' lang='lat' dir='ltr'>et</span> <span class='ocrx_word' id='word_1_219' title='bbox 193 1373 258 1407; x_wconf 87' lang='lat' dir='ltr'>friuola</span> <span class='ocrx_word' id='word_1_220' title='bbox 265 1385 301 1417; x_wconf 87' lang='lat' dir='ltr'>que</span> <span class='ocrx_word' id='word_1_221' title='bbox 309 1373 332 1407; x_wconf 86' lang='lat' dir='ltr'>de</span> <span class='ocrx_word' id='word_1_222' title='bbox 343 1373 389 1417; x_wconf 82' lang='lat' dir='ltr'>ipsis</span> <span class='ocrx_word' id='word_1_223' title='bbox 401 1372 500 1407; x_wconf 86' lang='lat' dir='ltr'>infantibus</span> <span class='ocrx_word' id='word_1_224' title='bbox 508 1373 594 1414; x_wconf 59' lang='lat' dir='ltr'>diximus</span> <span class='ocrx_word' id='word_1_225' title='bbox 602 1384 644 1408; x_wconf 91' lang='lat' dir='ltr'>ecce</span> <span class='ocrx_word' id='word_1_226' title='bbox 652 1384 688 1417; x_wconf 88' lang='lat' dir='ltr'>que</span> <span class='ocrx_word' id='word_1_227' title='bbox 699 1365 761 1418; x_wconf 73' lang='lat' dir='ltr'>nuper</span> 
     </span>
     <span class='ocr_line' id='line_1_25' title="bbox 59 1425 758 1469; baseline 0.001 -11"><span class='ocrx_word' id='word_1_228' title='bbox 59 1425 77 1458; x_wconf 92' lang='lat' dir='ltr'>in</span> <span class='ocrx_word' id='word_1_229' title='bbox 85 1431 146 1460; x_wconf 90' lang='lat' dir='ltr'>nostra</span> <span class='ocrx_word' id='word_1_230' title='bbox 154 1426 241 1469; x_wconf 88' lang='lat' dir='ltr'>parochia</span> <span class='ocrx_word' id='word_1_231' title='bbox 251 1426 350 1469; x_wconf 85' lang='lat' dir='ltr'>contigisse</span> <span class='ocrx_word' id='word_1_232' title='bbox 361 1425 478 1469; x_wconf 85' lang='lat' dir='ltr'>percepimus</span> <span class='ocrx_word' id='word_1_233' title='bbox 489 1426 512 1458; x_wconf 87' lang='lat' dir='ltr'>ad</span> <span class='ocrx_word' id='word_1_234' title='bbox 524 1425 681 1459; x_wconf 86' lang='lat' dir='ltr'>confirmationem</span> <span class='ocrx_word' id='word_1_235' title='bbox 693 1426 758 1459; x_wconf 91' lang='lat' dir='ltr'>horum</span> 
     </span>
     <span class='ocr_line' id='line_1_26' title="bbox 60 1477 787 1524; baseline 0.003 -14"><span class='ocrx_word' id='word_1_236' title='bbox 60 1477 178 1521; x_wconf 88' lang='lat' dir='ltr'>proferemus.</span> <span class='ocrx_word' id='word_1_237' title='bbox 191 1477 275 1523; x_wconf 90' lang='lat' dir='ltr'>Denique</span> <span class='ocrx_word' id='word_1_238' title='bbox 282 1482 364 1512; x_wconf 90' lang='lat' dir='ltr'>matrona</span> <span class='ocrx_word' id='word_1_239' title='bbox 373 1477 466 1522; x_wconf 88' lang='lat' dir='ltr'>[quedam]</span> <span class='ocrx_word' id='word_1_240' title='bbox 470 1477 484 1497; x_wconf 83' lang='lat'>¹⁰</span> <span class='ocrx_word' id='word_1_241' title='bbox 491 1484 530 1513; x_wconf 89' lang='lat' dir='ltr'>tres</span> <span class='ocrx_word' id='word_1_242' title='bbox 536 1477 564 1512; x_wconf 63' lang='lat' dir='ltr'>in*</span> <span class='ocrx_word' id='word_1_243' title='bbox 573 1478 640 1523; x_wconf 61' lang='grc' dir='ltr'>[νηο]ιθ</span> <span class='ocrx_word' id='word_1_244' title='bbox 645 1484 697 1524; x_wconf 87' lang='lat' dir='ltr'>partu</span> <span class='ocrx_word' id='word_1_245' title='bbox 702 1478 759 1514; x_wconf 89' lang='lat' dir='ltr'>edidit</span> <span class='ocrx_word' id='word_1_246' title='bbox 768 1490 787 1522; x_wconf 82' lang='lat'>²5</span> 
     </span>
     <span class='ocr_line' id='line_1_27' title="bbox 60 1530 760 1576; baseline 0.007 -14"><span class='ocrx_word' id='word_1_247' title='bbox 60 1530 161 1574; x_wconf 86' lang='lat' dir='ltr'>infantulas,</span> <span class='ocrx_word' id='word_1_248' title='bbox 169 1532 234 1566; x_wconf 91' lang='lat' dir='ltr'>harum</span> <span class='ocrx_word' id='word_1_249' title='bbox 245 1542 281 1566; x_wconf 89' lang='lat' dir='ltr'>una</span> <span class='ocrx_word' id='word_1_250' title='bbox 292 1531 396 1576; x_wconf 83' lang='lat' dir='ltr'>quindecim</span> <span class='ocrx_word' id='word_1_251' title='bbox 408 1531 510 1576; x_wconf 79' lang='lat' dir='ltr'>superuixit</span> <span class='ocrx_word' id='word_1_252' title='bbox 522 1532 591 1572; x_wconf 82' lang='lat' dir='ltr'>diebus,</span> <span class='ocrx_word' id='word_1_253' title='bbox 602 1532 637 1567; x_wconf 91' lang='lat' dir='ltr'>alia</span> <span class='ocrx_word' id='word_1_254' title='bbox 647 1532 705 1566; x_wconf 87' lang='lat' dir='ltr'>tribus</span> <span class='ocrx_word' id='word_1_255' title='bbox 715 1533 760 1567; x_wconf 89' lang='lat' dir='ltr'>heb·</span> 
     </span>
     <span class='ocr_line' id='line_1_28' title="bbox 61 1583 759 1629; baseline 0.006 -13"><span class='ocrx_word' id='word_1_256' title='bbox 61 1583 141 1618; x_wconf 88' lang='lat' dir='ltr'>domadis</span> <span class='ocrx_word' id='word_1_257' title='bbox 146 1584 163 1626; x_wconf 86' lang='lat'>¹¹,</span> <span class='ocrx_word' id='word_1_258' title='bbox 171 1585 224 1619; x_wconf 87' lang='lat' dir='ltr'>tertia</span> <span class='ocrx_word' id='word_1_259' title='bbox 232 1589 314 1629; x_wconf 89' lang='lat' dir='ltr'>quatuor.</span> <span class='ocrx_word' id='word_1_260' title='bbox 337 1584 392 1618; x_wconf 86' lang='lat' dir='ltr'>Nulla</span> <span class='ocrx_word' id='word_1_261' title='bbox 403 1584 494 1629; x_wconf 86' lang='lat' dir='ltr'>siquidem</span> <span class='ocrx_word' id='word_1_262' title='bbox 505 1583 577 1619; x_wconf 89' lang='lat' dir='ltr'>illarum</span> <span class='ocrx_word' id='word_1_263' title='bbox 583 1584 596 1605; x_wconf 77' lang='lat'>¹²</span> <span class='ocrx_word' id='word_1_264' title='bbox 604 1585 634 1620; x_wconf 85' lang='lat' dir='ltr'>uel</span> <span class='ocrx_word' id='word_1_265' title='bbox 641 1585 719 1620; x_wconf 87' lang='lat' dir='ltr'>uberum</span> <span class='ocrx_word' id='word_1_266' title='bbox 729 1586 759 1620; x_wconf 87' lang='lat' dir='ltr'>vel</span> 
     </span>
     <span class='ocr_line' id='line_1_29' title="bbox 61 1635 760 1674; baseline 0.007 -5"><span class='ocrx_word' id='word_1_267' title='bbox 61 1635 94 1670; x_wconf 91' lang='lat' dir='ltr'>cibi</span> <span class='ocrx_word' id='word_1_268' title='bbox 104 1637 179 1673; x_wconf 88' lang='lat' dir='ltr'>alicuius</span> <span class='ocrx_word' id='word_1_269' title='bbox 190 1638 272 1673; x_wconf 87' lang='lat' dir='ltr'>alebatur</span> <span class='ocrx_word' id='word_1_270' title='bbox 279 1637 391 1673; x_wconf 88' lang='lat' dir='ltr'>nutrimento</span> <span class='ocrx_word' id='word_1_271' title='bbox 401 1639 444 1673; x_wconf 88' lang='lat' dir='ltr'>dum</span> <span class='ocrx_word' id='word_1_272' title='bbox 456 1638 534 1672; x_wconf 77' lang='lat' dir='ltr'>adhuc¹³</span> <span class='ocrx_word' id='word_1_273' title='bbox 541 1638 629 1673; x_wconf 88' lang='lat' dir='ltr'>uiuerent.</span> <span class='ocrx_word' id='word_1_274' title='bbox 645 1638 693 1673; x_wconf 85' lang='lat' dir='ltr'>Ecce</span> <span class='ocrx_word' id='word_1_275' title='bbox 700 1639 760 1674; x_wconf 87' lang='lat' dir='ltr'>adhuc</span> 
     </span>
     <span class='ocr_line' id='line_1_30' title="bbox 60 1687 761 1735; baseline 0.006 -14"><span class='ocrx_word' id='word_1_276' title='bbox 60 1687 78 1720; x_wconf 90' lang='lat' dir='ltr'>in</span> <span class='ocrx_word' id='word_1_277' title='bbox 86 1690 166 1724; x_wconf 85' lang='lat' dir='ltr'>medium</span> <span class='ocrx_word' id='word_1_278' title='bbox 172 1691 186 1710; x_wconf 85' lang='lat'>¹⁴</span> <span class='ocrx_word' id='word_1_279' title='bbox 192 1691 307 1735; x_wconf 86' lang='lat' dir='ltr'>proferemus</span> <span class='ocrx_word' id='word_1_280' title='bbox 312 1690 326 1709; x_wconf 79' lang='lat'>¹³</span> <span class='ocrx_word' id='word_1_281' title='bbox 336 1701 371 1735; x_wconf 88' lang='lat' dir='ltr'>que</span> <span class='ocrx_word' id='word_1_282' title='bbox 379 1691 402 1725; x_wconf 87' lang='lat' dir='ltr'>ab</span> <span class='ocrx_word' id='word_1_283' title='bbox 410 1691 492 1725; x_wconf 87' lang='lat' dir='ltr'>honestis</span> <span class='ocrx_word' id='word_1_284' title='bbox 501 1690 596 1725; x_wconf 88' lang='lat' dir='ltr'>abbatibus</span> <span class='ocrx_word' id='word_1_285' title='bbox 603 1690 713 1735; x_wconf 86' lang='lat' dir='ltr'>quibusdam</span> <span class='ocrx_word' id='word_1_286' title='bbox 721 1691 761 1726; x_wconf 76' lang='lat' dir='ltr'>ac¹³</span> 
     </span>
     <span class='ocr_line' id='line_1_31' title="bbox 61 1740 790 1789; baseline 0.007 -14"><span class='ocrx_word' id='word_1_287' title='bbox 61 1740 103 1777; x_wconf 89' lang='lat' dir='ltr'>viris</span> <span class='ocrx_word' id='word_1_288' title='bbox 118 1747 136 1778; x_wconf 88' lang='lat' dir='ltr'>et</span> <span class='ocrx_word' id='word_1_289' title='bbox 150 1744 257 1779; x_wconf 83' lang='lat' dir='ltr'>mulieribus</span> <span class='ocrx_word' id='word_1_290' title='bbox 272 1755 306 1788; x_wconf 87' lang='lat' dir='ltr'>pro</span> <span class='ocrx_word' id='word_1_291' title='bbox 321 1748 371 1779; x_wconf 90' lang='lat' dir='ltr'>certo</span> <span class='ocrx_word' id='word_1_292' title='bbox 386 1742 517 1788; x_wconf 87' lang='lat' dir='ltr'>comperimus.</span> <span class='ocrx_word' id='word_1_293' title='bbox 545 1742 602 1788; x_wconf 82' lang='lat' dir='ltr'>Virgo</span> <span class='ocrx_word' id='word_1_294' title='bbox 617 1744 697 1789; x_wconf 86' lang='lat' dir='ltr'>quedam</span> <span class='ocrx_word' id='word_1_295' title='bbox 711 1744 760 1779; x_wconf 69' lang='lat' dir='ltr'>iam⁴</span> <span class='ocrx_word' id='word_1_296' title='bbox 770 1758 790 1788; x_wconf 74' lang='lat'>30</span> 
     </span>
     <span class='ocr_line' id='line_1_32' title="bbox 61 1797 761 1842; baseline 0.006 -14"><span class='ocrx_word' id='word_1_297' title='bbox 61 1797 179 1837; x_wconf 88' lang='lat' dir='ltr'>prouectioris</span> <span class='ocrx_word' id='word_1_298' title='bbox 190 1798 272 1832; x_wconf 81' lang='lat' dir='ltr'>existens</span> <span class='ocrx_word' id='word_1_299' title='bbox 283 1798 341 1840; x_wconf 86' lang='lat' dir='ltr'>etatis,</span> <span class='ocrx_word' id='word_1_300' title='bbox 349 1803 448 1842; x_wconf 88' lang='lat' dir='ltr'>sancteque</span> <span class='ocrx_word' id='word_1_301' title='bbox 460 1797 604 1832; x_wconf 89' lang='lat' dir='ltr'>conuersationis</span> <span class='ocrx_word' id='word_1_302' title='bbox 616 1803 634 1831; x_wconf 89' lang='lat' dir='ltr'>et</span> <span class='ocrx_word' id='word_1_303' title='bbox 644 1798 687 1840; x_wconf 86' lang='lat' dir='ltr'>uite,</span> <span class='ocrx_word' id='word_1_304' title='bbox 699 1799 761 1832; x_wconf 90' lang='lat' dir='ltr'>multis</span> 
     </span>
     <span class='ocr_line' id='line_1_33' title="bbox 62 1848 761 1896; baseline 0.007 -15"><span class='ocrx_word' id='word_1_305' title='bbox 62 1848 113 1883; x_wconf 90' lang='lat' dir='ltr'>annis</span> <span class='ocrx_word' id='word_1_306' title='bbox 124 1850 171 1885; x_wconf 88' lang='lat' dir='ltr'>lecto</span> <span class='ocrx_word' id='word_1_307' title='bbox 182 1851 294 1887; x_wconf 89' lang='lat' dir='ltr'>decumbens</span> <span class='ocrx_word' id='word_1_308' title='bbox 306 1851 324 1886; x_wconf 89' lang='lat' dir='ltr'>in</span> <span class='ocrx_word' id='word_1_309' title='bbox 336 1850 417 1886; x_wconf 89' lang='lat' dir='ltr'>inferiori</span> <span class='ocrx_word' id='word_1_310' title='bbox 425 1851 506 1896; x_wconf 91' lang='lat' dir='ltr'>corporis</span> <span class='ocrx_word' id='word_1_311' title='bbox 518 1855 569 1895; x_wconf 87' lang='lat' dir='ltr'>parte</span> <span class='ocrx_word' id='word_1_312' title='bbox 581 1850 638 1885; x_wconf 89' lang='lat' dir='ltr'>ferme</span> <span class='ocrx_word' id='word_1_313' title='bbox 649 1857 761 1896; x_wconf 83' lang='lat' dir='ltr'>premortua,</span> 
     </span>
     <span class='ocr_line' id='line_1_34' title="bbox 62 1902 761 1950; baseline 0.009 -15"><span class='ocrx_word' id='word_1_314' title='bbox 62 1902 131 1938; x_wconf 90' lang='lat' dir='ltr'>nullum</span> <span class='ocrx_word' id='word_1_315' title='bbox 142 1905 177 1939; x_wconf 86' lang='lat' dir='ltr'>cibi</span> <span class='ocrx_word' id='word_1_316' title='bbox 187 1905 218 1940; x_wconf 86' lang='lat' dir='ltr'>uel</span> <span class='ocrx_word' id='word_1_317' title='bbox 229 1911 283 1950; x_wconf 89' lang='lat' dir='ltr'>potus</span> <span class='ocrx_word' id='word_1_318' title='bbox 294 1906 379 1950; x_wconf 85' lang='lat' dir='ltr'>degustat</span> <span class='ocrx_word' id='word_1_319' title='bbox 390 1904 503 1945; x_wconf 87' lang='lat' dir='ltr'>alimentum,</span> <span class='ocrx_word' id='word_1_320' title='bbox 515 1904 612 1948; x_wconf 89' lang='lat' dir='ltr'>aliquando</span> <span class='ocrx_word' id='word_1_321' title='bbox 623 1910 684 1940; x_wconf 87' lang='lat' dir='ltr'>tamen</span> <span class='ocrx_word' id='word_1_322' title='bbox 695 1916 761 1948; x_wconf 87' lang='lat' dir='ltr'>parum</span> 
     </span>
     <span class='ocr_line' id='line_1_35' title="bbox 63 1956 761 2003; baseline 0.007 -16"><span class='ocrx_word' id='word_1_323' title='bbox 63 1964 104 1989; x_wconf 88' lang='lat' dir='ltr'>esce</span> <span class='ocrx_word' id='word_1_324' title='bbox 118 1957 184 2002; x_wconf 86' lang='lat' dir='ltr'>ingerit</span> <span class='ocrx_word' id='word_1_325' title='bbox 199 1959 231 2001; x_wconf 85' lang='lat' dir='ltr'>ori,</span> <span class='ocrx_word' id='word_1_326' title='bbox 243 1968 279 2003; x_wconf 84' lang='lat' dir='ltr'>qua</span> <span class='ocrx_word' id='word_1_327' title='bbox 292 1958 386 1992; x_wconf 88' lang='lat' dir='ltr'>masticata</span> <span class='ocrx_word' id='word_1_328' title='bbox 397 1957 456 2001; x_wconf 89' lang='lat' dir='ltr'>ipsam</span> <span class='ocrx_word' id='word_1_329' title='bbox 468 1956 587 1991; x_wconf 89' lang='lat' dir='ltr'>substantiam</span> <span class='ocrx_word' id='word_1_330' title='bbox 599 1967 683 2001; x_wconf 83' lang='lat' dir='ltr'>expuens</span> <span class='ocrx_word' id='word_1_331' title='bbox 698 1957 761 2002; x_wconf 85' lang='lat' dir='ltr'>egerit,</span> 
     </span>
     <span class='ocr_line' id='line_1_36' title="bbox 63 2007 790 2054; baseline 0.008 -14"><span class='ocrx_word' id='word_1_332' title='bbox 63 2007 96 2041; x_wconf 77' lang='lat' dir='ltr'>at¹⁷</span> <span class='ocrx_word' id='word_1_333' title='bbox 108 2009 133 2044; x_wconf 93' lang='lat' dir='ltr'>sic</span> <span class='ocrx_word' id='word_1_334' title='bbox 145 2010 184 2046; x_wconf 91' lang='lat' dir='ltr'>solo</span> <span class='ocrx_word' id='word_1_335' title='bbox 195 2010 244 2046; x_wconf 94' lang='lat' dir='ltr'>illius</span> <span class='ocrx_word' id='word_1_336' title='bbox 255 2021 310 2046; x_wconf 90' lang='lat' dir='ltr'>succo</span> <span class='ocrx_word' id='word_1_337' title='bbox 319 2010 378 2045; x_wconf 86' lang='lat' dir='ltr'>alitur.</span> <span class='ocrx_word' id='word_1_338' title='bbox 402 2010 488 2045; x_wconf 88' lang='lat' dir='ltr'>Preterea</span> <span class='ocrx_word' id='word_1_339' title='bbox 497 2009 529 2045; x_wconf 78' lang='lat' dir='ltr'>vix</span> <span class='ocrx_word' id='word_1_340' title='bbox 539 2010 568 2045; x_wconf 89' lang='lat' dir='ltr'>oui</span> <span class='ocrx_word' id='word_1_341' title='bbox 580 2011 634 2045; x_wconf 91' lang='lat' dir='ltr'>unius</span> <span class='ocrx_word' id='word_1_342' title='bbox 645 2015 711 2046; x_wconf 90' lang='lat' dir='ltr'>testam</span> <span class='ocrx_word' id='word_1_343' title='bbox 718 2010 762 2046; x_wconf 92' lang='lat' dir='ltr'>uino</span> <span class='ocrx_word' id='word_1_344' title='bbox 771 2023 790 2054; x_wconf 82' lang='lat'>35</span> 
     </span>
     <span class='ocr_line' id='line_1_37' title="bbox 62 2061 762 2102; baseline 0.006 -7"><span class='ocrx_word' id='word_1_345' title='bbox 62 2061 136 2102; x_wconf 81' lang='lat' dir='ltr'>plenam</span> <span class='ocrx_word' id='word_1_346' title='bbox 143 2064 230 2099; x_wconf 83' lang='lat' dir='ltr'>hauriens</span> <span class='ocrx_word' id='word_1_347' title='bbox 237 2064 302 2100; x_wconf 87' lang='lat' dir='ltr'>sumit:</span> <span class='ocrx_word' id='word_1_348' title='bbox 314 2069 333 2098; x_wconf 90' lang='lat' dir='ltr'>et</span> <span class='ocrx_word' id='word_1_349' title='bbox 343 2065 377 2098; x_wconf 88' lang='lat' dir='ltr'>hec</span> <span class='ocrx_word' id='word_1_350' title='bbox 389 2068 417 2097; x_wconf 86' lang='lat' dir='ltr'>est</span> <span class='ocrx_word' id='word_1_351' title='bbox 425 2063 472 2098; x_wconf 86' lang='lat' dir='ltr'>dieta</span> <span class='ocrx_word' id='word_1_352' title='bbox 483 2063 536 2098; x_wconf 89' lang='lat' dir='ltr'>illius.</span> <span class='ocrx_word' id='word_1_353' title='bbox 559 2063 611 2098; x_wconf 89' lang='lat' dir='ltr'>ldem</span> <span class='ocrx_word' id='word_1_354' title='bbox 622 2075 667 2098; x_wconf 89' lang='lat' dir='ltr'>sane</span> <span class='ocrx_word' id='word_1_355' title='bbox 674 2064 712 2099; x_wconf 91' lang='lat' dir='ltr'>uini</span> <span class='ocrx_word' id='word_1_356' title='bbox 723 2072 762 2100; x_wconf 91' lang='lat' dir='ltr'>tan-</span> 
     </span>
     <span class='ocr_line' id='line_1_38' title="bbox 63 2112 762 2161; baseline 0.011 -16"><span class='ocrx_word' id='word_1_357' title='bbox 63 2112 119 2149; x_wconf 91' lang='lat' dir='ltr'>tillum</span> <span class='ocrx_word' id='word_1_358' title='bbox 125 2116 138 2135; x_wconf 76' lang='lat'>¹⁸</span> <span class='ocrx_word' id='word_1_359' title='bbox 145 2117 205 2152; x_wconf 86' lang='lat' dir='ltr'>taliter</span> <span class='ocrx_word' id='word_1_360' title='bbox 213 2118 298 2153; x_wconf 92' lang='lat' dir='ltr'>haustum</span> <span class='ocrx_word' id='word_1_361' title='bbox 308 2116 418 2152; x_wconf 91' lang='lat' dir='ltr'>intrinsecus</span> <span class='ocrx_word' id='word_1_362' title='bbox 428 2116 541 2151; x_wconf 89' lang='lat' dir='ltr'>consumitur</span> <span class='ocrx_word' id='word_1_363' title='bbox 549 2116 626 2152; x_wconf 91' lang='lat' dir='ltr'>naturali</span> <span class='ocrx_word' id='word_1_364' title='bbox 635 2122 686 2161; x_wconf 88' lang='lat' dir='ltr'>cstu;</span> <span class='ocrx_word' id='word_1_365' title='bbox 698 2123 716 2153; x_wconf 92' lang='lat' dir='ltr'>et</span> <span class='ocrx_word' id='word_1_366' title='bbox 725 2128 762 2153; x_wconf 88' lang='lat' dir='ltr'>non</span> 
     </span>
     <span class='ocr_line' id='line_1_39' title="bbox 64 2171 763 2215; baseline 0.01 -16"><span class='ocrx_word' id='word_1_367' title='bbox 64 2173 104 2210; x_wconf 86' lang='lat' dir='ltr'>eget</span> <span class='ocrx_word' id='word_1_368' title='bbox 114 2174 134 2202; x_wconf 90' lang='lat' dir='ltr'>vt</span> <span class='ocrx_word' id='word_1_369' title='bbox 145 2171 210 2205; x_wconf 84' lang='lat' dir='ltr'>saltem</span> <span class='ocrx_word' id='word_1_370' title='bbox 221 2182 264 2206; x_wconf 88' lang='lat' dir='ltr'>raro</span> <span class='ocrx_word' id='word_1_371' title='bbox 275 2172 299 2206; x_wconf 90' lang='lat' dir='ltr'>de</span> <span class='ocrx_word' id='word_1_372' title='bbox 306 2171 353 2206; x_wconf 91' lang='lat' dir='ltr'>lecto</span> <span class='ocrx_word' id='word_1_373' title='bbox 359 2171 372 2191; x_wconf 74' lang='lat'>¹⁹</span> <span class='ocrx_word' id='word_1_374' title='bbox 383 2176 483 2213; x_wconf 83' lang='lat' dir='ltr'>moueatur,</span> <span class='ocrx_word' id='word_1_375' title='bbox 494 2171 527 2205; x_wconf 91' lang='lat' dir='ltr'>sed</span> <span class='ocrx_word' id='word_1_376' title='bbox 539 2181 573 2206; x_wconf 88' lang='lat' dir='ltr'>nec</span> <span class='ocrx_word' id='word_1_377' title='bbox 585 2177 662 2215; x_wconf 86' lang='lat' dir='ltr'>propter</span> <span class='ocrx_word' id='word_1_378' title='bbox 675 2172 763 2215; x_wconf 88' lang='lat' dir='ltr'>requisita</span> 
     </span>
     <span class='ocr_line' id='line_1_40' title="bbox 65 2222 763 2269; baseline 0.011 -18"><span class='ocrx_word' id='word_1_379' title='bbox 65 2224 127 2255; x_wconf 85' lang='lat' dir='ltr'>nature</span> <span class='ocrx_word' id='word_1_380' title='bbox 139 2228 224 2258; x_wconf 87' lang='lat' dir='ltr'>mouetur</span> <span class='ocrx_word' id='word_1_381' title='bbox 234 2225 258 2258; x_wconf 90' lang='lat' dir='ltr'>de</span> <span class='ocrx_word' id='word_1_382' title='bbox 269 2229 327 2258; x_wconf 89' lang='lat' dir='ltr'>stratu</span> <span class='ocrx_word' id='word_1_383' title='bbox 338 2234 377 2258; x_wconf 91' lang='lat' dir='ltr'>suo.</span> <span class='ocrx_word' id='word_1_384' title='bbox 399 2223 446 2257; x_wconf 85' lang='lat' dir='ltr'>Item</span> <span class='ocrx_word' id='word_1_385' title='bbox 458 2233 481 2257; x_wconf 83' lang='lat' dir='ltr'>ex</span> <span class='ocrx_word' id='word_1_386' title='bbox 493 2222 577 2267; x_wconf 85' lang='lat' dir='ltr'>pluribus</span> <span class='ocrx_word' id='word_1_387' title='bbox 585 2224 614 2258; x_wconf 89' lang='lat' dir='ltr'>dei</span> <span class='ocrx_word' id='word_1_388' title='bbox 626 2224 763 2269; x_wconf 88' lang='lat' dir='ltr'>miraculisque</span> 
     </span>
     <span class='ocr_line' id='line_1_41' title="bbox 64 2268 793 2324; baseline 0.011 -18"><span class='ocrx_word' id='word_1_389' title='bbox 64 2268 103 2313; x_wconf 84' lang='lat' dir='ltr'>ipse</span> <span class='ocrx_word' id='word_1_390' title='bbox 116 2273 146 2317; x_wconf 89' lang='lat' dir='ltr'>pia</span> <span class='ocrx_word' id='word_1_391' title='bbox 158 2276 263 2321; x_wconf 80' lang='lat' dir='ltr'>dignatione</span> <span class='ocrx_word' id='word_1_392' title='bbox 276 2277 340 2311; x_wconf 82' lang='lat' dir='ltr'>suain</span> <span class='ocrx_word' id='word_1_393' title='bbox 353 2276 462 2321; x_wconf 89' lang='lat' dir='ltr'>quibusdam</span> <span class='ocrx_word' id='word_1_394' title='bbox 475 2276 540 2311; x_wconf 70' lang='lat' dir='ltr'>nobis*</span> <span class='ocrx_word' id='word_1_395' title='bbox 550 2277 598 2312; x_wconf 88' lang='lat' dir='ltr'>bene</span> <span class='ocrx_word' id='word_1_396' title='bbox 611 2277 659 2311; x_wconf 88' lang='lat' dir='ltr'>notis</span> <span class='ocrx_word' id='word_1_397' title='bbox 671 2282 763 2323; x_wconf 88' lang='lat' dir='ltr'>operatur,</span> <span class='ocrx_word' id='word_1_398' title='bbox 772 2292 793 2324; x_wconf 81' lang='lat'>40</span> 
     </span>
     <span class='ocr_line' id='line_1_42' title="bbox 65 2324 764 2376; baseline 0.011 -18"><span class='ocrx_word' id='word_1_399' title='bbox 65 2324 86 2358; x_wconf 89' lang='lat' dir='ltr'>ad</span> <span class='ocrx_word' id='word_1_400' title='bbox 97 2325 169 2363; x_wconf 89' lang='lat' dir='ltr'>illorum</span> <span class='ocrx_word' id='word_1_401' title='bbox 180 2330 305 2366; x_wconf 90' lang='lat' dir='ltr'>testimonium</span> <span class='ocrx_word' id='word_1_402' title='bbox 317 2341 352 2375; x_wconf 91' lang='lat' dir='ltr'>que</span> <span class='ocrx_word' id='word_1_403' title='bbox 364 2330 387 2366; x_wconf 89' lang='lat' dir='ltr'>de</span> <span class='ocrx_word' id='word_1_404' title='bbox 398 2329 444 2374; x_wconf 84' lang='lat' dir='ltr'>ipsis</span> <span class='ocrx_word' id='word_1_405' title='bbox 455 2331 515 2365; x_wconf 87' lang='lat' dir='ltr'>adhuc</span> <span class='ocrx_word' id='word_1_406' title='bbox 526 2331 583 2366; x_wconf 86' lang='lat' dir='ltr'>sacris</span> <span class='ocrx_word' id='word_1_407' title='bbox 590 2331 692 2376; x_wconf 92' lang='lat' dir='ltr'>uirginibus</span> <span class='ocrx_word' id='word_1_408' title='bbox 700 2342 764 2366; x_wconf 90' lang='lat' dir='ltr'>sumus</span> 
     </span>
     <span class='ocr_line' id='line_1_43' title="bbox 65 2397 764 2454; baseline 0.009 -23"><span class='ocrx_word' id='word_1_409' title='bbox 65 2397 118 2454; x_wconf 51' lang='lat' dir='ltr'>⁶¹B.</span> <span class='ocrx_word' id='word_1_410' title='bbox 126 2406 142 2432; x_wconf 90' lang='lat' dir='ltr'>et</span> <span class='ocrx_word' id='word_1_411' title='bbox 149 2403 192 2435; x_wconf 91' lang='lat' dir='ltr'>nulli.</span> <span class='ocrx_word' id='word_1_412' title='bbox 239 2403 275 2435; x_wconf 49' lang='lat' dir='ltr'>&#39;Bi</span> <span class='ocrx_word' id='word_1_413' title='bbox 282 2405 363 2435; x_wconf 86' lang='lat' dir='ltr'>ducentes.</span> <span class='ocrx_word' id='word_1_414' title='bbox 408 2404 443 2435; x_wconf 79' lang='lat'>³13.</span> <span class='ocrx_word' id='word_1_415' title='bbox 450 2404 527 2441; x_wconf 83' lang='lat' dir='ltr'>volentes,</span> <span class='ocrx_word' id='word_1_416' title='bbox 535 2404 553 2434; x_wconf 84' lang='lat' dir='ltr'>E.</span> <span class='ocrx_word' id='word_1_417' title='bbox 560 2404 621 2436; x_wconf 83' lang='lat' dir='ltr'>uolens.</span> <span class='ocrx_word' id='word_1_418' title='bbox 666 2404 712 2435; x_wconf 58' lang='grc' dir='ltr'>(σω.</span> <span class='ocrx_word' id='word_1_419' title='bbox 720 2405 737 2435; x_wconf 91' lang='lat' dir='ltr'>in</span> <span class='ocrx_word' id='word_1_420' title='bbox 744 2406 764 2437; x_wconf 84' lang='lat' dir='ltr'>B.</span> 
     </span>
     <span class='ocr_line' id='line_1_44' title="bbox 66 2437 764 2494; baseline 0.006 -23"><span class='ocrx_word' id='word_1_421' title='bbox 66 2437 204 2494; x_wconf 52' lang='lat' dir='ltr'>⁹E·separentur.</span> <span class='ocrx_word' id='word_1_422' title='bbox 268 2443 366 2483; x_wconf 77' lang='lat' dir='ltr'>⁶B.itaque.</span> <span class='ocrx_word' id='word_1_423' title='bbox 430 2443 568 2491; x_wconf 52' lang='lat' dir='ltr'>&#39;aubitatione</span> <span class='ocrx_word' id='word_1_424' title='bbox 632 2444 668 2475; x_wconf 76' lang='lat'>⁸13.</span> <span class='ocrx_word' id='word_1_425' title='bbox 675 2445 764 2484; x_wconf 84' lang='lat' dir='ltr'>Nunquam.</span> 
     </span>
     <span class='ocr_line' id='line_1_45' title="bbox 82 2476 763 2517; baseline 0.012 -11"><span class='ocrx_word' id='word_1_426' title='bbox 82 2476 94 2506; x_wconf 92' lang='grc' dir='ltr'><strong>Β</strong></span> <span class='ocrx_word' id='word_1_427' title='bbox 106 2489 158 2517; x_wconf 79' lang='lat' dir='ltr'>supra</span> <span class='ocrx_word' id='word_1_428' title='bbox 242 2483 254 2502; x_wconf 82' lang='lat'>¹⁰</span> <span class='ocrx_word' id='word_1_429' title='bbox 265 2494 296 2514; x_wconf 88' lang='lat' dir='ltr'>om.</span> <span class='ocrx_word' id='word_1_430' title='bbox 376 2485 387 2502; x_wconf 84' lang='lat'>¹¹</span> <span class='ocrx_word' id='word_1_431' title='bbox 398 2485 417 2513; x_wconf 92' lang='lat' dir='ltr'>B.</span> <span class='ocrx_word' id='word_1_432' title='bbox 425 2485 549 2513; x_wconf 76' lang='lat' dir='ltr'>hebdomadibus</span> <span class='ocrx_word' id='word_1_433' title='bbox 556 2490 576 2515; x_wconf 86' lang='lat' dir='ltr'>ct.</span> <span class='ocrx_word' id='word_1_434' title='bbox 657 2484 669 2501; x_wconf 83' lang='lat'>¹²</span> <span class='ocrx_word' id='word_1_435' title='bbox 679 2486 698 2514; x_wconf 82' lang='lat' dir='ltr'>B.</span> <span class='ocrx_word' id='word_1_436' title='bbox 705 2493 763 2515; x_wconf 81' lang='lat' dir='ltr'>earum.</span> 
     </span>
    </p>
   </div>
   <div class='ocr_carea' id='block_1_3' title="bbox 66 2513 765 2595">
    <p class='ocr_par' dir='ltr' id='par_1_3' title="bbox 66 2513 765 2595">
     <span class='ocr_line' id='line_1_46' title="bbox 66 2513 765 2586; baseline -0.016 -28"><span class='ocrx_word' id='word_1_437' title='bbox 66 2513 107 2586; x_wconf 55' lang='lat'>³:511}</span> <span class='ocrx_word' id='word_1_438' title='bbox 117 2520 216 2567; x_wconf 73' lang='lat' dir='ltr'>aduiuerent.</span> <span class='ocrx_word' id='word_1_439' title='bbox 252 2522 359 2554; x_wconf 81' lang='lat' dir='ltr'>¹¹B.medio.</span> <span class='ocrx_word' id='word_1_440' title='bbox 393 2523 433 2553; x_wconf 69' lang='lat'>1³13.</span> <span class='ocrx_word' id='word_1_441' title='bbox 441 2523 545 2561; x_wconf 83' lang='lat' dir='ltr'>proferamus.</span> <span class='ocrx_word' id='word_1_442' title='bbox 585 2522 654 2555; x_wconf 74' lang='lat' dir='ltr'>¹⁸B.et‚</span> <span class='ocrx_word' id='word_1_443' title='bbox 693 2522 765 2554; x_wconf 48' lang='lat' dir='ltr'>²¹13,st</span> 
     </span>
     <span class='ocr_line' id='line_1_47' title="bbox 105 2560 430 2595; baseline -0.022 4"><span class='ocrx_word' id='word_1_444' title='bbox 105 2581 109 2588; x_wconf 91' lang='lat'><strong>·</strong></span> <span class='ocrx_word' id='word_1_445' title='bbox 117 2560 214 2594; x_wconf 78' lang='lat' dir='ltr'>tantillulum,</span> <span class='ocrx_word' id='word_1_446' title='bbox 266 2562 277 2582; x_wconf 71' lang='lat'>¹⁸</span> <span class='ocrx_word' id='word_1_447' title='bbox 287 2563 306 2595; x_wconf 84' lang='lat' dir='ltr'>E.</span> <span class='ocrx_word' id='word_1_448' title='bbox 314 2563 334 2594; x_wconf 89' lang='lat' dir='ltr'>de</span> <span class='ocrx_word' id='word_1_449' title='bbox 341 2563 382 2594; x_wconf 87' lang='lat' dir='ltr'>lecto</span> <span class='ocrx_word' id='word_1_450' title='bbox 389 2572 430 2593; x_wconf 84' lang='lat' dir='ltr'>raro.</span> 
     </span>
    </p>
   </div>
   <div class='ocr_carea' id='block_1_4' title="bbox 399 2611 438 2645">
    <p class='ocr_par' dir='ltr' id='par_1_4' title="bbox 399 2611 438 2645">
     <span class='ocr_line' id='line_1_48' title="bbox 399 2611 438 2645; baseline 0 0"><span class='ocrx_word' id='word_1_451' title='bbox 399 2611 438 2645; x_wconf 79' lang='lat' dir='ltr'>ria</span> 
     </span>
    </p>
   </div>
   <div class='ocr_carea' id='block_1_5' title="bbox 0 0 906 2803">
    <p class='ocr_par' dir='ltr' id='par_1_5' title="bbox 0 0 906 2803">
     <span class='ocr_line' id='line_1_49' title="bbox 0 0 906 2803; baseline 0 0"><span class='ocrx_word' id='word_1_452' title='bbox 0 0 906 2803; x_wconf 95' lang='lat' dir='ltr'> </span> 
     </span>
    </p>
   </div>
  </div>
 </body>
</html>
