1762 2803
199 119 245 175 bt
260 116 360 171 sonito
376 115 478 175 atoma
494 117 677 180 archiepiscopo.
746 134 789 178 373

88 238 162 271 laudare
171 237 218 272 fecit.
240 236 283 271 Vidi
291 236 345 273 etiam
355 235 374 271 in
382 246 419 271 vno
426 236 520 272 volumine
527 236 546 271 in
554 236 594 272 loco
602 237 672 281 prelato
681 238 705 272 de
712 238 791 273 diuersis

88 290 180 325 miraculis
191 295 210 325 et
220 291 326 325 morborum
333 289 434 335 generibus
442 301 478 335 que
487 301 523 336 per
532 296 615 326 sanctum
623 290 714 326 Thomam
722 297 791 336 patrata

87 345 160 379 fuerant
167 349 185 378 et
193 348 272 385 ostensa,
280 343 413 389 quadringenta
420 343 484 389 viginti
492 345 578 389 quinque.

110 433 252 476 [M5·T·³dd⁵²
394 457 496 493 uanam.

110 532 114 550 ‘
121 523 214 577 Quando,’
219 530 339 576 inquitabbas
344 531 456 571 Macharius,
462 534 466 552 ‘
471 542 522 567 eram
527 531 599 568 iuuenis
604 532 623 567 in
629 533 705 567 heremo
710 542 793 574 manens,

88 584 176 620 secularis
189 586 263 629 quidam
277 596 324 630 opus
337 587 386 629 quod
398 585 487 620 faciebam
501 596 512 620 a
525 596 555 621 me
567 586 642 621 tollebat
656 591 674 621 et
689 586 793 620 necessaria
800 598 809 629 5

88 638 144 672 michi
151 637 270 672 ministrabat.
290 637 370 682 Contigit
377 644 438 672 autem
444 643 546 682 temptante
552 638 623 672 diabolo
630 644 649 672 ut
655 638 707 682 uirgo
713 639 793 682 quedam

88 692 161 734 lapsum
169 690 249 731 iaceret3
262 695 280 724 et
291 700 332 724 cum
344 690 362 724 in
371 695 423 724 utero
434 691 502 724 habere
512 690 597 734 cepisset,
605 690 717 734 interrogata
725 690 749 725 de
756 701 793 735 quo

88 742 209 786 concepisset,
216 742 272 777 dixit:
285 743 345 787 “quia
353 742 382 777 hic
390 742 481 777 solitarius
490 749 518 778 est
526 744 557 788 qui
565 754 637 778 mecum
644 744 746 777 dormiuit.¹’
769 744 794 778 Et

88 796 250 841 apprehendentes
261 806 291 830 me
299 795 334 830 uiri
344 796 393 830 illins
402 796 437 831 uici
448 797 609 832 circumduxerunt
621 807 651 832 me
662 807 696 841 per
703 796 764 832 uicum
775 802 793 831 et

88 851 177 884 cedentes
194 849 291 884 dixerunt:
311 850 363 884 “Hic
378 850 480 884 monachus
495 851 575 894 corrupit
590 850 646 885 filiam
662 851 760 891 nostram,’¹
776 855 794 884 et
803 861 822 882 ιο

89 904 175 937 cedentes
191 912 221 936 me
233 912 291 945 nsque
307 903 330 935 ad
346 908 429 944 mortem,
441 902 533 936 dimittere
548 903 650 944 noluerunt,
662 903 720 936 donec
733 903 794 936 uirum

88 954 120 998 qui
128 954 183 988 michi
191 954 296 988 necessaria
304 955 419 989 ministrabat
427 954 555 989 fideiussorem
564 955 606 989 dedi
615 961 635 989 ut
642 965 739 1000 pascerem
747 965 793 989 earn.

90 1007 113 1041 Et
124 1018 211 1041 reuersus
222 1008 245 1041 ad
253 1007 318 1042 cellam
326 1018 392 1049 meam,
400 1014 478 1052 quantas
488 1009 543 1042 habui
553 1008 652 1052 sportellas
660 1007 702 1043 dedi
711 1007 794 1042 ministro

89 1071 131 1094 meo
147 1059 222 1094 dicens:
243 1060 323 1094 “Vende
338 1061 385 1104 eals]
401 1067 419 1095 et
434 1062 458 1095 da
476 1061 502 1095 illi
521 1061 592 1096 mulieri
609 1072 651 1095 mee
666 1061 794 1095 manducare.”

90 1112 178 1147 Dicebam
190 1118 252 1147 autem
265 1114 283 1147 in
296 1114 358 1147 animo
369 1123 422 1147 meo:
438 1113 541 1156 “Machari,
553 1124 596 1147 ecce
608 1110 695 1147 inuenisti
709 1114 740 1148 tibi
754 1124 794 1148 rnu-
803 1124 822 1153 ¹5

89 1165 166 1198 lierem:
183 1176 231 1208 opus
244 1166 302 1199 habes
316 1167 371 1199 modo
383 1166 463 1209 amplius
476 1166 565 1207 laborare,
576 1171 597 1199 ut
611 1176 677 1208 pascas
690 1166 748 1199 earn.’'
771 1164 794 1199 Et

90 1218 181 1262 operabar
191 1227 228 1251 non
239 1218 298 1252 solum
308 1218 327 1253 in
336 1218 370 1260 die,
379 1223 407 1253 set
420 1216 474 1253 etiam
485 1217 504 1252 in
516 1222 575 1259 nocte,
583 1223 602 1252 et
613 1217 760 1252 transmittebam
771 1216 794 1252 ci.

90 1270 137 1305 Cum
145 1275 206 1305 autem
214 1270 296 1304 nemsset
304 1275 378 1315 tempus
386 1270 474 1315 pariendi,
482 1270 572 1315 plurimos
580 1270 619 1305 dies
628 1270 683 1305 traxit
691 1270 710 1305 in
718 1270 793 1306 dolore:

90 1334 124 1357 nec
132 1334 197 1368 parere
206 1324 275 1365 ualens,
283 1324 391 1369 parentibus
402 1324 441 1359 suis
451 1323 507 1359 dixit:
520 1324 576 1368 “Ego
586 1323 624 1359 scio
632 1334 689 1368 quare
697 1330 794 1368 torqueor:

90 1377 132 1420 quia
147 1377 173 1410 illi
188 1377 278 1411 monacho
291 1377 360 1411 crimen
376 1377 456 1422 imposui
471 1383 490 1411 et
503 1377 568 1412 fallens
583 1377 676 1422 implicaui
691 1388 740 1419 euin,
753 1387 795 1412 cum
804 1390 824 1411 ao

90 1441 164 1465 causam
172 1442 209 1465 non
217 1430 293 1473 habeat3
306 1436 334 1465 set
344 1431 417 1465 iuuenis
427 1431 458 1465 ille
468 1431 509 1465 talis
520 1431 554 1465 hoc
565 1431 624 1466 iecit.¹'
648 1431 671 1465 Et
679 1442 722 1465 ecce
730 1442 796 1466 omnes

90 1484 201 1517 habitatores
209 1483 287 1518 ciuitatis
295 1484 343 1517 illius
351 1485 448 1519 uoluerunt
456 1484 520 1519 uenire
528 1485 551 1518 ad
559 1495 589 1518 me
597 1489 616 1519 et
625 1484 727 1527 glorificare
735 1485 796 1523 deum¹

90 1537 213 1580 penitenciam
221 1537 270 1580 apud
278 1546 308 1570 me
316 1541 398 1580 agentes.
421 1536 474 1579 Quod
482 1547 516 1580 ego
522 1535 599 1571 audiens
607 1536 680 1570 surrexi
686 1541 704 1570 et
710 1535 797 1580 fugiendo

90 1589 109 1623 in
118 1588 165 1624 Sithi
173 1589 271 1633 deueni.’]²

190 1695 224 1737 Da
235 1712 305 1737 saucio
317 1695 392 1737 Tuom
403 1712 551 1737 nncrucrrscono
562 1713 586 1737 ar
597 1702 698 1737 rrannnn'.

96 1769 201 1846 ELectus
211 1775 253 1804 ante
261 1770 325 1803 mundi
333 1770 481 1804 constitutionem
489 1772 554 1804 beatus
561 1770 649 1811 Thomas,
657 1776 698 1803 ortu
706 1780 741 1804 suo
749 1769 796 1803 felici
805 1785 824 1816 ¹⁵

155 1822 260 1856 Londonias
271 1821 373 1865 illustrauit,
382 1824 433 1857 cuius
441 1828 493 1866 pater
505 1823 597 1858 Gilbertus
609 1822 718 1865 cognomine
731 1823 795 1864 Beket,

91 1880 151 1909 mater
161 1875 241 1910 llatildis
252 1875 360 1917 vocabatur;
373 1875 398 1910 hii
410 1876 459 1911 enini
471 1876 538 1911 diuitiis
547 1876 655 1918 mediocres,
664 1875 697 1910 sed
707 1875 796 1919 reiigione

91 1939 112 1962 ac
126 1938 197 1961 morum
210 1929 306 1962 honestate
320 1939 392 1963 necnon
408 1929 439 1973 pie
450 1929 594 1963 conuersationis
608 1928 712 1963 innocentia
725 1928 796 1972 precel-

111 2004 118 2060 Ζ
128 2004 190 2074 ἓξὲξ
195 2004 263 2073 imp-p*
270 2006 301 2042 958
309 2004 357 2043 (ης),
378 2004 397 2034 In
405 2004 439 2034 its.
446 2004 510 2033 Tanner
518 2004 549 2034 this
557 2003 602 2034 Narr.
609 2003 623 2032 is
630 2003 701 2033 omitted.

113 2082 152 2120 Lux
162 2090 212 2128 fuiget
225 2100 245 2120 ex
257 2089 314 2127 Anglia
324 2090 393 2120 Thomas
405 2089 430 2119 uir
439 2089 526 2127 angelicus,
537 2089 594 2118 nobilis
605 2088 683 2127 prosapia,
694 2088 747 2127 presul
760 2099 797 2127 apo·

91 2130 163 2167 stolicus,
174 2131 230 2160 doctor
240 2130 320 2160 ueritatis:
331 2130 373 2160 dona
384 2129 430 2159 nobis
441 2131 493 2167 gracie
504 2130 563 2159 Christi
574 2130 682 2169 patrocinium,
693 2135 709 2160 et
720 2131 798 2168 posthoc

93 2170 157 2201 exilium
164 2181 182 2201 ac
189 2171 250 2201 felicem
258 2170 339 2201 transitum
346 2170 394 2208 iunge
402 2180 432 2200 nos
439 2170 494 2200 beatis.
516 2169 549 2199 Ora
555 2180 585 2207 pro
592 2170 642 2201 nobis.

114 2210 163 2249 Deus
171 2218 197 2256 qui
208 2218 289 2249 ecclesiam
300 2222 342 2247 tuam
353 2218 369 2247 in
379 2217 421 2247 beati
432 2217 511 2256 pontificis
520 2217 542 2247 tui
549 2216 610 2247 Thome
621 2217 693 2254 angelica
703 2217 771 2255 puritate
781 2222 798 2247 et

93 2256 167 2288 uirtutum
180 2258 229 2296 gloria
243 2258 325 2294 decorasti,
338 2258 408 2288 concede
422 2258 468 2288 nobis
480 2257 542 2287 famulis
554 2258 585 2286 tuis
597 2262 614 2287 ut
628 2258 662 2287 eius
675 2258 798 2294 suifragantibus

93 2298 153 2328 meritis
160 2298 251 2335 angelorum
259 2307 294 2328 curn
301 2298 336 2335 ipso
343 2307 432 2327 mereamur
438 2297 527 2334 agminibus
534 2297 596 2333 sociari,
603 2307 637 2335 per.

113 2337 211 2375 ³Abridged
221 2337 261 2367 from
273 2337 300 2367 the
312 2336 437 2374 ‘Quadriiugos'
449 2338 482 2374 (he.
496 2340 565 2366 extracta
577 2336 618 2365 srotn
630 2336 658 2365 tlte
669 2336 716 2365 Vitae
728 2336 749 2373 by
760 2336 798 2372 Joh.

93 2375 156 2413 Salisb.,
163 2377 203 2407 Alan
215 2377 234 2406 oi
238 2376 352 2414 Tewkesbury,
360 2376 429 2406 Willianr
440 2376 458 2406 ot'
463 2375 566 2413 Canterbury,
575 2375 645 2406 Herbert
653 2375 736 2414 Bos-hant),
743 2376 768 2405 ed.
776 2375 798 2414 by

94 2415 154 2454 Lupus,
161 2416 240 2454 Brussels,
250 2418 299 2452 1⁶82:
310 2418 337 2447 the
343 2417 435 2455 beginning,
443 2417 483 2447 with
490 2416 518 2447 the
525 2416 561 2447 hist.
569 2417 589 2446 de
597 2421 632 2446 ortu
639 2416 705 2446 mirabili
713 2416 727 2446 b.
735 2416 771 2453 Th,
778 2416 798 2452 is,

93 2455 174 2493 however,
181 2457 229 2487 taken
235 2457 275 2487 irorn
283 2458 310 2487 the
316 2457 392 2487 socalled
399 2458 433 2487 titst
439 2457 549 2494 Quadtilogus,
553 2457 577 2486 ed.
584 2456 677 2494 Paris,1495
683 2456 732 2495 (same
740 2461 773 2486 text
781 2456 797 2485 in

94 2495 130 2526 Chr.
139 2496 215 2527 Bromton
226 2498 257 2526 and
268 2497 303 2527 its.
310 2497 362 2526 Vitell.
370 2497 417 2535 cxlii
443 2497 478 2526 The
485 2496 545 2526 edition
556 2496 574 2525 oi
583 2496 637 2533 Lupus
643 2505 678 2526 was
688 2496 766 2525 re-edited
776 2495 797 2533 by

94 2534 191 2575 Robertson,
199 2536 280 2567 Materials
289 2537 314 2567 ior
323 2537 350 2567 the
360 2537 396 2569 hist.
404 2537 422 2568 oi
429 2536 458 2567 Th.
466 2536 490 2573 B,
499 2535 549 2567 Rolls¹
557 2536 592 2567 Ser.
601 2537 639 2574 1875
647 2536 669 2574 fi,
676 2535 702 2566 lV.
710 2545 725 2574 p.
733 2536 764 2573 2⁶9
770 2535 785 2566 ff.
793 2545 798 2573 ς

94 2575 122 2604 the
129 2576 166 2606 hist.
173 2578 194 2606 de
201 2581 242 2615 ortu,
248 2577 269 2608 ib.
278 2577 298 2606 11.
306 2587 322 2615 p.
329 2585 364 2614 453.
