1762 2803
101 166 143 208 190
290 153 370 205 mooe
385 149 501 213 tremus
516 149 609 213 angue.

217 296 232 333 ti
244 288 278 329 Dr
289 305 359 329 sancro
371 286 470 330 Curiuco
481 304 530 329 naon
541 304 564 328 nr
576 303 665 328 rrnnrrnr
670 292 682 327 ¹.

141 369 170 404 Ex
183 373 244 403 autern
254 368 363 411 cataneus&
374 379 415 403 cum
428 374 477 404 esset
487 369 506 403 in
516 379 573 413 regno
582 378 615 402 suo
626 368 645 402 in
655 365 801 411 Sout[h]wallia⁵

162 428 228 457 tenens
237 432 302 465 pacem
310 426 328 455 et
338 421 409 455 iusticie
419 423 499 466 rigorem
504 422 516 464 ⁴,
524 421 582 455 factus
592 426 621 456 est
630 426 699 465 martyr
706 420 773 455 virtute
784 424 802 455 et

99 476 173 518 meritis,
189 479 207 508 et
222 485 289 509 corona
304 474 377 509 celestis
393 475 451 518 glorie
465 486 507 510 eum
522 476 584 519 palma
600 474 677 509 carnalis
695 473 803 508 castimonie

99 529 199 562 decoratus.
222 527 279 570 Virgo
293 528 342 560 enim
355 528 440 571 quedam,
453 527 533 571 potentis
547 528 641 561 cuiusdam
654 527 697 569 filia,
711 526 802 561 adamauit

82 581 154 622 5illum,
163 581 227 613 dicens
235 580 369 622 requirentibus
380 590 400 613 se
412 580 457 614 nulli
467 585 567 624 nupturam
576 580 612 614 nisi
621 580 701 614 Clitauco
711 579 773 614 inclito
784 584 803 614 et

99 634 121 667 ab
133 633 218 668 omnibus
228 633 299 667 dilecto.
321 632 390 667 Audito
398 644 442 668 vero
453 633 515 677 puelle
525 643 621 677 responso,
630 633 704 677 quidam
716 633 739 667 de
749 632 803 666 soda-

99 687 146 721 libus
153 687 201 731 regis
208 687 288 731 maligno
296 687 361 731 spiritu
369 686 443 721 inflatus
451 691 470 721 et
477 687 543 721 ardore
550 686 630 721 libidinis
638 696 731 728 accensus,
738 686 803 720 funda-

100 745 183 774 mentum
191 740 283 784 accipiens
291 751 302 774 a
310 740 350 774 fece
358 741 466 774 temeritatis
474 745 492 774 et
500 740 558 774 liuore
568 740 644 782 luxurie,
653 740 732 783 quadam
743 740 773 773 die
783 740 802 773 in

99 799 166 828 venatu
176 804 239 837 regem
251 793 351 828 Clitaucum
360 795 483 837 innocentem,
494 794 545 827 iuxta
555 793 632 827 fluuium
643 793 735 836 quendam
746 803 803 827 vena·

73 858 92 880 ιο
100 852 160 880 torum
172 851 265 881 cateruam
275 852 403 890 expectantem
415 852 433 881 et
441 848 497 881 verba
508 847 555 881 sacri
563 846 629 890 eloquii
637 851 655 880 et
663 847 750 880 orationis
761 856 802 880 cum

101 910 173 934 summa
192 899 288 934 deuotione
307 900 438 943 proferentem,
456 900 516 943 gladio
537 899 622 943 nequiter
642 898 733 942 iugulauit.
762 898 803 940 Quo

101 957 178 995 mortuo,
192 952 290 986 familiares
304 953 332 986 sui
348 958 366 986 et
380 953 451 986 nobiles
466 952 569 996 propinqui,
583 952 648 986 iunctis
663 952 722 986 bobus
737 961 804 995 eorpus

102 1004 213 1046 auferentes,
225 1005 293 1038 vadum
303 1005 354 1038 fluuii
362 1005 413 1038 iuxta
424 1015 479 1048 quem
489 1006 559 1039 occisus
570 1005 628 1038 fuerat
638 1005 716 1038 transire
726 1008 804 1047 tempta-

102 1059 151 1092 bant.
174 1057 212 1091 Sed
220 1068 262 1091 curn
269 1058 311 1102 iuga
319 1059 374 1092 boum
382 1059 471 1102 disrumpi
479 1063 497 1092 et
506 1059 563 1092 boues
571 1063 620 1092 stare
628 1058 726 1101 cepissent,
734 1057 804 1091 deloco

76 1122 94 1152 15
102 1111 133 1145 illo
143 1123 178 1154 pre
187 1111 243 1144 nimia
252 1111 333 1154 corporis
345 1111 434 1154 grauitate
444 1122 465 1145 se
474 1122 550 1145 mouere
560 1122 597 1144 non
608 1115 698 1155 poterant.
721 1110 804 1154 Cumque

103 1164 164 1197 multis
176 1165 236 1197 modis
246 1173 312 1207 corpus
322 1169 405 1196 sanctum
416 1165 439 1197 de
449 1163 488 1197 loco
499 1163 599 1197 transferre
609 1164 711 1196 niterentur
720 1168 738 1195 et
749 1163 804 1195 nichil

102 1217 176 1250 omntno
187 1216 304 1259 proficerent,
312 1216 331 1250 in
341 1216 381 1250 loco
392 1216 426 1251 sibi
437 1215 524 1250 diuinitus
534 1221 632 1260 preparato
642 1215 729 1260 martyris
737 1225 804 1260 corpus

103 1269 217 1304 dimiserunt.
240 1269 284 1303 Visa
295 1274 324 1303 est
335 1274 396 1303 autem
406 1269 504 1312 columpna
515 1269 562 1312 ignis
573 1270 686 1312 insequenti
696 1274 750 1304 nocte
760 1274 803 1313 post

103 1323 218 1366 sepulturam
224 1322 263 1356 eius
271 1323 294 1357 de
302 1323 372 1357 tumulo
380 1322 403 1356 ad
410 1322 469 1357 celum
477 1323 583 1357 mirabiliter
588 1321 664 1364 eleuata,
670 1321 700 1357 vbi
708 1321 726 1355 in
735 1322 805 1356 honore

76 1390 95 1410 20
104 1379 162 1409 sancti
175 1375 250 1409 Clitauci
262 1375 339 1409 ecclesia
350 1381 453 1409 constructa
463 1381 495 1409 est.
541 1368 612 1409 Potens
622 1376 697 1419 quidam
706 1376 735 1409 die
748 1375 804 1409 domi-

103 1430 144 1463 nico
155 1439 196 1462 cum
206 1439 264 1463 vxore
275 1439 308 1462 sua
320 1429 343 1462 ad
354 1429 466 1462 audiendum
478 1429 508 1462 dei
520 1429 615 1462 seruitium
627 1429 646 1462 in
658 1429 736 1462 ecclesia
748 1428 805 1462 sancti

105 1482 181 1516 Clitauci
186 1482 268 1523 veniens,
275 1492 331 1525 super
338 1482 397 1525 ripam
405 1481 490 1524 fluminis,
497 1492 534 1514 non
541 1482 596 1525 longe
604 1482 626 1515 ab
635 1482 712 1515 ecclesia
720 1481 805 1525 positam,

104 1546 146 1568 cum
156 1545 214 1569 vxore
225 1546 258 1568 sua
267 1535 368 1576 concubuit,
376 1539 395 1568 et
405 1539 480 1578 peccato
491 1535 594 1577 commisso,
602 1535 625 1569 ab
635 1534 666 1568 illa
675 1535 758 1577 separari
767 1545 804 1569 non

104 1588 167 1630 potuit,
182 1586 239 1619 immo
254 1587 326 1619 iunctus
338 1586 391 1620 uxori
405 1587 533 1629 inseparabilis
547 1588 640 1621 remansit.
663 1587 686 1620 Et
700 1588 806 1621 exclamans

77 1652 95 1682 ²5
105 1641 198 1674 sodalibus
208 1650 253 1673 voce
263 1649 330 1683 magna
340 1640 396 1673 dixit:
411 1639 448 1673 ‘lte
458 1640 481 1673 ad
494 1639 611 1683 sepulchrum
624 1640 710 1684 martyris
724 1639 804 1682 Clitauci,

105 1698 123 1726 et
130 1698 203 1735 pratum
211 1693 265 1733 istud,
273 1703 284 1725 a
291 1703 322 1725 me
329 1693 347 1726 vi
355 1698 373 1725 et
380 1692 447 1725 iniuste
458 1693 544 1734 ablatum,
552 1693 586 1725 sibi
591 1693 666 1726 ‘restitui
674 1692 778 1736 promittite,
787 1699 805 1726 et

105 1756 139 1789 pro
146 1756 176 1779 me
183 1745 289 1788 suppliciter
294 1754 351 1788 queso
357 1744 475 1779 intercedite!
494 1744 534 1786 Quo
541 1744 592 1787 racto,
599 1745 622 1779 ab
630 1745 711 1779 horribili
719 1744 804 1789 ligamine

104 1797 164 1832 statim
171 1798 258 1832 liberatus
265 1802 298 1832 est.
336 1790 378 1833 Viri
386 1799 422 1832 duo
430 1799 478 1832 inter
485 1808 506 1832 se
514 1798 570 1832 multo
578 1803 661 1842 tempore
669 1799 709 1832 irati
718 1803 735 1832 et
743 1798 804 1833 infesti

104 1852 190 1886 dixerunt
203 1851 250 1885 intra
260 1861 291 1886 se:
309 1850 456 1886 ‘Concordemur
468 1856 486 1885 et
494 1852 591 1885 tendamus
604 1853 626 1885 ad
638 1851 734 1886 ecelesiam
746 1853 805 1886 sancti

76 1917 95 1947 ,30
104 1905 185 1947 Clitauci,
193 1909 212 1937 et
222 1904 276 1938 simul
286 1905 367 1938 iuremus
378 1915 435 1948 super
444 1904 501 1939 altare
513 1904 566 1948 illius,
576 1910 595 1939 ut
607 1905 662 1939 oblito
671 1905 739 1939 inuidie
748 1905 806 1939 liuore

47 1984 50 1991 ,
104 1963 122 1993 et
132 1959 193 1992 iuncto
203 1957 270 2000 ledere,
280 1958 362 2002 [semper
372 1959 438 1992 amodo
447 1958 504 1992 simus
515 1958 580 1992 fideles
589 1959 642 1993 amici
652 1959 697 1992 etin
707 1958 806 1993 dileccione

104 2012 179 2045 fratres.¹
204 2010 226 2044 Et
234 2011 341 2044 confirmato
349 2011 424 2054 federe]
430 2011 436 2029 ⁵
443 2021 491 2045 vnus
499 2012 517 2045 in
525 2013 591 2053 reditu,
599 2017 653 2055 rupta
661 2022 707 2054 pace
715 2016 733 2045 et
740 2011 807 2045 violata

104 2064 146 2107 fide,
154 2064 219 2099 occidit
228 2064 305 2098 alterum
314 2064 383 2099 fraude.
406 2065 430 2099 Et
440 2064 486 2099 sacto
496 2065 598 2107 homicidio,
608 2065 690 2108 seipsum
701 2074 735 2099 sua
743 2065 807 2099 lancea

104 2119 180 2162 propria
188 2118 249 2151 statim
257 2117 362 2161 persorauit,
370 2123 388 2152 et
396 2118 422 2153 sic
430 2118 558 2153 miserabiliter
565 2119 621 2153 vitam
628 2118 692 2154 finiuit.

127 2220 222 2265 [nstin
230 2221 286 2256 adds:
404 2220 506 2256 Narratio⁸¹

78 2306 96 2336 55
127 2282 237 2331 Temptauit
252 2295 313 2322 autem
328 2289 394 2322 demon
408 2289 483 2323 fratrem
496 2290 589 2333 quendam
601 2288 736 2333 pulchritudine
747 2289 806 2323 cuius-

105 2343 148 2377 dem
159 2342 246 2385 mulieris,
258 2347 276 2376 et
287 2342 378 2385 affligebat
389 2353 432 2376 eum
443 2342 502 2376 ualde.
525 2341 601 2376 Etcum
612 2353 623 2375 a
634 2342 713 2385 quodam
725 2341 807 2376 audisset

107 2407 148 2431 eam
159 2400 254 2438 mortuam,
265 2400 319 2429 nocte
331 2395 413 2430 ascendit
423 2396 446 2429 ad
455 2395 516 2430 locum
527 2395 558 2429 ubi
568 2395 641 2439 sepulta
650 2393 687 2436 suit,
695 2394 755 2429 locum
765 2394 809 2429 fodit

106 2453 125 2481 et
139 2448 215 2481 extersit
228 2449 251 2481 de
264 2458 328 2481 cruore
341 2449 444 2491 putredinis
458 2449 553 2481 cadaueris
568 2449 587 2480 in
601 2449 710 2480 uestimento
724 2458 767 2481 suo:
786 2448 809 2481 Et

127 2525 133 2543 ¹
144 2525 172 2556 Ed.
179 2525 195 2554 in
200 2514 235 2556 Act.
242 2525 271 2556 SS.
278 2526 319 2556 Boll.
326 2525 367 2564 Aug.
375 2526 404 2555 Ill.
410 2536 425 2565 p.
432 2535 465 2564 733.
486 2526 567 2564 Abridged
574 2525 614 2554 from
622 2524 690 2555 theVita
697 2525 713 2554 in
719 2525 752 2556 lllS.
759 2525 808 2563 Vesp.

107 2566 158 2597 Axiu.
185 2566 521 2604 ²E.clitancus.VitaddszsrliusClitgum.
544 2565 670 2595 ³E.soutwallia.
695 2565 807 2604 *Exegerem

106 2606 112 2624 ⁵
124 2615 154 2636 orn.
162 2606 178 2636 in
186 2605 203 2635 E.
212 2606 243 2636 and
249 2606 317 2637 Tanner.
362 2607 368 2626 ⁶
378 2606 402 2636 Cs.
410 2607 440 2637 Vit,
449 2606 516 2645 Petrum,
525 2615 539 2644 p.
549 2615 586 2644 μμ
597 2605 642 2635 Vine.
650 2606 690 2636 Bell.
698 2606 733 2636 XV.
741 2616 765 2646 97.
