1762 2803
258 112 309 167 ,mr
323 109 423 163 &anuo
439 111 568 164 waltario.
720 126 766 171 407

65 240 118 282 caput
129 239 147 271 et
158 232 223 269 facicm
235 232 275 267 eius
287 236 371 278 tangens,
381 237 501 275 contrectans,
513 232 633 278 complanans
647 232 767 276 demulcebat,

65 297 82 325 et
91 289 200 334 quandoque
210 292 264 331 caput
277 286 337 329 capiti,
348 291 367 320 ct
379 296 401 319 os
414 286 441 320 ori
454 286 554 330 applicans,
565 286 627 321 oscula
639 286 720 321 crebrius
731 285 767 320 im-

65 343 160 387 primebat.
183 340 265 374 Dilectus
276 339 352 372 tandem
362 338 461 372 infantulus
472 338 504 372 ille
517 338 593 372 eleuatis
608 338 693 372 manibus
707 340 767 372 crucis

64 392 186 438 impressione
201 402 243 425 eum
259 390 358 432 benedixit,
373 396 391 425 et
405 391 428 425 ab
443 390 501 425 oculis
517 390 558 425 eius
576 390 670 436 disparuit,
684 389 767 435 nihilque

64 453 126 492 preter
139 445 218 479 hostiam
230 444 260 478 vir
271 443 301 477 dei
317 445 336 477 in
349 443 434 479 manibus
446 444 496 479 vidit.
519 444 608 487 Quotiens
623 444 677 478 huius
690 443 784 482 visionis5

64 505 128 545 postea
143 498 249 533 recordatus
263 496 302 539 fuit,
319 496 437 531 inestimabili
454 497 515 532 cordis
529 497 585 532 iubilo
600 497 687 542 repletus,
701 496 767 531 lachri-

64 563 136 589 marum
147 550 238 597 profluuio
249 560 308 595 genas
320 548 395 595 rigabat.
439 542 547 586 Canonicus
557 550 631 596 quidam
642 561 685 586 cum
696 549 715 586 in
727 549 768 585 eius

64 605 158 651 presentia
169 604 274 646 celebraret,
288 614 355 637 aranea
367 604 387 637 in
398 604 473 639 calicem
486 603 533 639 circa
545 604 611 648 Agnus
624 603 654 638 dei
668 603 737 645 cecidit,
748 609 768 637 et

65 664 134 694 metum
142 668 163 692 ac
171 657 267 691 horrorem
275 656 374 690 celebranti
381 655 464 690 incussit.
485 655 593 691 Walleuus¹
602 661 669 699 autem,
676 656 711 691 hoc
721 655 767 698 viso,

65 714 105 747 fusa
116 711 198 746 oratione
209 716 227 744 et
237 711 279 743 data
289 710 422 752 benedictione,
430 710 527 754 imperauit
534 716 554 745 vt
565 720 651 745 araneam
663 720 704 744 cum
715 720 767 745 sacro
777 719 796 741 ro

65 765 151 800 libamine
161 763 181 798 in
192 762 267 797 nomine
279 762 348 797 domini
360 774 434 798 sumere
446 773 483 797 non
494 763 591 799 dubitaret.
614 763 647 798 illc
656 774 701 799 vero
709 763 767 808 patris

64 823 152 863 precepto
164 817 231 851 deuote
242 816 377 861 obtemperans,
389 826 430 851 cum
443 826 510 861 magna
521 816 628 860 constantia,
640 817 689 860 (cum
700 826 768 861 magna

64 870 157 916 quoque)²
169 869 205 903 fide
216 875 275 903 totum
286 879 368 911 sumens,
379 870 449 903 nullam
460 869 554 913 sospitatis
565 870 653 904 iacturam
661 869 691 904 vel
702 870 767 904 nausie

64 922 214 969 prouocationem
229 921 292 957 sensit.
323 921 434 957 Sedentibus
446 926 489 966 post
504 922 636 958 comestionem
652 922 671 957 in
688 922 767 956 claustro

64 976 155 1018 fratribus,
170 975 269 1010 canonicus
281 974 311 1009 ille
326 974 403 1018 digitum
417 985 472 1010 suum
486 974 610 1010 confricabat:
625 980 645 1010 et
656 980 717 1010 tumor
729 979 766 1009 tur·
776 986 794 1018 ¹⁵

64 1041 142 1075 gescens
158 1028 177 1063 in
192 1028 248 1073 digito
263 1028 368 1073 apparebat.
391 1028 430 1062 Nec
445 1039 501 1071 mora,
513 1039 586 1072 aranea,
599 1035 652 1074 rupta
665 1034 712 1072 cute,
723 1029 766 1063 viua

64 1082 162 1128 egreditur,
176 1086 196 1116 et
213 1081 284 1116 cunctis
302 1081 329 1116 rei
347 1086 434 1116 euentum
450 1082 595 1127 obstupentibus,
610 1082 684 1117 iubente
702 1082 765 1127 priore

64 1136 144 1171 flammis
162 1134 287 1169 comburenda
304 1134 386 1169 traditur.
442 1127 524 1170 Sanctus
543 1135 642 1170 Malachias
661 1134 766 1179 episcopus,

64 1188 138 1222 natione
156 1187 275 1227 Hibernicus,
292 1186 395 1219 Eboracum
409 1187 492 1228 veniens,
507 1197 519 1221 a
536 1187 619 1230 pluribus
638 1197 680 1221 cum
698 1196 766 1231 magno

65 1242 134 1275 honore
147 1237 250 1284 suscipitur,
261 1238 357 1283 potissime
368 1239 410 1283 quia
421 1249 432 1274 a
445 1239 510 1284 Sigaro
523 1238 625 1284 presbitero
638 1240 662 1275 de
676 1238 766 1282 Nenbald,
775 1253 794 1276 ao

64 1293 93 1328 dei
101 1292 173 1335 famulo,
182 1292 321 1338 predicebatur³
328 1292 418 1327 aduentus
427 1291 472 1327 eius.
495 1291 531 1327 Hic
540 1292 590 1328 enim
599 1293 692 1335 sacerdos,
700 1291 766 1337 spiritu

65 1346 174 1390 prophecie⁴
189 1346 267 1389 pollens,
283 1345 364 1389 episcopi
383 1345 487 1386 aduentum,
502 1345 577 1389 vultum,
593 1350 687 1387 staturam,
703 1351 721 1381 et
736 1356 766 1380 so-

65 1399 134 1434 ciorum
155 1408 253 1433 numemm
271 1397 367 1433 euidenter
384 1399 498 1442 designabat.
528 1398 577 1433 Huic
595 1398 670 1434 sancto⁵
684 1398 766 1443 pontifici

64 1453 126 1496 prior⁰
137 1450 245 1486 Walleuus¹
257 1462 325 1495 equum
340 1450 448 1495 subnigrum
464 1457 482 1486 et
495 1452 541 1486 dure
554 1457 658 1495 portantem
668 1452 724 1494 dedit,
735 1452 767 1496 qui

64 1503 112 1539 infra
128 1514 196 1549 paucos
213 1502 253 1538 dies
269 1508 319 1538 totus
334 1503 387 1538 albus
402 1508 421 1538 et
436 1502 518 1538 suauiter
532 1504 627 1539 ambulans
642 1504 718 1539 effectus
733 1510 767 1539 est.
776 1517 794 1549 ²5

65 1550 171 1592 Deuotione
187 1556 262 1590 demum
277 1555 359 1591 arctioris
371 1556 464 1602 religionis
479 1562 498 1591 et
511 1557 644 1593 cisterciensis⁷
656 1558 726 1594 ordinis
741 1559 767 1594 al·

64 1612 128 1652 lectus,
146 1611 186 1645 vir³
201 1610 231 1644 dei
246 1610 353 1644 Walleuus¹
369 1611 388 1644 in
401 1610 511 1644 monasterio
527 1611 550 1646 de
564 1610 671 1647 Wardona⁰
685 1610 767 1646 habitum

64 1664 151 1708 suscepit,
162 1667 181 1697 et
191 1662 234 1697 inde
246 1663 269 1697 ad
282 1661 385 1698 Rieuallem
396 1662 500 1705 translatus,
511 1667 605 1708 postremo
616 1663 635 1699 in
646 1663 731 1699 abbatem
743 1664 767 1700 de

65 1716 138 1759 Melsos,
153 1715 172 1749 id
187 1720 216 1749 est
231 1715 312 1757 Meuros,
328 1715 405 1759 eligitur.
451 1709 562 1751 Multotiens
577 1716 627 1751 enim
642 1727 723 1752 muscam
736 1717 766 1751 vel

65 1769 141 1803 culicem
151 1769 245 1802 ledentem
256 1767 321 1801 faciem
333 1768 373 1801 eius
386 1773 404 1801 et
416 1769 525 1813 quandoque
540 1769 649 1813 sanguinem
664 1769 766 1805 elicientem
775 1782 795 1812 50

64 1823 80 1855 si
91 1833 125 1867 per
136 1821 268 1867 impatientiam
279 1820 398 1864 percutiendo
411 1821 516 1866 perimeret,
527 1823 620 1866 virgarum
632 1832 675 1857 mox
688 1823 767 1859 verbere

64 1875 83 1910 in
94 1877 177 1921 seipsum
186 1874 234 1910 vltor
244 1873 306 1918 grauis
317 1874 420 1918 insurgens,
428 1874 536 1919 sanguinem
548 1875 642 1920 copiosum
654 1876 678 1910 de
689 1887 767 1919 corpore

64 1939 97 1964 suo
104 1929 164 1964 traxit.
209 1921 256 1963 Eius
264 1926 313 1962 enim
321 1926 408 1961 instinctu
415 1931 433 1962 et
441 1926 513 1963 hortatu
521 1926 598 1973 Symon,
609 1938 708 1974 germanus
715 1939 766 1973 suus,

65 1980 195 2015 monasterium
216 1979 275 2014 sancti
292 1978 369 2013 Andree
385 1978 404 2013 in
424 1978 578 2024 Northampton¹⁰
599 1979 650 2024 [et]¹¹
669 1979 766 2015 cenobium

64 2034 170 2068 monialium
182 2038 245 2067 sancte
257 2031 315 2066 Marie
327 2037 379 2066 extra
385 2032 450 2066 vrbem
460 2031 548 2073 fundauit,
556 2043 629 2067 necnon
639 2038 658 2066 et
668 2033 767 2067 Saltreiam
775 2048 794 2077 35

65 2085 133 2121 ordinis
142 2083 269 2120 cisterciensis.
314 2076 403 2129 Quodam
409 2083 463 2118 famis
470 2089 554 2128 tempore
562 2084 636 2119 bladum
644 2084 736 2120 modicum
747 2085 766 2120 in

65 2139 135 2173 duobus
147 2137 224 2180 horreis,
235 2136 267 2171 vix
278 2147 312 2181 pro
323 2136 394 2170 duabus
402 2136 510 2182 septimanis
520 2137 621 2182 sufficiens,
631 2137 673 2173 fusa
685 2138 767 2174 oratione

65 2191 170 2227 benedixit:
182 2197 200 2225 et
210 2201 248 2225 non
259 2190 319 2225 solum
330 2189 422 2233 fratribus,
430 2191 463 2225 sed
472 2195 490 2225 et
498 2196 576 2236 quatuor
582 2202 685 2237 paupemm
693 2192 767 2228 milibus

65 2256 98 2289 per
108 2251 148 2281 tres
159 2256 234 2280 menses
245 2244 373 2279 habundanter
384 2243 460 2279 suffecit.
504 2238 551 2280 Alio
562 2245 611 2280 enim
621 2251 705 2291 tempore
713 2246 767 2282 famis

65 2299 130 2344 singuli
143 2299 225 2341 fratrum,
238 2297 317 2342 supplici
328 2303 391 2342 rogatu
403 2298 479 2341 abbatis,
490 2298 584 2334 dimidium
596 2299 649 2344 panis
660 2299 689 2334 sui
699 2311 767 2344 paupe·
774 2313 795 2343 ao

65 2353 116 2387 ribus
126 2353 248 2397 errogandum
259 2351 364 2386 sciderunt:
377 2355 395 2385 et
404 2350 479 2395 impleta
487 2351 574 2396 sportella
581 2361 640 2397 vsque
651 2353 675 2387 ad
686 2362 767 2388 messem

65 2404 105 2439 sine
115 2404 235 2440 diminutione
244 2403 307 2438 multis
318 2403 430 2448 pauperibus
441 2404 558 2439 habundauit.
581 2404 605 2439 Et
614 2416 655 2440 cum
663 2406 729 2441 fratres
737 2406 767 2442 die

85 2488 90 2506 ¹
101 2489 119 2519 E.
126 2489 208 2520 wallenus.
272 2488 279 2506 ²
289 2488 307 2518 E.
314 2497 349 2518 cum
356 2497 413 2526 magna
420 2498 491 2527 quoquc;
501 2489 519 2520 T.
527 2492 548 2519 et.
612 2489 618 2508 ³
628 2489 646 2519 E.
654 2490 767 2528 predicabatur.

65 2526 99 2558 *Β
107 2530 205 2568 prophetico.
252 2527 349 2558 ⁵E.saucti.
398 2527 487 2567 'Eprius
533 2528 685 2560 ⁷E.cistersiensis.
733 2530 768 2562 ¹E.

65 2568 98 2598 viri.
139 2570 145 2586 ⁹
155 2570 234 2605 Wardon,
241 2569 258 2598 in
265 2568 383 2598 Bedfordshire.
408 2609 410 2613 Α
423 2568 435 2586 ¹⁴³
445 2568 463 2597 T.
470 2572 576 2606 nortampton.
616 2568 628 2587 ¹¹
639 2578 669 2599 om.
