1762 2803
244 103 290 160 De
305 102 406 157 sautu
421 102 579 157 Rambelus.
719 115 763 161 345

61 227 138 267 tentans,
146 221 223 270 singulis
232 224 285 261 annis
296 229 379 261 sanctum
387 224 473 261 Iacobum
484 224 534 261 adire
542 224 618 260 solebat
640 223 724 269 Cumque
734 222 765 259 diu

62 282 111 313 caste
124 277 206 322 uixisset,
218 280 297 323 quadam
312 279 387 314 tandem
402 284 456 315 nocte
470 291 513 315 cum
527 280 604 314 muliere
618 278 717 314 fornicatus
731 285 766 313 est.

62 330 118 366 Mane
126 337 187 367 autem
195 332 242 367 sacto
250 344 292 367 cum
299 332 335 367 iter
342 333 365 367 ad
373 339 457 367 sanetum
467 333 561 378 lacolbum
573 332 675 378 inciperet),
682 331 766 366 diabolus

62 383 80 418 in
89 385 151 428 specie
161 385 220 419 sancti
230 385 292 419 Iacobi
301 387 394 429 appar(uit
404 386 428 428 ei)
439 387 514 420 dicens:
526 386 590 419 ‘Nosti
597 386 639 429 quis
647 387 709 419 sumt’
732 384 766 418 Cui

62 436 142 480 neganti,
155 436 191 471 ait:
209 437 266 481 ‘(Ego
281 438 330 480 sum)
347 438 424 472 lacobus
438 438 537 483 apostolus,
551 449 606 482 quom
621 436 699 482 singulis
713 437 784 471 annisa

62 487 150 533 ni(sitare)
165 489 282 525 consueuisti.
308 490 360 526 Scias
375 492 424 536 quod
439 491 517 527 multum
533 491 635 537 gaudebam
650 491 674 526 de
687 496 711 533 te,
724 490 768 536 quia

64 542 166 588 (ma)gnum
174 545 243 579 bonum
251 545 349 590 sperabam
357 546 417 580 dete:
430 551 459 580 set
466 550 564 590 antequam
573 546 597 580 de
604 546 659 579 domo
667 550 698 579 tua
705 544 767 579 exires

63 606 105 630 cum
118 597 195 631 muliere
208 597 308 632 fornicatus
321 608 347 640 es,
359 608 393 633 nec
405 598 501 633 consessus
513 608 547 633 nec
559 598 645 642 penitens
657 596 693 631 huc
703 597 768 631 uenire

63 659 119 682 ausus
127 660 153 691 es,
161 655 179 683 et
190 661 232 684 cum
239 655 316 694 peccato
323 656 355 684 tuo
363 651 456 695 profectus
466 661 487 686 es
495 651 547 695 quasi
555 649 681 695 peregrinatio
691 654 722 684 tua
733 649 768 684 deo

63 706 82 736 et
93 701 148 737 michi
159 703 246 747 placeret.
269 703 311 739 Non
323 704 377 739 debet
388 704 413 739 ita
426 705 481 748 (esse,
488 709 517 739 set
528 703 632 748 quicunque
642 703 726 747 proplter
737 713 768 737 me
778 710 797 732 ¹⁰

63 755 102 789 uult
113 755 233 799 peregrinari,
244 755 296 800 prius
309 756 364 792 debet
375 756 465 801 (peccatla
476 767 511 801 per
521 756 657 792 consessionem
665 756 742 799 delere¹,
750 761 768 790 et

63 812 106 851 post
117 808 251 853 peregrinando
263 810 328 845 eadem
339 811 438 846 commissa
449 810 543 856 penitere:
566 809 609 844 Hiis
621 808 674 844 dictis
684 810 768 853 dlemon)

64 861 149 896 euanuit:
162 867 180 896 et
187 861 260 897 iuuenis
268 863 348 905 rediens,
356 868 375 898 et
383 869 458 908 peccata
466 864 577 908 conlfitens),
585 863 620 898 iter
627 862 722 906 reincepit.
745 861 769 897 Et

64 925 108 948 ecce
116 916 183 949 demon
190 916 207 949 ei
212 921 233 949 ut
239 916 290 958 prius
296 926 394 960 apparens,
399 917 445 950 dixit
451 917 499 960 quod
505 922 600 960 peccatum
606 915 650 949 illud
658 915 708 948 nullo
714 915 769 948 modo

65 965 128 1000 delere
139 972 202 1011 posset
214 967 250 1002 nisi
261 967 296 1002 sibi
307 968 392 1014 genitalia
404 969 494 1014 memlbra
505 973 581 1011 secaret,
592 968 617 1011 et)
629 967 686 1003 multo
697 966 770 1003 heacior
778 974 797 1006 ¹5

65 1025 115 1053 esset
123 1025 141 1054 et
148 1021 288 1064 marttirforet)²
295 1023 311 1056 si
319 1032 340 1056 se
348 1022 431 1057 occidere
438 1022 519 1057 auderet.
537 1021 621 1065 que(nis
626 1031 670 1066 ergo
676 1019 769 1065 simlplex,

65 1072 121 1107 sociis
127 1073 259 1109 dormientibus
267 1075 339 1110 cultello
345 1075 431 1120 genitalia
438 1075 522 1110 membra
527 1080 630 1120 amputans,
635 1080 653 1109 et
659 1085 694 1119 per
699 1073 770 1109 uentris

65 1126 147 1161 medium
160 1138 180 1162 se
193 1128 289 1163 transfixit.
312 1129 358 1163 Cum
371 1129 426 1173 igitur
437 1129 512 1174 sanguis
523 1129 606 1164 efflueret
617 1132 635 1163 et
646 1127 677 1162 ille
688 1128 770 1162 moriens

65 1179 167 1223 palpitaret,
175 1180 220 1214 socii
228 1181 297 1215 crimen
307 1181 413 1224 (homilcidii
421 1182 508 1215 timentes
516 1181 578 1225 fugam
586 1180 675 1225 arripiunt
683 1185 701 1213 et
708 1180 770 1223 ipsunt

66 1231 126 1266 solum
135 1231 245 1275 relinquunt.
262 1233 309 1267 Cum
317 1234 357 1268 eius
364 1234 417 1267 souea
424 1239 525 1277 pararetur,
531 1244 573 1267 ecce
580 1233 677 1267 defunctus
685 1232 770 1274 surrexit,
779 1240 799 1261 πο

66 1287 85 1317 et
96 1294 132 1326 que
143 1283 160 1317 ei
171 1285 275 1319 acciderant
286 1286 383 1329 enarrauit,
394 1291 413 1321 et
424 1286 518 1322 adiunxit:
535 1285 592 1321 ‘Cum
603 1296 639 1328 me,
650 1285 715 1330 inquit,
724 1285 771 1320 occi·

67 1336 142 1378 dissem,
150 1338 239 1373 demones
251 1350 281 1373 me
289 1344 388 1384 ceperunt:
400 1344 469 1375 etcum
476 1350 543 1374 uersus
551 1339 631 1373 Romam
639 1349 670 1385 mc
678 1338 771 1381 ducerent,

67 1395 141 1425 sanctus
152 1390 228 1427 Iacobus
240 1392 328 1427 uelociter
339 1392 436 1429 aduolauit.
459 1393 542 1437 Cumque
552 1403 587 1436 pro
597 1403 627 1426 me
638 1397 657 1426 et
666 1397 731 1426 contra
740 1402 771 1427 me

67 1443 137 1476 diucius
150 1445 253 1478 adinuicem
265 1445 406 1489 disceptassent,
417 1446 448 1478 illo
459 1450 536 1489 cogente
547 1445 633 1479 uenimus
644 1444 667 1478 ad
679 1445 771 1488 quoddam

68 1500 140 1540 pratum
157 1496 188 1531 ubi
209 1498 262 1533 beata
281 1497 339 1533 Maria
355 1508 396 1533 cum
414 1497 516 1533 innumeris
532 1496 601 1533 sanctis
618 1497 642 1532 ad
661 1496 771 1542 colloquium
780 1503 799 1535 ²5

67 1548 165 1585 residebat.
188 1550 257 1586 Beatus
268 1563 312 1596 ergo
324 1551 401 1587 lacobus
413 1557 455 1586 ante
467 1562 508 1586 eam
519 1562 554 1596 pro
565 1562 595 1585 me
608 1556 671 1585 contra
683 1551 772 1586 demones

68 1603 191 1647 conqueritur.
214 1604 289 1640 Etcum
300 1606 330 1640 illa
342 1607 431 1640 demones
442 1605 561 1649 increpasset,
569 1604 622 1639 iussit
632 1609 653 1639 ut
664 1604 773 1639 reuiuerem.

68 1655 136 1699 Sicque
149 1663 224 1692 sanctus
236 1658 313 1693 lacobus
324 1669 355 1693 me
366 1657 451 1702 suscepit,
463 1663 482 1692 et
493 1658 522 1692 hie
534 1657 630 1692 confestim
642 1668 672 1691 me
683 1656 772 1692 restituit.¹

68 1709 122 1751 Quod
130 1720 172 1744 curn
180 1710 274 1745 audissent
282 1716 368 1753 astantes,
375 1721 417 1745 eum
425 1720 466 1744 cum
474 1710 541 1754 gaudio
548 1711 567 1744 in
575 1711 650 1744 domum
657 1710 772 1744 detulerunt:

70 1766 88 1796 et
95 1772 118 1797 eo
125 1767 195 1805 sanato,
203 1763 242 1798 sole
250 1763 343 1798 cicatrices
350 1763 390 1798 loco
398 1763 495 1797 uulnerum
504 1762 645 1806 remanserunt]
782 1767 801 1797 ³⁰

213 1901 228 1938 ii
242 1894 275 1935 DE
286 1909 357 1935 sancto
370 1893 484 1935 RUthOLDO
496 1899 630 1935 CONFESSORE⁸.

73 1973 111 2048 IN
124 1973 219 2008 Britannia
231 1974 296 2008 Maiori
307 1973 352 2009 iuit⁴
365 1984 398 2009 rex
412 1973 486 2018 qnidam
498 1973 573 2008 nomine
586 1973 654 2014 Penda,
669 1972 729 2007 clarus
741 1984 774 2017 po-

110 2027 172 2067 tentia,
188 2027 285 2061 honestate
297 2027 378 2070 elegans,
392 2027 426 2060 sed
439 2026 469 2061 dei
484 2026 658 2071 fidemignorans⁶:
674 2025 706 2071 qui
717 2026 773 2060 filiam

70 2079 139 2123 genuit,
147 2091 183 2124 que
193 2079 212 2114 in
222 2080 263 2125 ipsa
273 2084 337 2114 tenera
348 2085 396 2114 etate
403 2081 452 2125 cepit
460 2081 515 2115 deum
524 2080 589 2115 timere
599 2080 675 2124 eiusque
683 2079 774 2114 mandatis

71 2133 161 2168 inherere.
184 2133 242 2168 Erant
256 2138 317 2168 autem
330 2138 374 2168 tunc
387 2133 406 2168 in
420 2132 515 2167 Britannia
526 2139 626 2177 regnantes
639 2143 693 2176 reges
705 2132 775 2176 plures,

71 2185 126 2228 aliqui
140 2185 201 2229 ydolis
216 2186 324 2228 seruientes,
338 2185 392 2230 aliqui
407 2196 452 2220 vero
467 2186 522 2221 deum
534 2196 599 2221 vemm
615 2185 701 2220 colentes.
725 2185 776 2219 lnter
836 2219 843 2229 ⁶

71 2248 118 2281 quos
125 2248 159 2272 rex
168 2238 243 2282 quidam
251 2239 391 2282 potentissimus
399 2238 463 2281 extitit,
471 2239 504 2272 sed
511 2248 600 2282 paganus,
608 2237 639 2282 qui
647 2237 703 2271 filiam
712 2236 775 2271 Pende
784 2250 802 2280 35

72 2291 151 2335 diligens
163 2290 183 2325 in
193 2301 271 2325 vxorem
283 2291 341 2336 petiit,
354 2296 372 2326 et
387 2290 462 2335 accepit.
484 2290 532 2325 Cum
544 2290 599 2335 igitur
611 2289 630 2325 in
643 2289 713 2334 nuptiis
725 2289 776 2325 iuxta

92 2375 138 2407 ¹VB.
147 2376 204 2407 dicere.
245 2376 251 2394 ²
258 2376 292 2407 VB.
300 2380 316 2407 et
323 2375 372 2407 multo
378 2374 464 2407 beatiorem
472 2380 488 2406 et
495 2376 574 2406 martirem
582 2376 620 2407 sore.
662 2374 668 2393 ⁸
675 2375 704 2405 Ed.
714 2375 730 2405 in
739 2374 775 2405 Act.

73 2416 103 2447 SS.
112 2416 153 2447 Boll.
164 2426 174 2454 3
184 2417 225 2447 Nor.
232 2416 244 2445 i.
252 2427 267 2454 p.
275 2419 310 2454 685.
330 2417 368 2447 Abr.
376 2417 416 2446 from
424 2418 451 2447 the
456 2416 494 2446 Vita
501 2416 548 2454 (with
557 2414 643 2454 Prologus)
653 2416 669 2446 in
680 2415 727 2445 tiss.
734 2415 775 2453 Reg.

74 2466 93 2493 13
99 2456 118 2486 A.
126 2466 142 2486 x.
150 2457 175 2486 t'ol.
183 2457 238 2494 55-61,
250 2457 297 2493 Corp.
304 2457 342 2486 Chr.
349 2456 389 2486 Call.
396 2456 458 2486 Camhr.
465 2465 480 2494 9,
487 2465 503 2494 p.
511 2456 562 2493 53—58
573 2455 603 2494 (Xl
615 2459 669 2489 cent),
680 2455 724 2484 Trin.
735 2454 775 2484 Coll.

74 2495 132 2525 Dublin
138 2496 151 2525 B
156 2505 170 2532 a,
176 2496 237 2525 Arund.
242 2505 267 2532 91,
272 2495 299 2525 sol.
306 2505 334 2532 194
340 2496 415 2534 (without
420 2496 479 2533 Prol.);
486 2495 631 2531 unabridgruentin
637 2494 670 2525 its.
677 2494 734 2523 Lansd.
740 2494 776 2530 43⁶·

75 2535 109 2564 Our
116 2539 144 2565 tex
157 2535 219 2565 follows
226 2535 260 2565 that
267 2535 324 2565 osldS.
330 2535 392 2566 Arund.
400 2543 424 2574 91.
475 2533 480 2553 i
491 2533 509 2565 T.
517 2533 548 2564 Vit
557 2534 592 2563 Fuit
598 2535 614 2563 iu
622 2533 642 2564 Β.
691 2534 697 2552 ³
707 2533 729 2563 al.
736 2532 776 2569 Vin,

73 2575 114 2605 sacri
121 2574 220 2612 baptismatis
226 2574 269 2604 unda
276 2573 353 2613 perfusus.
