1762 2803
107 139 109 144 ·
162 127 206 184 508
354 127 434 179 mono
449 125 566 188 boronus
581 127 672 190 duolio.

162 255 196 291 per
209 246 300 292 hospitam
313 246 382 282 ancillis
396 246 504 281 Wiltoniam
519 258 560 281 cum
572 248 688 281 testinatione
703 248 782 282 deuenit.
811 250 862 292 Quod

162 311 196 335 rex
211 300 331 345 comperiens,
347 300 388 335 illuc
403 305 496 344 properat,
512 306 530 336 et
546 301 631 336 omnibus
647 307 721 346 capture
738 303 863 342 instrumentis

161 354 252 397 uirginem
264 355 314 388 nulla
325 365 401 398 prorsus
412 354 511 397 impetrare
523 354 589 389 sufficit
601 355 703 390 conditione
711 361 730 390 vt
737 356 767 391 uel
779 358 801 391 acl
810 359 863 393 collo-

163 407 226 450 quium
234 408 295 451 regale
302 408 400 451 procedat;
409 417 430 441 ac
436 408 521 442 omnibus
530 409 608 442 nexibus
614 408 731 452 legationum,
740 410 862 455 donationum,

145 460 286 499 5adulationum
301 460 374 495 allicere
386 459 421 494 sibi
432 459 541 494 Wlllrildam
555 466 637 494 sanctam
650 462 756 505 temptabat,
768 463 802 496 sed
813 463 863 508 virgo

162 512 181 545 in
195 512 268 546 Christo
280 512 355 546 fundata
364 512 462 546 immobilis
470 513 586 556 perdurabat.
609 513 651 547 Rex
659 521 798 557 verumptamen
806 519 863 550 atten-

162 565 198 599 tius
211 570 249 601 tarn
261 577 295 611 per
310 577 331 601 se
346 576 401 611 quam
417 576 451 610 per
464 565 508 600 alios
523 565 598 600 insidias
613 577 715 610 apponens,
727 567 774 602 sorte
789 578 830 603 eam
844 570 862 605 in

162 618 241 653 claustro
255 624 308 655 extra
319 620 416 655 ecclesiam
428 619 561 662 deprehendit:
578 624 596 653 et
608 620 658 654 uelut
671 620 729 654 victor
741 626 794 665 capta
807 624 863 665 preda

162 672 248 705 exultans
260 673 328 713 insiliit,
339 672 476 716 fugientemque
487 673 506 705 in
518 672 558 714 ipso
569 672 646 706 ecclesie
655 673 718 707 limine
729 684 763 716 per
774 674 862 710 manicam

135 735 154 756 10
162 724 228 767 rapuit.
257 725 301 766 Sed,
320 725 350 759 illa
371 731 469 768 utcumque
487 724 545 767 potuit
562 725 658 767 renitente,
678 725 750 759 manica
770 726 789 760 in
809 736 862 762 manu

162 777 252 812 trahentis
269 777 317 813 dicto
334 778 387 813 citius
405 776 500 819 remansit,
515 777 561 811 adeo
577 776 661 813 videlicet
675 782 695 813 vt
710 788 749 813 non
766 779 863 815 sentiretur

163 830 248 874 scissura,
261 832 350 879 etsolida
361 831 419 866 uestis
433 836 520 875 tanquam
535 830 615 865 humana
630 830 719 866 industria
734 837 773 866 erat
788 832 862 867 circum·

162 884 201 918 cisa
207 885 217 919 ¹.
240 884 296 929 Virgo
307 897 351 919 vero
364 886 399 919 deo
413 885 479 918 deuota
492 894 552 917 coram
564 883 615 917 altari
628 877 723 928 prostrata,
736 885 795 919 cordis
807 886 863 929 gemi-

163 938 211 972 tibus
223 939 329 981 pudicitiam
340 938 418 981 [suam]²
428 949 439 971 a
449 936 521 970 Christo
532 936 619 970 illibatam
631 937 701 971 seruari
711 938 802 971 exorabat.
829 939 863 973 At³

135 1000 153 1030 15
163 1000 196 1023 rex
204 991 227 1023 ad
235 1001 256 1024 se
264 1001 365 1024 conuersus
373 989 465 1033 obstupuit
471 988 560 1032 prodigio,
566 989 637 1022 erubuit
646 990 760 1033 impudentie
768 990 862 1031 ;voluebat

162 1048 244 1078 tremens
256 1043 299 1086 quid
311 1044 429 1086 portenderet
440 1043 475 1075 hec
486 1040 571 1082 scissura,
583 1041 709 1085 intellexitque
722 1043 805 1085 prudens
815 1045 862 1086 quod

162 1106 173 1131 a
184 1106 217 1129 suo
231 1096 313 1140 appetitu
324 1106 393 1141 sponsa
404 1095 473 1129 domini
484 1099 534 1128 esset
545 1094 621 1129 abscisa.
649 1095 673 1128 Et
684 1096 773 1129 accedens
781 1097 804 1130 ad
818 1107 862 1139 eam,

162 1148 219 1184 dixit:
231 1149 235 1167 ‘
243 1149 284 1184 Noli
292 1149 362 1193 timere,
369 1149 421 1193 uirgo
429 1149 463 1183 deo
472 1152 547 1193 accepta
555 1159 559 1182 r
571 1148 658 1193 promitto
668 1149 717 1183 enirn
726 1149 787 1184 omnia
795 1150 862 1184 uidenti

163 1203 197 1235 deo
209 1205 258 1245 quod
269 1204 317 1236 ultra
328 1213 444 1246 nequaquam
456 1202 544 1235 molestus
557 1213 589 1235 ero
602 1202 697 1246 proposito
709 1208 746 1245 tuo,
757 1204 790 1236 sed
803 1203 862 1246 potius

136 1267 155 1288 20
163 1254 264 1289 adiutorem
280 1261 298 1289 et
310 1255 427 1289 defensorem
438 1265 468 1287 me
479 1253 572 1297 prebebo)
595 1253 650 1288 Dedit
665 1255 719 1298 igitur
734 1265 768 1289 rex
780 1255 862 1298 Edgarus

162 1313 226 1342 sancte
234 1307 324 1342 Wlfhilde
335 1308 467 1342 monasterium
476 1306 568 1350 uirginum
580 1307 603 1341 de
615 1306 706 1351 Berkingo
714 1313 732 1342 et
740 1308 762 1342 ad
770 1307 862 1351 antiquum

98 1362 101 1368 '
163 1366 230 1394 statum
241 1362 298 1405 regali
311 1361 435 1395 munificentia
447 1361 547 1405 reparauit3
562 1359 657 1404 ipsiusque
669 1360 792 1404 Wlthild[is]*
804 1361 862 1396 nobile

162 1415 292 1459 patrimonium
307 1416 330 1448 ad
345 1414 409 1458 viginti
427 1419 505 1458 quatuor
522 1413 606 1447 villarum
623 1413 738 1448 mansionem
754 1414 808 1457 auxit,
824 1426 863 1458 pre-

163 1467 247 1510 dictoque
261 1467 371 1501 monasterio
384 1468 407 1501 de
423 1467 515 1510 Berkingo
528 1471 565 1499 tam
578 1476 655 1500 numero
668 1477 761 1501 sacrarum
774 1467 862 1511 virginum

136 1531 154 1561 ²5
163 1529 218 1563 quam
230 1520 281 1563 copia
293 1530 355 1553 rerum
366 1520 466 1562 coequauit
489 1519 522 1552 Est
533 1524 595 1552 autem
607 1519 684 1560 Honori,
695 1520 726 1554 ubi
736 1520 788 1562 virgo
801 1525 863 1554 sancta

163 1573 186 1606 de
198 1584 231 1606 suo
243 1571 364 1617 patrimonio⁵
375 1572 472 1606 cenobium
483 1571 590 1612 construxit,
598 1570 650 1615 quasi
658 1571 753 1608 umbilicus
765 1572 862 1616 tetrapolis,

163 1637 174 1659 a
182 1631 258 1669 quatuor
265 1627 340 1660 urbibus
349 1625 415 1669 spaciis
427 1625 527 1669 equalibus,
536 1624 555 1658 id
567 1630 594 1659 est
605 1625 643 1659 fere
653 1625 749 1661 duodecim
758 1625 862 1666 miliaribus,

163 1679 239 1720 distans,
261 1679 280 1713 in
295 1679 362 1723 quibus
377 1678 467 1713 concessit
482 1677 508 1711 illi
523 1688 556 1711 rex
572 1677 653 1722 quinque
670 1679 734 1713 domos
750 1680 768 1713 in
788 1678 863 1723 singulis

163 1733 269 1775 unamquel
280 1733 382 1772 ecclesiam,
394 1731 432 1765 scil.
444 1731 519 1773 Wilton,
531 1731 651 1774 Scastisbyry‚
661 1732 753 1774 Warram,
765 1732 862 1775 Hamptor'r.

135 1797 154 1827 ³⁰
164 1776 214 1819 Cum
226 1790 287 1818 autem
299 1785 352 1818 beata
362 1783 459 1818 Wlfhildis
470 1794 549 1817 excusso
561 1784 618 1816 seculi
629 1783 671 1827 iugo
683 1784 746 1818 federe
757 1783 862 1828 uirginitatis

163 1842 252 1881 perpetuo
268 1837 341 1871 Christo
357 1842 500 1878 consecraretur,
516 1846 559 1870 ecce
575 1836 659 1871 columba
674 1837 717 1871 niue
733 1838 827 1872 candidior
841 1837 862 1870 de

162 1891 201 1925 celo
217 1891 269 1935 lapsa
284 1901 340 1935 super
354 1891 442 1926 verticem
460 1889 500 1925 eius
518 1888 624 1925 consedisse
639 1890 679 1925 visa
693 1895 726 1925 est.
777 1884 862 1937 Quadam

161 1949 222 1979 autem
236 1944 266 1978 die
281 1943 355 1978 intrauit
370 1944 436 1978 mulier
449 1944 533 1987 quedam,
547 1944 643 1987 paruulum
659 1944 678 1977 in
694 1944 776 1977 humeris
790 1949 863 1988 gestans

162 1997 256 2039 infantem,
268 1998 302 2031 sed
315 2007 384 2032 cecum.
406 1996 467 2039 Quem
480 2007 522 2031 cum
536 1996 587 2040 uirgo
598 2001 661 2031 sancta
673 1995 792 2040 conspiceret,
805 1995 862 2030 crucis

135 2064 153 2093 55
162 2051 235 2094 signum
248 2061 305 2093 super
318 2051 380 2083 oculos
394 2051 468 2083 infantis
481 2050 552 2093 posuit:
569 2055 587 2082 et
602 2060 649 2092 puer
663 2050 732 2092 apertis
746 2051 803 2084 oculis
817 2050 863 2083 clare

162 2102 212 2138 uidit.
271 2095 322 2138 Cum
338 2107 399 2137 autem
415 2102 521 2147 episcopum
538 2102 680 2135 wintoniensem
699 2109 783 2136 sanctum
802 2100 863 2136 Ethel-

162 2148 242 2190 uroldum
253 2156 276 2190 ad
287 2156 385 2200 prandium
396 2156 486 2197 inuitaret,
495 2155 573 2189 ministri
584 2156 607 2190 de
619 2160 673 2199 potus
684 2155 812 2191 insufficientia
822 2164 862 2190 con·

163 2211 222 2253 questi
230 2216 278 2244 sunt.
301 2210 335 2244 llla
341 2210 393 2244 diues
402 2215 419 2244 et
427 2215 494 2254 potens
501 2209 520 2243 in
529 2208 643 2253 plenitudine
651 2208 753 2245 dilectionis
761 2210 796 2253 dei,
804 2206 863 2244 omnia

163 2273 184 2296 se
199 2273 254 2306 posse
270 2267 288 2296 et
303 2263 371 2296 habere
383 2264 469 2297 credebat
482 2273 516 2307 pre
528 2261 588 2296 leticia
603 2262 730 2306 hospitalitatis
744 2269 781 2296 tam
797 2266 862 2296 sancte.

134 2328 154 2359 40
162 2315 188 2349 At
199 2315 282 2356 ministri,
295 2316 375 2349 humana
386 2315 489 2349 curiositate
501 2314 556 2356 ducti,
567 2315 652 2357 imposita
663 2315 715 2359 virga
725 2315 801 2359 liquoris
809 2323 862 2358 quan·

162 2368 233 2402 ritatem
241 2372 310 2410 notant,
317 2372 337 2401 vt
345 2366 376 2401 tali
387 2366 511 2402 ministrarent
522 2366 610 2402 industria
621 2372 684 2411 potum
696 2378 732 2412 qua
742 2373 784 2403 ante
792 2373 863 2411 tempus

162 2432 200 2456 non
213 2420 305 2456 deficeret.
332 2420 415 2465 Cumque
427 2425 463 2456 tota
476 2419 505 2455 die
518 2419 611 2465 predictus
623 2420 682 2466 liquor
697 2421 810 2456 incessanter
823 2428 862 2465 pro·

182 2541 328 2572 ¹E.circumscisa.
378 2541 487 2576 ²soT,;om.
497 2541 513 2570 in
521 2541 539 2571 E.
589 2540 660 2573 8Ε.Αο.
714 2538 862 2574 ⁴T.E.Wllbilde·

162 2580 168 2600 ⁵
179 2581 197 2612 E.
205 2581 298 2621 patrimonio
305 2590 339 2612 suo.
380 2580 386 2598 ⁶
397 2581 415 2611 E.
423 2582 439 2610 ln
446 2580 545 2619 singulisque
552 2589 603 2612 unam.
