1762 2803
141 147 185 223 2rt
261 229 262 232 Ἴ
330 165 411 218 mota
425 161 542 225 tortora
558 145 651 225 anglic.

139 286 199 332 tetigit
206 296 253 329 eum,
262 290 290 319 set
298 283 363 329 magis)
372 284 437 328 agebat
447 283 574 328 penitenciam,
583 283 670 327 (puniens
680 281 808 327 semetipsum)
818 283 841 318 ob

140 340 175 375 hoc
187 344 229 385 qula
241 339 371 383 desiderassset
383 338 457 383 ipsum).
480 331 564 382 1(Abbas
576 338 641 371 Zenon
652 336 696 370 dum
708 335 810 369 ambularet
822 335 841 371 in

141 393 238 435 Palestina‚
245 393 328 437 fatigatus
336 393 383 427 sedit
391 393 442 427 iuxta
449 403 481 426 eos
487 392 518 436 qui
524 390 646 434 cucumeres)
653 391 676 424 de
682 395 721 424 orto
728 389 842 433 colligebant,

141 453 160 481 et
170 448 243 482 uolebat
255 446 368 490 (comeldere
379 457 403 480 ex
410 446 461 490 ipsis.
484 445 561 480 Dicebat
569 444 616 479 intra
624 455 657 479 se:
670 442 746 477 ‘Nescis
755 442 841 488 quoniam

123 515 132 545 5
141 501 192 535 sures
203 501 226 534 ad
237 510 296 543 penas
306 500 386 533 uadunt?
399 499 484 543 experire
494 510 538 543 ergo
549 497 672 540 temetipsum,
679 496 696 544 si
706 501 759 540 potes
767 501 842 541 portare

141 553 252 587 tormenta’:
269 557 287 586 et
302 562 396 596 exurgens
411 552 461 586 stetit
476 552 495 585 in
510 556 592 585 caumate
605 550 645 583 dies
657 549 742 593 quinque,
755 554 773 582 et
785 548 841 584 dixit:

140 605 200 640 ‘Vere
211 615 248 640 non
260 615 336 648 possum
348 610 440 641 tormenta
451 604 540 640 sufferre:
552 615 586 639 nec
595 603 653 638 debeo
661 602 717 636 furari
730 607 749 636 et
763 603 842 636 mandu-

140 660 192 695 care!
236 651 303 693 ²Dixit
310 658 384 704 quidam
392 669 461 694 senex:
474 659 479 677 ¹
484 658 514 692 ira
522 668 556 701 per
564 657 598 691 hos
605 661 682 701 quatuor
689 661 740 690 actus
749 656 841 699 exurgit³2

140 723 174 757 per
185 712 302 757 cupiditatem
314 711 398 754 auaricie,
406 712 466 745 dando
478 716 496 745 et
507 710 618 753 accipiendo,
627 709 716 753 rapiendo
723 719 754 743 res
761 708 841 752 alienam

113 779 132 802 ιο
141 771 160 799 et
170 765 185 799 si
196 764 237 809 quis
247 765 322 808 propria
332 764 425 799 sentencia
436 764 515 798 defendit
523 764 571 808 quod
582 762 652 805 amat⁴;
664 767 682 798 et
692 762 708 798 si
718 762 759 806 quis
771 773 792 796 se
803 762 842 797 uult

141 816 241 851 honoribus
252 827 294 851 esse
305 816 391 859 dignum;
405 821 423 851 et
435 816 451 850 si
463 817 503 859 quis
515 817 607 849 doctorem
619 826 640 849 se
652 826 694 849 esse
706 815 792 857 dignum⁶
803 815 842 847 uuit

141 872 183 915 plus
201 870 286 904 omnibus
304 868 411 914 sapientem.
434 868 464 903 lra
479 880 513 913 per
527 869 561 902 hec
576 873 653 913 quatuor
668 868 758 903 humanos
774 877 841 903 seusus

141 924 237 958 obscurat:
255 923 276 957 Si
291 923 353 957 odium
368 922 451 957 habuerit
466 922 485 957 in
500 921 584 967 proximo
599 932 638 964 suo,
651 926 682 956 aut
697 920 712 955 si
727 931 761 965 pro
775 919 842 954 nichilo

141 977 230 1019 habuerit,
238 981 269 1009 aut
276 976 292 1010 si
299 976 325 1009 illi
333 975 423 1017 inuiderit,
432 981 462 1009 aut
470 975 598 1010 detractauerit
605 976 628 1010 de
636 986 663 1009 eo.
683 973 732 1008 Audi
740 973 841 1008 Iohannem

114 1035 132 1066 ¹5
142 1028 278 1072 Euangelistam
286 1029 388 1063 dicentem:
401 1028 452 1070 “Qui
462 1028 499 1061 odit
507 1028 582 1063 fratrem
594 1038 652 1070 suum,
661 1028 679 1061 in
690 1026 772 1062 tenebris
784 1031 812 1062 est
824 1033 842 1061 et

141 1080 199 1115 nescit
208 1090 243 1123 quo
252 1085 286 1122 eat,
295 1085 313 1114 et
320 1085 382 1114 manet
389 1080 408 1113 in
416 1081 509 1123 morte.¹”]

227 1230 242 1267 11
255 1222 288 1264 DE
299 1240 370 1264 SANCTO
383 1222 475 1264 PATERNO
488 1240 575 1264 EPISCOPO
587 1240 610 1263 ET
620 1229 755 1264 CONFESSORE⁶.

180 1315 261 1347 Aternus
276 1319 338 1347 autem
351 1313 449 1356 episcopus
464 1313 556 1355 sanetus⁷,
569 1319 661 1348 terrenam
674 1314 795 1348 hereditatem
810 1315 842 1348 de·

207 1365 319 1409 relinquens,
338 1377 359 1400 ae
378 1365 453 1399 exilium
472 1376 543 1404 amans,
563 1365 630 1400 summi
646 1366 698 1409 regni
713 1366 787 1400 celestis
801 1366 842 1401 fieri

142 1418 230 1455 heredem
248 1418 356 1462 concupiuit.
379 1419 415 1461 Qui
434 1418 500 1462 gente³
518 1418 592 1462 quidam
612 1418 720 1452 Armoricus
738 1418 776 1460 fnit,
791 1418 802 1452 i.
819 1419 842 1454 de

115 1485 134 1508 20
143 1472 209 1506 minori
217 1471 311 1506 Britannia
322 1477 377 1513 ortus,
389 1477 407 1505 et
418 1472 441 1505 de
453 1471 561 1515 parentibus
572 1471 629 1505 nobili
640 1471 726 1515 prosapia
737 1471 842 1516 procreatis,

143 1524 222 1559 Petrano
235 1524 273 1558 scil.
286 1529 344 1568 patre,
358 1530 415 1558 matre
428 1535 472 1558 vero
485 1524 561 1558 Guean:
574 1524 605 1568 qui
617 1535 654 1559 vno
666 1531 757 1559 conuentu
768 1530 842 1560 utentes

142 1583 226 1612 sanctum
242 1576 341 1611 Paternum
356 1581 464 1620 genuerunt,
480 1582 498 1611 et
513 1581 577 1621 postea
591 1578 704 1620 sempiterno
717 1578 747 1611 dei
760 1578 841 1621 seruitio,

142 1629 161 1663 in
175 1630 257 1664 castitate
272 1635 374 1670 manentes,
387 1640 408 1663 se
420 1629 546 1663 subdiderunt.
574 1630 621 1663 Nam
638 1629 727 1664 Petranus
740 1631 788 1665 illico
802 1630 841 1665 Bri

143 1682 225 1716 tanniam
239 1681 330 1715 Minorem
343 1683 437 1722 deserens,
450 1681 559 1716 Hiberniam
568 1682 630 1725 petiit,
644 1688 662 1717 et
677 1693 744 1726 magna
758 1683 795 1718 vite
811 1684 842 1717 ab·

115 1749 134 1780 25
142 1733 229 1769 stinentia
248 1738 266 1769 et
284 1734 381 1768 virtutibus
402 1735 437 1768 deo
459 1734 531 1778 placuit.
561 1734 644 1769 Gratiosa
666 1735 734 1779 quippe
757 1735 842 1780 apparuit

142 1788 227 1823 natiuitas
240 1788 298 1821 saneti
312 1786 390 1827 Paterni,
402 1797 503 1831 perquem
517 1792 570 1830 pater
581 1788 620 1821 eius
631 1793 705 1822 sanctus
720 1787 796 1823 effectus
808 1793 842 1830 est,

142 1848 160 1876 et
175 1846 234 1876 mater
246 1840 285 1875 eius
298 1840 366 1874 famula
379 1840 447 1874 Christi
460 1841 564 1883 religiosam
576 1841 632 1875 vitam
647 1840 704 1876 duxit.
726 1840 842 1876 Adolescens

142 1899 204 1929 autem
211 1893 302 1928 Paternus
312 1893 374 1936 sactus,
383 1892 502 1937 interrogauit
511 1898 588 1927 matrem
600 1904 655 1937 quem
662 1899 734 1937 patrem
742 1895 842 1937 habuisset,

141 1948 217 1987 viueret,
233 1956 256 1977 an
268 1947 319 1977 non?
334 1950 370 1985 aut,
382 1945 398 1978 si
412 1945 488 1985 viueret,
499 1945 530 1978 vbi
545 1948 595 1979 erat?
608 1951 626 1980 et
638 1957 670 1980 cur
683 1947 726 1979 alibi
739 1953 843 1981 moraretur

114 2004 160 2044 30et
177 2009 214 2033 non
232 1997 293 2041 potius
308 1997 327 2031 in
342 1996 417 2041 propria
432 1997 532 2031 hereditate
547 1998 644 2031 maneret?
667 1997 700 2032 Cui
716 1998 853 2034 lachrimando,

141 2056 201 2085 mater
219 2050 326 2093 respondit:
346 2049 411 2083 ‘Pater
426 2054 468 2083 tuus
483 2050 557 2093 quidem
572 2050 623 2091 viuit,
639 2056 657 2085 et
675 2042 717 2095 plus
736 2052 771 2085 deo
787 2062 842 2096 quam

142 2102 222 2145 mund03
234 2103 316 2146 perrexit
324 2106 385 2136 autern
394 2101 436 2136 hinc
448 2102 471 2136 ad
479 2101 594 2145 Hiberniam,
601 2104 632 2138 vbi
640 2103 713 2144 ieiunat,
722 2109 767 2146 orat,
775 2104 842 2148 vigilat,

141 2157 245 2196 meditatur,
261 2155 367 2199 genuflectit
385 2156 473 2190 altissimo
491 2157 575 2191 domina'
605 2157 658 2191 Tunc
678 2157 786 2192 adolescens
805 2158 841 2193 ait:

142 2211 194 2251 ‘Quo
213 2219 257 2251 ergo
275 2208 347 2242 meliori
362 2210 415 2242 modo
431 2215 490 2253 potest
507 2210 555 2244 iilius
570 2210 639 2252 viuere,
656 2221 710 2253 quam
727 2211 769 2245 boni
785 2211 842 2256 patris

114 2272 133 2303 35
142 2261 252 2296 imitatione?
276 2261 323 2294 Nam
337 2261 352 2295 si
366 2272 399 2295 rex
411 2261 434 2296 sit
446 2267 503 2306 pater,
516 2262 567 2296 iilum
580 2262 647 2297 imitari
659 2263 678 2297 in
691 2263 781 2307 regimine
794 2264 842 2299 filius

142 2313 216 2359 appetit.
239 2313 303 2356 ltaque
318 2324 352 2356 ego
367 2314 439 2356 moriar,
453 2316 469 2349 si
484 2326 521 2349 non
536 2326 624 2359 assequar
639 2321 711 2359 patrem
726 2328 794 2361 meum,
808 2327 842 2362 per

142 2368 217 2401 semitas
233 2376 278 2410 quas
293 2365 358 2409 elegit)
381 2366 402 2399 ln
417 2367 448 2400 iilo
463 2368 512 2401 enim
526 2373 610 2411 tempore
625 2369 693 2402 chorus
708 2369 841 2404 ecclesiasticus

160 2457 166 2475 ¹
177 2456 200 2488 Cf.
208 2456 240 2485 Vit.
248 2456 290 2486 Patr.
299 2465 313 2494 p.
322 2457 357 2493 865,
365 2466 398 2494 742.
420 2457 467 2486 Same
475 2458 519 2486 Narr.
527 2459 547 2487 ad
555 2459 615 2487 lwium.
713 2458 720 2477 ²
730 2459 754 2490 cf.
761 2459 792 2491 Vlt.
801 2459 842 2489 Patr.

140 2507 156 2535 p,
165 2505 209 2534 1030,
218 2504 251 2533 773.
299 2497 305 2513 ³
316 2497 334 2526 T.
342 2500 412 2533 exurget.
457 2497 463 2513 ‘
473 2497 505 2526 VP.
513 2498 591 2535 propriam
599 2499 695 2528 sentenciam
702 2510 757 2528 amans
765 2499 841 2529 defendit.

139 2538 145 2554 ⁵
156 2547 186 2567 om.
193 2536 210 2565 in
217 2536 250 2566 VP.
304 2534 311 2551 ⁶
321 2535 350 2565 Ed.
358 2536 374 2564 in
381 2537 416 2566 Act.
424 2536 453 2566 SS.
462 2537 502 2565 Boll.
511 2545 529 2573 15
536 2538 574 2575 Apr.
584 2538 604 2567 11,
612 2548 627 2575 p.
635 2548 669 2575 377.
690 2539 728 2569 Abr.
736 2540 776 2570 from
783 2539 819 2570 Vita
825 2538 841 2567 in

140 2577 174 2606 MS.
182 2575 257 2612 Vesp.A.
267 2573 310 2605 XIV.
318 2576 343 2606 ed.
351 2576 400 2606 Rees.
449 2575 617 2607 ⁷T.Sanctusautem
625 2578 755 2617 Patcpiscopus.
807 2577 841 2608 ³E.

139 2617 187 2653 genti.
