1762 2803
133 144 176 199 256
323 140 403 193 moto
418 137 535 201 treanta
550 137 642 201 uncta.
686 143 688 147 ⁴

132 261 168 304 Qui
180 261 258 297 veniens
271 266 289 297 et
302 261 435 296 multitudinem
451 272 536 306 magnam
551 261 599 297 circa
611 259 691 305 lapidem
705 272 758 296 casso
771 262 834 298 labor'e

132 316 241 351 sudantem¹
258 315 355 360 aspiciens,
371 314 447 349 miratus
467 321 500 349 est.
527 315 550 349 Et
566 314 653 349 attonitus
668 320 726 356 stans,
741 316 834 360 deumque

132 369 205 403 silentio
217 369 325 413 deprecans,
332 367 405 413 aspexit
416 367 434 401 in
446 367 506 412 lapide
518 368 548 402 illo
560 367 653 412 ethiopem
661 370 754 412 quendam
766 371 832 405 sedere

133 428 151 457 et
165 423 249 457 obscenis
264 422 343 456 motibus
358 421 462 455 laborantes
477 422 607 455 subsannando
622 421 712 456 deridere.
736 422 759 456 Et
773 422 834 458 statim

115 481 196 518 ¹econtra
207 476 306 509 demonem
317 475 390 518 signum
403 475 461 508 crucis
473 474 550 517 intorsit,
559 480 576 509 et
586 474 670 508 territum
682 475 733 508 illurn
745 475 788 519 fuga
799 475 834 510 sibi

133 529 229 562 consulere
244 527 336 570 compulit.
359 526 384 559 At
399 527 447 569 lapis
462 538 517 570 quem
533 526 635 571 octoginta²
649 526 683 560 viri
698 533 741 560 ante
758 538 834 562 mouere

133 581 237 625 nequibant,
245 591 256 614 a
264 580 326 624 paucis
338 579 442 614 hominibus
453 579 538 614 facillime
550 580 626 622 leuatus,
634 579 653 613 in
662 591 718 623 opere
730 580 833 616 collocatur.

134 634 217 669 Perfecta
225 632 285 677 itaque
294 633 371 668 ecclesia
378 633 397 667 in
405 632 475 667 honore
483 633 536 667 beate
545 632 609 675 Marie,
617 638 635 667 et
643 633 758 678 congregatis
766 634 834 669 ibidem

134 686 271 732 (quibusdam)³
282 685 381 729 monachis,
395 686 468 721 clerici*
480 686 499 721 in
512 687 556 721 sede
566 686 665 731 episcopali
677 688 760 722 nonnulli
771 694 834 732 spreto

106 751 124 772 ro
133 740 206 776 seculo⁵
214 740 336 776 monasticum
344 739 425 775 habitum
433 746 554 784 susceperunt
563 753 566 776 :
579 744 597 774 et
608 740 630 774 ab
642 740 720 775 ecclesia
727 742 775 776 beati
784 742 834 776 Petri

132 795 155 828 ad
167 794 264 828 ecclesiam
276 795 329 827 beate
341 793 404 833 Marie,
412 804 423 826 a
431 792 501 827 clericis
512 794 535 826 ad
547 793 647 826 monachos
658 793 768 837 episcopalis
780 795 834 829 sedes

133 846 220 879 translata
232 851 265 879 est.
311 839 388 879 Mortuo
399 844 506 878 eboracensi
518 844 662 888 archiepiscopo,
673 845 780 889 cogentibus
791 857 835 890 rege

134 899 207 943 Edgaro
223 904 241 932 et
255 904 319 932 sancto
335 898 437 940 Dunstano,
453 898 572 941 omniumque
591 897 699 932 clericorum
718 910 796 933 assensu
812 901 834 934 ad

133 952 309 997 archiepiscopatum
323 956 429 995 assumptus
443 957 476 985 est.
499 951 522 985 Et
534 963 558 986 ne
571 951 656 985 monachi
668 963 714 996 quos
726 952 834 994 instituerat,

106 1014 124 1045 15
133 1007 198 1052 aliqua,
213 1007 260 1041 vltra
279 1017 333 1051 quam
353 1005 402 1039 ferre
417 1005 504 1047 valerent,
519 1004 639 1050 temptatione
658 1011 803 1050 concuterentur,
819 1006 835 1041 si

133 1059 219 1104 pastorali
230 1070 273 1092 cura
284 1058 365 1092 destituti
377 1069 414 1090 non
425 1058 514 1091 haberent
525 1070 561 1101 quo
573 1059 716 1101 inniterentur⁶3
729 1061 835 1093 auctoritate

133 1112 191 1147 sancti
207 1111 298 1147 Dunstani
313 1112 430 1156 episcopatus
442 1111 578 1156 Wigorniensis
592 1122 654 1145 curam
668 1122 704 1146 vna
719 1123 760 1147 cum
776 1112 835 1148 archi·

132 1166 239 1210 episcopatu
254 1165 323 1199 solicite
338 1164 390 1199 rexit.
436 1158 487 1199 Cum
502 1171 563 1199 autem
579 1164 663 1199 monachi
680 1165 783 1208 Rameseie,
796 1166 835 1210 epi-

133 1231 189 1263 seopo
200 1219 287 1253 Oswaldo
296 1219 315 1252 in
326 1219 366 1263 ripa
377 1223 441 1259 stante,
452 1229 518 1263 aquam
530 1219 602 1264 nauigio
614 1219 692 1253 transire
700 1220 773 1262 vellent,
782 1220 835 1254 nauis

106 1281 125 1303 ao
133 1272 188 1307 nimis
203 1277 279 1306 onerata
294 1271 352 1316 mergi
367 1271 420 1315 cepit.
442 1271 518 1305 Turbati
536 1271 620 1306 monachi
636 1277 653 1306 et
669 1273 716 1307 mori
731 1278 835 1308 metuentes

133 1337 188 1370 opem
200 1326 258 1359 sancti
272 1325 364 1369 pontificis
379 1325 507 1368 implorabant.
530 1326 583 1367 Quod
595 1325 660 1359 videns
674 1331 748 1360 sanctus
761 1327 835 1371 signnm

133 1379 192 1412 crucis
207 1378 268 1419 edidit,
284 1383 302 1410 et
317 1378 369 1411 nauis
385 1378 407 1410 ab
423 1388 512 1420 aquarum
527 1378 649 1421 profunditate
664 1390 768 1422 emergens,
782 1379 835 1422 quasi

133 1431 178 1465 nihil
192 1430 254 1465 oneris
269 1430 325 1464 ferret
340 1430 363 1464 ad
379 1429 438 1474 ripam
453 1441 542 1475 prospero
558 1431 612 1476 lapsu
628 1437 691 1465 euecta
706 1438 739 1467 est.
784 1425 835 1469 Cum

133 1486 183 1520 enim
190 1485 308 1518 nunciaretur
315 1484 332 1518 ei
340 1484 432 1528 quendam
440 1484 550 1517 monachum
562 1484 651 1518 eliensem
659 1486 681 1518 ab
690 1496 747 1529 opere
758 1485 835 1520 ecclesie

107 1548 124 1578 25
133 1537 262 1583 precipitatum
273 1536 333 1571 subita
346 1541 404 1570 morte
418 1536 530 1580 occubuisse,
542 1537 646 1572 vehementi
660 1549 732 1573 merore
746 1540 834 1574 turbatur.

134 1592 215 1626 Nouerat
225 1590 274 1624 enim
282 1590 333 1624 illum
341 1600 378 1624 non
386 1590 528 1633 usquequaque⁷
535 1592 590 1625 vitam
601 1591 677 1625 duxisse
688 1592 764 1626 felicem.
787 1593 835 1627 Con-

133 1644 203 1677 uocatis
218 1650 279 1675 autem
295 1642 394 1675 Rameseie
409 1642 503 1675 monachis
516 1644 542 1675 rei
556 1648 642 1676 euentum
656 1644 723 1686 retulit,
737 1650 756 1678 et
768 1650 788 1678 vt
801 1654 835 1687 pro

134 1695 196 1731 anima
203 1694 284 1730 defuncti
291 1694 386 1729 dominum
394 1694 493 1729 studiosius
501 1701 574 1729 orarent
581 1695 679 1730 admonuit.
701 1696 773 1740 Vigiliis
781 1696 836 1741 igitur

133 1754 203 1790 vacant,
212 1747 288 1791 psalmis
297 1753 315 1781 et
322 1746 421 1788 lachrimis,
430 1752 448 1780 et
458 1748 481 1780 ad
490 1747 563 1782 ianuam
575 1748 700 1783 misericordie
712 1749 835 1794 redemptoris

107 1816 126 1845 30
134 1803 213 1847 pulsant.
237 1801 260 1834 Et
267 1812 310 1835 ecee
318 1806 371 1834 nocte
379 1801 458 1844 quadam
466 1801 554 1846 episcopo
567 1802 678 1837 orationibus
687 1802 778 1838 insistenti
786 1803 835 1837 idem

134 1856 230 1891 defunctus
236 1854 332 1889 visibiliter
339 1853 428 1898 apparuit,
435 1859 453 1888 et
461 1861 589 1898 percunctatus
597 1856 638 1900 quis
647 1861 701 1899 esset,
708 1857 759 1891 illum
766 1869 786 1891 se
793 1867 835 1892 esse

134 1920 167 1954 pro
181 1919 217 1953 quo
230 1909 285 1942 deum
299 1911 401 1951 rogauerat,
414 1908 513 1951 respondit.
535 1909 561 1943 At
574 1909 605 1943 ille
618 1909 725 1954 suspirans:
738 1910 835 1953 ‘Qualiten

133 1962 196 2004 inquit,
208 1961 265 1994 frater
276 1961 308 1993 tibi
320 1960 358 2000 fuit,
366 1960 395 1992 vel
403 1960 480 2002 qualiter
490 1971 538 1994 nunc
550 1963 602 1995 estl’
625 1962 736 2005 ‘Hactenus
744 1963 774 2004 ait,
782 1962 836 1996 valde

134 2015 187 2056 male,
200 2025 249 2049 nunc
262 2018 323 2056 autem
335 2012 389 2047 valde
399 2013 452 2047 bene.
474 2013 519 2048 Tuis
530 2014 598 2060 quippe
610 2014 680 2049 meritis
694 2020 712 2050 et
726 2015 812 2060 precibus
825 2024 836 2048 a

107 2082 125 2112 35
134 2068 187 2113 penis
199 2067 265 2111 quibus
277 2066 376 2106 cruciabar,
387 2076 421 2109 per
431 2067 516 2110 angelum
526 2078 580 2103 suum
592 2078 621 2102 me
632 2068 662 2103 die
673 2067 836 2112 hesternaeripuit

134 2120 225 2155 dominus.
248 2119 301 2160 Quod
317 2125 335 2152 et
349 2117 381 2152 tibi
396 2118 505 2154 insinuando
518 2121 561 2155 veni
575 2121 643 2165 gratias
656 2132 717 2166 agere,
730 2128 753 2163 et,
768 2120 836 2166 quam⁸

134 2174 226 2218 gratiosus
234 2183 268 2216 pro
277 2172 311 2205 hoc
319 2178 337 2205 et
345 2171 384 2205 aliis
392 2171 431 2206 iure
439 2173 507 2208 debeas
515 2175 549 2208 deo
557 2174 637 2208 existere
646 2175 711 2209 merito
718 2175 729 2218 ⁹,
737 2175 836 2209 insinuare.

135 2226 176 2267 Quo
188 2225 236 2258 dicto
245 2234 282 2257 non
293 2223 398 2267 comparuit.
444 2218 540 2261 Diocesim
552 2237 605 2261 suam
614 2226 709 2270 oportunis
721 2226 835 2271 temporibus

134 2287 241 2322 peragrans,
248 2275 333 2319 quicquid
339 2275 404 2310 elicere
408 2276 421 2297 ¹⁰
428 2283 499 2321 poterat
506 2278 525 2313 in
531 2279 613 2313 moribus
619 2276 695 2313 suorum
700 2279 763 2314 oculos
769 2276 836 2314 summi

106 2350 127 2379 40
135 2331 164 2365 dei
173 2330 271 2372 offendere,
280 2335 356 2373 paterna
364 2330 481 2374 castigatione
491 2332 584 2376 corripere
595 2338 649 2376 atque
660 2333 752 2377 corrigere
764 2338 836 2375 satage-

134 2386 170 2420 bat.
194 2383 235 2418 Hec
246 2388 331 2427 agentem
343 2382 417 2427 contigit
427 2384 466 2418 viee
477 2386 555 2429 quadam
563 2386 637 2421 venisse
650 2386 724 2430 Ripum,
732 2385 763 2421 vbi
771 2386 836 2420 beatus

154 2513 188 2543 ¹1³.
196 2513 294 2542 suadentem.
344 2511 466 2548 ²E.oetoginti.
519 2513 615 2543 ⁸om.inT.
665 2514 751 2546 ⁴E.cleri.
802 2511 836 2541 ΒΤ-

133 2554 209 2584 seculum.
276 2553 282 2571 ⁵
292 2551 330 2582 Wh.
337 2551 440 2582 munirentur.
507 2551 513 2570 ⁷
524 2553 542 2584 E.
549 2563 651 2592 vsquequam.
716 2555 722 2573 θ
732 2554 751 2586 E,
758 2552 836 2593 quoniam.

134 2594 140 2612 ³
151 2594 171 2625 al.
179 2603 209 2626 orn,
270 2592 282 2611 ¹⁰
292 2592 331 2624 Wh.
338 2592 414 2624 ediscere.
