1762 2803
129 87 159 129 60
321 84 401 138 mona
417 82 533 145 lahama
548 81 641 145 tocho.

131 203 199 239 lecistis
213 205 232 239 in
247 205 290 239 luna
305 211 369 250 quarta
382 206 535 240 fleubotomando
559 206 635 240 Memini
651 206 701 241 enim
713 206 832 240 Theodorum

131 259 289 303 archiepiscopum
301 260 361 294 dicere
369 261 417 303 quod
429 260 532 303 periculosa
543 260 588 294 satis
599 259 622 294 sit
633 260 680 294 illius
692 260 781 303 temporis
789 259 833 292 sseu-

131 312 216 354 botomia,
228 314 300 356 quando
309 318 326 345 et
334 313 397 346 lumen
405 312 449 345 lune
461 317 479 346 et
490 323 554 346 reuma
564 313 637 347 occeani
649 313 668 346 in
679 311 784 347 cremento¹
795 312 833 345 est!

133 364 155 398 Et
167 365 261 399 benedixit
274 376 315 399 earn
327 366 436 409 episcopus:
449 371 467 399 et
480 366 541 400 statim
555 366 606 400 dolor
619 366 695 400 recessit
708 371 726 400 et
739 371 805 405 tumor,
816 369 834 398 et

114 433 122 461 5
131 418 225 452 valitudini
229 418 280 462 virgo
288 420 372 453 restituta
380 424 413 452 est.
435 411 499 453 ²Cum
507 419 557 452 enim
565 418 728 452 reuerentissimus
736 418 834 451 Wilsridus

132 470 229 513 episcopus
237 475 279 513 post
288 472 363 514 longum
375 470 450 503 exilium
460 471 479 503 in
491 470 616 514 episcopatum
629 475 678 505 esset
686 468 834 513 hagustaldensis

132 523 207 557 ecclesie
222 528 312 567 receptus,
324 528 342 556 et
357 529 430 556 sanctus
444 523 542 566 Iohannes,
556 524 642 557 defuncto
658 525 706 557 Bosa
721 524 761 557 viro
777 524 834 556 multe

132 575 231 610 sanctitatis
237 581 254 610 et
262 576 374 617 humilitatis,
382 576 480 620 episcopus
489 587 523 620 pro
532 589 554 610 eo
563 577 640 610 Eboraci
646 582 696 610 esset
704 576 813 610 substitutus
819 575 835 616 ;²

132 629 155 662 ad
169 629 311 663 consecrandam
324 629 420 663 ecclesiam
433 634 506 673 rogatus
519 630 626 673 adueniens,
639 629 688 664 misit
704 630 728 664 de
743 640 789 673 aqua
804 629 835 662 illa

107 692 125 714 10
133 682 229 716 benedicta
239 682 292 717 vxori
304 683 398 718 cuiusdam
411 683 487 725 comitis,
501 683 607 718 infirmitate
623 683 731 727 grauissima
745 682 796 726 quasi
811 682 834 716 ad

133 741 210 768 mortem
218 736 316 778 languenti,
324 736 428 778 precipiens
433 741 452 770 vt
457 737 480 769 de
487 736 516 769 illa
524 742 610 780 gustaret,
618 742 637 768 et
642 736 745 779 vbicunque
751 736 834 768 dolorem

133 785 195 821 inesse
203 788 284 829 sentiret,
291 789 315 821 de
323 788 363 832 ipsa
369 799 416 831 aqua
423 788 458 831 [se]
464 788 470 807 ³
476 788 550 822 lauaret.
568 789 608 830 Quo
616 789 668 830 facto,
675 799 720 823 sana
726 788 812 829 surrexit,
817 792 835 820 et
843 824 845 827 ,

133 840 182 874 vires
195 851 215 874 se
232 841 325 884 recepisse
338 841 426 883 sentiens
438 841 475 875 leta
486 840 573 884 episcopo
583 842 669 884 poculum
681 841 749 874 obtulit.
795 832 836 873 Ro-

133 898 185 937 gatus
191 894 285 937 aquodam
292 894 357 928 comite
363 898 382 929 vt
387 894 461 928 visitare
466 893 677 938 dignaretur[puerum]⁴
682 905 736 927 suurn
741 893 836 927 infirmum

108 963 125 992 15
134 951 152 980 et
160 947 274 989 benedicere,
281 946 359 989 intrauit,
368 952 386 981 et
393 947 437 981 vidit
445 958 493 988 eum,
499 947 564 981 mestis
572 947 662 989 omuibus,
668 947 704 981 iam
712 946 765 981 morti
773 945 835 990 proxi-

134 1010 190 1042 mum,
197 1000 313 1044 positumque
318 1001 397 1033 loculum
403 1000 453 1034 iuxta
459 1011 501 1033 eum
507 999 526 1033 in
532 1011 568 1044 quo
574 1000 692 1044 sepeliendus
699 1001 743 1043 poni
749 1000 825 1033 deberet
831 1010 835 1040 ;

134 1058 152 1086 et
159 1052 252 1086 benedixit
260 1063 308 1086 eum.
332 1053 412 1086 Sedente
419 1057 461 1095 post
469 1053 503 1086 hec
511 1053 534 1086 ad
542 1062 624 1086 mensam
633 1053 724 1096 episcopo,
733 1052 782 1086 misit
790 1061 837 1095 puer

134 1106 157 1138 ad
165 1105 259 1138 dominum
270 1115 329 1146 suum,
339 1115 406 1148 rogans
414 1104 449 1138 sibi
456 1105 520 1138 vinum
528 1105 580 1145 mitti,
588 1105 631 1148 quia
638 1104 698 1139 sitiuit.
721 1104 800 1138 Gauisus
807 1103 837 1137 ille

134 1158 176 1199 quia
188 1157 251 1190 bibere
263 1163 331 1201 posset,
344 1157 393 1190 misit
406 1157 423 1190 ei
439 1157 513 1190 calicem
525 1158 563 1191 vini
575 1158 598 1190 ab
614 1158 700 1202 episcopo
715 1158 837 1191 benedictum.

107 1225 126 1246 20
135 1210 194 1252 Quem
202 1215 220 1245 vt
229 1210 278 1253 bibit,
286 1210 371 1245 continuo
379 1210 471 1245 surrexit:
484 1216 501 1245 et
513 1210 592 1245 induens
604 1222 630 1253 se,
638 1210 712 1245 intrauit
724 1216 742 1244 et
753 1209 837 1244 salutauit

135 1263 248 1308 episcopum,
257 1263 325 1305 dicens,
334 1264 376 1307 quia
387 1263 427 1307 ipse
436 1275 508 1307 quoque
516 1264 638 1298 delectaretur
646 1264 756 1297 manducare
765 1274 807 1297 cum
815 1274 837 1296 eo

135 1322 153 1350 ct
161 1316 229 1351 bibere.
252 1317 357 1358 Residebat,
365 1318 479 1357 vescebatur,
487 1317 565 1360 bibebat,
573 1323 591 1350 et
600 1317 694 1359 letabatur,
701 1316 753 1360 quasi
757 1327 806 1350 unus
814 1326 838 1349 ex

136 1370 168 1404 eis,
215 1363 304 1404 Famulus
318 1370 367 1403 enim
378 1369 446 1404 Christi
459 1370 582 1411 Herebaldus,
593 1370 612 1403 in
623 1370 671 1403 clero
685 1370 743 1403 sancti
756 1368 837 1413 episcopi

136 1423 232 1466 aliquando
242 1429 366 1464 conuersatus,
379 1428 443 1466 postea
450 1433 495 1457 vero
506 1423 563 1457 abbas
575 1422 680 1456 monasterii
688 1424 736 1465 quod
749 1428 777 1456 est
787 1421 838 1455 iuxta

109 1488 127 1518 ²5
137 1475 203 1510 ostium
211 1476 258 1510 Tine
266 1475 347 1509 fluminis
355 1475 437 1518 effectus,
445 1475 553 1510 miraculum
561 1476 580 1509 in
590 1487 611 1510 se
619 1476 680 1519 ipsum
689 1475 755 1510 lactum
761 1475 780 1509 in
789 1475 838 1509 hunc

136 1529 211 1563 modum
219 1529 310 1563 narrauit:
322 1529 379 1562 ‘Cum
387 1528 436 1563 enirn
444 1528 463 1563 in
470 1529 530 1573 primo
541 1528 663 1563 adolescentie
672 1535 755 1572 tempore
763 1528 781 1561 in
790 1529 838 1562 clero

136 1582 185 1615 illius
201 1583 294 1625 degerem,
308 1582 342 1615 sed
357 1582 439 1616 animum
452 1583 534 1626 perfecte
550 1593 561 1614 a
576 1581 686 1614 iuuenilibus
699 1581 790 1615 illecebris
801 1591 838 1614 non

137 1634 246 1676 cohiberem,
255 1635 330 1677 contigit
338 1635 368 1668 die
376 1636 461 1677 quadam,
470 1645 504 1668 nos
515 1634 551 1668 iter
562 1639 638 1676 agentes
650 1644 691 1667 cum
701 1634 731 1666 illo
739 1634 838 1667 deuenisse

137 1686 156 1719 in
164 1686 212 1719 viam
221 1687 295 1729 planam
303 1692 321 1719 et
329 1686 415 1729 amplam,
421 1691 519 1729 aptamque
525 1686 586 1719 cursui
592 1696 686 1728 equorum.
709 1685 839 1729 Ceperuntque

110 1749 129 1776 30
137 1738 219 1781 iuuenes,
228 1738 308 1772 maxime
319 1737 364 1780 laici,
377 1739 470 1782 postulare
481 1738 589 1782 episcopum
602 1743 621 1772 vt
633 1749 688 1771 cursu
700 1737 768 1771 maiore
780 1748 838 1781 equos

137 1802 181 1826 suos
189 1791 269 1826 inuicem
276 1792 354 1836 probare
362 1792 430 1826 liceret,
453 1791 499 1826 Cum
511 1802 578 1835 magna
590 1792 664 1826 denium
673 1791 759 1826 instantia
766 1790 802 1825 iliis
810 1801 839 1825 ac·

138 1846 241 1889 quiescens,
250 1847 260 1863 ‘¹
266 1845 332 1887 Facite,
344 1845 408 1889 inquit,
417 1845 432 1879 si
442 1845 502 1888 vultis,
511 1844 535 1878 ita
543 1850 604 1878 tamen
611 1850 631 1879 vt
639 1844 757 1879 Herebaldus
765 1844 839 1878 omnino

138 1909 158 1932 se
168 1898 272 1932 abstineat.¹’
297 1898 353 1932 Porro
366 1909 400 1941 ego
413 1898 517 1941 diligentius
531 1899 630 1932 obsecrans
640 1902 660 1931 vt
671 1902 689 1932 et
703 1897 747 1931 mihi
757 1897 840 1931 certandi

138 1962 180 1984 curn
192 1951 227 1984 illis
238 1952 312 1984 daretur
322 1952 378 1994 copia,
387 1961 503 1994 nequaquam
513 1951 612 1994 impetrare
624 1951 686 1994 potui,
698 1950 766 1984 lasciuo
778 1955 839 1984 tamen

112 2015 130 2044 55
139 2009 237 2048 superatus
259 2003 336 2044 animol,
354 2004 459 2038 ludentibus
478 2014 509 2037 me
528 2002 593 2037 miscui
612 2009 631 2037 et
651 2003 706 2037 simul
724 2013 779 2037 cursu
798 2003 840 2046 equi

139 2056 261 2090 contenderel
275 2056 320 2100 cepi.
343 2056 396 2097 Quod
411 2057 456 2090 dum
470 2067 550 2099 agerem,
566 2056 627 2089 audiui
641 2056 691 2088 illum
709 2061 752 2099 post
766 2061 840 2100 tergum

140 2107 184 2143 mihi
196 2120 237 2143 cum
250 2110 318 2153 gemitu
331 2109 434 2144 dicentem:
453 2109 486 2143 “O
497 2120 552 2154 quam
565 2120 652 2153 magnum
662 2120 685 2144 ve
699 2109 743 2144 sacis
756 2109 800 2143 mihi
814 2108 840 2143 sic

140 2161 238 2204 equitando
246 2165 249 2195 l
256 2163 266 2177 ”
284 2162 307 2195 Et
315 2173 349 2206 ego
357 2162 439 2204 audiens,
446 2162 565 2196 nihilominus
573 2161 696 2206 ceptisvetitis
705 2162 823 2206 perseueraui
829 2162 840 2197 ⁷.

141 2214 180 2247 Nec
193 2224 250 2254 mora,
262 2215 305 2248 dum
318 2215 392 2250 feruens
406 2226 464 2259 equus
472 2216 565 2258 quoddam
576 2215 648 2248 itineris
660 2225 760 2249 concauum
774 2225 841 2259 magno

112 2281 132 2308 40
140 2266 209 2311 impetu
224 2267 327 2308 transiliret,
340 2268 402 2311 lapsus
417 2268 481 2310 decidi,
497 2274 515 2302 et
530 2279 574 2302 mox
588 2268 639 2302 velut
654 2268 749 2301 mortuus⁸
765 2279 841 2302 sensum

140 2320 214 2366 penitus
232 2325 338 2363 motumque
356 2331 430 2355 omnem
449 2321 527 2364 perdidi,
543 2327 597 2364 atque
616 2320 673 2354 fracto
691 2320 762 2363 pollice,
777 2322 841 2363 capitis

141 2382 214 2417 quoque
225 2372 308 2407 iunctura
319 2373 428 2407 soluebatur.
450 2373 551 2408 Vomebam
564 2379 625 2408 autern
637 2373 752 2416 sanguinem,
762 2375 841 2416 eoquod

161 2449 166 2466 ¹
176 2448 212 2477 Ta,
220 2449 322 2477 incremento.
362 2446 384 2464 Η
394 2449 470 2485 precedes
476 2448 491 2477 in
498 2449 542 2478 Beda
549 2448 577 2478 the
584 2448 614 2477 last
620 2456 692 2486 passage,
738 2448 744 2466 ³
754 2447 791 2478 Ta.
799 2457 842 2484 eam;

142 2488 160 2517 cl
168 2488 216 2517 Beda.
272 2487 277 2505 ¹
287 2487 325 2518 T.E.
333 2486 390 2521 filium
402 2487 441 2517 Bed,
449 2498 496 2517 unum
505 2489 524 2517 de
530 2489 584 2525 pueris
592 2489 629 2519 eius⁴
684 2489 690 2505 ⁵
701 2489 718 2518 E.
726 2488 778 2518 animo
785 2489 842 2518 animo.

141 2528 147 2547 ⁶
157 2528 174 2558 E.
182 2529 285 2558 concendere.
327 2527 333 2545 ⁷
344 2527 383 2557 Bed.
392 2527 446 2558 institi.
487 2528 492 2545 ¹⁵
503 2529 541 2559 Bed.
549 2529 633 2559 emoriens.
