1762 2803
127 145 170 187 402
194 158 196 164 ι
315 132 395 184 muta
411 128 528 191 iacentia
543 128 637 190 tincta

127 252 264 286 sanctissimum
272 262 338 294 corpus
347 251 454 291 adueniens,
460 261 516 294 super
522 252 593 285 hastam
599 253 603 271 ¹
610 262 646 295 que
655 251 748 285 eminebat
755 251 831 285 eosdem

127 305 188 339 oculos
204 304 301 349 diligenter
313 304 404 348 apposuit.
434 304 474 338 Res
487 304 582 338 miranda:
600 306 628 339 vir
643 303 686 338 boni
703 303 774 338 consilii
791 314 832 337 cera

127 359 184 401 tangit
194 358 300 401 squalentes
311 358 377 399 oculos,
386 362 404 390 et
413 357 525 391 illuminator
534 364 597 392 noster
605 356 752 402 preciosissimus
762 356 831 389 Erken-

127 411 197 447 waldus
205 411 276 445 sublata
283 410 348 445 vmbra
355 410 418 444 lumen
426 410 486 445 reddit
495 411 594 445 oculorum.
612 411 635 445 Et
644 416 723 455 egrotus,
733 408 764 454 qui
776 414 830 444 antea

110 463 221 506 5maniacus
232 463 333 506 videbatur,
346 463 382 497 iarn
396 464 503 497 naturaliter
516 464 535 497 in
549 465 634 498 omnibus
647 463 737 497 membris
750 463 832 496 usualem

128 527 201 551 cursum
209 521 356 560 recuperauerat.
379 516 395 550 O
403 516 497 550 hominem
505 518 528 550 de
536 517 639 560 perditione
650 516 711 551 anime
722 521 740 550 et
751 514 833 559 corporis

128 569 245 603 Erkenwaldi
256 570 341 611 precibus
353 569 468 603 absolutum!
492 569 642 604 Sciscitantibus¹
654 569 684 613 qui
696 570 777 609 aderant,
788 579 833 611 quo-

128 621 182 655 modo
193 631 213 654 se
223 621 304 662 haberet,
312 621 347 654 tale
358 622 423 654 dicitur
433 621 507 655 dedisse
518 632 640 665 responsum:
654 621 705 665 ‘Ego
714 631 748 664 per
759 621 832 655 beatum

129 674 276 715 Erkenwaldum,
287 674 318 717 qui
330 680 412 708 mortuus
424 674 500 715 fueram,
510 674 546 708 iarn
558 674 611 717 viuo;
626 674 657 717 qui
669 673 738 709 lumine
751 672 833 718 priuatus

102 740 120 760 10
129 727 230 767 exnterem,
238 728 274 760 iam
281 728 345 761 video:
358 733 376 761 et
384 733 434 761 certe
440 729 555 762 venerabiles
561 728 620 772 ipsius
626 727 691 772 digitos
697 727 703 745 ¹
710 727 760 761 sensi
766 726 834 760 orbatis

128 779 227 815 luminibus
232 780 328 825 dignanter
334 779 433 825 appositos.
452 780 475 814 Et
481 780 515 814 hoc
521 780 528 799 ³
535 780 587 815 vobis
593 781 600 800 ⁴
606 780 679 825 signum
686 791 690 815 t
699 780 777 814 Crucem
784 780 834 814 illam

128 835 164 868 huc
175 835 249 869 afferte!
270 835 311 876 Qua
322 835 380 876 allata,
388 841 462 878 arrepta
472 845 505 868 acu
517 846 553 878 que
564 846 636 868 crucem
650 839 668 868 et
679 833 738 868 crucis
749 834 834 868 baculum

129 888 229 922 consuebat
240 886 324 928 extraxit,
332 892 350 921 et
358 887 424 921 iterum
432 888 502 921 cunctis
510 887 614 922 videntibus
625 888 685 931 primo
695 887 740 921 acu¹
752 887 834 921 foramen

129 939 217 983 impleuit.
263 933 344 974 lisdem⁶
351 940 466 984 temporibus
474 940 557 984 quidam¹
565 940 637 974 iuuenis
644 939 742 983 languidus
750 945 768 973 et
778 939 835 973 atroci

103 1004 120 1033 ¹5
129 993 234 1028 infirmitate
238 994 540 1037 correptus,postquamadmodum
549 993 604 1036 [diu]¹
611 998 653 1027 ante
658 993 776 1036 sepulchrum
782 1003 835 1035 sepe·

130 1044 172 1078 dicti
183 1044 262 1087 presulis
273 1044 331 1086 iacuit,
342 1043 418 1078 sanitate
430 1049 537 1087 recuperata
548 1054 609 1077 coram
621 1044 706 1077 omnibus
717 1042 834 1077 exclamauit:

130 1097 213 1133 ‘Gratias
224 1097 256 1131 tibi
268 1097 332 1140 refero,
342 1097 469 1139 Erkenwalde,
478 1098 509 1141 qui
520 1096 605 1131 infirmus
615 1097 650 1131 huc
658 1097 700 1132 veni
712 1101 730 1131 et
741 1098 796 1130 modo
804 1101 835 1130 tua

129 1150 229 1193 opitulante
238 1150 333 1183 clementia
344 1160 400 1183 sanus
409 1155 427 1184 et
435 1149 531 1184 incolumis
544 1160 580 1193 quo
588 1150 675 1183 voluero¹
687 1160 763 1193 possum
773 1151 835 1183 exire!

131 1203 169 1237 Nec
184 1202 218 1236 hoc
233 1201 404 1246 pretermittendum
414 1207 447 1235 ‘est
462 1203 510 1246 quod
527 1201 592 1235 diebus
607 1201 643 1234 illis
656 1203 735 1246 quedam
753 1207 836 1235 matrona

103 1270 122 1291 ιο
129 1255 186 1289 filiam
196 1255 290 1299 propriam
299 1257 394 1299 utriusque
408 1256 474 1289 sideris
486 1255 555 1290 lumine
567 1255 677 1295 destitutam,
686 1257 709 1290 ad
717 1256 834 1299 sepulchrum

130 1309 261 1352 preciosissimi
273 1308 355 1352 corporis
367 1308 386 1342 in
397 1308 496 1342 multorum
508 1309 601 1352 presentia
614 1319 677 1343 secum
689 1308 837 1342 lachrimabiliter

130 1362 216 1403 adduxit;
229 1368 247 1396 et
256 1363 317 1395 statim
327 1360 408 1395 oratione
418 1362 514 1405 completa,
525 1361 605 1396 subitam
615 1361 767 1396 illuminationem
777 1361 837 1405 puella

130 1415 200 1449 cunctis
208 1415 316 1449 mirantibus
324 1415 419 1448 euidenter
429 1414 511 1448 obtinuit.
557 1407 596 1449 Per
606 1415 656 1448 idem
667 1420 741 1459 tempus
752 1419 836 1458 egrotan-

130 1469 176 1502 tium
184 1469 280 1501 multitudo
292 1468 366 1510 copiosa
374 1473 417 1501 ante
428 1468 486 1501 sancti
496 1468 578 1502 tumbam
590 1467 673 1501 sanitatis
683 1467 764 1502 remedia
775 1478 837 1511 posce-

104 1532 122 1562 ²5
130 1522 166 1563 bat,
174 1520 221 1554 inter
229 1530 276 1564 quos
284 1519 358 1563 quidam
365 1519 475 1554 venerabilis
487 1519 570 1561 clericus,
579 1520 673 1554 cuiusdam
685 1520 747 1563 magni
758 1519 837 1553 nominis

131 1573 230 1614 notariust,
237 1583 272 1616 spe
279 1573 363 1606 sanitatis
371 1572 481 1615 recipiende,
490 1573 575 1606 omnibus
584 1573 614 1615 qui
623 1584 665 1606 eum
673 1578 763 1606 nouerant
770 1572 838 1605 miran-

131 1626 180 1661 tibus
189 1636 210 1660 se
219 1625 300 1660 medium
311 1624 405 1660 interiecit.
430 1625 478 1659 Nam
490 1636 531 1660 cum
542 1625 624 1660 medicus
635 1630 689 1668 esset,
701 1630 720 1660 et
730 1625 806 1659 minime
817 1635 838 1659 se

131 1688 165 1723 per
173 1688 194 1712 se
201 1676 231 1712 vel
239 1687 273 1721 per
280 1676 325 1710 alios
333 1686 397 1710 curare
404 1676 499 1720 potuisset,
507 1677 564 1710 odore
572 1676 701 1710 miraculorum
709 1676 767 1710 sancti
776 1676 837 1721 ponti·

132 1732 173 1766 ficis
181 1731 260 1765 refectus
266 1730 284 1772 ¹⁰,
293 1731 367 1763 tandem
376 1730 497 1773 prouentione
508 1730 551 1764 fidei
560 1731 660 1773 roboratus,
673 1730 764 1764 medicine
775 1730 838 1765 celesti

105 1798 124 1827 30
132 1789 190 1819 totum
202 1795 223 1817 se
239 1783 347 1817 destinauit:
364 1782 393 1817 dei
403 1793 476 1826 quoque
487 1782 632 1817 misericordiam
645 1784 756 1827 prestolatur
766 1782 838 1827 vigiliis,

132 1836 210 1877 ieiuniis,
216 1841 234 1870 et
239 1836 356 1877 orationibus,
363 1841 381 1869 et
390 1841 504 1880 ante‘corpus
510 1834 646 1870 sanctissimum
651 1837 706 1870 deum
712 1835 839 1870 lachrimabili-

132 1896 161 1926 ter
167 1890 301 1933 deprecaturvt
307 1893 405 1922 etsuorum
413 1888 514 1922 facinorum
519 1888 593 1923 veniam
599 1889 610 1907 ¹¹
617 1893 636 1922 et
641 1889 749 1931 languoris¹¹
758 1889 839 1923 remedia

105 1974 106 1978 ,
132 1941 341 1986 consequimereatur¹³.
358 1940 477 1985 Quidplura?
496 1941 839 1985 Dietertiaposthoramvespertinam

133 1995 217 2040 apparuit
225 1994 263 2037 [dei
270 1993 358 2037 potentia]
365 1994 377 2013 ¹¹
386 1994 445 2027 subito
454 2005 510 2037 supra
521 1999 642 2028 memoratum
651 1994 763 2037 languidum,
769 1994 839 2028 Erken-

105 2060 124 2091 35
132 2048 186 2084 waldi
192 2048 277 2091 precibus
282 2046 369 2088 adiutum,
375 2046 431 2080 immo
439 2046 516 2090 pristine
521 2045 593 2080 sanitati
599 2045 708 2089 restitutum,
714 2052 732 2080 et
738 2047 792 2081 huius
798 2057 839 2090 pre·

133 2102 207 2136 coniain
213 2098 310 2133 omnium¹⁵
315 2099 410 2142 presentia
416 2105 544 2134 resonantem:
552 2098 610 2134 ‘Sciat
615 2099 750 2134 hocvniuersus
755 2100 816 2134 clerus
821 2105 839 2135 et

133 2153 218 2199 populus,
226 2163 256 2187 me
266 2159 308 2187 ante
318 2163 385 2195 paucas
395 2152 450 2186 horas
461 2152 510 2187 letali
518 2152 624 2186 infirmitate
636 2159 757 2196 pregrauante
768 2152 793 2187 ita
803 2151 839 2187 mei

133 2207 221 2250 impotem
229 2204 317 2244 extitisse,
325 2210 344 2239 vt
354 2216 391 2238 non
402 2205 462 2239 solum
473 2215 560 2239 manuum
571 2205 631 2239 officia
638 2206 767 2250 perdidissem,
775 2216 840 2240 verum

134 2259 216 2294 omniurn
222 2259 348 2292 membrorum
356 2257 471 2291 adminiculis
476 2257 582 2292 caruissem.
597 2258 652 2292 Modo
658 2258 716 2293 sancti
722 2258 780 2293 nostri
786 2258 840 2292 meri-

107 2326 126 2355 40
134 2312 157 2348 tis
162 2312 326 2347 interuenientibus
332 2310 411 2345 sanitate
416 2317 527 2354 recuperata,
534 2310 558 2344 ita
565 2311 636 2345 validus
643 2311 707 2353 existo,
713 2316 732 2345 vt
738 2323 775 2345 non
781 2311 841 2346 solum

134 2366 245 2401 manducare
254 2365 284 2399 vel
294 2364 362 2406 bibere,
371 2374 405 2397 seu
416 2368 487 2397 ceteros
497 2364 590 2398 naturales
601 2364 684 2408 corporis
694 2374 761 2398 sensus
770 2364 840 2408 possim

154 2464 251 2494 ²T.astam.
292 2462 453 2494 ²E.scissitantibus.
493 2461 540 2492 3οιῐι.
548 2462 564 2492 in
574 2463 591 2492 T.
635 2463 751 2494 ¹E.T.nobis.
783 2463 841 2493 ⁵Boll.

135 2504 171 2534 ictu.
205 2503 238 2535 ὅΤ.
248 2503 266 2533 Ε,
275 2503 352 2533 lliisdem.
384 2502 493 2540 ⁷12quiuem.
528 2503 746 2537 ¹E.admodum;diuotn.
782 2502 839 2533 ⁹Boll.

135 2544 211 2573 notorius.
239 2544 250 2561 ¹⁰
260 2544 278 2572 T.
287 2544 383 2573 Rrelertur.
416 2543 426 2560 ¹¹
437 2543 455 2572 T.
466 2542 528 2572 veniam
538 2543 628 2574 facinorum.
656 2543 668 2563 ¹²
678 2543 695 2575 T.
705 2543 811 2581 E.languoris
819 2548 839 2573 et.

135 2584 148 2601 ¹¹
158 2583 175 2614 T.
182 2587 276 2614 mereantur.
311 2581 322 2600 ¹¹
333 2593 363 2613 om.
369 2584 385 2612 in
393 2582 410 2613 T.
416 2583 434 2612 E.
465 2582 477 2600 ¹¹
488 2582 506 2613 E.
516 2583 563 2614 omni,
