1762 2803
45 153 57 173 1.
68 141 108 171 aa
116 139 132 168 a
140 129 168 174 a]
252 125 536 182 stannaturam.
701 142 746 184 499

45 253 78 288 hec
91 254 119 284 est
132 246 234 284 certissima
249 257 303 282 causa
318 246 434 281 robustorum
450 256 547 292 corporum
562 257 599 291 que
614 246 683 293 passim
699 246 748 282 inter

45 311 114 340 ceteras
121 301 203 346 virgines
211 301 289 336 tenellas
297 300 422 335 inueniuntur.

61 400 73 436 t]
88 397 141 438 Quod
149 395 207 429 tribus
215 400 243 429 est
251 395 352 429 reuelatum
360 399 404 437 quot
411 394 445 427 viri
453 394 497 429 etin
506 394 577 428 illarum
585 401 638 429 erant
645 395 731 429 comitatu

306 452 324 480 et
333 457 375 481 eum
385 446 421 481 illis
429 447 489 482 occisi.

69 506 195 548 Personarum
203 510 308 546 sublimium
318 515 373 555 atque
380 510 473 546 virorum¹
482 510 512 556 qui
522 509 541 546 in
552 512 653 546 earundem
664 510 749 546 beatissi-

47 576 117 602 marum
125 565 199 599 suerunt
206 563 297 608 virginum
305 564 391 599 societate
399 565 510 608 interempti,
519 576 607 600 numerus
617 572 656 600 erat
668 565 750 610 aliquan·

48 621 104 653 tulum
113 619 154 662 plus
162 627 217 661 quam
225 617 351 651 ducentorum.
373 617 404 652 Sic
416 617 465 651 enim
474 618 545 653 duobus
554 624 625 653 constat
634 618 699 653 celitus
707 629 750 652 esse
759 631 768 660 5

48 671 153 706 reuelatum.
176 670 258 704 Fuerunt
273 670 327 705 etiam
342 669 391 704 inter
406 671 450 704 easl
463 676 546 706 matrone
566 682 601 716 que
620 672 644 705 de
658 671 751 716 virginum

48 725 118 759 illarum
125 735 161 758 non
169 728 221 757 erant
227 734 309 765 numero,
314 724 412 768 plusquam
418 725 503 759 ducente.
518 723 569 759 Licet
577 724 626 760 enirn
634 724 653 759 in
662 724 751 761 Passione

49 779 119 812 illarum
130 776 216 821 antiquat
228 777 277 811 nulla
287 776 368 811 virorum
380 779 410 821 qui
423 788 464 812 cum
477 777 515 812 eis⁴
527 784 579 812 erant
592 778 624 812 liat
637 778 707 813 mentio
718 788 752 823 pre

50 830 179 866 numerositate
186 829 277 874 virginum
287 835 305 864 et
312 831 435 873 multitudine,
442 836 504 865 tamen
517 831 594 875 quisque
601 831 608 850 ⁵
615 831 710 865 hominum
720 830 752 874 qui

50 895 94 917 sane
105 883 158 917 fuerit
170 883 243 925 mentis,
251 882 336 916 facillime
344 882 449 926 intelligens
461 883 550 924 aduertet‚
559 883 599 917 illas
610 883 697 922 virorum,
705 883 752 916 sieut
762 896 781 917 ro

51 935 190 980 supradiximus,
199 945 235 969 non
243 946 299 979 posse
306 935 312 954 ⁰
320 945 383 969 carere
391 934 479 979 obsequio
488 941 505 969 et
516 935 624 977 ministerio,
632 941 669 969 tam
679 935 753 979 nauigio

51 999 103 1034 quam
112 987 193 1033 pedestri
205 987 270 1023 itinere
282 987 361 1022 Romam
372 988 475 1023 tendentes.
498 988 596 1023 Funiculus
605 990 631 1033 (vt
639 989 713 1033 quidam
721 988 753 1031 ait)

51 1043 116 1085 triplex
125 1041 198 1075 difficile
206 1041 301 1086 rumpitur.
312 1041 379 1075 Tribus
388 1052 432 1075 sane
441 1041 505 1076 celitus
511 1042 612 1077 reuelatum
619 1043 700 1087 estquod
706 1042 753 1076 viro·

52 1106 92 1129 rum
98 1095 171 1140 quidam
177 1095 196 1129 in
201 1105 264 1130 earum
269 1094 350 1130 fuerant⁷
356 1094 447 1136 comitatu,
454 1100 472 1129 et
476 1100 609 1130 matronarum:
618 1095 669 1130 fratri
676 1095 754 1136 cuidam,

53 1154 105 1192 atque
117 1148 219 1191 virginibus
232 1149 307 1181 duabus.
335 1147 400 1181 Felicis
415 1147 503 1182 memorie
519 1147 570 1191 virgo
585 1147 680 1182 Elizabeth
691 1147 754 1182 scribit
763 1160 782 1191 15

54 1201 141 1235 Ciriacum
153 1210 220 1245 papam
233 1210 274 1235 cum
286 1199 373 1234 cardinali
381 1199 477 1234 Vincentio
489 1199 560 1234 illarum
568 1199 672 1235 interfuisse
681 1199 728 1235 cetui
736 1205 755 1235 et

54 1253 138 1289 societati.
156 1253 179 1288 Et
185 1264 220 1288 nos
227 1252 324 1288 scribimus
331 1254 410 1288 eundern
418 1254 501 1298 [papam]
508 1264 549 1288 cum
556 1254 628 1288 duobus
633 1254 755 1289 cardinalibus

54 1306 117 1341 Pontio
129 1311 146 1341 et
154 1307 214 1348 Petro,
222 1312 276 1351 atque
287 1317 329 1341 curn
340 1307 423 1350 pluribus
434 1306 519 1351 personis
531 1307 590 1342 adhuc
599 1307 629 1351 qui
637 1318 679 1342 eum
688 1318 754 1352 seque-

54 1360 123 1400 bantur,
128 1360 238 1393 interfuisse.
249 1360 454 1402 Binominis⁸stquidem
459 1365 548 1393 eratvnus
553 1360 624 1393 illorum
630 1360 756 1393 cardInalium:

55 1421 96 1446 narn
111 1412 177 1447 Petrus
190 1411 297 1446 Vincentius
312 1410 443 1455 appellabatur.
467 1411 505 1445 Nee
521 1411 555 1445 hoc
570 1412 666 1456 quicquam
681 1413 786 1457 derogatio

55 1464 124 1498 veritati
132 1466 181 1508 quod
188 1464 219 1498 illa
226 1476 263 1499 non
272 1465 365 1509 scripserit
371 1465 434 1509 plures
442 1475 482 1499 cum
491 1465 522 1499 illo
530 1465 586 1500 luisse
592 1464 692 1506 comitatos,
698 1469 716 1499 et
722 1475 757 1500 nos

56 1517 116 1561 plures
123 1519 267 1563 scrips[er]imus
275 1518 337 1552 illun1⁹
344 1517 401 1552 luisse
408 1525 502 1563 sequutos.
525 1518 553 1553 Ita
562 1519 617 1553 etiam
622 1519 636 1538 ¹⁰
643 1518 757 1563 euangeliste

56 1571 124 1605 sancti³
137 1572 223 1607 videntur
237 1572 318 1617 impares
333 1571 381 1606 inter
395 1582 421 1614 se,
433 1572 560 1608 discordantes
576 1571 595 1606 in
611 1571 693 1616 pluribus
708 1571 758 1606 locis.

57 1622 122 1657 Scribit
133 1636 181 1658 vnus
192 1625 265 1658 illorum
278 1624 372 1658 dominum
386 1625 479 1668 quendam
492 1624 625 1665 demoniacum,
636 1624 655 1658 in
669 1635 706 1669 quo
719 1629 758 1659 erat

58 1675 104 1719 legio
112 1677 217 1720 demonum,
225 1688 310 1712 curasse:
323 1676 385 1712 scribit
396 1676 442 1711 alter
450 1677 495 1711 duos
504 1678 527 1711 de
535 1677 633 1721 sepulchro
644 1678 759 1722 processisse
768 1696 787 1728 ²5

57 1733 110 1772 atque
118 1741 128 1764 a
136 1730 208 1775 legione
213 1732 313 1765 demonum
318 1737 390 1765 curatos
396 1742 431 1775 per
436 1729 535 1765 Christum.
553 1731 620 1765 Scribit
625 1741 672 1766 vnus
678 1731 759 1766 latrones

58 1782 150 1818 dominum
170 1785 306 1820 conuiciantes:
326 1784 387 1819 scn'bit
406 1783 453 1818 alter
467 1784 527 1819 solum
541 1794 604 1819 vnum.
635 1783 692 1819 Porro
707 1784 759 1828 virgo

59 1833 151 1871 Elizabeth
166 1839 249 1882 predicta
264 1837 323 1872 dicit¹¹
335 1838 398 1881 plures
412 1837 541 1881 episcoporum
552 1836 653 1882 virginibus
669 1837 725 1872 sacris
740 1837 758 1871 in

59 1889 122 1923 eodem
135 1891 201 1925 itinere
213 1891 269 1924 fuisse
281 1891 387 1932 associatos,
401 1891 450 1933 quod
463 1901 497 1923 nos
509 1890 554 1923 satis
567 1891 695 1933 approbamus.
723 1890 759 1924 Hic

59 1949 123 1976 reuera
134 1944 198 1979 beatus
209 1944 357 1987 extatvirginum
365 1942 408 1977 linis
419 1942 566 1977 beatissimarum
571 1941 585 1962 ¹²
591 1942 677 1977 vndecim
688 1942 759 1977 milium
768 1961 788 1992 30

59 1993 199 2042 sociarumque¹⁵
207 1997 279 2033 illarum
287 2001 362 2032 sanetus
370 2001 388 2031 et
395 1994 497 2038 laudabilis,
505 2006 541 2040 que
549 1994 636 2031 vniuerse
643 1995 760 2041 triumphalis

60 2046 122 2082 necis³
134 2050 215 2094 palmam
229 2050 366 2095 perhennisque
378 2049 415 2085 vite
428 2059 515 2084 coronam
527 2048 575 2083 rosei
588 2050 658 2084 cruoris
671 2049 761 2085 effusione

61 2104 103 2133 sunt
119 2102 185 2148 adepte
208 2109 263 2148 atque
281 2103 354 2139 celestis
377 2101 440 2147 sponsi
459 2101 575 2146 amplexibus
593 2101 651 2137 beatis
670 2107 761 2147 perpetuo

61 2155 153 2191 associate.
188 2156 321 2192 Vniuersarum
335 2156 426 2201 siquidem
442 2154 533 2199 virginum
551 2161 656 2190 sanctarum
673 2156 761 2200 reginam,

62 2205 132 2260 celestis
139 2210 204 2252 sponsi
212 2209 240 2243 sui
248 2209 355 2252 genitricem
362 2208 412 2253 piam
417 2207 516 2249 imitantes,
520 2218 579 2251 vsque
587 2209 610 2243 ad
618 2208 674 2243 finem
680 2208 762 2252 virgines
770 2227 790 2258 ³5

62 2260 176 2295 immaculate
187 2267 340 2306 permanserunt:
354 2260 463 2305 sanguinem
475 2269 529 2296 suum
542 2270 576 2305 pro
588 2271 610 2295 eo
623 2260 726 2303 fundentes,
738 2260 762 2296 ab

62 2312 131 2354 angelis
138 2313 157 2348 in
166 2315 225 2350 celum
233 2315 271 2350 suis
283 2315 404 2356 consortibus,
412 2313 481 2349 sanctis
488 2313 573 2348 videlicet
580 2313 687 2358 virginibus,
695 2314 763 2348 associ-

62 2362 109 2398 ande
124 2366 254 2413 perferuntur;
270 2367 301 2404 vbi
319 2368 382 2405 felices
400 2378 469 2414 sponse
486 2366 591 2403 dulcissimo
610 2378 680 2412 sponso
695 2367 764 2403 summi

63 2489 116 2558 ,1¹3ss
124 2495 197 2542 atrorum.
248 2498 283 2530 ²13.
291 2498 330 2530 ruas.
383 2497 480 2529 mans.
533 2497 569 2528 ¹13.
577 2496 612 2527 ins.
663 2496 698 2528 ³13.
707 2496 765 2536 quiuis.

65 2539 179 2600 l&Potuisse
219 2536 332 2587 ⁷B.suerupt3
373 2538 522 2586 ⁸B.Binomius.v
544 2537 579 2568 ⁹13.
587 2547 628 2569 eum.
669 2538 765 2569 ¹²Benim.

100 2574 162 2608 .d0cet.
203 2577 215 2596 ¹²
226 2579 245 2610 Β.
253 2584 401 2609 sacratissimarum.
442 2579 453 2598 ¹³
464 2579 483 2609 B.
491 2587 605 2615 sociorumque.

389 2635 440 2669 reka
