<?xml version="1.0" encoding="UTF-8"?>
<!DOCTYPE html PUBLIC "-//W3C//DTD XHTML 1.0 Transitional//EN"
    "http://www.w3.org/TR/xhtml1/DTD/xhtml1-transitional.dtd">
<html xmlns="http://www.w3.org/1999/xhtml" xml:lang="en" lang="en">
 <head>
  <title>
</title>
<meta http-equiv="Content-Type" content="text/html;charset=utf-8" />
  <meta name='ocr-system' content='tesseract 3.04.00' />
  <meta name='ocr-capabilities' content='ocr_page ocr_carea ocr_par ocr_line ocrx_word'/>
</head>
<body>
  <div class='ocr_page' id='page_1' title='image "./MN5111ucmf_0/MN5111ucmf_0_1050.png"; bbox 0 0 1762 2803; ppageno 0'>
   <div class='ocr_carea' id='block_1_1' title="bbox 112 109 652 194">
    <p class='ocr_par' dir='ltr' id='par_1_1' title="bbox 112 109 652 194">
     <span class='ocr_line' id='line_1_1' title="bbox 112 109 652 194; baseline -0.011 -25"><span class='ocrx_word' id='word_1_1' title='bbox 112 111 114 116; x_wconf 83' lang='grc'>’</span> <span class='ocrx_word' id='word_1_2' title='bbox 140 125 185 169; x_wconf 83' lang='lat'>434</span> <span class='ocrx_word' id='word_1_3' title='bbox 213 191 214 194; x_wconf 8' lang='grc' dir='ltr'><strong>Ἴ</strong></span> <span class='ocrx_word' id='word_1_4' title='bbox 332 109 652 174; x_wconf 63' lang='lat' dir='ltr'>monumentumque.</span> 
     </span>
    </p>
   </div>
   <div class='ocr_carea' id='block_1_2' title="bbox 115 231 878 2455">
    <p class='ocr_par' dir='ltr' id='par_1_2' title="bbox 115 231 844 754">
     <span class='ocr_line' id='line_1_2' title="bbox 140 231 843 278; baseline -0.001 -10"><span class='ocrx_word' id='word_1_5' title='bbox 140 233 205 268; x_wconf 93' lang='lat' dir='ltr'>sedem</span> <span class='ocrx_word' id='word_1_6' title='bbox 213 231 274 267; x_wconf 91' lang='lat' dir='ltr'>statim</span> <span class='ocrx_word' id='word_1_7' title='bbox 282 232 392 278; x_wconf 85' lang='lat' dir='ltr'>appellauit:</span> <span class='ocrx_word' id='word_1_8' title='bbox 404 236 422 267; x_wconf 91' lang='lat' dir='ltr'>et</span> <span class='ocrx_word' id='word_1_9' title='bbox 432 242 467 277; x_wconf 94' lang='lat' dir='ltr'>pro</span> <span class='ocrx_word' id='word_1_10' title='bbox 478 242 542 267; x_wconf 87' lang='lat' dir='ltr'>eorum</span> <span class='ocrx_word' id='word_1_11' title='bbox 555 232 646 267; x_wconf 88' lang='lat' dir='ltr'>iniusticia</span> <span class='ocrx_word' id='word_1_12' title='bbox 655 231 765 278; x_wconf 86' lang='lat' dir='ltr'>indignatus,</span> <span class='ocrx_word' id='word_1_13' title='bbox 773 232 843 267; x_wconf 81' lang='lat' dir='ltr'>reflexo</span> 
     </span>
     <span class='ocr_line' id='line_1_3' title="bbox 140 285 844 330; baseline -0.001 -9"><span class='ocrx_word' id='word_1_14' title='bbox 140 296 207 330; x_wconf 83' lang='lat' dir='ltr'>gressu</span> <span class='ocrx_word' id='word_1_15' title='bbox 219 286 279 320; x_wconf 94' lang='lat' dir='ltr'>aulam</span> <span class='ocrx_word' id='word_1_16' title='bbox 294 285 357 329; x_wconf 84' lang='lat' dir='ltr'>egredi</span> <span class='ocrx_word' id='word_1_17' title='bbox 372 286 426 329; x_wconf 83' lang='lat' dir='ltr'><strong>cepit.</strong></span> <span class='ocrx_word' id='word_1_18' title='bbox 454 285 478 319; x_wconf 88' lang='lat' dir='ltr'>Et</span> <span class='ocrx_word' id='word_1_19' title='bbox 492 285 567 320; x_wconf 90' lang='lat' dir='ltr'>intuens</span> <span class='ocrx_word' id='word_1_20' title='bbox 581 286 671 330; x_wconf 90' lang='lat' dir='ltr'>quosdam</span> <span class='ocrx_word' id='word_1_21' title='bbox 687 287 732 321; x_wconf 89' lang='lat' dir='ltr'>satis</span> <span class='ocrx_word' id='word_1_22' title='bbox 746 286 789 320; x_wconf 81' lang='lat' dir='ltr'>sedo</span> <span class='ocrx_word' id='word_1_23' title='bbox 804 285 844 320; x_wconf 88' lang='lat' dir='ltr'>suis</span> 
     </span>
     <span class='ocr_line' id='line_1_4' title="bbox 141 337 843 383; baseline -0.001 -10"><span class='ocrx_word' id='word_1_24' title='bbox 141 338 213 373; x_wconf 85' lang='lat' dir='ltr'>casibus</span> <span class='ocrx_word' id='word_1_25' title='bbox 221 338 309 372; x_wconf 90' lang='lat' dir='ltr'>insultare</span> <span class='ocrx_word' id='word_1_26' title='bbox 316 337 410 380; x_wconf 87' lang='lat' dir='ltr'>cachinno,</span> <span class='ocrx_word' id='word_1_27' title='bbox 419 337 451 380; x_wconf 80' lang='lat'>‘0‚</span> <span class='ocrx_word' id='word_1_28' title='bbox 459 337 523 382; x_wconf 87' lang='lat' dir='ltr'>inquit,</span> <span class='ocrx_word' id='word_1_29' title='bbox 531 338 564 372; x_wconf 91' lang='lat' dir='ltr'>filii</span> <span class='ocrx_word' id='word_1_30' title='bbox 568 338 580 382; x_wconf 84' lang='lat'>¹,</span> <span class='ocrx_word' id='word_1_31' title='bbox 587 338 635 373; x_wconf 82' lang='lat' dir='ltr'>felici</span> <span class='ocrx_word' id='word_1_32' title='bbox 643 338 766 383; x_wconf 82' lang='lat' dir='ltr'>prosperitate</span> <span class='ocrx_word' id='word_1_33' title='bbox 774 337 843 373; x_wconf 88' lang='lat' dir='ltr'>ducatis</span> 
     </span>
     <span class='ocr_line' id='line_1_5' title="bbox 141 390 843 437; baseline 0 -11"><span class='ocrx_word' id='word_1_34' title='bbox 141 396 225 436; x_wconf 89' lang='lat' dir='ltr'>tempora</span> <span class='ocrx_word' id='word_1_35' title='bbox 238 391 302 436; x_wconf 86' lang='lat' dir='ltr'>longa:</span> <span class='ocrx_word' id='word_1_36' title='bbox 319 391 353 426; x_wconf 89' lang='lat' dir='ltr'>sed</span> <span class='ocrx_word' id='word_1_37' title='bbox 364 390 458 435; x_wconf 88' lang='lat' dir='ltr'>noueritis,</span> <span class='ocrx_word' id='word_1_38' title='bbox 470 392 574 437; x_wconf 82' lang='lat' dir='ltr'>quantotius</span> <span class='ocrx_word' id='word_1_39' title='bbox 586 403 627 427; x_wconf 89' lang='lat' dir='ltr'>sors</span> <span class='ocrx_word' id='word_1_40' title='bbox 638 391 705 427; x_wconf 86' lang='lat' dir='ltr'>infesta</span> <span class='ocrx_word' id='word_1_41' title='bbox 716 391 796 427; x_wconf 88' lang='lat' dir='ltr'>resoluet</span> <span class='ocrx_word' id='word_1_42' title='bbox 809 391 843 426; x_wconf 91' lang='lat' dir='ltr'>hec</span> 
     </span>
     <span class='ocr_line' id='line_1_6' title="bbox 125 444 844 490; baseline 0.001 -12"><span class='ocrx_word' id='word_1_43' title='bbox 125 457 133 487; x_wconf 89' lang='lat'><strong>5</strong></span> <span class='ocrx_word' id='word_1_44' title='bbox 142 445 207 489; x_wconf 84' lang='lat' dir='ltr'>gaudia</span> <span class='ocrx_word' id='word_1_45' title='bbox 214 450 281 479; x_wconf 88' lang='lat' dir='ltr'>vestra.</span> <span class='ocrx_word' id='word_1_46' title='bbox 299 445 340 478; x_wconf 90' lang='lat' dir='ltr'>Non</span> <span class='ocrx_word' id='word_1_47' title='bbox 346 445 352 465; x_wconf 80' lang='lat'><strong>²</strong></span> <span class='ocrx_word' id='word_1_48' title='bbox 359 444 411 489; x_wconf 91' lang='lat' dir='ltr'>prius</span> <span class='ocrx_word' id='word_1_49' title='bbox 419 445 468 479; x_wconf 91' lang='lat' dir='ltr'>hunc</span> <span class='ocrx_word' id='word_1_50' title='bbox 476 456 545 480; x_wconf 90' lang='lat' dir='ltr'>annum</span> <span class='ocrx_word' id='word_1_51' title='bbox 553 446 632 481; x_wconf 91' lang='lat' dir='ltr'>transire</span> <span class='ocrx_word' id='word_1_52' title='bbox 639 445 729 489; x_wconf 90' lang='lat' dir='ltr'>videbitis,</span> <span class='ocrx_word' id='word_1_53' title='bbox 736 456 791 490; x_wconf 92' lang='lat' dir='ltr'>quam</span> <span class='ocrx_word' id='word_1_54' title='bbox 798 445 844 479; x_wconf 88' lang='lat' dir='ltr'>istas</span> 
     </span>
     <span class='ocr_line' id='line_1_7' title="bbox 141 498 844 542; baseline 0.001 -11"><span class='ocrx_word' id='word_1_55' title='bbox 141 507 187 542; x_wconf 86' lang='lat' dir='ltr'>quas</span> <span class='ocrx_word' id='word_1_56' title='bbox 196 508 252 541; x_wconf 91' lang='lat' dir='ltr'>super</span> <span class='ocrx_word' id='word_1_57' title='bbox 259 508 289 531; x_wconf 90' lang='lat' dir='ltr'>me</span> <span class='ocrx_word' id='word_1_58' title='bbox 297 498 400 532; x_wconf 84' lang='lat' dir='ltr'>derisiones</span> <span class='ocrx_word' id='word_1_59' title='bbox 407 498 484 541; x_wconf 88' lang='lat' dir='ltr'>habetis,</span> <span class='ocrx_word' id='word_1_60' title='bbox 493 499 559 534; x_wconf 92' lang='lat' dir='ltr'>acerbo</span> <span class='ocrx_word' id='word_1_61' title='bbox 569 509 642 533; x_wconf 88' lang='lat' dir='ltr'>merore</span> <span class='ocrx_word' id='word_1_62' title='bbox 651 499 717 533; x_wconf 71' lang='lat' dir='ltr'>luatis!</span> <span class='ocrx_word' id='word_1_63' title='bbox 741 499 764 532; x_wconf 90' lang='lat' dir='ltr'>Et</span> <span class='ocrx_word' id='word_1_64' title='bbox 775 498 844 532; x_wconf 84' lang='lat' dir='ltr'>sactum</span> 
     </span>
     <span class='ocr_line' id='line_1_8' title="bbox 141 551 843 595; baseline -0.001 -10"><span class='ocrx_word' id='word_1_65' title='bbox 141 556 170 585; x_wconf 92' lang='lat' dir='ltr'>est</span> <span class='ocrx_word' id='word_1_66' title='bbox 186 551 217 593; x_wconf 89' lang='lat' dir='ltr'>ita,</span> <span class='ocrx_word' id='word_1_67' title='bbox 234 560 277 584; x_wconf 89' lang='lat' dir='ltr'>nam</span> <span class='ocrx_word' id='word_1_68' title='bbox 289 555 374 584; x_wconf 87' lang='lat' dir='ltr'>conserto</span> <span class='ocrx_word' id='word_1_69' title='bbox 385 551 438 595; x_wconf 89' lang='lat' dir='ltr'>graui</span> <span class='ocrx_word' id='word_1_70' title='bbox 451 552 509 595; x_wconf 90' lang='lat' dir='ltr'>prelio</span> <span class='ocrx_word' id='word_1_71' title='bbox 521 552 569 586; x_wconf 89' lang='lat' dir='ltr'>inter</span> <span class='ocrx_word' id='word_1_72' title='bbox 582 552 678 595; x_wconf 84' lang='lat' dir='ltr'>ngridum</span> <span class='ocrx_word' id='word_1_73' title='bbox 691 556 709 585; x_wconf 94' lang='lat' dir='ltr'>et</span> <span class='ocrx_word' id='word_1_74' title='bbox 723 551 843 585; x_wconf 89' lang='lat' dir='ltr'>Ethelredum</span> 
     </span>
     <span class='ocr_line' id='line_1_9' title="bbox 141 603 844 647; baseline 0.001 -11"><span class='ocrx_word' id='word_1_75' title='bbox 141 614 205 647; x_wconf 87' lang='lat' dir='ltr'>regem</span> <span class='ocrx_word' id='word_1_76' title='bbox 221 603 332 637; x_wconf 90' lang='lat' dir='ltr'>Merciorum</span> <span class='ocrx_word' id='word_1_77' title='bbox 347 603 399 638; x_wconf 83' lang='lat' dir='ltr'>iuxta</span> <span class='ocrx_word' id='word_1_78' title='bbox 413 603 490 638; x_wconf 89' lang='lat' dir='ltr'>fluuium</span> <span class='ocrx_word' id='word_1_79' title='bbox 509 604 603 647; x_wconf 90' lang='lat' dir='ltr'>Trentam,</span> <span class='ocrx_word' id='word_1_80' title='bbox 618 604 689 639; x_wconf 91' lang='lat' dir='ltr'>occisus</span> <span class='ocrx_word' id='word_1_81' title='bbox 706 608 735 638; x_wconf 88' lang='lat' dir='ltr'>est</span> <span class='ocrx_word' id='word_1_82' title='bbox 754 603 844 638; x_wconf 88' lang='lat' dir='ltr'>Elswinus</span> 
     </span>
     <span class='ocr_line' id='line_1_10' title="bbox 142 655 844 703; baseline 0.001 -13"><span class='ocrx_word' id='word_1_83' title='bbox 142 655 198 690; x_wconf 85' lang='lat' dir='ltr'>frater</span> <span class='ocrx_word' id='word_1_84' title='bbox 205 656 254 701; x_wconf 87' lang='lat' dir='ltr'>regis</span> <span class='ocrx_word' id='word_1_85' title='bbox 263 656 338 701; x_wconf 83' lang='lat' dir='ltr'>Egsridi,</span> <span class='ocrx_word' id='word_1_86' title='bbox 345 668 370 691; x_wconf 86' lang='lat' dir='ltr'>ex</span> <span class='ocrx_word' id='word_1_87' title='bbox 377 658 429 692; x_wconf 90' lang='lat' dir='ltr'>cuius</span> <span class='ocrx_word' id='word_1_88' title='bbox 437 663 496 691; x_wconf 87' lang='lat' dir='ltr'>morte</span> <span class='ocrx_word' id='word_1_89' title='bbox 504 658 564 692; x_wconf 90' lang='lat' dir='ltr'>omnis</span> <span class='ocrx_word' id='word_1_90' title='bbox 572 657 631 692; x_wconf 88' lang='lat' dir='ltr'>leticia</span> <span class='ocrx_word' id='word_1_91' title='bbox 641 669 697 703; x_wconf 87' lang='lat' dir='ltr'>quam</span> <span class='ocrx_word' id='word_1_92' title='bbox 705 659 728 692; x_wconf 92' lang='lat' dir='ltr'>de</span> <span class='ocrx_word' id='word_1_93' title='bbox 735 656 844 702; x_wconf 85' lang='lat' dir='ltr'>expulsione</span> 
     </span>
     <span class='ocr_line' id='line_1_11' title="bbox 115 709 776 754; baseline 0.006 -12"><span class='ocrx_word' id='word_1_94' title='bbox 115 719 134 742; x_wconf 84' lang='lat'>10</span> <span class='ocrx_word' id='word_1_95' title='bbox 142 709 223 745; x_wconf 82' lang='lat' dir='ltr'>Wiliridi</span> <span class='ocrx_word' id='word_1_96' title='bbox 233 711 341 754; x_wconf 85' lang='lat' dir='ltr'>habuerant,</span> <span class='ocrx_word' id='word_1_97' title='bbox 349 710 397 746; x_wconf 93' lang='lat' dir='ltr'>iusto</span> <span class='ocrx_word' id='word_1_98' title='bbox 405 710 434 745; x_wconf 91' lang='lat' dir='ltr'>dei</span> <span class='ocrx_word' id='word_1_99' title='bbox 442 710 508 746; x_wconf 90' lang='lat' dir='ltr'>iudicio</span> <span class='ocrx_word' id='word_1_100' title='bbox 515 712 534 745; x_wconf 91' lang='lat' dir='ltr'>in</span> <span class='ocrx_word' id='word_1_101' title='bbox 542 711 637 746; x_wconf 83' lang='lat' dir='ltr'>tristiciam</span> <span class='ocrx_word' id='word_1_102' title='bbox 645 721 735 746; x_wconf 89' lang='lat' dir='ltr'>conuersa</span> <span class='ocrx_word' id='word_1_103' title='bbox 743 716 776 746; x_wconf 90' lang='lat' dir='ltr'>cst.</span> 
     </span>
    </p>

    <p class='ocr_par' dir='ltr' id='par_1_3' title="bbox 142 756 844 968">
     <span class='ocr_line' id='line_1_12' title="bbox 165 756 844 808; baseline 0 -10"><span class='ocrx_word' id='word_1_104' title='bbox 165 756 192 798; x_wconf 84' lang='lat' dir='ltr'>Et</span> <span class='ocrx_word' id='word_1_105' title='bbox 203 774 245 798; x_wconf 93' lang='lat' dir='ltr'>cum</span> <span class='ocrx_word' id='word_1_106' title='bbox 255 775 306 798; x_wconf 88' lang='lat' dir='ltr'>mare</span> <span class='ocrx_word' id='word_1_107' title='bbox 315 764 407 806; x_wconf 81' lang='lat' dir='ltr'>intrasset,</span> <span class='ocrx_word' id='word_1_108' title='bbox 415 769 485 798; x_wconf 93' lang='lat' dir='ltr'>mutato</span> <span class='ocrx_word' id='word_1_109' title='bbox 491 769 547 798; x_wconf 90' lang='lat' dir='ltr'>vento</span> <span class='ocrx_word' id='word_1_110' title='bbox 559 764 636 798; x_wconf 89' lang='lat' dir='ltr'>Frisiam</span> <span class='ocrx_word' id='word_1_111' title='bbox 647 764 719 808; x_wconf 91' lang='lat' dir='ltr'>pulsus,</span> <span class='ocrx_word' id='word_1_112' title='bbox 726 764 804 798; x_wconf 89' lang='lat' dir='ltr'>verbum</span> <span class='ocrx_word' id='word_1_113' title='bbox 814 762 844 797; x_wconf 92' lang='lat' dir='ltr'>dei</span> 
     </span>
     <span class='ocr_line' id='line_1_13' title="bbox 142 816 844 860; baseline -0.001 -10"><span class='ocrx_word' id='word_1_114' title='bbox 142 816 210 851; x_wconf 92' lang='lat' dir='ltr'>ibidem</span> <span class='ocrx_word' id='word_1_115' title='bbox 216 817 313 860; x_wconf 90' lang='lat' dir='ltr'>predicans</span> <span class='ocrx_word' id='word_1_116' title='bbox 318 816 474 850; x_wconf 86' lang='lat' dir='ltr'>multahominum</span> <span class='ocrx_word' id='word_1_117' title='bbox 479 816 689 850; x_wconf 87' lang='lat' dir='ltr'>miliaadfidemChristi</span> <span class='ocrx_word' id='word_1_118' title='bbox 694 816 789 851; x_wconf 86' lang='lat' dir='ltr'>conuertit.</span> <span class='ocrx_word' id='word_1_119' title='bbox 800 816 844 850; x_wconf 84' lang='lat' dir='ltr'>Erat</span> 
     </span>
     <span class='ocr_line' id='line_1_14' title="bbox 142 868 844 914; baseline 0 -11"><span class='ocrx_word' id='word_1_120' title='bbox 142 875 204 904; x_wconf 88' lang='lat' dir='ltr'>autem</span> <span class='ocrx_word' id='word_1_121' title='bbox 212 874 261 903; x_wconf 89' lang='lat' dir='ltr'>terra</span> <span class='ocrx_word' id='word_1_122' title='bbox 268 869 298 903; x_wconf 85' lang='lat' dir='ltr'>illa</span> <span class='ocrx_word' id='word_1_123' title='bbox 306 879 372 914; x_wconf 87' lang='lat' dir='ltr'>magne</span> <span class='ocrx_word' id='word_1_124' title='bbox 380 869 471 912; x_wconf 84' lang='lat' dir='ltr'>salsitatis,</span> <span class='ocrx_word' id='word_1_125' title='bbox 479 868 584 912; x_wconf 87' lang='lat' dir='ltr'>sterilitatis,</span> <span class='ocrx_word' id='word_1_126' title='bbox 593 874 611 903; x_wconf 91' lang='lat' dir='ltr'>et</span> <span class='ocrx_word' id='word_1_127' title='bbox 620 869 643 903; x_wconf 95' lang='lat' dir='ltr'>ad</span> <span class='ocrx_word' id='word_1_128' title='bbox 652 868 769 903; x_wconf 88' lang='lat' dir='ltr'>incolendum</span> <span class='ocrx_word' id='word_1_129' title='bbox 777 878 844 913; x_wconf 85' lang='lat' dir='ltr'>magne</span> 
     </span>
     <span class='ocr_line' id='line_1_15' title="bbox 142 923 844 968; baseline 0.001 -12"><span class='ocrx_word' id='word_1_130' title='bbox 142 923 321 967; x_wconf 80' lang='lat' dir='ltr'>incom[m]oditatis:</span> <span class='ocrx_word' id='word_1_131' title='bbox 333 934 397 957; x_wconf 90' lang='lat' dir='ltr'>verum</span> <span class='ocrx_word' id='word_1_132' title='bbox 403 924 468 956; x_wconf 92' lang='lat' dir='ltr'>eadem</span> <span class='ocrx_word' id='word_1_133' title='bbox 474 928 529 967; x_wconf 85' lang='lat' dir='ltr'>gente</span> <span class='ocrx_word' id='word_1_134' title='bbox 535 923 591 957; x_wconf 89' lang='lat' dir='ltr'>fidem</span> <span class='ocrx_word' id='word_1_135' title='bbox 598 923 666 957; x_wconf 85' lang='lat' dir='ltr'>Christi</span> <span class='ocrx_word' id='word_1_136' title='bbox 671 923 788 968; x_wconf 85' lang='lat' dir='ltr'>suscipiente,</span> <span class='ocrx_word' id='word_1_137' title='bbox 794 928 844 957; x_wconf 86' lang='lat' dir='ltr'>terre</span> 
     </span>
    </p>

    <p class='ocr_par' dir='ltr' id='par_1_4' title="bbox 116 975 878 1232">
     <span class='ocr_line' id='line_1_16' title="bbox 116 975 845 1018; baseline 0 -8"><span class='ocrx_word' id='word_1_138' title='bbox 116 984 134 1015; x_wconf 84' lang='lat'>15</span> <span class='ocrx_word' id='word_1_139' title='bbox 143 975 214 1011; x_wconf 81' lang='lat' dir='ltr'>salsitas</span> <span class='ocrx_word' id='word_1_140' title='bbox 222 975 241 1010; x_wconf 93' lang='lat' dir='ltr'>in</span> <span class='ocrx_word' id='word_1_141' title='bbox 249 976 369 1018; x_wconf 84' lang='lat' dir='ltr'>dulcedinem,</span> <span class='ocrx_word' id='word_1_142' title='bbox 379 975 465 1010; x_wconf 85' lang='lat' dir='ltr'>sterilitas</span> <span class='ocrx_word' id='word_1_143' title='bbox 472 975 491 1010; x_wconf 90' lang='lat' dir='ltr'>in</span> <span class='ocrx_word' id='word_1_144' title='bbox 499 975 610 1010; x_wconf 85' lang='lat' dir='ltr'>fertilitatem</span> <span class='ocrx_word' id='word_1_145' title='bbox 622 981 748 1010; x_wconf 89' lang='lat' dir='ltr'>commutatur.</span> <span class='ocrx_word' id='word_1_146' title='bbox 771 976 845 1010; x_wconf 91' lang='lat' dir='ltr'>Interea</span> 
     </span>
     <span class='ocr_line' id='line_1_17' title="bbox 142 1027 844 1072; baseline -0.001 -10"><span class='ocrx_word' id='word_1_147' title='bbox 142 1029 238 1062; x_wconf 89' lang='lat' dir='ltr'>mittuntur</span> <span class='ocrx_word' id='word_1_148' title='bbox 245 1028 341 1072; x_wconf 87' lang='lat' dir='ltr'>deAnglia</span> <span class='ocrx_word' id='word_1_149' title='bbox 346 1028 408 1062; x_wconf 88' lang='lat' dir='ltr'>nuncii</span> <span class='ocrx_word' id='word_1_150' title='bbox 415 1038 456 1062; x_wconf 91' lang='lat' dir='ltr'>cum</span> <span class='ocrx_word' id='word_1_151' title='bbox 461 1029 568 1063; x_wconf 88' lang='lat' dir='ltr'>muneribus</span> <span class='ocrx_word' id='word_1_152' title='bbox 576 1029 599 1062; x_wconf 89' lang='lat' dir='ltr'>ad</span> <span class='ocrx_word' id='word_1_153' title='bbox 606 1028 701 1063; x_wconf 82' lang='lat' dir='ltr'>Franciam</span> <span class='ocrx_word' id='word_1_154' title='bbox 706 1027 718 1070; x_wconf 75' lang='lat'>³,</span> <span class='ocrx_word' id='word_1_155' title='bbox 723 1033 742 1063; x_wconf 91' lang='lat' dir='ltr'>vt</span> <span class='ocrx_word' id='word_1_156' title='bbox 746 1027 806 1063; x_wconf 90' lang='lat' dir='ltr'>virum</span> <span class='ocrx_word' id='word_1_157' title='bbox 814 1029 844 1062; x_wconf 89' lang='lat' dir='ltr'>dei</span> 
     </span>
     <span class='ocr_line' id='line_1_18' title="bbox 142 1080 845 1124; baseline -0.001 -8"><span class='ocrx_word' id='word_1_158' title='bbox 142 1081 249 1116; x_wconf 86' lang='lat' dir='ltr'>Wilsridum</span> <span class='ocrx_word' id='word_1_159' title='bbox 268 1081 409 1124; x_wconf 80' lang='lat' dir='ltr'>fer[ocissim)a⁴</span> <span class='ocrx_word' id='word_1_160' title='bbox 427 1086 486 1115; x_wconf 93' lang='lat' dir='ltr'>morte</span> <span class='ocrx_word' id='word_1_161' title='bbox 504 1081 637 1123; x_wconf 90' lang='lat' dir='ltr'>interimerent,</span> <span class='ocrx_word' id='word_1_162' title='bbox 655 1091 721 1116; x_wconf 89' lang='lat' dir='ltr'>verum</span> <span class='ocrx_word' id='word_1_163' title='bbox 740 1080 845 1115; x_wconf 71' lang='lat' dir='ltr'>Ebroinus&#39;</span> 
     </span>
     <span class='ocr_line' id='line_1_19' title="bbox 143 1133 844 1180; baseline -0.001 -11"><span class='ocrx_word' id='word_1_164' title='bbox 143 1133 241 1180; x_wconf 66' lang='lat' dir='ltr'>(quidamll</span> <span class='ocrx_word' id='word_1_165' title='bbox 249 1133 316 1180; x_wconf 90' lang='lat' dir='ltr'>regalis</span> <span class='ocrx_word' id='word_1_166' title='bbox 326 1134 376 1169; x_wconf 92' lang='lat' dir='ltr'>curie</span> <span class='ocrx_word' id='word_1_167' title='bbox 385 1134 477 1179; x_wconf 86' lang='lat' dir='ltr'>princeps,</span> <span class='ocrx_word' id='word_1_168' title='bbox 484 1133 554 1170; x_wconf 84' lang='lat' dir='ltr'>litteras</span> <span class='ocrx_word' id='word_1_169' title='bbox 563 1145 604 1169; x_wconf 93' lang='lat' dir='ltr'>cum</span> <span class='ocrx_word' id='word_1_170' title='bbox 617 1133 723 1169; x_wconf 90' lang='lat' dir='ltr'>muneribus</span> <span class='ocrx_word' id='word_1_171' title='bbox 735 1134 773 1179; x_wconf 89' lang='lat' dir='ltr'>regi</span> <span class='ocrx_word' id='word_1_172' title='bbox 785 1133 800 1168; x_wconf 90' lang='lat' dir='ltr'>F</span> <span class='ocrx_word' id='word_1_173' title='bbox 801 1133 844 1169; x_wconf 93' lang='lat' dir='ltr'>risie</span> 
     </span>
     <span class='ocr_line' id='line_1_20' title="bbox 142 1187 878 1232; baseline -0.001 -10"><span class='ocrx_word' id='word_1_174' title='bbox 142 1187 213 1230; x_wconf 85' lang='lat' dir='ltr'>direxit,</span> <span class='ocrx_word' id='word_1_175' title='bbox 222 1192 288 1231; x_wconf 90' lang='lat' dir='ltr'>petens</span> <span class='ocrx_word' id='word_1_176' title='bbox 299 1193 319 1223; x_wconf 89' lang='lat' dir='ltr'>vt</span> <span class='ocrx_word' id='word_1_177' title='bbox 328 1189 414 1232; x_wconf 89' lang='lat' dir='ltr'>(beatum)</span> <span class='ocrx_word' id='word_1_178' title='bbox 421 1188 427 1207; x_wconf 75' lang='lat'><strong>⁶</strong></span> <span class='ocrx_word' id='word_1_179' title='bbox 434 1188 540 1222; x_wconf 84' lang='lat' dir='ltr'>Wilsridum</span> <span class='ocrx_word' id='word_1_180' title='bbox 553 1187 686 1232; x_wconf 75' lang='lat' dir='ltr'>(episcopum)⁰</span> <span class='ocrx_word' id='word_1_181' title='bbox 695 1188 780 1222; x_wconf 92' lang='lat' dir='ltr'>omnibus</span> <span class='ocrx_word' id='word_1_182' title='bbox 791 1187 844 1221; x_wconf 84' lang='lat' dir='ltr'>bonis</span> <span class='ocrx_word' id='word_1_183' title='bbox 876 1205 878 1208; x_wconf 86' lang='lat'><em>.</em></span> 
     </span>
    </p>

    <p class='ocr_par' dir='ltr' id='par_1_5' title="bbox 116 1240 845 1763">
     <span class='ocr_line' id='line_1_21' title="bbox 116 1240 845 1286; baseline -0.003 -10"><span class='ocrx_word' id='word_1_184' title='bbox 116 1249 135 1270; x_wconf 78' lang='lat'>²⁰</span> <span class='ocrx_word' id='word_1_185' title='bbox 142 1240 240 1286; x_wconf 88' lang='lat' dir='ltr'>spoliatum</span> <span class='ocrx_word' id='word_1_186' title='bbox 249 1241 319 1275; x_wconf 91' lang='lat' dir='ltr'>crudeli</span> <span class='ocrx_word' id='word_1_187' title='bbox 328 1246 387 1275; x_wconf 91' lang='lat' dir='ltr'>morte</span> <span class='ocrx_word' id='word_1_188' title='bbox 397 1245 477 1275; x_wconf 89' lang='lat' dir='ltr'>necaret.</span> <span class='ocrx_word' id='word_1_189' title='bbox 500 1240 538 1275; x_wconf 86' lang='lat' dir='ltr'>Sed</span> <span class='ocrx_word' id='word_1_190' title='bbox 547 1251 587 1282; x_wconf 86' lang='lat' dir='ltr'>rex,</span> <span class='ocrx_word' id='word_1_191' title='bbox 595 1252 632 1275; x_wconf 91' lang='lat' dir='ltr'>non</span> <span class='ocrx_word' id='word_1_192' title='bbox 643 1240 767 1285; x_wconf 86' lang='lat' dir='ltr'>acquiescens,</span> <span class='ocrx_word' id='word_1_193' title='bbox 775 1240 845 1275; x_wconf 89' lang='lat' dir='ltr'>litteras</span> 
     </span>
     <span class='ocr_line' id='line_1_22' title="bbox 142 1293 844 1338; baseline -0.001 -10"><span class='ocrx_word' id='word_1_194' title='bbox 142 1304 184 1329; x_wconf 91' lang='lat' dir='ltr'>cum</span> <span class='ocrx_word' id='word_1_195' title='bbox 199 1293 323 1337; x_wconf 87' lang='lat' dir='ltr'>indignatione</span> <span class='ocrx_word' id='word_1_196' title='bbox 337 1293 376 1338; x_wconf 84' lang='lat' dir='ltr'>igni</span> <span class='ocrx_word' id='word_1_197' title='bbox 390 1293 456 1336; x_wconf 88' lang='lat' dir='ltr'>iniecit,</span> <span class='ocrx_word' id='word_1_198' title='bbox 469 1298 487 1327; x_wconf 93' lang='lat' dir='ltr'>et</span> <span class='ocrx_word' id='word_1_199' title='bbox 499 1294 569 1337; x_wconf 90' lang='lat' dir='ltr'>legatos</span> <span class='ocrx_word' id='word_1_200' title='bbox 584 1295 654 1337; x_wconf 88' lang='lat' dir='ltr'>absque</span> <span class='ocrx_word' id='word_1_201' title='bbox 667 1294 736 1328; x_wconf 89' lang='lat' dir='ltr'>honore</span> <span class='ocrx_word' id='word_1_202' title='bbox 752 1294 844 1335; x_wconf 88' lang='lat' dir='ltr'>dimissos,</span> 
     </span>
     <span class='ocr_line' id='line_1_23' title="bbox 142 1347 845 1391; baseline -0.001 -9"><span class='ocrx_word' id='word_1_203' title='bbox 142 1347 204 1383; x_wconf 90' lang='lat' dir='ltr'>statim</span> <span class='ocrx_word' id='word_1_204' title='bbox 212 1358 295 1381; x_wconf 88' lang='lat' dir='ltr'>remeare</span> <span class='ocrx_word' id='word_1_205' title='bbox 303 1347 390 1391; x_wconf 90' lang='lat' dir='ltr'>precepit.</span> <span class='ocrx_word' id='word_1_206' title='bbox 413 1347 498 1382; x_wconf 78' lang='lat' dir='ltr'>Perrexit</span> <span class='ocrx_word' id='word_1_207' title='bbox 505 1352 548 1391; x_wconf 92' lang='lat' dir='ltr'>post</span> <span class='ocrx_word' id='word_1_208' title='bbox 555 1348 589 1382; x_wconf 84' lang='lat' dir='ltr'>hee</span> <span class='ocrx_word' id='word_1_209' title='bbox 596 1347 694 1382; x_wconf 86' lang='lat' dir='ltr'>Wilfridus</span> <span class='ocrx_word' id='word_1_210' title='bbox 702 1347 721 1381; x_wconf 94' lang='lat' dir='ltr'>in</span> <span class='ocrx_word' id='word_1_211' title='bbox 730 1347 745 1381; x_wconf 87' lang='lat' dir='ltr'><strong>F</strong></span> <span class='ocrx_word' id='word_1_212' title='bbox 745 1347 826 1381; x_wconf 90' lang='lat' dir='ltr'>ranciam</span> <span class='ocrx_word' id='word_1_213' title='bbox 832 1347 845 1388; x_wconf 86' lang='lat'>⁷,</span> 
     </span>
     <span class='ocr_line' id='line_1_24' title="bbox 142 1399 845 1445; baseline -0.001 -11"><span class='ocrx_word' id='word_1_214' title='bbox 142 1406 160 1435; x_wconf 93' lang='lat' dir='ltr'>et</span> <span class='ocrx_word' id='word_1_215' title='bbox 178 1410 190 1434; x_wconf 90' lang='lat' dir='ltr'>a</span> <span class='ocrx_word' id='word_1_216' title='bbox 207 1399 311 1444; x_wconf 84' lang='lat' dir='ltr'>Dagoberto</span> <span class='ocrx_word' id='word_1_217' title='bbox 326 1411 370 1444; x_wconf 88' lang='lat' dir='ltr'>rege</span> <span class='ocrx_word' id='word_1_218' title='bbox 385 1411 427 1434; x_wconf 87' lang='lat' dir='ltr'>eum</span> <span class='ocrx_word' id='word_1_219' title='bbox 441 1400 522 1433; x_wconf 83' lang='lat' dir='ltr'>maximo</span> <span class='ocrx_word' id='word_1_220' title='bbox 536 1399 606 1434; x_wconf 87' lang='lat' dir='ltr'>honore</span> <span class='ocrx_word' id='word_1_221' title='bbox 621 1405 719 1445; x_wconf 88' lang='lat' dir='ltr'>susceptus</span> <span class='ocrx_word' id='word_1_222' title='bbox 734 1405 767 1441; x_wconf 87' lang='lat' dir='ltr'>est,</span> <span class='ocrx_word' id='word_1_223' title='bbox 782 1404 845 1444; x_wconf 89' lang='lat' dir='ltr'>vtpote</span> 
     </span>
     <span class='ocr_line' id='line_1_25' title="bbox 142 1452 845 1498; baseline 0.001 -12"><span class='ocrx_word' id='word_1_224' title='bbox 142 1453 174 1498; x_wconf 90' lang='lat' dir='ltr'>qui</span> <span class='ocrx_word' id='word_1_225' title='bbox 190 1453 251 1497; x_wconf 90' lang='lat' dir='ltr'>ipsum</span> <span class='ocrx_word' id='word_1_226' title='bbox 267 1454 361 1497; x_wconf 87' lang='lat' dir='ltr'>quondam</span> <span class='ocrx_word' id='word_1_227' title='bbox 378 1453 452 1486; x_wconf 80' lang='lat' dir='ltr'>exulem</span> <span class='ocrx_word' id='word_1_228' title='bbox 467 1458 486 1486; x_wconf 92' lang='lat' dir='ltr'>et</span> <span class='ocrx_word' id='word_1_229' title='bbox 500 1454 523 1486; x_wconf 94' lang='lat' dir='ltr'>ad</span> <span class='ocrx_word' id='word_1_230' title='bbox 539 1452 648 1487; x_wconf 90' lang='lat' dir='ltr'>Hiberniam</span> <span class='ocrx_word' id='word_1_231' title='bbox 663 1453 719 1487; x_wconf 92' lang='lat' dir='ltr'>maris</span> <span class='ocrx_word' id='word_1_232' title='bbox 735 1458 845 1498; x_wconf 86' lang='lat' dir='ltr'>tempestate</span> 
     </span>
     <span class='ocr_line' id='line_1_26' title="bbox 116 1506 845 1550; baseline 0 -10"><span class='ocrx_word' id='word_1_233' title='bbox 116 1514 134 1545; x_wconf 82' lang='lat'>²5</span> <span class='ocrx_word' id='word_1_234' title='bbox 143 1506 244 1550; x_wconf 86' lang='lat' dir='ltr'>proiectum</span> <span class='ocrx_word' id='word_1_235' title='bbox 252 1510 270 1540; x_wconf 92' lang='lat' dir='ltr'>et</span> <span class='ocrx_word' id='word_1_236' title='bbox 278 1507 300 1540; x_wconf 90' lang='lat' dir='ltr'>ad</span> <span class='ocrx_word' id='word_1_237' title='bbox 311 1516 331 1540; x_wconf 91' lang='lat' dir='ltr'>se</span> <span class='ocrx_word' id='word_1_238' title='bbox 340 1507 414 1540; x_wconf 90' lang='lat' dir='ltr'>demum</span> <span class='ocrx_word' id='word_1_239' title='bbox 423 1506 527 1548; x_wconf 90' lang='lat' dir='ltr'>adductum,</span> <span class='ocrx_word' id='word_1_240' title='bbox 535 1517 602 1548; x_wconf 81' lang='lat' dir='ltr'>magua</span> <span class='ocrx_word' id='word_1_241' title='bbox 612 1506 723 1549; x_wconf 88' lang='lat' dir='ltr'>benignitate</span> <span class='ocrx_word' id='word_1_242' title='bbox 735 1506 845 1550; x_wconf 87' lang='lat' dir='ltr'>aliquamdiu</span> 
     </span>
     <span class='ocr_line' id='line_1_27' title="bbox 143 1557 845 1602; baseline 0.001 -10"><span class='ocrx_word' id='word_1_243' title='bbox 143 1568 207 1593; x_wconf 86' lang='lat' dir='ltr'>secum</span> <span class='ocrx_word' id='word_1_244' title='bbox 220 1557 278 1592; x_wconf 89' lang='lat' dir='ltr'>tenuit</span> <span class='ocrx_word' id='word_1_245' title='bbox 293 1563 311 1592; x_wconf 92' lang='lat' dir='ltr'>et</span> <span class='ocrx_word' id='word_1_246' title='bbox 327 1558 349 1591; x_wconf 87' lang='lat' dir='ltr'>ab</span> <span class='ocrx_word' id='word_1_247' title='bbox 365 1557 415 1592; x_wconf 90' lang='lat' dir='ltr'>omni</span> <span class='ocrx_word' id='word_1_248' title='bbox 427 1558 508 1602; x_wconf 89' lang='lat' dir='ltr'>periculo</span> <span class='ocrx_word' id='word_1_249' title='bbox 520 1558 604 1602; x_wconf 81' lang='lat' dir='ltr'>protexit.</span> <span class='ocrx_word' id='word_1_250' title='bbox 626 1558 723 1593; x_wconf 88' lang='lat' dir='ltr'>Wilfridus</span> <span class='ocrx_word' id='word_1_251' title='bbox 735 1559 845 1593; x_wconf 88' lang='lat' dir='ltr'>necessariis</span> 
     </span>
     <span class='ocr_line' id='line_1_28' title="bbox 143 1611 845 1655; baseline 0 -9"><span class='ocrx_word' id='word_1_252' title='bbox 143 1613 199 1646; x_wconf 87' lang='lat' dir='ltr'>rebus</span> <span class='ocrx_word' id='word_1_253' title='bbox 222 1622 233 1644; x_wconf 91' lang='lat' dir='ltr'>a</span> <span class='ocrx_word' id='word_1_254' title='bbox 256 1611 360 1655; x_wconf 87' lang='lat' dir='ltr'>Dagoberto</span> <span class='ocrx_word' id='word_1_255' title='bbox 380 1621 424 1655; x_wconf 89' lang='lat' dir='ltr'>rege</span> <span class='ocrx_word' id='word_1_256' title='bbox 445 1611 551 1655; x_wconf 88' lang='lat' dir='ltr'>assumptis,</span> <span class='ocrx_word' id='word_1_257' title='bbox 572 1622 583 1645; x_wconf 90' lang='lat' dir='ltr'>a</span> <span class='ocrx_word' id='word_1_258' title='bbox 604 1611 654 1646; x_wconf 93' lang='lat' dir='ltr'>curia</span> <span class='ocrx_word' id='word_1_259' title='bbox 676 1614 758 1655; x_wconf 88' lang='lat' dir='ltr'>recessit,</span> <span class='ocrx_word' id='word_1_260' title='bbox 779 1612 845 1646; x_wconf 69' lang='lat' dir='ltr'>lCarn-</span> 
     </span>
     <span class='ocr_line' id='line_1_29' title="bbox 143 1664 845 1711; baseline 0.003 -13"><span class='ocrx_word' id='word_1_261' title='bbox 143 1664 199 1710; x_wconf 89' lang='lat' dir='ltr'>panie</span> <span class='ocrx_word' id='word_1_262' title='bbox 217 1665 294 1699; x_wconf 79' lang='lat' dir='ltr'>ducem⁹</span> <span class='ocrx_word' id='word_1_263' title='bbox 308 1664 372 1699; x_wconf 91' lang='lat' dir='ltr'>adiens</span> <span class='ocrx_word' id='word_1_264' title='bbox 387 1664 473 1699; x_wconf 88' lang='lat' dir='ltr'>nobiliter</span> <span class='ocrx_word' id='word_1_265' title='bbox 487 1670 583 1710; x_wconf 89' lang='lat' dir='ltr'>susceptus</span> <span class='ocrx_word' id='word_1_266' title='bbox 598 1671 631 1700; x_wconf 88' lang='lat' dir='ltr'>est.</span> <span class='ocrx_word' id='word_1_267' title='bbox 654 1665 695 1709; x_wconf 82' lang='lat' dir='ltr'>Qui,</span> <span class='ocrx_word' id='word_1_268' title='bbox 707 1671 749 1711; x_wconf 91' lang='lat' dir='ltr'>post</span> <span class='ocrx_word' id='word_1_269' title='bbox 764 1665 845 1700; x_wconf 80' lang='lat' dir='ltr'>exhibita</span> 
     </span>
     <span class='ocr_line' id='line_1_30' title="bbox 143 1718 845 1763; baseline 0 -9"><span class='ocrx_word' id='word_1_270' title='bbox 143 1730 187 1754; x_wconf 88' lang='lat' dir='ltr'>vere</span> <span class='ocrx_word' id='word_1_271' title='bbox 202 1718 294 1753; x_wconf 90' lang='lat' dir='ltr'>charitatis</span> <span class='ocrx_word' id='word_1_272' title='bbox 309 1723 328 1753; x_wconf 85' lang='lat' dir='ltr'>et</span> <span class='ocrx_word' id='word_1_273' title='bbox 346 1718 463 1754; x_wconf 91' lang='lat' dir='ltr'>humanitatis</span> <span class='ocrx_word' id='word_1_274' title='bbox 478 1718 537 1753; x_wconf 87' lang='lat' dir='ltr'>officia</span> <span class='ocrx_word' id='word_1_275' title='bbox 553 1730 594 1754; x_wconf 92' lang='lat' dir='ltr'>cum</span> <span class='ocrx_word' id='word_1_276' title='bbox 613 1719 687 1754; x_wconf 91' lang='lat' dir='ltr'>homine</span> <span class='ocrx_word' id='word_1_277' title='bbox 706 1719 736 1754; x_wconf 96' lang='lat' dir='ltr'>dei</span> <span class='ocrx_word' id='word_1_278' title='bbox 755 1719 845 1763; x_wconf 89' lang='lat' dir='ltr'>residens,</span> 
     </span>
    </p>

    <p class='ocr_par' dir='ltr' id='par_1_6' title="bbox 115 1771 846 2027">
     <span class='ocr_line' id='line_1_31' title="bbox 115 1771 845 1817; baseline 0.003 -12"><span class='ocrx_word' id='word_1_279' title='bbox 115 1781 135 1810; x_wconf 82' lang='lat'>30</span> <span class='ocrx_word' id='word_1_280' title='bbox 143 1782 218 1806; x_wconf 86' lang='lat' dir='ltr'>narrare</span> <span class='ocrx_word' id='word_1_281' title='bbox 228 1771 277 1815; x_wconf 84' lang='lat' dir='ltr'>cepit</span> <span class='ocrx_word' id='word_1_282' title='bbox 288 1771 305 1805; x_wconf 89' lang='lat' dir='ltr'>ei</span> <span class='ocrx_word' id='word_1_283' title='bbox 320 1771 397 1815; x_wconf 88' lang='lat' dir='ltr'>qualiter</span> <span class='ocrx_word' id='word_1_284' title='bbox 408 1771 476 1806; x_wconf 92' lang='lat' dir='ltr'>inimici</span> <span class='ocrx_word' id='word_1_285' title='bbox 489 1772 572 1806; x_wconf 88' lang='lat' dir='ltr'>eiusdem</span> <span class='ocrx_word' id='word_1_286' title='bbox 583 1772 680 1807; x_wconf 88' lang='lat' dir='ltr'>voluerunt</span> <span class='ocrx_word' id='word_1_287' title='bbox 685 1772 698 1793; x_wconf 83' lang='lat'>¹⁰</span> <span class='ocrx_word' id='word_1_288' title='bbox 711 1783 753 1807; x_wconf 91' lang='lat' dir='ltr'>eum</span> <span class='ocrx_word' id='word_1_289' title='bbox 766 1774 845 1817; x_wconf 88' lang='lat' dir='ltr'>perdere</span> 
     </span>
     <span class='ocr_line' id='line_1_32' title="bbox 143 1824 846 1860; baseline 0.001 -1"><span class='ocrx_word' id='word_1_290' title='bbox 143 1830 161 1859; x_wconf 91' lang='lat' dir='ltr'>et</span> <span class='ocrx_word' id='word_1_291' title='bbox 180 1836 201 1859; x_wconf 90' lang='lat' dir='ltr'>se</span> <span class='ocrx_word' id='word_1_292' title='bbox 222 1825 245 1859; x_wconf 86' lang='lat' dir='ltr'>ad</span> <span class='ocrx_word' id='word_1_293' title='bbox 264 1824 404 1858; x_wconf 87' lang='lat' dir='ltr'>internicionem</span> <span class='ocrx_word' id='word_1_294' title='bbox 421 1824 461 1859; x_wconf 92' lang='lat' dir='ltr'>eius</span> <span class='ocrx_word' id='word_1_295' title='bbox 479 1824 544 1859; x_wconf 88' lang='lat' dir='ltr'>oblatis</span> <span class='ocrx_word' id='word_1_296' title='bbox 562 1825 671 1860; x_wconf 88' lang='lat' dir='ltr'>muneribus</span> <span class='ocrx_word' id='word_1_297' title='bbox 688 1825 787 1860; x_wconf 88' lang='lat' dir='ltr'>inflectere.</span> <span class='ocrx_word' id='word_1_298' title='bbox 810 1826 846 1860; x_wconf 88' lang='lat' dir='ltr'>‘At</span> 
     </span>
     <span class='ocr_line' id='line_1_33' title="bbox 142 1878 845 1924; baseline 0 -11"><span class='ocrx_word' id='word_1_299' title='bbox 142 1890 182 1924; x_wconf 87' lang='lat' dir='ltr'>ego,</span> <span class='ocrx_word' id='word_1_300' title='bbox 194 1878 258 1922; x_wconf 90' lang='lat' dir='ltr'>inquit,</span> <span class='ocrx_word' id='word_1_301' title='bbox 269 1888 307 1912; x_wconf 90' lang='lat' dir='ltr'>non</span> <span class='ocrx_word' id='word_1_302' title='bbox 323 1879 420 1912; x_wconf 89' lang='lat' dir='ltr'>immemor</span> <span class='ocrx_word' id='word_1_303' title='bbox 435 1878 479 1922; x_wconf 93' lang='lat' dir='ltr'>quid</span> <span class='ocrx_word' id='word_1_304' title='bbox 492 1878 584 1913; x_wconf 89' lang='lat' dir='ltr'>fidelitatis</span> <span class='ocrx_word' id='word_1_305' title='bbox 597 1884 615 1914; x_wconf 92' lang='lat' dir='ltr'>et</span> <span class='ocrx_word' id='word_1_306' title='bbox 628 1879 706 1915; x_wconf 90' lang='lat' dir='ltr'>amicitie</span> <span class='ocrx_word' id='word_1_307' title='bbox 719 1880 812 1924; x_wconf 89' lang='lat' dir='ltr'>quondam</span> <span class='ocrx_word' id='word_1_308' title='bbox 826 1879 845 1913; x_wconf 91' lang='lat' dir='ltr'>in</span> 
     </span>
     <span class='ocr_line' id='line_1_34' title="bbox 142 1932 845 1976; baseline 0 -10"><span class='ocrx_word' id='word_1_309' title='bbox 142 1942 214 1976; x_wconf 88' lang='lat' dir='ltr'>pagano</span> <span class='ocrx_word' id='word_1_310' title='bbox 229 1932 309 1975; x_wconf 88' lang='lat' dir='ltr'>quodam</span> <span class='ocrx_word' id='word_1_311' title='bbox 323 1942 368 1974; x_wconf 82' lang='lat' dir='ltr'>rege</span> <span class='ocrx_word' id='word_1_312' title='bbox 384 1932 483 1975; x_wconf 89' lang='lat' dir='ltr'>repererim</span> <span class='ocrx_word' id='word_1_313' title='bbox 500 1942 542 1965; x_wconf 93' lang='lat' dir='ltr'>curn</span> <span class='ocrx_word' id='word_1_314' title='bbox 554 1933 577 1966; x_wconf 92' lang='lat' dir='ltr'>de</span> <span class='ocrx_word' id='word_1_315' title='bbox 590 1932 649 1975; x_wconf 88' lang='lat' dir='ltr'>patria</span> <span class='ocrx_word' id='word_1_316' title='bbox 662 1943 704 1967; x_wconf 85' lang='lat' dir='ltr'>mea</span> <span class='ocrx_word' id='word_1_317' title='bbox 718 1933 782 1976; x_wconf 91' lang='lat' dir='ltr'>pulsus</span> <span class='ocrx_word' id='word_1_318' title='bbox 796 1933 845 1976; x_wconf 88' lang='lat' dir='ltr'>apud</span> 
     </span>
     <span class='ocr_line' id='line_1_35' title="bbox 142 1983 845 2027; baseline 0.001 -9"><span class='ocrx_word' id='word_1_319' title='bbox 142 1996 185 2019; x_wconf 89' lang='lat' dir='ltr'>eum</span> <span class='ocrx_word' id='word_1_320' title='bbox 196 1985 301 2027; x_wconf 67' lang='lat' dir='ltr'>exularem,</span> <span class='ocrx_word' id='word_1_321' title='bbox 313 1984 364 2018; x_wconf 88' lang='lat' dir='ltr'>nolui</span> <span class='ocrx_word' id='word_1_322' title='bbox 370 1983 382 2004; x_wconf 87' lang='lat'>¹¹</span> <span class='ocrx_word' id='word_1_323' title='bbox 393 1984 455 2019; x_wconf 87' lang='lat' dir='ltr'>minus</span> <span class='ocrx_word' id='word_1_324' title='bbox 466 1984 526 2019; x_wconf 87' lang='lat' dir='ltr'>fidelis</span> <span class='ocrx_word' id='word_1_325' title='bbox 538 1984 616 2019; x_wconf 89' lang='lat' dir='ltr'>inueniri</span> <span class='ocrx_word' id='word_1_326' title='bbox 625 1985 735 2020; x_wconf 84' lang='lat' dir='ltr'>christianus</span> <span class='ocrx_word' id='word_1_327' title='bbox 744 1985 776 2019; x_wconf 92' lang='lat' dir='ltr'>tibi</span> <span class='ocrx_word' id='word_1_328' title='bbox 787 1985 845 2019; x_wconf 92' lang='lat' dir='ltr'>chris-</span> 
     </span>
    </p>

    <p class='ocr_par' dir='ltr' id='par_1_7' title="bbox 116 2037 846 2293">
     <span class='ocr_line' id='line_1_36' title="bbox 116 2037 845 2082; baseline 0.001 -11"><span class='ocrx_word' id='word_1_329' title='bbox 116 2048 134 2079; x_wconf 78' lang='lat'>55</span> <span class='ocrx_word' id='word_1_330' title='bbox 143 2038 197 2079; x_wconf 90' lang='lat' dir='ltr'>tiano,</span> <span class='ocrx_word' id='word_1_331' title='bbox 206 2048 260 2081; x_wconf 89' lang='lat' dir='ltr'>quam</span> <span class='ocrx_word' id='word_1_332' title='bbox 271 2038 326 2071; x_wconf 90' lang='lat' dir='ltr'>homo</span> <span class='ocrx_word' id='word_1_333' title='bbox 336 2047 419 2080; x_wconf 88' lang='lat' dir='ltr'>paganus</span> <span class='ocrx_word' id='word_1_334' title='bbox 427 2037 486 2072; x_wconf 82' lang='lat' dir='ltr'>extitit</span> <span class='ocrx_word' id='word_1_335' title='bbox 491 2038 536 2071; x_wconf 91' lang='lat' dir='ltr'>mihi</span> <span class='ocrx_word' id='word_1_336' title='bbox 544 2038 612 2072; x_wconf 89' lang='lat' dir='ltr'>homini</span> <span class='ocrx_word' id='word_1_337' title='bbox 624 2038 726 2072; x_wconf 89' lang='lat' dir='ltr'>christiano.</span> <span class='ocrx_word' id='word_1_338' title='bbox 751 2038 845 2082; x_wconf 89' lang='lat' dir='ltr'>Siquidem</span> 
     </span>
     <span class='ocr_line' id='line_1_37' title="bbox 143 2089 845 2132; baseline 0 -8"><span class='ocrx_word' id='word_1_339' title='bbox 143 2100 177 2125; x_wconf 81' lang='lat' dir='ltr'>rex</span> <span class='ocrx_word' id='word_1_340' title='bbox 190 2089 289 2124; x_wconf 89' lang='lat' dir='ltr'>Hunorum</span> <span class='ocrx_word' id='word_1_341' title='bbox 301 2089 379 2132; x_wconf 72' lang='lat' dir='ltr'>gentilis</span> <span class='ocrx_word' id='word_1_342' title='bbox 391 2099 433 2124; x_wconf 90' lang='lat' dir='ltr'>cum</span> <span class='ocrx_word' id='word_1_343' title='bbox 452 2100 507 2124; x_wconf 89' lang='lat' dir='ltr'>causa</span> <span class='ocrx_word' id='word_1_344' title='bbox 519 2090 588 2124; x_wconf 89' lang='lat' dir='ltr'>tuende</span> <span class='ocrx_word' id='word_1_345' title='bbox 602 2100 643 2124; x_wconf 90' lang='lat' dir='ltr'>mee</span> <span class='ocrx_word' id='word_1_346' title='bbox 658 2089 722 2125; x_wconf 87' lang='lat' dir='ltr'>salutis</span> <span class='ocrx_word' id='word_1_347' title='bbox 737 2100 767 2126; x_wconf 92' lang='lat' dir='ltr'>me</span> <span class='ocrx_word' id='word_1_348' title='bbox 782 2100 845 2125; x_wconf 90' lang='lat' dir='ltr'>secum</span> 
     </span>
     <span class='ocr_line' id='line_1_38' title="bbox 143 2142 846 2188; baseline 0.003 -11"><span class='ocrx_word' id='word_1_349' title='bbox 143 2143 240 2188; x_wconf 85' lang='lat' dir='ltr'>degentem</span> <span class='ocrx_word' id='word_1_350' title='bbox 253 2142 346 2187; x_wconf 85' lang='lat' dir='ltr'>retineret,</span> <span class='ocrx_word' id='word_1_351' title='bbox 357 2142 397 2178; x_wconf 86' lang='lat' dir='ltr'>iniit</span> <span class='ocrx_word' id='word_1_352' title='bbox 410 2154 483 2179; x_wconf 90' lang='lat' dir='ltr'>mecum</span> <span class='ocrx_word' id='word_1_353' title='bbox 495 2143 548 2178; x_wconf 84' lang='lat' dir='ltr'>fedus</span> <span class='ocrx_word' id='word_1_354' title='bbox 560 2142 579 2178; x_wconf 94' lang='lat' dir='ltr'>in</span> <span class='ocrx_word' id='word_1_355' title='bbox 591 2142 665 2178; x_wconf 88' lang='lat' dir='ltr'>nomine</span> <span class='ocrx_word' id='word_1_356' title='bbox 677 2144 753 2179; x_wconf 89' lang='lat' dir='ltr'>deorum</span> <span class='ocrx_word' id='word_1_357' title='bbox 764 2155 846 2186; x_wconf 88' lang='lat' dir='ltr'>suorum,</span> 
     </span>
     <span class='ocr_line' id='line_1_39' title="bbox 143 2196 846 2241; baseline 0.004 -11"><span class='ocrx_word' id='word_1_358' title='bbox 143 2197 192 2240; x_wconf 92' lang='lat' dir='ltr'>quod</span> <span class='ocrx_word' id='word_1_359' title='bbox 206 2207 236 2230; x_wconf 93' lang='lat' dir='ltr'>me</span> <span class='ocrx_word' id='word_1_360' title='bbox 249 2207 343 2240; x_wconf 90' lang='lat' dir='ltr'>nunquam</span> <span class='ocrx_word' id='word_1_361' title='bbox 354 2196 432 2231; x_wconf 85' lang='lat' dir='ltr'>inimicis</span> <span class='ocrx_word' id='word_1_362' title='bbox 443 2197 490 2231; x_wconf 88' lang='lat' dir='ltr'>meis</span> <span class='ocrx_word' id='word_1_363' title='bbox 504 2196 569 2240; x_wconf 88' lang='lat' dir='ltr'>quauis</span> <span class='ocrx_word' id='word_1_364' title='bbox 580 2196 675 2231; x_wconf 88' lang='lat' dir='ltr'>occasione</span> <span class='ocrx_word' id='word_1_365' title='bbox 686 2198 778 2241; x_wconf 90' lang='lat' dir='ltr'>proderet.</span> <span class='ocrx_word' id='word_1_366' title='bbox 801 2198 846 2233; x_wconf 92' lang='lat' dir='ltr'>Post</span> 
     </span>
     <span class='ocr_line' id='line_1_40' title="bbox 143 2249 845 2293; baseline 0.003 -10"><span class='ocrx_word' id='word_1_367' title='bbox 143 2250 211 2293; x_wconf 89' lang='lat' dir='ltr'>aliquot</span> <span class='ocrx_word' id='word_1_368' title='bbox 218 2260 262 2283; x_wconf 87' lang='lat' dir='ltr'>vero</span> <span class='ocrx_word' id='word_1_369' title='bbox 270 2250 309 2283; x_wconf 90' lang='lat' dir='ltr'>dies</span> <span class='ocrx_word' id='word_1_370' title='bbox 318 2249 388 2284; x_wconf 91' lang='lat' dir='ltr'>nunciis</span> <span class='ocrx_word' id='word_1_371' title='bbox 398 2251 421 2284; x_wconf 89' lang='lat' dir='ltr'>ad</span> <span class='ocrx_word' id='word_1_372' title='bbox 433 2261 453 2284; x_wconf 94' lang='lat' dir='ltr'>se</span> <span class='ocrx_word' id='word_1_373' title='bbox 461 2261 485 2284; x_wconf 83' lang='lat' dir='ltr'>ex</span> <span class='ocrx_word' id='word_1_374' title='bbox 493 2255 545 2293; x_wconf 92' lang='lat' dir='ltr'>parte</span> <span class='ocrx_word' id='word_1_375' title='bbox 556 2249 671 2284; x_wconf 91' lang='lat' dir='ltr'>inimicorum</span> <span class='ocrx_word' id='word_1_376' title='bbox 680 2261 764 2285; x_wconf 92' lang='lat' dir='ltr'>meorum</span> <span class='ocrx_word' id='word_1_377' title='bbox 771 2251 845 2286; x_wconf 91' lang='lat' dir='ltr'>venien·</span> 
     </span>
    </p>

    <p class='ocr_par' dir='ltr' id='par_1_8' title="bbox 115 2300 846 2455">
     <span class='ocr_line' id='line_1_41' title="bbox 115 2300 845 2347; baseline 0.001 -11"><span class='ocrx_word' id='word_1_378' title='bbox 115 2315 136 2344; x_wconf 83' lang='lat'>40</span> <span class='ocrx_word' id='word_1_379' title='bbox 143 2302 192 2335; x_wconf 88' lang='lat' dir='ltr'>tibus</span> <span class='ocrx_word' id='word_1_380' title='bbox 199 2306 218 2334; x_wconf 92' lang='lat' dir='ltr'>et</span> <span class='ocrx_word' id='word_1_381' title='bbox 225 2300 318 2344; x_wconf 85' lang='lat' dir='ltr'>ingentem</span> <span class='ocrx_word' id='word_1_382' title='bbox 329 2301 426 2345; x_wconf 90' lang='lat' dir='ltr'>pecuniam</span> <span class='ocrx_word' id='word_1_383' title='bbox 436 2313 469 2345; x_wconf 95' lang='lat' dir='ltr'>pro</span> <span class='ocrx_word' id='word_1_384' title='bbox 479 2301 553 2335; x_wconf 91' lang='lat' dir='ltr'>interitu</span> <span class='ocrx_word' id='word_1_385' title='bbox 563 2312 605 2335; x_wconf 88' lang='lat' dir='ltr'>meo</span> <span class='ocrx_word' id='word_1_386' title='bbox 616 2301 650 2336; x_wconf 90' lang='lat' dir='ltr'>sibi</span> <span class='ocrx_word' id='word_1_387' title='bbox 658 2302 791 2347; x_wconf 85' lang='lat' dir='ltr'>pollicentibus,</span> <span class='ocrx_word' id='word_1_388' title='bbox 799 2303 845 2345; x_wconf 82' lang='lat' dir='ltr'>“dii,</span> 
     </span>
     <span class='ocr_line' id='line_1_42' title="bbox 143 2353 846 2399; baseline 0 -10"><span class='ocrx_word' id='word_1_389' title='bbox 143 2353 207 2399; x_wconf 89' lang='lat' dir='ltr'>iuquit,</span> <span class='ocrx_word' id='word_1_390' title='bbox 214 2353 271 2388; x_wconf 86' lang='lat' dir='ltr'>vitam</span> <span class='ocrx_word' id='word_1_391' title='bbox 278 2364 339 2388; x_wconf 88' lang='lat' dir='ltr'>meam</span> <span class='ocrx_word' id='word_1_392' title='bbox 347 2353 446 2398; x_wconf 89' lang='lat' dir='ltr'>succidant,</span> <span class='ocrx_word' id='word_1_393' title='bbox 454 2353 470 2389; x_wconf 90' lang='lat' dir='ltr'>si</span> <span class='ocrx_word' id='word_1_394' title='bbox 481 2365 515 2399; x_wconf 87' lang='lat' dir='ltr'>ego</span> <span class='ocrx_word' id='word_1_395' title='bbox 525 2365 560 2399; x_wconf 91' lang='lat' dir='ltr'>pro</span> <span class='ocrx_word' id='word_1_396' title='bbox 568 2355 633 2399; x_wconf 91' lang='lat' dir='ltr'>quouis</span> <span class='ocrx_word' id='word_1_397' title='bbox 641 2356 705 2390; x_wconf 89' lang='lat' dir='ltr'>luehro</span> <span class='ocrx_word' id='word_1_398' title='bbox 712 2362 786 2391; x_wconf 90' lang='lat' dir='ltr'>terreno</span> <span class='ocrx_word' id='word_1_399' title='bbox 793 2356 846 2392; x_wconf 89' lang='lat' dir='ltr'>vobis</span> 
     </span>
     <span class='ocr_line' id='line_1_43' title="bbox 143 2406 845 2455; baseline 0 -12"><span class='ocrx_word' id='word_1_400' title='bbox 143 2409 217 2449; x_wconf 89' lang='lat' dir='ltr'>cedens,</span> <span class='ocrx_word' id='word_1_401' title='bbox 232 2406 297 2442; x_wconf 88' lang='lat' dir='ltr'>initum</span> <span class='ocrx_word' id='word_1_402' title='bbox 316 2407 369 2442; x_wconf 86' lang='lat' dir='ltr'>fedus</span> <span class='ocrx_word' id='word_1_403' title='bbox 387 2418 460 2452; x_wconf 86' lang='lat' dir='ltr'>quoquo</span> <span class='ocrx_word' id='word_1_404' title='bbox 478 2409 532 2442; x_wconf 90' lang='lat' dir='ltr'>modo</span> <span class='ocrx_word' id='word_1_405' title='bbox 547 2407 665 2444; x_wconf 87' lang='lat' dir='ltr'>dissoluer0.’&#39;</span> <span class='ocrx_word' id='word_1_406' title='bbox 696 2410 717 2445; x_wconf 86' lang='lat' dir='ltr'>Si</span> <span class='ocrx_word' id='word_1_407' title='bbox 732 2421 775 2455; x_wconf 86' lang='lat' dir='ltr'>crgo</span> <span class='ocrx_word' id='word_1_408' title='bbox 790 2410 845 2445; x_wconf 89' lang='lat' dir='ltr'>homo</span> 
     </span>
    </p>
   </div>
   <div class='ocr_carea' id='block_1_3' title="bbox 142 2495 846 2611">
    <p class='ocr_par' dir='ltr' id='par_1_9' title="bbox 142 2495 846 2611">
     <span class='ocr_line' id='line_1_44' title="bbox 162 2495 846 2534; baseline 0.006 -9"><span class='ocrx_word' id='word_1_409' title='bbox 162 2497 168 2515; x_wconf 91' lang='lat'>¹</span> <span class='ocrx_word' id='word_1_410' title='bbox 179 2496 197 2527; x_wconf 86' lang='lat' dir='ltr'>E.</span> <span class='ocrx_word' id='word_1_411' title='bbox 205 2496 232 2526; x_wconf 84' lang='lat' dir='ltr'>fili.</span> <span class='ocrx_word' id='word_1_412' title='bbox 320 2495 326 2514; x_wconf 78' lang='lat'>²</span> <span class='ocrx_word' id='word_1_413' title='bbox 337 2496 355 2526; x_wconf 86' lang='lat' dir='ltr'>E.</span> <span class='ocrx_word' id='word_1_414' title='bbox 363 2496 418 2532; x_wconf 83' lang='lat' dir='ltr'>Nunc;</span> <span class='ocrx_word' id='word_1_415' title='bbox 428 2496 446 2526; x_wconf 91' lang='lat' dir='ltr'>T.</span> <span class='ocrx_word' id='word_1_416' title='bbox 454 2497 501 2534; x_wconf 79' lang='lat' dir='ltr'>Non3</span> <span class='ocrx_word' id='word_1_417' title='bbox 512 2497 567 2528; x_wconf 84' lang='lat' dir='ltr'>Eadm.</span> <span class='ocrx_word' id='word_1_418' title='bbox 575 2497 613 2527; x_wconf 91' lang='lat' dir='ltr'>Nee.</span> <span class='ocrx_word' id='word_1_419' title='bbox 705 2499 711 2517; x_wconf 76' lang='lat'>³</span> <span class='ocrx_word' id='word_1_420' title='bbox 721 2509 738 2529; x_wconf 82' lang='lat' dir='ltr'>sc</span> <span class='ocrx_word' id='word_1_421' title='bbox 751 2499 846 2529; x_wconf 86' lang='lat' dir='ltr'>Neustriam.</span> 
     </span>
     <span class='ocr_line' id='line_1_45' title="bbox 142 2536 846 2572; baseline 0.001 -5"><span class='ocrx_word' id='word_1_422' title='bbox 142 2537 173 2568; x_wconf 78' lang='lat' dir='ltr'>¹T.</span> <span class='ocrx_word' id='word_1_423' title='bbox 180 2537 222 2572; x_wconf 78' lang='lat' dir='ltr'>sera;</span> <span class='ocrx_word' id='word_1_424' title='bbox 232 2536 250 2567; x_wconf 88' lang='grc' dir='ltr'>Ε,</span> <span class='ocrx_word' id='word_1_425' title='bbox 258 2536 358 2567; x_wconf 79' lang='lat' dir='ltr'>ferocissima.</span> <span class='ocrx_word' id='word_1_426' title='bbox 393 2536 399 2554; x_wconf 77' lang='lat'><strong><em>⁵</em></strong></span> <span class='ocrx_word' id='word_1_427' title='bbox 410 2537 428 2566; x_wconf 87' lang='grc' dir='ltr'>Ε,</span> <span class='ocrx_word' id='word_1_428' title='bbox 436 2537 519 2567; x_wconf 89' lang='lat' dir='ltr'>Ebronius.</span> <span class='ocrx_word' id='word_1_429' title='bbox 559 2537 565 2554; x_wconf 83' lang='lat'>⁶</span> <span class='ocrx_word' id='word_1_430' title='bbox 575 2547 605 2567; x_wconf 87' lang='lat' dir='ltr'>om.</span> <span class='ocrx_word' id='word_1_431' title='bbox 613 2538 629 2567; x_wconf 91' lang='lat' dir='ltr'>in</span> <span class='ocrx_word' id='word_1_432' title='bbox 637 2538 655 2569; x_wconf 86' lang='lat' dir='ltr'>T.</span> <span class='ocrx_word' id='word_1_433' title='bbox 701 2537 735 2570; x_wconf 85' lang='lat' dir='ltr'>⁷se.</span> <span class='ocrx_word' id='word_1_434' title='bbox 742 2539 846 2570; x_wconf 85' lang='lat' dir='ltr'>Austrasiam.</span> 
     </span>
     <span class='ocr_line' id='line_1_46' title="bbox 142 2576 836 2611; baseline 0.001 -4"><span class='ocrx_word' id='word_1_435' title='bbox 142 2577 148 2595; x_wconf 59' lang='grc' dir='ltr'><strong><em>Β</em></strong></span> <span class='ocrx_word' id='word_1_436' title='bbox 159 2578 176 2609; x_wconf 85' lang='grc' dir='ltr'>Ε,</span> <span class='ocrx_word' id='word_1_437' title='bbox 184 2581 200 2607; x_wconf 91' lang='lat' dir='ltr'>et</span> <span class='ocrx_word' id='word_1_438' title='bbox 208 2577 225 2609; x_wconf 79' lang='lat' dir='ltr'>C,</span> <span class='ocrx_word' id='word_1_439' title='bbox 267 2576 273 2594; x_wconf 78' lang='lat'><em>⁹</em></span> <span class='ocrx_word' id='word_1_440' title='bbox 283 2576 337 2607; x_wconf 86' lang='lat' dir='ltr'>Eadm.</span> <span class='ocrx_word' id='word_1_441' title='bbox 345 2576 409 2607; x_wconf 88' lang='lat' dir='ltr'>nornine</span> <span class='ocrx_word' id='word_1_442' title='bbox 416 2577 516 2609; x_wconf 89' lang='lat' dir='ltr'>Bertherum.</span> <span class='ocrx_word' id='word_1_443' title='bbox 560 2577 572 2596; x_wconf 86' lang='lat'>¹⁰</span> <span class='ocrx_word' id='word_1_444' title='bbox 583 2578 600 2609; x_wconf 87' lang='lat' dir='ltr'>E.</span> <span class='ocrx_word' id='word_1_445' title='bbox 608 2578 698 2610; x_wconf 89' lang='lat' dir='ltr'>noluerunt.</span> <span class='ocrx_word' id='word_1_446' title='bbox 740 2578 750 2597; x_wconf 90' lang='lat'>¹¹</span> <span class='ocrx_word' id='word_1_447' title='bbox 762 2579 780 2611; x_wconf 75' lang='lat' dir='ltr'>E.</span> <span class='ocrx_word' id='word_1_448' title='bbox 788 2578 836 2610; x_wconf 87' lang='lat' dir='ltr'>volui.</span> 
     </span>
    </p>
   </div>
   <div class='ocr_carea' id='block_1_4' title="bbox 0 0 891 2803">
    <p class='ocr_par' dir='ltr' id='par_1_10' title="bbox 0 0 891 2803">
     <span class='ocr_line' id='line_1_47' title="bbox 0 0 891 2803; baseline 0 0"><span class='ocrx_word' id='word_1_449' title='bbox 0 0 891 2803; x_wconf 95' lang='lat' dir='ltr'> </span> 
     </span>
    </p>
   </div>
  </div>
 </body>
</html>
