1762 2803
65 113 68 120 ·
115 106 160 159 694
343 99 345 102 ’
373 96 559 165 promtum.
580 96 587 103 ”

115 223 192 258 cordiam
199 226 311 269 postulantes,
319 231 370 269 caput
378 225 464 259 abscisum
472 224 566 269 respondit,
572 229 589 258 et
596 224 629 258 hac
637 234 676 258 eum
684 233 726 258 uoce
734 220 816 257 absoluit:

115 274 218 319 ‘Apostolus
227 276 297 319 Christi,
305 276 332 311 cui
342 287 353 310 a
360 276 430 311 Christo
441 276 555 311 absolutionis
564 275 622 319 gracia
629 275 718 315 confertur,
726 280 744 308 te
751 285 762 307 a
769 277 818 306 reatu

79 362 81 367 ,
115 337 154 360 mee
162 328 221 361 mortis
231 328 310 362 absoluat
317 334 335 362 et
342 328 439 362 huiusmodi
446 327 496 371 penis
504 326 569 371 eripiat,
577 332 594 361 et
604 337 633 360 me
641 326 658 359 in
666 325 702 359 eius
710 323 819 359 confessione

115 376 194 420 punitum
201 378 224 411 ad
232 378 268 411 uite
276 378 342 412 celestis
353 378 417 420 gaudia
427 377 532 412 introducat!
555 379 594 411 Hec
604 376 678 410 martiris
690 375 761 409 uictoria
772 372 820 416 apud

99 431 108 461 t
117 427 240 460 Radefordiam
248 429 334 461 celebrata
341 429 377 469 fuit,
385 434 402 460 et
410 428 480 461 uictorie
491 428 586 471 triumphus
597 426 677 460 omnibus
688 426 820 468 circumquaque

117 476 189 517 celebris
200 476 260 511 extitit.
283 477 318 511 Hic
328 477 392 511 Christi
402 478 488 521 magnalia
497 477 603 511 mirabilibus
613 476 727 517 cumulantur,
738 481 755 510 et
764 473 820 518 magis

116 527 207 571 magisque
218 528 350 562 mirabilioribus
363 528 476 573 declarantur.
500 528 562 563 Christi
574 527 634 563 martir
645 528 769 568 Freemuntlus,
780 530 820 569 post

116 584 195 620 mortem,
206 578 225 612 in
235 579 304 612 Christo
315 580 342 613 cui
353 579 412 613 omnia
423 580 483 614 uiuunt
495 580 545 613 uiuus
552 579 631 621 existens,
639 583 657 613 et
668 588 687 613 se
697 583 736 622 post
747 582 820 611 mortem

116 630 175 663 uiuere
187 629 204 663 in
217 630 285 665 Christo
296 632 366 673 docens,
374 642 393 666 se
404 632 452 675 quasi
463 631 513 665 uiuus
523 629 580 673 erexit,
593 629 672 664 manibus
682 633 734 673 caput
744 630 766 663 de
775 634 821 663 terra

91 680 181 722 reextulit,
189 687 206 714 et
214 692 254 714 curn
261 682 320 714 multis
331 681 428 715 huiusmodi
438 682 521 715 miracula
531 680 693 723 obstupescentibus
704 686 722 713 et
733 689 772 712 eum
782 688 821 711 cum

117 731 169 764 laude
183 731 243 763 diuina
257 732 402 774 prosequentibus,
418 732 441 763 ad
458 732 516 763 locum
532 730 620 773 quendam
638 729 682 764 inter
699 729 787 764 Vchintoir
804 732 822 761 et

119 781 252 825 Hereburebory
267 787 318 825 caput
332 782 412 815 manibus
427 782 506 816 deferens
521 781 599 824 perrexit.
626 781 666 822 Quo
683 780 782 821 deueniens,
798 778 821 812 ibi

119 832 202 874 consedit,
212 833 264 874 gladii
274 832 363 874 cuspidem
375 833 428 865 humo
440 832 504 873 defixit,
515 841 560 875 aque
571 831 640 873 stillam,
649 842 684 874 qua
693 836 745 874 caput
756 830 794 863 eius
804 834 822 862 et

120 893 181 924 corpus
189 882 302 923 abluerentur,
309 893 320 914 a
328 882 360 915 deo
372 880 451 924 precibus
460 882 535 923 expetiit,
544 887 561 914 et
572 881 674 924 impetrauit.
697 882 744 914 Nam
754 880 793 913 fons
803 879 822 912 in

92 942 111 973 15
119 932 181 966 eodem
188 932 232 973 loco,
240 931 324 974 perhenni
332 931 386 965 fluens
394 932 472 972 decursu,
480 932 559 973 excreultj
568 937 585 964 et
592 931 646 973 ipsius
656 930 731 964 martiris
741 930 822 963 meritum

119 992 178 1016 coram
185 981 283 1014 hominibus
291 981 380 1014 celebriter
387 981 484 1014 declarauit.
505 982 575 1015 Hausta
582 981 633 1023 igitur
640 991 690 1024 aqua,
697 981 768 1014 uulnera
775 979 822 1020 lauit,

119 1032 171 1065 deum
180 1030 207 1065 cui
217 1030 275 1064 omnia
286 1029 345 1065 uiuunt
356 1031 446 1065 adorauit:
462 1037 480 1064 et
490 1031 515 1064 ita
525 1030 573 1075 quasi
583 1037 666 1072 mortuus,
675 1032 698 1064 ad
708 1031 792 1064 orientem
804 1039 823 1063 se

119 1086 194 1121 uertens,
209 1081 227 1114 in
242 1086 287 1115 terra
301 1082 397 1124 procubuit.
420 1082 460 1115 Hoc
474 1081 512 1115 uiso
526 1082 614 1122 miraculo,
628 1081 704 1124 prefatus
717 1082 770 1122 Oswy
783 1090 823 1113 curn

119 1131 182 1166 ceteris
190 1131 218 1173 qui
227 1131 338 1171 aduenerant,
346 1141 408 1174 corpus
416 1132 453 1165 eius
460 1137 478 1165 et
488 1137 539 1174 caput
549 1131 649 1174 suscipiunt,
657 1136 675 1165 et
684 1142 724 1165 cum
733 1131 780 1164 linea
790 1139 825 1174 qua

94 1181 190 1216 reindutus
201 1187 274 1216 mortem
284 1192 376 1225 perpessus
386 1182 446 1223 fuerat,
454 1182 471 1216 in
482 1182 538 1217 loculo
545 1182 626 1225 plumbeo
633 1192 692 1225 panno
699 1193 739 1216 cera
748 1182 824 1215 obducto

120 1242 182 1276 corpus
194 1237 250 1265 totum
261 1232 372 1274 obambiunt;
389 1238 406 1267 et
421 1233 439 1266 in
452 1233 490 1267 loco
502 1232 532 1276 qui
544 1232 654 1266 Offechirche
666 1233 766 1276 appellatur,
780 1232 825 1264 intra

121 1284 182 1317 domus
189 1283 237 1325 regie
244 1282 335 1316 maceriem
343 1293 383 1315 cum
390 1283 459 1325 ympnis
466 1289 483 1315 et
490 1282 569 1315 laudibus
577 1283 686 1324 sepelierunt.
709 1284 750 1314 Hoc
759 1282 777 1313 in
785 1282 825 1314 loco

121 1331 171 1365 annis
179 1332 268 1374 sexaginta
276 1342 306 1365 sex
313 1341 376 1374 corpus
384 1332 474 1365 humatum
483 1331 558 1376 quieuit:
570 1337 587 1366 et
595 1331 660 1366 ibidem
667 1331 765 1366 huiusmodi
772 1330 825 1365 mira-

121 1382 160 1416 culo
167 1381 240 1424 gloriam
247 1392 296 1416 suam
304 1381 421 1416 nescientibus
428 1382 527 1417 declarauit.

95 1459 113 1490 ²5
123 1453 196 1530 TRes
206 1453 262 1495 puelle
272 1451 345 1486 diuersis
354 1452 416 1495 Anglie
427 1453 504 1496 partibus
514 1458 573 1487 exorte
583 1453 651 1487 fuerant
659 1458 676 1486 et
685 1453 756 1486 diuersis
765 1462 825 1496 corpo·

182 1512 220 1536 rum
236 1513 305 1536 suorum
319 1502 415 1536 incomodis
428 1515 439 1536 a
453 1504 509 1546 prima
524 1503 614 1537 natiuitate
628 1503 735 1536 laborabant.
758 1504 826 1535 Harum

122 1552 194 1587 nomina
204 1551 218 1585 si
230 1559 327 1594 queruntur,
338 1562 373 1585 vna
384 1553 456 1593 Eltieda,
468 1552 544 1586 secunda
556 1553 622 1593 Thoua,
633 1552 686 1586 tercia
698 1552 769 1594 Britena
779 1551 826 1585 dice-

123 1605 191 1637 bantur.
213 1601 282 1635 Elfleda
292 1607 340 1635 muta
351 1608 396 1642 nata,
407 1603 453 1645 loqui
463 1613 498 1635 non
509 1607 587 1645 poterat;
599 1603 660 1635 Thoua
669 1613 722 1635 manu
732 1608 827 1644 contracta,

123 1662 185 1686 manus
193 1650 250 1685 officio
259 1651 329 1685 omnino
339 1652 420 1693 carebat;
432 1652 503 1686 Britena
512 1652 534 1687 acl
546 1652 564 1686 id
574 1652 655 1694 temporis
665 1652 733 1686 auditus
742 1653 827 1686 beneficia

95 1713 116 1745 50
124 1702 217 1737 nesciebat.
240 1702 285 1744 Hiis,
296 1701 369 1735 diuersis
382 1713 393 1735 a
406 1714 425 1737 se
437 1703 513 1745 partibus
526 1702 637 1736 existentibus
649 1703 710 1745 puellis
722 1703 794 1744 angelus
808 1702 827 1735 in

123 1753 189 1787 uisione
202 1750 287 1795 apparuit,
300 1757 318 1785 et
329 1762 359 1786 eas
371 1753 403 1785 sub
415 1763 450 1785 vna
462 1758 512 1786 nocte
525 1752 625 1791 ammonuit,
637 1758 655 1785 et
667 1752 682 1785 si
693 1753 715 1785 de
728 1752 827 1785 infirmitate

123 1801 218 1836 remedium
226 1806 310 1844 optarent,
318 1806 336 1834 ut
344 1807 432 1844 surgerent
439 1802 520 1845 precepit,
528 1806 546 1835 et
553 1807 571 1835 ut
579 1802 602 1835 ad
610 1802 666 1835 locum
678 1800 707 1845 qui
718 1801 828 1836 Offechirche

124 1850 230 1896 appellatur1
240 1856 357 1894 properarent,
366 1851 483 1896 denuntiauit3
495 1857 512 1885 et
522 1852 562 1895 quia
572 1851 604 1887 loci
615 1853 688 1896 predicti
698 1852 749 1886 situm
759 1852 827 1895 ignora-

74 1929 75 1932 ,
124 1903 176 1936 bant:
188 1901 253 1935 fumum
261 1901 347 1944 quendam
355 1903 383 1945 qui
391 1903 414 1936 ab
421 1903 458 1936 eius
468 1903 542 1936 martiris
553 1902 644 1946 sepulchro
653 1903 676 1936 ad
686 1913 752 1936 summa
763 1902 794 1937 celi
804 1903 828 1936 ad

97 1962 116 1994 35
124 1952 195 1986 modum
202 1952 265 1986 nebule
272 1952 328 1987 lucide
335 1953 423 1996 tendebat,
431 1953 479 1996 sequi
487 1953 567 1997 precepit.
586 1954 603 1987 A
610 1953 653 1987 locis
660 1954 711 1995 igitur
719 1954 754 1986 suis
762 1953 828 1986 monitu

124 2003 202 2045 angelico
214 2013 274 2035 omnes
287 2013 362 2044 egresse,
374 2003 419 2036 iilius
431 2004 494 2036 nebule
507 2004 563 2037 lucem
576 2003 626 2037 simul
640 2003 753 2046 conspiciunt,
764 2008 782 2037 et
795 2003 828 2036 hac

125 2052 169 2086 duce
180 2052 204 2085 ad
216 2052 273 2085 locum
286 2059 405 2094 preostensum
418 2055 489 2087 tandem
501 2053 613 2097 perueniunt:
631 2059 648 2087 et
661 2054 705 2087 sieut
718 2053 790 2096 angelus
803 2053 829 2088 eis

125 2102 227 2147 predixerat,
235 2102 291 2136 sancti
300 2103 404 2137 Freemundi
412 2103 487 2137 martiris
494 2114 556 2147 corpus
566 2104 584 2137 in
593 2104 668 2138 maceria
676 2104 737 2137 locello
747 2104 828 2146 plumbeo

126 2153 247 2194 consignatum
254 2152 354 2187 inueniuntt
366 2160 383 2187 et
392 2155 439 2187 iussu
448 2154 526 2196 angelico
531 2153 542 2195 ²,
550 2155 573 2187 ad
583 2155 639 2188 locum
648 2155 735 2196 quendam
745 2154 774 2196 qui
785 2154 830 2187 inter

98 2215 119 2244 40
127 2203 231 2236 Cherewelle
244 2208 261 2235 et
273 2203 399 2237 Brandemere³
411 2203 494 2237 bitumine
506 2204 626 2246 circumdatur,
637 2204 666 2237 ubi
676 2204 709 2238 sibi
720 2204 794 2238 inuicem
804 2204 829 2237 hii

127 2253 161 2286 duo
173 2251 219 2284 fluuii
230 2252 339 2293 miscentur⁴‚
351 2253 468 2295 sepeliendum
479 2255 562 2287 deferunt.
585 2255 624 2286 Hee
636 2253 713 2296 predicte
723 2254 779 2296 puelle
790 2264 829 2287 cum

127 2302 150 2336 ad
163 2302 220 2334 locum
233 2301 308 2334 martiris
323 2301 379 2344 primo
393 2309 513 2346 peruenerant,
525 2303 567 2347 quid
581 2302 646 2337 ibidem
660 2302 726 2346 singule
739 2309 830 2348 quererent

127 2351 234 2395 ignorabant,
243 2358 260 2386 et
270 2362 304 2396 que
314 2362 366 2387 causa
376 2363 406 2387 eas
415 2354 454 2388 illuc
464 2354 559 2388 adduxerat
569 2353 643 2388 inuicem
654 2355 768 2398 requirebant.
789 2357 830 2389 Vna

127 2403 179 2446 igitur
189 2409 225 2437 erat
235 2413 269 2437 uox
277 2403 360 2444 omnium,
368 2409 385 2437 et
395 2414 428 2436 vna
439 2404 512 2438 intentio
521 2403 647 2446 singularum⁵z
658 2406 681 2439 ad
692 2406 726 2439 hoc
735 2406 799 2440 scilicet
811 2416 830 2440 se

147 2477 153 2495 ²
163 2478 182 2508 L.
188 2477 235 2508 adds:
245 2478 265 2509 ad
271 2478 346 2510 tumulum
352 2479 368 2511 h.
373 2479 477 2510 Frithemnudi
484 2479 524 2519 regis
531 2484 546 2510 et
552 2480 623 2511 martiris,
664 2480 671 2500 ²
680 2482 699 2511 L,
704 2481 752 2512 adds:
762 2481 830 2520 sequenti

127 2522 173 2549 nocte
180 2518 202 2548 eis
208 2519 254 2549 facto.
299 2519 305 2537 ⁸
315 2519 336 2549 al.
343 2519 438 2549 Brademere.
479 2518 485 2535 ⁴
494 2519 512 2549 L.
519 2519 567 2550 adds:
577 2521 604 2559 qui
610 2520 653 2551 locus
660 2530 670 2550 a
676 2520 761 2551 Bsnneburi
767 2530 795 2560 per
801 2520 830 2550 tria

127 2558 158 2589 fere
164 2556 232 2587 miliaria
238 2558 290 2588 distat.
351 2557 357 2575 ⁶
368 2557 403 2588 MS.
410 2557 507 2597 singulorum.
