1762 2803
255 112 301 167 Dr
315 110 415 163 &aaut
431 109 562 163 totittrtou.
714 122 759 165 427

58 233 192 279 sequebantur;
203 242 274 275 verum,
285 230 328 276 quia
341 230 367 265 illi
381 232 500 277 postmodum
512 231 587 275 optione
601 230 643 265 data
656 229 759 265 maluerunt

57 289 97 323 loco
105 286 177 328 cedere,
182 295 236 330 quam
245 285 314 329 pascha
320 284 428 320 catholicum
435 289 542 328 ceterosque
550 283 596 318 ritus
604 282 701 318 canonicos
709 282 760 318 iuxta

58 350 134 375 romane
142 344 160 373 et
169 338 268 383 apostolice
276 337 353 372 ecclesie
360 337 512 372 consuetudinem
520 336 608 381 recipere,
616 336 717 371 dederunt¹
725 337 760 371 hoc

57 392 83 427 illi
91 402 146 436 quem
153 390 259 425 melioribus
266 391 357 425 imbutum
365 389 466 434 disciplinis
473 400 494 423 ac
502 388 584 423 moribus
591 387 698 430 viderunt²3
710 394 728 423 et
736 389 760 423 ab

57 445 146 486 Ailberto,
162 443 293 484 Gewissorum,
308 442 327 478 id
346 447 374 478 est
390 441 535 477 Occidentalium
551 441 651 482 Saxonum,
667 440 778 486 episcopos

58 497 180 544 presbiterum
189 497 292 533 consecrari
299 496 387 532 iecerunt.
431 489 499 532 'Mota
506 501 535 531 est
542 507 565 530 ea
572 500 681 541 tempestate
689 496 760 541 questio

58 553 81 586 de
90 550 218 585 obseruatione
229 550 308 594 pasche:
320 561 363 585 nam
371 549 427 591 Scoti,
435 555 453 584 et
464 549 519 584 etiam
526 549 611 583 Aidanus
623 554 641 583 et
649 548 664 582 F
664 548 730 584 inanus
742 554 760 584 et

58 606 120 649 plures
128 603 190 647 Angli,
198 609 262 638 contra
271 614 343 638 morem
351 604 461 638 uniuersalis
471 602 549 637 ecclesie
559 601 629 645 pascha
638 601 760 636 celebrabant.

58 656 112 689 Vnde
120 665 252 699 nonnunquam
260 655 334 699 contigit
341 661 360 690 vt
368 655 396 689 bis
403 655 423 689 in
431 666 480 689 anno
487 654 556 699 pascha
563 654 686 687 celebraretur
692 658 710 688 et
718 664 759 688 cum

58 720 91 743 rex
103 706 154 742 Oswi
165 708 234 752 pascha
245 709 310 743 solutis
320 709 393 743 ieiuniis
403 709 477 751 iaceret,
484 713 528 742 tune
539 707 603 751 regina
614 716 656 742 cum
668 706 707 742 suis
718 717 759 751 per·
770 716 788 739 ro

58 762 125 795 sistens
140 761 199 796 adhuc
214 762 233 796 in
248 762 315 796 ieiunio
330 762 380 796 diem
394 761 497 806 palmarum
512 760 618 796 celebraret.
641 759 683 795 Hec
698 765 759 795 autem

58 814 170 847 dissonantia
188 815 279 858 paschalis
301 815 423 856 obseruantie,
441 814 515 848 uiuente
534 813 613 855 Aidano,
627 814 718 857 patienter
737 814 760 848 ab

58 866 143 900 omnibus
157 867 272 909 tolerabatur,
288 868 318 912 qui
333 872 418 912 patenter
432 866 561 901 intellexerant
575 865 623 909 quia,
639 866 674 900 etsi
691 866 760 909 pascha

58 924 120 953 contra
142 928 213 954 morem
232 930 296 955 eorum
314 919 345 964 qui
366 919 427 964 ipsum
449 918 538 953 miserant
560 916 620 952 lacere
639 929 677 952 non
695 917 760 963 potuit,

58 981 114 1016 opera
122 976 183 1007 tamen
191 972 239 1016 fidei,
245 972 317 1017 pietatis
325 978 343 1009 et
351 972 453 1008 dilectionis
460 973 511 1007 iuxta
518 981 590 1006 morem
598 971 683 1006 omnibus
690 973 759 1007 sanctis
769 986 787 1016 ¹5

58 1030 165 1059 consuetum
173 1026 270 1072 diligenter
276 1027 343 1072 exequi
351 1028 425 1069 curauit,
433 1027 482 1062 vnde
491 1026 514 1061 ab
522 1025 612 1067 omnibus,
621 1026 675 1061 etiam
683 1024 720 1061 hiis
727 1026 758 1070 qui

58 1079 81 1112 de
88 1078 157 1121 pascha
164 1080 218 1114 aliter
226 1081 334 1123 sentiebant,
342 1080 407 1115 merito
417 1079 526 1124 diligebatur
531 1078 543 1120 ⁴,
552 1090 585 1113 nec
597 1079 657 1113 solum
667 1090 678 1113 a
688 1079 759 1114 medio-

58 1129 124 1172 cribus,
131 1141 196 1165 verum
204 1132 227 1165 ab
235 1133 327 1176 episcopis
335 1133 418 1166 Honorio
426 1131 570 1172 Cantuariorum,
578 1135 596 1165 et
605 1131 666 1180 Felice
674 1130 759 1165 Orienta-

57 1181 101 1216 lium
112 1182 221 1228 Anglorum,
231 1184 355 1220 venerationi⁵
366 1185 439 1220 habitus
450 1189 483 1219 est.
512 1183 566 1219 Vnde
578 1183 644 1219 merito
655 1184 712 1218 mouit
724 1184 758 1219 hec

57 1235 129 1279 questio
144 1243 213 1273 sensus
225 1243 243 1273 et
261 1239 316 1274 corda
334 1238 439 1281 multorum,
453 1238 556 1272 timentium
575 1248 599 1272 ne
618 1237 665 1273 sorte
683 1244 758 1284 accepto
767 1252 787 1273 ao

58 1287 193 1325 christianitatis
200 1292 289 1325 vocabulo
296 1292 315 1325 in
322 1302 400 1326 vacuum
411 1297 506 1326 currerent
513 1295 543 1325 aut
551 1290 680 1326 cucurrissent
703 1291 758 1327 Facta

59 1346 87 1374 est
94 1342 155 1386 itaque
163 1345 245 1387 synodus
253 1345 272 1379 in
280 1346 394 1379 monasterio
402 1344 459 1379 Hilde
466 1344 558 1378 abbatisse
567 1344 615 1388 apud
627 1344 758 1379 Streneshalch

58 1395 666 1441 -quod'modoWhitebyvoeatur—vbiquestioventilari⁵deberet
672 1402 690 1430 et
696 1398 759 1431 termi-

58 1446 102 1480 nari.
121 1446 156 1482 Vbi
167 1455 293 1484 conuenerunt
304 1461 359 1495 reges
371 1449 422 1484 oswi
433 1455 452 1484 et
463 1450 512 1485 filius
520 1450 560 1484 eius
567 1450 656 1492 Alsridus,
663 1451 759 1485 Ailbertus

58 1497 155 1544 episcopus
169 1512 211 1536 cum
226 1503 280 1537 beato
292 1502 389 1539 Wilsrido:
408 1509 472 1538 contra
484 1514 531 1548 quos
546 1503 646 1539 Colmanus
661 1503 759 1549 episeopus
769 1517 787 1549 ²5

58 1563 99 1587 cum
107 1555 146 1588 suis
154 1556 224 1590 clericis
232 1558 287 1598 venit,
295 1563 313 1592 et
325 1557 402 1592 Hildam
413 1558 524 1592 abbatissam
533 1562 583 1592 secte
591 1568 625 1591 sue
632 1557 734 1599 fautricem,
741 1563 760 1592 et

59 1605 165 1650 episcopum
173 1609 260 1650 Ceddam,
268 1620 310 1644 cum
318 1610 358 1644 aliis
365 1610 448 1653 pluribus
456 1610 523 1644 habuit.
536 1609 605 1644 Habito
612 1616 674 1644 autem
681 1610 759 1653 silentio,

59 1667 92 1691 rex
98 1658 148 1693 Oswi
155 1660 185 1694 tali
193 1662 248 1696 modo
256 1662 342 1706 loquutus
350 1668 389 1697 est:
398 1662 508 1706 ‘Hactenus
514 1667 576 1707 patres
581 1663 687 1705 venerandi,
692 1663 760 1699 scisma

58 1710 76 1743 in
84 1713 167 1748 ecclesiis
175 1715 243 1749 Christi
251 1721 335 1750 exortum
343 1715 432 1760 quosdam
443 1715 504 1750 minus
511 1715 620 1760 veritati[s]⁷
628 1717 724 1751 studentes
735 1717 759 1752 ad

58 1767 127 1800 tantum
140 1777 221 1803 errorem
235 1769 326 1813 perduxit,
336 1775 356 1804 vt
369 1769 398 1803 bis
410 1769 429 1804 in
442 1779 490 1804 anno
502 1770 557 1814 (quod
570 1771 618 1805 dictu
631 1771 703 1815 nephas
716 1782 759 1807 esse
768 1785 787 1814 30

58 1818 152 1863 probatur)
164 1826 247 1857 sanctum
259 1822 327 1866 paseha
339 1823 363 1857 sit
374 1822 502 1857 celebrarunt
525 1823 561 1865 Qui
573 1823 622 1858 enim
633 1823 681 1858 viam
692 1825 759 1859 indiui-

58 1870 112 1905 duam
123 1874 242 1917 perueniendi
253 1876 339 1910 advitam
349 1875 464 1910 solummodo
475 1875 568 1910 Christum
576 1881 677 1909 noscuntur
684 1877 758 1919 habere,

58 1923 157 1960 absurdum
169 1926 223 1962 valde
236 1927 275 1962 iore
288 1927 393 1970 dinoscitur,
405 1927 466 1971 ipsum
482 1927 575 1962 Christum
587 1927 606 1962 in
619 1929 658 1962 suis
671 1929 759 1964 misteriis

57 1975 104 2011 velle
116 1978 191 2013 dissona
200 1979 328 2015 obseruatione
337 1980 424 2016 diuidere.
446 1980 474 2015 Ea
485 1991 505 2017 re
516 1981 535 2015 ln
547 1982 594 2016 hanc
606 1991 636 2016 me
647 1983 758 2017 sententiam

58 2028 98 2073 ipsa
109 2032 185 2068 rationis
196 2035 297 2068 necessitas
309 2034 425 2078 potissimum
436 2034 493 2075 duxit,
501 2033 587 2078 quatinus
593 2035 689 2080 utriusque
700 2035 758 2081 partis
767 2050 786 2082 35

57 2083 165 2121 defensores
178 2097 215 2121 vna
229 2087 294 2122 uenire
308 2087 365 2122 iussio
380 2094 443 2121 nostra
458 2088 602 2131 constringeret3
618 2099 654 2131 qno
666 2090 758 2133 utrimque

57 2136 128 2172 ratione
139 2138 206 2180 audita,
213 2140 257 2183 quid
268 2140 388 2184 sequendum,
396 2140 440 2184 quid
447 2138 554 2184 fugiendum
563 2140 592 2183 sit,
601 2140 684 2176 discusso
694 2152 758 2176 errore

58 2198 146 2232 queamus
153 2191 256 2236 inspicere?
278 2192 331 2228 Tunc
339 2192 440 2228 Colmanus
447 2193 545 2239 episcopus
553 2193 588 2228 ait:
600 2194 687 2238 ‘Pascha¹
695 2194 759 2240 inquit,

57 2251 68 2275 a
75 2244 210 2286 quartadecima
218 2245 261 2280 luna
266 2256 325 2291 usque
333 2248 356 2281 ad
363 2246 470 2281 vicesimam
478 2247 598 2289 celebramus,
603 2254 621 2283 et
629 2247 759 2284 celebrandum

58 2297 193 2341 confirmamus,
205 2303 223 2334 et
234 2299 259 2334 ita
270 2298 310 2334 fieri
321 2304 407 2344 oportere
417 2300 478 2335 valida
491 2300 598 2336 auctoritate
611 2302 759 2346 comprobamus.
767 2320 788 2351 40

58 2346 178 2387 Beatissimus
186 2354 235 2387 enim
244 2352 337 2388 Iohannes
345 2353 463 2398 Euangelista
471 2355 543 2398 eodem,
549 2365 585 2400 quo
593 2365 633 2397 nos,
640 2355 705 2391 ordine
713 2355 757 2391 illud

57 2402 155 2439 celebrauit
163 2411 181 2439 et
190 2405 256 2450 quibus
263 2406 330 2450 prefuit
338 2406 420 2441 ecclesiis
428 2407 559 2442 celebrandum
567 2407 649 2441 instituit
672 2407 714 2442 Hoc
724 2418 758 2452 per

78 2514 168 2550 ¹B.dedit
209 2520 244 2551 ¹13.
252 2521 296 2551 vidit.
337 2520 377 2553 ³Ci.
386 2522 436 2559 Beda,
444 2522 473 2552 lll.
481 2532 505 2561 ²5·
546 2522 683 2560 ‘Editigibatun
725 2524 758 2554 ll.

58 2555 189 2593 Eveneratioue.
224 2559 258 2592 ⁸13.
266 2561 348 2593 ventulari.
384 2562 493 2594 'Eventuti
527 2563 758 2600 ⁸s0T„;E.celebratumsit.
