1762 2803
47 75 167 121 urentes]
248 74 294 129 bt
310 71 412 127 &encta
428 71 533 128 (libitia.
701 84 746 131 495

47 197 122 234 comites
130 205 189 239 reges,
196 195 253 229 duces
260 200 279 228 et
286 194 386 239 principes,
394 193 462 238 regine,
470 194 543 229 ducisse
552 198 569 228 et
580 193 672 228 comitisse
683 199 748 234 terras,

47 250 122 290 diuitias,
133 249 215 292 patriam,
226 249 312 289 honores,
322 247 426 292 dignitates,
436 253 455 282 et
465 252 551 291 parentes
562 252 693 290 contempnunt
704 256 749 281 exu-

47 303 115 339 tantes¹
123 312 157 345 pro
169 300 247 342 Christo,
258 311 335 345 corpora
346 312 379 333 sua
390 298 475 333 tradunt⁹
485 311 519 343 pro
530 299 565 333 deo
576 298 599 332 ad
611 298 705 341 supplicia,
715 309 749 342 pro

48 356 112 402 quibus
124 359 187 388 eterne
198 353 235 388 vite
246 353 353 397 consequuti
365 352 441 397 premia,
454 352 555 397 perhennis
566 352 627 397 gaudii
639 351 749 386 iocunditate

48 413 145 452 regnantes
153 418 194 441 curn
203 405 276 440 Christo
283 406 406 449 perfruuntur.
758 409 767 439 5

48 473 61 510 ql
73 470 125 514 Quod
139 473 202 503 sancta
215 468 280 502 Vrsula
292 478 325 502 sue
339 468 403 502 mortis
418 467 486 502 seriem
501 473 555 511 atque
570 467 660 502 sodalium
675 477 750 501 suarum

90 523 173 558 referens
183 521 274 566 exposuit,
286 527 304 557 ct
316 522 365 566 quod
378 523 467 557 demones
481 533 516 565 pro
531 532 594 555 earum
609 520 750 566 interemptione

90 576 201 610 laborabant.

70 622 172 674 Cetemm³
186 627 273 672 princeps
290 627 320 662 ille
338 627 435 662 Hunorum
450 627 501 662 dirus
516 626 571 661 nimis
586 627 617 661 ac‘
633 626 751 669 truculentus,

50 694 89 718 curn
102 680 178 724 virginis
193 680 251 723 ipsius
265 679 333 715 Vrsule
348 679 422 715 sancte³
436 680 562 724 sodaliumque
577 689 651 715 suarum
666 679 751 715 inuictam

49 739 131 771 cerneret
142 739 228 777 mentem,
240 743 273 767 nec
285 733 308 767 ad
320 744 341 767 ea
352 744 388 777 que
398 732 454 767 voluit
469 732 510 767 illas
524 743 580 776 posse
592 732 673 767 deflecti:
686 732 752 766 astutia

50 789 184 824 circumuentus
197 787 234 831 agit
247 786 319 828 diaboli,
332 792 351 820 vt
366 785 415 821 socie
430 785 510 830 virgines
525 786 606 830 sociique
619 786 703 820 usodales
717 785 752 820 viri

50 843 99 886 prius
116 842 151 875 sub
166 841 220 875 beate
234 840 301 874 Vrsule
318 839 445 874 interimantur
459 839 558 884 presentia.
583 839 688 874 Arbitratur
702 839 780 875 enimro

51 895 97 938 quod
108 894 143 934 illa,
153 898 254 927 ceterarum
265 903 310 926 nece
320 892 388 934 territa,
396 898 446 926 tanto
458 892 535 926 celerius
546 892 563 926 ei
575 891 681 932 consentiat,
689 893 752 925 volun·

50 946 81 982 tati
95 945 153 991 ipsius
168 946 248 991 prebens
264 946 352 979 effectum.
382 945 439 979 Porro
457 955 537 990 sponsus
552 944 639 989 virginisl
653 944 727 978 inclitus
742 955 753 978 a

52 1001 106 1034 latere
117 1009 185 1042 sponse
196 1009 229 1033 sue
239 999 299 1042 gladio
310 1008 409 1042 percussus
421 998 535 1039 interimitur,
544 1003 624 1043 optatam
635 998 693 1033 felicis
704 1008 753 1032 mar-

51 1051 84 1087 tirii
95 1052 175 1096 palmam
187 1062 221 1097 pro
233 1051 306 1087 Christo
317 1051 407 1097 iugulatus
418 1051 493 1096 accepit.
516 1051 587 1087 Dehinc
597 1057 704 1097 grassantur
713 1062 753 1087 car-

52 1106 119 1147 nifices,
127 1106 222 1139 innoxium
230 1105 327 1140 fundentes
337 1105 444 1148 sanguinem
452 1106 507 1139 noxio
518 1116 539 1139 se
549 1106 665 1140 maculauere
676 1105 752 1150 piaculo.
762 1118 780 1148 15

53 1159 94 1201 Ipsa
110 1158 190 1201 denique
204 1159 256 1201 virgo
275 1159 333 1199 beata,
348 1158 445 1191 debachari
464 1168 543 1190 cernens
561 1158 580 1190 in
599 1158 688 1191 sodalium
707 1168 752 1191 nece

53 1210 144 1254 malignos,
160 1215 196 1245 stat
214 1210 341 1255 imperterrita,
357 1220 391 1245 nec
406 1209 462 1245 minis
478 1209 545 1244 tiranni
560 1209 644 1252 vincitur,
659 1220 693 1243 nec
710 1221 753 1255 pro-

53 1262 113 1298 missis
131 1263 205 1297 delinita
223 1263 369 1297 circumuenitur.
399 1263 457 1297 Porro
476 1263 510 1297 hec
528 1264 594 1297 eadem
608 1263 660 1307 virgo
675 1263 754 1298 Vrsula⁵

53 1327 110 1361 nuper
116 1316 188 1351 cuidam
195 1317 283 1352 assistens
289 1328 345 1361 super
352 1317 401 1351 serie
407 1316 498 1361 passionis
507 1316 572 1362 [eius]u
580 1316 678 1351 sciscitanti
684 1316 710 1351 sic
718 1317 753 1352 ait:

53 1370 150 1413 ‘Prmceps
161 1371 191 1405 ille
204 1371 278 1414 putabat
290 1376 371 1405 mentem
384 1380 444 1405 meam
456 1371 479 1404 ad
493 1380 575 1405 amorem
588 1380 642 1404 suurn
655 1371 754 1405 inclinare:
763 1382 782 1405 ro

53 1422 99 1455 vnde
112 1432 177 1457 omnes
189 1422 239 1466 pn'us
252 1422 293 1457 lecit
308 1432 369 1457 coram
383 1432 413 1457 me
428 1422 505 1457 interfici
515 1422 603 1466 virgines,
615 1433 651 1466 quo
667 1422 755 1466 [territa]⁹

53 1473 121 1510 facilius
140 1474 157 1510 ei
176 1474 304 1511 consentirem.
333 1476 371 1510 Sed
388 1486 430 1510 cum
447 1475 515 1510 nollem
534 1474 601 1520 iniquis
616 1474 656 1510 eius
674 1475 755 1511 consiliis

54 1538 145 1573 praueque
159 1528 276 1573 acquiescere
286 1528 381 1571 voluntati,
392 1529 474 1563 omnium
486 1529 526 1563 iere
538 1528 658 1563 nouissimam
671 1539 701 1563 me
713 1528 755 1564 t'ecit

54 1580 115 1624 occidi,
123 1587 141 1615 et
151 1581 215 1626 sagitta
224 1582 243 1615 in
252 1582 308 1615 corde
319 1592 407 1624 percussa
418 1581 483 1616 interii.
506 1581 602 1616 Vniuersis
611 1581 652 1625 [sic]
658 1583 664 1601 ⁹
671 1582 756 1617 sociabus

54 1633 99 1667 meis
107 1634 222 1680 interemptis
229 1640 247 1669 et
256 1634 315 1676 sociis,
323 1644 353 1669 me
363 1634 382 1669 in
393 1634 421 1669 sui
432 1634 485 1669 iussit
495 1628 561 1669 adduc‘i
572 1634 684 1678 presentiam
694 1634 755 1679 ibique
765 1648 783 1678 ²5

55 1687 124 1720 necari:
140 1689 190 1720 vnde
202 1687 266 1721 accidit
278 1693 297 1721 vt
310 1697 321 1720 a
334 1697 404 1730 sponso
419 1697 460 1721 meo
473 1687 527 1721 vuius
541 1686 607 1730 lapidis
621 1687 670 1721 iactu
685 1694 757 1721 semota

55 1737 163 1780 perimeren¹
180 1739 228 1773 Eece
236 1739 270 1773 hec
280 1744 323 1773 sunt
330 1739 412 1774 eiusdem
420 1739 496 1784 virginis
503 1739 565 1773 verba.
580 1738 635 1773 Ista¹⁰
641 1749 686 1774 sane
694 1738 756 1783 loque-

55 1790 106 1825 batur
116 1792 176 1835 latine‚
184 1793 244 1828 adhuc
254 1799 315 1828 autem
321 1792 333 1812 ¹¹
341 1792 444 1837 adiungens
454 1792 509 1828 dixit:
522 1792 615 1837 ‘Cumque
625 1792 661 1828 iam
672 1803 757 1828 essemus

55 1842 185 1888 interficiende,
197 1857 220 1880 en
233 1846 304 1880 infinita
317 1847 416 1881 demonum
432 1845 527 1881 multitudo
542 1845 597 1886 affuit,
608 1845 692 1880 diuersas
705 1856 756 1880 mon·

56 1898 145 1931 strornm⁶
160 1898 233 1943 species
249 1904 268 1933 et
282 1899 350 1934 formas
365 1899 482 1934 habentium:
499 1898 531 1943 qui
546 1898 602 1933 armis
616 1898 672 1933 variis
686 1898 756 1941 armati,
765 1908 785 1938 ao

56 1958 89 1990 per
100 1955 157 1984 totum
171 1962 257 1995 campum
268 1952 299 1986 vbi
312 1962 386 1986 eramus
397 1952 495 1995 iugulande
506 1952 540 1985 hac
551 1957 569 1986 et
581 1951 621 1986 illac
633 1951 757 1986 discurrentes

57 2000 78 2033 ad
89 2008 172 2038 nostrum
183 2004 276 2039 interitum
289 2005 369 2038 excitant
382 2005 514 2039 interfectores.
537 2003 622 2047 Denique
635 2009 653 2037 et
666 2014 698 2038 aer
708 2010 758 2039 totus

56 2062 113 2096 usquc
121 2057 144 2090 ad
152 2057 201 2091 celos
206 2057 219 2077 ¹²
227 2058 297 2101 angelis
305 2062 323 2092 et
332 2057 399 2092 sanctis
407 2062 461 2102 atque
468 2056 569 2102 virginibus
577 2057 634 2091 sacris
642 2062 660 2090 et
670 2057 758 2091 matronis

57 2105 113 2142 beatis
122 2110 207 2153 apparuit
215 2111 286 2155 plenus,
295 2110 326 2155 qui
337 2112 361 2145 ad
371 2116 453 2145 nostrum
460 2117 549 2146 venerant
559 2110 624 2155 agonis
635 2116 654 2145 et
665 2111 759 2146 martirii¹⁵

57 2158 173 2204 triumphum.
766 2171 786 2202 ³5

59 2279 211 2325 ¹¹B.exultantes.
261 2285 296 2317 ²13.
304 2287 407 2317 tradidenrnt.
458 2286 494 2317 ³13.
502 2286 546 2318 ltem.
598 2286 631 2317 iB.
640 2290 661 2317 et.
711 2287 759 2318 ⁵orn.

58 2320 98 2351 ¹¹¹ss·
152 2325 187 2356 ⁵13.
195 2329 231 2357 ets.
291 2326 405 2358 ¹B.selieisv.
471 2326 759 2357 ⁸E.heeeade1nv.V.heccadem.

57 2357 215 2414 {‚⁵⁰B·⁵⁰¹¹²·¹'¹¹.E·
278 2366 290 2385 ¹⁰
301 2367 319 2397 B.
328 2368 357 2397 lta.
423 2366 433 2384 ¹¹
445 2367 586 2398 B.autemadhuc.
653 2366 665 2385 ¹²
676 2367 694 2397 B.
703 2367 758 2397 celum.

79 2404 95 2428 et
102 2408 146 2434 mart.
155 2414 186 2435 om.
193 2415 210 2434 rn
218 2406 236 2435 B.
