1762 2803
126 116 168 169 482
201 170 202 173 Ἴ
317 115 397 166 muta
412 112 529 174 lacman
545 112 637 174 antiit.

126 234 145 267 in
157 244 179 267 os
192 233 273 267 crucifixi
287 244 374 268 reuersus
388 239 421 276 est,
433 244 471 268 non
484 234 571 277 gradiens
583 234 613 267 vel
626 234 683 278 pedes
698 243 781 272 mouens,
795 232 828 265 sed

126 286 192 320 leniter
200 285 281 329 spacium
290 286 337 320 aeris
345 286 400 320 inane
407 287 539 330 pertransiens.
561 286 652 328 Quamdiu
660 286 678 320 in
687 285 757 329 gremio
764 284 828 318 matris

126 348 173 382 puer
181 338 232 379 sedit,
244 343 263 372 vt
274 338 339 373 viuens
351 338 370 373 in
383 350 461 383 corpore
475 350 496 374 se
509 340 598 374 mouebat.
621 339 652 373 Ad
664 338 716 373 cuius
729 338 829 372 aduentum

126 391 194 436 pariter
208 396 226 424 et
239 391 347 434 discessum,
361 397 398 426 tota
411 403 464 427 sacre
479 392 555 437 virginis
571 392 631 437 imago
644 392 669 426 ita
682 390 796 431 contremuit,
810 396 829 425 vt

109 445 219 485 5videretur
234 445 295 479 statim
310 446 333 479 de
349 446 400 479 trabe
417 457 486 481 casura.
532 439 556 481 In
571 446 651 479 humana
667 445 729 490 specie
745 444 829 477 diabolus

126 510 190 541 sepem
199 499 291 541 quandam
298 504 381 533 veterem
388 498 423 533 viri
433 499 462 533 dei
472 499 552 542 diripere
560 499 645 533 manibus
656 505 674 533 et
685 499 775 542 dissipare
786 508 829 541 pre-

126 551 210 594 sumpsit.
233 552 286 593 Quod
301 551 331 584 ille
347 551 468 595 conspiciens,
484 553 560 586 dextere
575 552 611 586 leui
625 551 753 597 protensione¹
767 552 828 595 ipsum

125 604 242 647 compescuit.
265 604 299 638 ssle
312 615 356 638 mox
369 605 388 638 in
403 606 483 648 effigiem
497 606 584 649 pauperis
598 617 619 639 se
634 611 713 646 mutans,
725 603 784 637 sancti
794 603 829 636 viri

126 656 270 690 misericordiam
288 656 386 699 ssagitauit:
404 659 437 691 sed
454 669 476 690 eo
492 659 572 700 iubente,
589 658 655 699 statim,
672 657 728 691 nichil
743 660 829 696 moratus,

99 724 117 745 ro
126 708 194 753 effugit.
218 709 294 743 Solebat
302 709 377 744 fraudes
385 715 403 745 et
411 710 486 745 insidias
494 711 594 744 demonum
600 710 669 753 videre,
677 709 744 754 quibus
751 708 830 743 homini-

126 764 160 797 bus
171 762 260 803 illudunt3
272 768 290 797 et
302 764 393 806 quomodo
404 765 438 797 sub
450 768 539 798 nocturna
550 764 611 807 quiete
623 764 712 807 plurimos
722 762 829 806 inquietent,

126 816 233 860 frequenter
241 826 340 859 exponere.
385 808 469 851 Godrico
477 822 541 850 orante
549 816 567 850 in
575 816 626 859 cella,
634 827 681 860 aqua
687 815 740 850 Weri
748 814 829 849 fluminis

126 869 251 902 intumescens
259 878 325 901 omnes
332 869 397 901 domos
405 869 463 912 ipsius
471 869 548 913 operuit,
557 874 574 902 et
582 874 698 902 accurrentes
706 867 761 902 vicini
769 867 829 902 virum

126 922 156 955 dei
168 921 220 965 quasi
232 927 325 954 mortuum
337 922 462 965 deplorabant.
486 921 530 955 Post
541 933 609 965 paucos
620 921 659 955 dies
670 932 717 964 aqua
729 920 828 956 detumuit:

99 985 117 1017 15
127 981 145 1009 et
157 976 223 1008 domus
236 974 288 1008 illesa
303 983 379 1017 prorsus
393 974 482 1018 apparuit.
508 974 644 1009 Conuenientes
659 973 713 1009 amici
728 973 829 1017 querebant

127 1040 138 1063 a
157 1027 235 1063 Godrico
254 1026 332 1071 qualiter
350 1027 369 1061 in
389 1027 423 1062 hoc
442 1028 523 1071 periculo
542 1027 606 1063 illesus
623 1028 728 1072 permansit.
759 1027 830 1069 Quibus

126 1082 157 1115 ille
164 1081 189 1115 ait
197 1082 245 1123 quod
256 1081 279 1113 de
289 1082 323 1114 hac
333 1081 452 1114 inundatione
461 1081 534 1124 penitus
545 1081 600 1116 nichil
611 1081 667 1121 sciuit,
679 1082 711 1114 sed
722 1082 756 1114 hoc
767 1080 829 1123 spacio

126 1133 215 1178 temporis
223 1133 335 1167 orationibus
344 1144 364 1166 se
372 1144 448 1168 vacasse
457 1133 508 1168 dixit.
528 1134 555 1167 Ita
563 1134 611 1168 sicca
619 1139 671 1168 erant
681 1134 747 1174 omnia,
753 1138 772 1168 vt
782 1133 830 1166 intra

126 1188 202 1221 domum
217 1197 251 1219 nec
266 1185 320 1219 vnius
333 1191 384 1229 gutte
395 1186 492 1228 vestigium
506 1192 610 1229 appareret„
655 1180 706 1221 Cum
720 1186 804 1229 fatigatus
816 1197 830 1219 a

99 1253 118 1272 πο
126 1240 189 1273 labore
197 1244 289 1282 pausaret,
296 1237 325 1271 vir
333 1238 406 1282 quidam
416 1238 490 1282 ignotus
500 1239 595 1280 assistens,
603 1249 644 1273 cum
653 1238 720 1273 diutius
730 1249 772 1272 eum
780 1243 829 1272 esset

126 1293 207 1334 intuitus,
219 1292 244 1326 ita
254 1292 310 1327 dixit;
323 1291 427 1335 ‘Numquid
439 1292 465 1326 sic
475 1292 544 1336 antiqui
555 1297 623 1336 patres,
634 1302 712 1335 quorum
722 1296 740 1325 te
752 1290 810 1325 imitat
823 1310 830 1318 ·

126 1357 166 1382 rem
178 1356 220 1380 esse
233 1344 316 1386 confidis,
328 1344 346 1379 in
360 1345 434 1380 deserto
446 1344 501 1379 ieiuni
513 1351 532 1379 et
545 1345 608 1389 pallidi
622 1345 740 1379 laborabant?
763 1345 830 1379 Eccea

127 1410 181 1434 mane
188 1409 247 1442 vsque
254 1400 278 1431 ad
285 1398 381 1433 meridiem
389 1398 421 1432 vix
429 1398 510 1443 quinque
518 1399 587 1442 pedum
595 1404 644 1432 terre
652 1398 735 1442 spacium
745 1398 830 1439 effodisti,

127 1464 168 1491 cum
187 1453 255 1486 debeas
274 1452 330 1485 ammi
350 1452 467 1486 deuotionem
487 1463 530 1495 erga
550 1453 604 1486 deum
624 1453 751 1486 demonstrare
768 1452 830 1495 operis

100 1517 118 1547 ²5
128 1506 238 1550 quantitate.¹
262 1505 292 1538 Ad
304 1515 359 1547 quem
370 1505 399 1538 vir
410 1505 440 1538 dei
452 1504 549 1538 subridens
559 1505 595 1539 ait:
608 1505 646 1538 ‘Tu
656 1514 700 1547 ergo
712 1504 755 1538 boni
768 1505 830 1547 operis

79 1577 85 1585 ν
128 1558 234 1601 exemplum
249 1556 336 1600 preuius²
350 1562 436 1599 operator
450 1558 537 1591 ostende.¹
562 1557 638 1590 Putabat
652 1557 701 1590 enim
714 1557 763 1600 quod
780 1562 830 1590 esset

127 1612 156 1646 vir
169 1612 234 1652 bonus,
246 1610 269 1643 ad
281 1608 320 1643 eius
332 1608 453 1643 eruditionem
466 1608 534 1642 missus
548 1618 559 1641 a
571 1610 611 1644 deo.
634 1608 718 1642 Tradens
730 1607 791 1652 itaque
805 1608 830 1643 illi

127 1663 230 1701 fossorium,
243 1661 278 1695 ait:
291 1661 359 1695 ‘Solite
374 1661 469 1704 pensionis
483 1661 577 1694 reddende
590 1660 634 1694 hora
647 1672 677 1694 me
692 1661 715 1694 ad
731 1660 829 1695 oratorium

128 1716 188 1752 redire
196 1714 299 1760 compellit:
309 1726 396 1750 reuersus
406 1714 479 1750 audiam
488 1721 511 1757 te,
520 1721 538 1749 et
546 1715 594 1759 quod
603 1720 652 1749 recte
661 1714 745 1762 docueris
752 1715 831 1750 libenter

99 1770 229 1815 goexcipiam!
260 1768 293 1802 llle
312 1768 420 1802 fossorium³
437 1768 545 1802 festinanter
563 1767 659 1811 arripiens,
676 1773 745 1801 terram
760 1768 831 1802 fortiter

128 1829 212 1860 euertere
228 1822 281 1866 cepit¹
305 1821 388 1856 Rediens
404 1821 498 1864 Godricus,
514 1822 556 1865 plus
574 1822 636 1864 operis
651 1821 721 1856 inuenit
736 1822 830 1865 expletum

128 1888 183 1921 quam
191 1877 232 1919 ipse
240 1881 281 1909 octo
293 1875 358 1909 diebus
370 1875 445 1909 efficere
455 1874 556 1908 consueuit.
579 1874 631 1908 Tunc
640 1874 665 1907 ait
675 1874 717 1908 illc:
730 1874 772 1908 ‘Sic
783 1879 801 1907 et
811 1880 830 1907 tu

128 1929 207 1963 debuisti
222 1934 295 1971 patrum
312 1929 398 1970 exempla
410 1928 482 1969 magnis
494 1927 592 1960 sudoribus
603 1928 691 1959 emulari!
714 1927 755 1959 Hoc
766 1927 831 1960 videns

127 1984 155 2017 vir
171 1987 245 2016 sanctus
259 1981 355 2022 inhorruit,
373 1980 416 2024 quia
430 1980 492 2023 ipsum
507 1989 544 2012 non
560 1989 602 2012 esse
616 1989 681 2013 verum
696 1979 790 2013 hominem
804 1979 832 2013 in-

99 2044 117 2074 35
128 2034 202 2070 tellexit.
226 2033 269 2068 Erat
277 2032 352 2077 quidem
361 2032 421 2066 totus4
432 2032 485 2075 niger
496 2037 514 2065 et
525 2031 614 2075 hispidus,
623 2036 641 2065 et
652 2036 721 2066 statura
731 2043 831 2075 procerus;

128 2095 146 2122 et
154 2099 187 2132 pro
195 2092 245 2121 tanto
253 2086 333 2119 fodiendi
341 2096 397 2128 opere
405 2086 475 2120 nullum
483 2085 556 2129 penitus
564 2085 637 2127 signum
646 2085 717 2118 sudoris
726 2091 756 2118 aut
764 2085 831 2118 laboris

128 2139 216 2185 apparuit.
233 2139 322 2173 Godricus
329 2138 352 2171 ad
358 2138 424 2171 cellam
430 2137 537 2181 regreditur,
543 2142 561 2170 et
567 2143 662 2181 assumpto
669 2137 689 2170 in‘
696 2137 757 2170 sinum
764 2137 831 2178 libello,

128 2193 201 2228 rediens
209 2191 243 2226 ait:
257 2191 301 2224 ‘Dic
309 2189 364 2224 michi
373 2189 413 2233 quis
421 2195 440 2223 tu
449 2189 480 2231 sis,
488 2194 506 2222 et
514 2191 536 2223 ad
545 2189 589 2233 quid
595 2189 630 2223 huc
638 2189 711 2223 veneris
718 2190 734 2223 ?¹
759 2189 782 2222 Et
787 2189 818 2223 ille
826 2201 830 2223 ς

128 2247 205 2281 ‘Nonne
217 2245 269 2279 uides
283 2245 331 2288 quod
345 2243 399 2278 homo
412 2253 454 2277 sum
467 2242 493 2277 tui
507 2242 594 2277 similis?’
617 2242 649 2276 ‘Si
665 2243 720 2276 homo
734 2253 759 2284 es,
773 2243 831 2286 inquit

100 2310 119 2340 40
129 2299 224 2341 Godricus,
238 2298 266 2333 dic
280 2309 304 2331 an
318 2298 382 2332 credas
395 2296 413 2330 in
426 2302 497 2341 patrem
510 2302 528 2330 et
541 2297 598 2330 filium
611 2302 629 2330 et
642 2295 726 2340 spiritum
742 2302 831 2337 sanctum,

128 2360 146 2388 et
160 2359 237 2388 matrem
253 2351 322 2385 domini
336 2351 372 2385 mei
386 2361 459 2384 mecum
474 2351 540 2384 adora!
563 2350 586 2384 Et
602 2349 643 2384 ille:
658 2349 696 2383 ‘Ne
712 2349 738 2383 sis
751 2350 775 2383 de
790 2360 832 2384 mea

128 2407 234 2442 credulitate
247 2405 333 2447 solicitus,
346 2416 379 2439 nec
393 2404 428 2438 ista
438 2403 531 2447 inquisitio
542 2404 565 2437 ad
576 2408 594 2437 te
604 2404 684 2446 spectat!
708 2402 731 2436 Et
741 2403 832 2436 accedens

128 2462 151 2495 ad
159 2471 201 2494 eum
210 2458 305 2500 Godricus,
315 2463 397 2493 extracto
408 2457 475 2497 libello,
486 2457 584 2490 saluatoris
591 2462 610 2489 et
618 2457 671 2490 beate
681 2455 739 2489 Marie
747 2462 765 2489 et
773 2454 831 2489 sancti

148 2529 153 2545 ¹
164 2531 181 2559 E.
190 2529 295 2565 protentione.
391 2527 397 2544 ²
408 2528 425 2556 T.
434 2527 507 2564 preuius;
519 2527 537 2556 E.
546 2526 610 2561 primus.
706 2525 711 2542 ³
722 2525 740 2553 E.
749 2525 831 2554 fossorum.

127 2569 132 2585 ¹
143 2569 160 2599 T,
168 2571 222 2598 totum.
