1762 2803
251 125 297 182 bc
311 124 412 179 &unctu
428 125 521 178 utttuu.
708 140 736 185 45

36 257 129 293 tamquam
141 249 191 283 mille
202 249 322 283 luminaribus
333 249 442 283 illustratum
455 248 532 282 refulsit.
555 247 592 282 Per
604 248 685 283 medium
699 258 738 282 om-

36 302 87 337 nium
104 302 229 336 membrorum
246 301 332 346 imaginis
348 302 372 336 ita
388 302 436 336 clare
451 301 496 336 uidit
511 311 532 335 ac
547 300 563 336 si
578 300 597 335 iu
612 306 664 345 parte
681 301 739 335 altera

36 366 115 400 presens
125 355 213 389 affuisset.
236 354 257 389 In
268 354 329 389 medio
339 361 399 389 autem
411 356 476 389 domus
486 356 547 398 imago
555 354 573 388 in
581 365 624 389 aere
632 355 738 399 apparebat,

36 409 101 444 subtus
111 408 140 443 uel
152 419 208 452 supra
219 409 269 442 nullo
281 408 370 443 adiutorio
382 408 460 442 suffulta.
483 407 578 442 Nubecula
588 413 649 442 tamen
660 408 738 451 quedam

37 462 151 495 subobscura
162 460 212 495 iuxta
218 460 324 495 umbilicum
333 460 374 496 uisa
386 466 419 502 est,
428 471 464 505 que
474 471 511 494 non
522 460 623 495 adherebat
631 459 666 495 luci
675 460 739 505 figure,
748 472 756 502 5

37 515 70 548 sed
83 513 108 547 ibi
121 525 221 557 parumper
233 514 324 548 motabilis
336 515 458 559 dependebat.
480 515 504 548 Et
517 525 560 549 ecce
572 514 623 549 vira
639 514 696 548 latere
709 524 739 548 as·

38 567 112 607 sistens,
128 567 178 600 vultu
194 572 212 601 et
226 567 288 602 habitu
304 573 372 612 gratus,
387 566 439 601 fratri
457 566 573 602 ineffabiliter
589 565 686 601 admiranti
703 566 739 600 ait:

37 619 97 662 ‘Quid
112 619 196 654 miraris?
218 620 280 662 Quare
295 631 332 655 non
347 620 408 664 potius
422 619 499 664 respicis
514 621 537 654 ad
553 625 624 664 patrem
638 625 695 657 tuum,
707 620 738 663 qui

37 678 79 706 ante
87 677 105 706 te
112 672 164 713 iacet,
171 677 191 707 ut
198 673 279 714 estimas,
287 674 400 707 mortuuml’
423 673 447 707 Et
458 673 499 707 ille:
512 673 588 713 ‘Gloria
596 672 676 713 domine,
684 672 738 707 huius

38 724 122 768 imaginis
132 725 215 759 obliuisci
225 736 255 760 mc
265 726 307 760 secit
315 732 393 760 mortem
402 725 503 760 dulcissimi
511 725 568 769 patris
577 725 623 760 mei)
646 726 669 760 Et
680 725 738 760 alter:
749 737 767 758 ιο

37 778 89 811 ‘Non
101 784 129 811 est
139 784 221 812 mortuus
231 785 284 823 pater
290 784 337 813 tuus.
360 779 407 812 Nam
416 784 434 812 et
442 779 500 822 figura
508 779 541 813 hec
550 788 605 822 quam
612 778 671 819 uides,
678 779 739 812 anima

37 831 86 864 illius
100 836 133 864 est.
161 831 241 865 Tantum
254 837 315 865 autem
331 832 350 864 in
365 831 452 874 operibus
467 831 506 865 eius
521 836 578 864 restat
593 830 739 872 illuminandum,

37 883 83 918 sicut
93 883 124 917 illa
136 884 225 919 nubecula
237 895 273 928 que
286 884 334 919 circa
346 884 452 919 umbilicum
468 891 552 918 mouetur
567 883 657 928 imaginis.
686 884 739 926 Quod

37 948 79 971 cum
90 937 144 971 fuerit
155 937 282 978 illuminatum,
293 937 378 981 migrabit
389 938 412 971 ad
424 938 524 971 dominum.
546 937 570 971 Et
581 943 600 971 ut
612 937 665 978 scias,
676 937 739 982 inquit,

37 990 86 1034 quod
100 989 133 1023 hec
146 990 206 1034 imago
218 990 279 1024 anima
290 990 339 1024 illius
354 990 382 1031 sit,
394 1001 437 1025 ecce
449 989 551 1034 ingreditur
563 1001 631 1034 corpus
644 990 695 1024 eius!
718 990 767 1032 ln15

38 1043 74 1076 ictu
89 1042 141 1083 oculi,
156 1042 187 1076 illa
202 1043 261 1087 ligura
275 1042 294 1077 in
310 1054 378 1087 corpus
393 1054 427 1087 per
444 1055 465 1077 os
480 1043 520 1078 eius
535 1043 604 1088 illapsa,
619 1042 664 1077 vidit
679 1043 739 1078 statim

38 1096 123 1130 abbatem
136 1107 156 1130 se
166 1107 247 1135 mouere,
255 1097 307 1139 quasi
314 1097 371 1131 uellet
379 1097 402 1130 de
411 1097 451 1130 loco
462 1107 579 1140 consurgere.
602 1096 625 1130 Et
632 1107 666 1140 pre
674 1096 740 1141 gaudio

38 1149 94 1182 frater
107 1148 137 1181 ille
151 1149 176 1182 ita
187 1149 247 1183 valide
260 1150 364 1184 exclamare
376 1150 429 1193 cepit,
446 1155 464 1183 ut
480 1154 551 1183 ceteros
566 1149 637 1191 tratres,
650 1150 673 1183 de
688 1149 740 1184 lectis

38 1207 187 1244 surgentes,eum
195 1202 275 1236 excitare
283 1207 361 1247 cogeret,
412 1195 451 1236 Per
458 1202 549 1246 integrum
557 1207 600 1236 ante
608 1201 677 1236 obitum
685 1212 739 1236 suum

38 1264 106 1287 annum
121 1254 178 1288 tussis
193 1255 240 1289 sicca
255 1260 319 1299 pectus
334 1254 374 1289 eius
388 1255 486 1295 ventilans,
501 1265 542 1289 cum
558 1253 598 1288 aliis
613 1253 739 1289 infirmitatum
749 1268 768 1288 ιο

38 1307 137 1350 generibus
148 1307 167 1340 in
180 1312 250 1341 tantum
264 1307 364 1342 debilitauit
377 1319 425 1347 eum,
436 1314 455 1342 ut
470 1319 516 1352 sepe
531 1307 628 1341 missarum
644 1308 739 1342 solemniis

38 1359 135 1394 celebratis
149 1360 168 1393 in
183 1360 248 1394 cellam
263 1360 343 1403 rediens,
358 1372 392 1406 per
406 1372 461 1395 unam
477 1360 540 1395 notam
556 1371 590 1395 nec
605 1360 655 1404 loqui
669 1371 703 1395 nec
718 1371 740 1395 se

39 1423 113 1447 mouere
129 1413 233 1456 preualens,
248 1414 347 1447 immobilis
361 1414 381 1447 in
396 1419 453 1447 stratu
469 1415 548 1447 cubaret.
575 1413 656 1447 Demum
671 1413 740 1447 uocatis

38 1465 57 1499 in
71 1476 129 1499 unum
143 1465 233 1507 fratribus,
248 1466 296 1501 inter
309 1472 370 1501 cetera
384 1466 420 1501 illis
435 1466 492 1501 dixit:
510 1466 580 1501 ‘Deum
595 1465 661 1500 inuoco
674 1471 740 1500 testem

38 1519 88 1562 quod
102 1519 169 1552 nullius
184 1518 261 1559 malicia,
274 1519 392 1560 detractione,
399 1513 433 1553 uel
448 1520 479 1553 lite
493 1519 559 1561 exarsi,
573 1530 596 1553 ex
609 1530 645 1562 quo
658 1519 740 1553 habitum
750 1532 768 1562 ²5

39 1571 113 1615 suscepi
124 1571 221 1615 religionis,
234 1582 270 1616 que
281 1572 342 1616 aliqua
353 1572 475 1607 commotione
486 1571 522 1607 diei
533 1572 589 1606 fmem
601 1571 620 1606 in
631 1572 687 1607 corde
699 1583 741 1607 meo

39 1624 94 1658 ualuit
104 1630 208 1668 expectare,
220 1635 295 1668 semper
305 1636 370 1669 pacem
382 1631 400 1660 et
413 1626 512 1660 fraternam
522 1626 605 1665 salutem,
617 1631 635 1659 et
646 1625 741 1669 propriam

39 1677 119 1721 quietem
138 1677 221 1721 diligens.
252 1677 293 1711 Hoc
314 1678 372 1721 gratia
391 1679 421 1712 dei
437 1678 499 1712 animo
517 1678 612 1723 imperaui,
627 1688 651 1712 ne
667 1679 741 1712 turbata

39 1730 106 1764 mentis
120 1741 161 1764 mee
176 1730 266 1774 patiencia
281 1731 326 1765 solis
341 1742 425 1765 occasum
440 1730 571 1776 pertransiret.²
634 1723 741 1765 Dormieuti

39 1783 111 1817 cuidam
119 1783 170 1817 fratri
177 1783 234 1817 abbas
245 1783 329 1818 infirmus
339 1794 437 1828 apparens,
445 1784 500 1818 dixit:
516 1784 611 1825 ‘Quando
619 1783 680 1824 frater,
688 1789 741 1827 putas
750 1795 770 1824 30

39 1835 141 1869 transibot'
168 1835 251 1875 ‘Nescio
263 1836 347 1875 dominc:
359 1836 417 1881 inquit
428 1836 464 1870 ille.
494 1835 518 1870 Et
529 1836 597 1871 abbas:
617 1836 688 1870 ‘Pridie
700 1836 741 1871 idus

39 1888 116 1922 ianuarii
128 1888 211 1932 migrabit
224 1889 289 1923 ancilla
301 1889 376 1930 domini,
389 1890 450 1924 anima
463 1900 509 1930 mea,
523 1900 534 1924 a
547 1890 602 1923 domo
617 1899 650 1923 sua
663 1894 741 1929 terrena,

39 1953 95 1986 quam
106 1941 328 1985 hucusqueinhabitauit.’
351 1943 375 1976 Et
386 1943 453 1976 sactum
465 1948 493 1976 est
506 1942 536 1976 ita.
558 1942 606 1975 Nam
618 1943 698 1975 secunda
711 1942 741 1976 die

39 2000 81 2038 post
93 1995 132 2036 hec,
140 1995 188 2029 circa
195 2000 278 2039 quartam
285 1994 365 2038 uigiliam
375 1994 439 2036 noctis,
448 1995 506 2039 pridie
516 1995 558 2029 idus
566 1994 647 2034 ianuarii,
655 1994 741 2038 migrauit

39 2048 62 2081 ad
74 2048 174 2087 dominum,
182 2048 237 2081 Anno
248 2047 317 2080 domini
328 2047 408 2088 mclxvi,
416 2053 434 2081 et
444 2059 492 2081 anuo
500 2047 537 2081 vite
548 2058 581 2081 sue
589 2046 740 2090 quinquagesimo
750 2059 768 2089 35

39 2099 124 2143 septimo.
173 2092 240 2133 Abbas
252 2100 287 2133 iste
301 2099 359 2133 adhue
372 2099 438 2133 viuens
451 2110 493 2133 cum
505 2099 591 2142 passione
603 2097 659 2132 colica
674 2104 691 2132 et
704 2104 741 2132 tor·

39 2150 98 2186 tione¹
105 2151 169 2186 calculi
177 2151 254 2186 multum
260 2156 363 2190 vexaretur,
368 2157 386 2185 et
392 2163 450 2197 super
456 2158 531 2186 mattam
539 2152 589 2185 iuxta
597 2151 658 2194 ignem
666 2152 741 2193 sedens,

39 2204 87 2237 inter
105 2216 165 2248 genua
184 2210 238 2249 caput
255 2215 332 2248 prorsus
351 2205 419 2238 habere
436 2205 540 2247 uideretur;
559 2204 666 2247 superuenit
685 2203 742 2239 frater

40 2258 119 2302 quidam,
127 2257 208 2292 fremens
216 2263 269 2302 atque
277 2256 374 2292 crudeliter
382 2257 466 2292 dentibus
476 2257 569 2298 frendens,
578 2262 595 2290 et
605 2256 690 2290 manibus
702 2256 741 2292 suis

40 2311 125 2346 abbatem
136 2321 178 2346 cum
191 2316 247 2346 matta
258 2310 379 2356 apprehendit
391 2316 409 2345 et
420 2310 462 2345 totis
473 2310 542 2345 uiribus
556 2310 574 2344 in
586 2309 647 2354 ignem
659 2310 741 2354 proiecit,
749 2323 770 2356 4⁰

40 2364 121 2399 clamans
130 2370 148 2398 et
158 2365 233 2399 dicens:
249 2365 276 2398 ‘O
286 2364 348 2405 miser,
359 2375 401 2397 ecee
412 2365 467 2397 modo
478 2370 496 2398 te
507 2364 575 2404 occido,
586 2364 641 2397 modo
653 2370 671 2397 te
683 2370 742 2398 morte

40 2417 86 2451 dura
98 2418 161 2462 perdo.
184 2417 232 2460 Quid
246 2416 275 2452 hic
290 2416 339 2451 iaces
352 2416 459 2451 lictissimet
481 2416 575 2451 Ammodo
590 2426 627 2450 non
643 2415 678 2450 erit
693 2418 742 2461 quod

40 2470 140 2513 mentiaris,
147 2470 190 2514 quia
201 2481 250 2505 nunc
257 2471 320 2513 utique
331 2469 425 2504 morieris?
444 2469 495 2503 Inter
502 2469 536 2503 hee
548 2469 633 2503 monachi
641 2470 742 2513 uenientes

337 2580 342 2597 ¹
354 2588 366 2610 r.
372 2578 447 2610 torsione.
