1762 2803
221 86 267 140 Da
282 84 383 136 sanae
399 86 559 150 mutumne.
698 100 741 143 209

38 206 132 251 suscipere
140 212 158 241 et
166 207 271 242 necessaria
278 206 382 241 ministrare
390 206 471 242 solebat:
483 206 514 252 qui
521 206 598 242 vitulum
606 206 680 242 vnicum
688 217 742 242 suum

38 261 109 303 occidit,
122 266 140 295 et
155 261 260 295 conuiuium
275 265 338 295 sancte
352 260 418 305 virgini
433 261 544 306 preparauit.
567 261 605 296 Sed
620 271 661 296 curn
676 270 742 304 parum

38 313 127 349 ceruisie¹
141 313 160 348 in
174 325 219 348 vase
235 314 314 358 quodam
329 314 410 356 haberet,
424 319 442 348 et
457 314 480 348 ad
495 324 561 358 preces
576 313 615 348 eius
631 313 743 348 Modwenna

38 366 195 401 benedictionem²
206 377 263 411 super
273 367 367 401 vasculum
379 366 497 411 porrexisset,
505 366 590 401 omnibus
599 367 671 401 haurire
679 367 743 401 volen-

38 421 87 455 tibus
102 431 139 454 non
154 420 241 462 decreuit¹
259 420 293 454 sed
308 420 332 454 ad
347 431 422 454 omnem
437 420 564 454 sufficientiam
583 421 623 454 sine
641 419 760 459 defectiones

38 472 142 507 abundauit.
165 472 236 506 Vitulus
247 483 320 517 quoque
331 472 404 507 occisus
414 478 433 507 et
444 479 542 515 comestus,
549 472 620 507 meritis
631 477 695 507 sancte
706 472 743 507 vir-

39 526 85 570 ginis
93 525 139 559 miro
145 525 228 570 prodigio
236 525 255 560 in
263 525 343 560 crastino
349 536 390 560 curn
396 531 454 560 matre
460 537 493 561 sua
499 531 583 571 repertus
590 531 625 561 est.
659 518 743 570 Contigit

39 579 88 613 enim
100 579 130 612 die
141 585 183 623 post
194 579 228 613 hec
240 578 298 620 tertia,
307 579 344 613 Bar
351 589 414 623 regem
422 590 464 614 cum
476 590 510 613 suo
521 580 602 614 exercitu
610 579 660 614 iuxta
668 580 743 613 domum

39 631 112 665 Deneth
127 632 223 666 transitum
238 632 309 673 facere3
328 631 359 675 qui
374 632 397 665 de
412 632 538 666 benedictione
552 632 629 675 virginis
644 638 706 665 sancte
725 635 744 665 et

39 684 108 717 meritis
116 685 216 726 confidens,
224 684 301 718 accessit
309 684 395 719 audacter
401 684 424 718 ad
433 688 496 728 regem
504 689 522 718 et
532 684 593 728 ipsum
605 695 647 718 cum
658 684 743 718 omnibus
753 694 772 715 ro

39 736 77 771 suis
89 737 112 771 ad
126 736 223 781 prandium
232 736 320 771 inuitauit
341 736 432 772 Valebant
444 743 505 772 autem
517 737 577 773 adhuc
588 738 690 782 predictum
702 748 743 772 vas-

39 791 99 825 culum
110 796 128 825 et
136 791 170 826 cibi
179 793 209 836 qui
217 796 344 826 remanserant
353 791 376 825 de
385 795 450 826 mensa
457 790 538 835 virginis,
546 797 564 826 et
572 790 657 825 omnibus
664 790 744 826 sufficie·

39 845 87 879 bant.
111 845 150 879 Res
161 845 207 879 mira
219 849 237 879 et
246 845 367 879 vehementer
377 844 478 889 stupenda:
491 844 575 879 Modicus
585 844 637 879 cibus
645 846 743 879 manduca·

39 899 97 938 batur,
109 900 142 930 sed
153 898 314 941 augmentabatur;
326 902 380 940 potus
393 899 416 931 de
428 907 471 931 vase
483 901 591 941 assumptus
601 897 702 941 potabatur,
710 896 743 931 sed

40 961 75 984 non
84 950 230 992 consumebatur,
238 955 256 984 et
268 954 336 994 quanto
346 949 404 994 magis
415 949 535 990 hauriebatur,
544 955 631 994 tanquam
642 949 657 985 si
670 961 744 996 semper
754 959 771 990 15

39 1009 146 1037 nasceretur
164 1003 183 1037 in
199 1003 274 1037 vasculo
290 1002 356 1047 iugiter
370 1004 491 1037 redundabat.
521 1004 589 1048 Sicque
604 1014 638 1038 rex
653 1014 695 1038 cum
710 1014 744 1039 suo

39 1057 120 1090 exercitu
132 1056 188 1090 biduo
200 1056 282 1098 recreati,
294 1051 349 1090 deum
361 1057 380 1090 in
392 1056 462 1100 virgine
474 1067 508 1090 sua
518 1063 581 1091 sancta
591 1056 715 1101 glorificantes
726 1062 744 1092 et

39 1108 106 1153 gratias
117 1115 197 1153 agentes,
205 1108 236 1144 leti
249 1115 267 1143 et
279 1110 349 1144 alacres
359 1110 394 1144 iter
406 1120 459 1143 suurn
473 1109 551 1153 ingressi
564 1114 612 1144 sunt.
656 1102 744 1154 Virgines

40 1161 133 1196 cuiusdam
147 1163 252 1197 monasterii
266 1164 345 1207 quodam
360 1167 443 1207 tempore
458 1169 508 1197 tanta
519 1162 623 1197 victualium
639 1163 700 1207 inopia
714 1174 744 1197 co-

39 1221 134 1258 angustate
142 1221 190 1258 sunt,
197 1220 217 1250 vt
224 1226 282 1259 vsque
290 1216 313 1249 ad
321 1220 399 1249 mortem
407 1226 455 1258 pene
463 1215 542 1250 deficere
550 1220 663 1260 cogerentur.
703 1216 744 1259 Quo
753 1225 772 1246 πο

40 1267 105 1310 audito,
115 1268 225 1303 Modwenna
234 1268 276 1302 illuc
287 1267 405 1313 proficiscens
413 1269 474 1303 omnia
483 1278 527 1303 vasa
535 1269 641 1303 monasterii
649 1268 715 1313 pusilla
726 1274 745 1303 et

40 1332 107 1365 magna
118 1322 225 1366 congregari
237 1322 284 1362 fecit,
297 1327 315 1355 et
328 1321 426 1355 oratorium
439 1322 515 1363 intrans,
529 1332 563 1365 per
578 1321 627 1356 diem
640 1327 658 1356 et
673 1327 745 1356 noctem

40 1374 116 1419 peruigil
128 1375 263 1410 obsecratIones
273 1385 316 1409 suas
327 1374 350 1408 ad
361 1374 416 1408 deum
426 1374 542 1409 continuabit.
565 1373 586 1409 In
598 1374 676 1409 crastino
683 1380 746 1410 autem

41 1428 134 1471 sequentis
142 1429 177 1462 diei
186 1428 247 1462 omnia
254 1438 298 1462 vasa
305 1428 362 1462 electo
370 1427 428 1461 tritico
436 1427 507 1471 repleta
514 1428 590 1462 inuenta
595 1433 643 1462 sunt.
676 1421 745 1462 Multis

41 1481 101 1525 itaque
109 1480 166 1524 signis
174 1481 192 1514 in
201 1480 291 1514 Hibernia
299 1481 400 1521 declaratis,
408 1481 430 1514 ad
439 1490 503 1523 regem
511 1480 572 1513 Scotie
578 1480 653 1514 nomine
659 1480 745 1524 Conagal,
755 1489 773 1518 ²5

41 1538 137 1576 cognatum
145 1543 205 1574 suum,
213 1532 299 1576 prosecta,
307 1532 375 1566 multas
384 1532 470 1566 ecclesias
482 1536 500 1565 et
511 1531 622 1566 monasteria
633 1531 746 1566 construxit:

41 1585 88 1620 inter
96 1596 132 1629 que
140 1587 187 1629 apud
195 1585 281 1620 Striuelin
287 1596 348 1626 vnum,
354 1590 372 1620 et
380 1585 428 1628 apud
435 1584 547 1628 Edenburgh
554 1585 572 1618 in
581 1584 647 1618 montis
653 1584 746 1619 cacumine

42 1637 141 1673 inhonore
154 1638 211 1673 sancti
224 1637 319 1673 Michaelis
332 1638 408 1673 alteram
422 1637 513 1673 edificauit
525 1637 631 1679 ecclesiam3
644 1643 662 1673 et
673 1637 692 1674 in
704 1637 747 1674 Gal-

42 1692 100 1726 wedia
113 1699 151 1727 tres
164 1691 267 1726 nominatas
279 1702 290 1726 a
303 1691 427 1726 fundamentis
440 1691 482 1725 iecit
494 1691 586 1726 ecclesias.
609 1691 631 1725 ln
644 1691 685 1727 istis
696 1692 746 1727 enim

42 1745 86 1779 locis
99 1745 156 1779 cilicio
166 1751 226 1787 vtens,
236 1755 313 1789 corpore
324 1745 373 1779 nudo
386 1746 408 1779 ad
418 1744 526 1779 durissimos
539 1744 614 1789 lapides,
627 1744 700 1789 frigore,
711 1744 747 1786 siti,
755 1755 775 1786 30

42 1798 107 1838 inedia,
119 1798 185 1841 vigiliis
197 1802 216 1831 et
228 1798 354 1830 afflictionibus
366 1798 483 1830 cruciabatur.
506 1797 528 1830 In
543 1798 622 1840 quodam
634 1798 684 1832 sonte
696 1797 747 1831 iuxta

43 1850 173 1885 monasterium
181 1851 229 1894 quod
240 1855 366 1884 construxerat
377 1849 483 1884 Lonsrotin³
493 1854 582 1891 vocatum,
590 1850 684 1884 sororibus
693 1855 747 1884 nocte

43 1904 138 1947 soporatis,
146 1903 226 1937 dimersa
236 1902 255 1937 in
262 1901 315 1946 aquis
324 1912 382 1946 vsque
393 1903 416 1936 ad
424 1907 488 1946 pectus
499 1907 557 1936 totum
565 1902 672 1946 psalterium
680 1904 747 1937 decan-

43 1957 96 1999 tauit3
109 1955 242 1991 consolationes
250 1956 355 2000 angelorum
363 1955 469 2000 frequentes
477 1955 559 1995 habebat,
568 1955 598 2000 qui
604 1956 621 1989 ei
629 1956 747 2001 apparebant,

43 2008 89 2043 sicut
99 2009 168 2044 amicus
180 2020 222 2043 cum
234 2009 292 2043 amico
305 2009 430 2053 colloquentes
441 2019 483 2042 curn
494 2019 516 2042 ea
527 2013 545 2042 et
556 2009 673 2043 instruentes.
696 2002 747 2044 Cum
755 2022 775 2051 35

44 2063 92 2095 enim
100 2068 152 2095 nocte
161 2063 239 2105 quadam
247 2066 310 2095 contra
318 2060 391 2094 solitum
399 2060 487 2094 sensisset
495 2070 532 2094 non
540 2059 614 2094 affuisse
622 2059 656 2095 sibi
664 2072 688 2096 ex
696 2071 748 2096 more

44 2114 115 2150 dulcem
130 2115 241 2159 presentiam
257 2113 354 2158 spirituum
368 2113 468 2153 beatorum,
483 2112 590 2147 contristata
605 2113 685 2157 cogitare
700 2114 748 2159 cepit

44 2166 121 2212 aliquam
135 2167 174 2202 sine
187 2167 241 2201 dubio
253 2166 333 2201 existere
343 2177 417 2201 causam
428 2177 485 2211 quare
497 2165 515 2201 in
527 2166 557 2201 illa
565 2172 618 2202 nocte
625 2167 748 2202 visitationem

45 2227 149 2256 consuetam
161 2232 197 2255 non
209 2220 286 2255 vidisset
291 2221 302 2254 ⁴.
325 2219 408 2255 Crastina
419 2225 481 2254 autem
492 2220 522 2254 die
534 2220 579 2254 dixit
590 2220 684 2254 sororibus
696 2221 747 2256 suis:

45 2273 148 2309 ‘Conserue
164 2285 206 2308 mee
221 2285 241 2308 ac
254 2273 292 2308 filie
306 2272 434 2315 dilectissime,
443 2273 462 2306 in
476 2280 529 2307 nocte
542 2273 576 2307 hac
590 2274 696 2317 precedenti
711 2285 747 2308 non
756 2285 776 2314 40

45 2325 140 2361 habuimus
151 2332 224 2361 sanctos
235 2327 318 2371 hospltes
329 2327 420 2361 adiutores
431 2331 509 2367 nostros,
517 2326 548 2370 qui
560 2331 613 2360 antea
620 2326 668 2360 soliti
676 2327 748 2361 fuerant

45 2380 135 2414 orationes
143 2385 215 2412 nostras
223 2379 272 2412 serre
279 2379 358 2413 libenter
367 2379 390 2412 ad
400 2379 495 2412 dominum
503 2389 571 2422 easque
579 2384 620 2412 ante
629 2384 747 2422 conspectum

45 2429 105 2465 throni
113 2431 196 2466 altissimi
204 2442 245 2465 cum
253 2431 363 2466 exultatione
369 2436 482 2475 presentare.
501 2431 590 2465 Videbam
598 2431 647 2465 enim
654 2437 706 2465 nocte
713 2430 749 2465 ista

83 2536 196 2568 ¹E.seruisie.
237 2532 393 2567 “Ebenedictione
433 2536 556 2567 ³T.lonsortin.
597 2537 631 2567 *Β
640 2538 711 2567 didisset.

66 2603 133 2629 VOL.ll.
394 2604 405 2627 P
