1762 2803
254 122 300 178 bt
315 120 414 175 banuo
430 120 530 172 ainana.
715 136 742 180 25

42 247 65 281 ad
76 245 203 279 adducendam
214 243 258 278 inde
269 242 366 286 coniugem
378 240 416 286 regi
427 241 496 282 Oswio,
507 241 564 276 filiam
574 240 660 276 videlicet
671 242 743 276 Edwini

42 298 91 342 regis
104 297 217 338 Eanssedam,
225 306 261 340 que
273 295 333 329 occiso
343 299 396 339 patre
407 294 449 328 illuc
460 293 519 329 suerat
531 294 621 334 adducta;
636 293 714 328 accessit
721 294 744 329 ad

43 350 161 395 episcopum¹
174 350 274 391 Aidanum,
286 349 387 382 obsecrans
402 358 444 382 eum
457 357 492 390 pro
507 358 528 381 se
543 347 619 390 suisque
631 347 662 390 qui
675 352 745 380 tantum

42 405 77 438 iter
90 402 163 446 nauigio
175 400 281 446 aggressuri
294 405 346 434 erant
358 399 433 433 domino
447 399 556 443 supplicare.
585 399 620 441 Qui
632 399 745 433 benedicens

42 456 83 490 illos
95 456 166 498 deoque
178 453 316 495 commendans,
325 452 375 486 dedit
386 452 441 487 etiam
453 452 513 487 oleum
524 451 662 495 sanctificatum,
670 452 763 488 dicens25

43 509 95 543 ‘Scio
102 508 151 541 enim
159 508 208 551 quod
213 511 314 551 tempestas
319 506 373 540 vobis
378 505 397 539 in
403 504 450 539 mari
458 510 547 540 etventus
553 505 655 540 contrarius
662 504 734 539 eueniet
741 516 745 539 :

43 561 76 595 sed
85 565 179 594 memento
186 565 206 595 vt
218 560 252 593 hoc
264 559 325 593 oleum
337 558 398 593 mittas
410 558 429 593 in
441 557 524 600 rnare,et
536 557 597 593 statim
609 557 746 602 quiescentibus

42 614 103 649 ventis
117 613 208 647 serenitas
219 612 276 647 maris
288 623 323 646 vos
334 612 370 645 leta
381 614 514 655 prosequetur)
542 612 625 655 Cumque
639 621 706 645 nauem
718 610 746 644 in-

43 671 128 706 trassent,
137 671 155 699 et
166 671 206 699 orta
217 669 327 707 tempestate
339 663 478 708 furentibusque
489 663 549 708 pelagi
560 663 620 706 undis,
631 664 746 708 temptabant

43 725 98 753 naute
113 718 198 752 anchoris
213 718 232 752 in
247 727 299 752 mare
314 717 376 752 missis
392 727 459 752 nauem
474 716 566 759 retinere;
585 723 603 752 et
619 717 672 752 cuml
689 716 745 751 nichil
755 729 774 750 ιο

43 772 160 816 proficerent,
173 771 242 815 incepit
254 771 307 805 nauis
320 770 405 804 fluctibus
417 769 495 814 impleri,
508 775 526 804 et
541 775 621 804 mortem
633 769 667 804 sibi
680 780 747 804 ornnes

43 824 140 859 imminere
152 824 225 868 iamque
238 824 304 858 adesse
315 823 405 858 viderunt.
433 823 527 858 Presbiter
539 824 613 858 tandem
625 822 747 858 reminiscens

43 878 100 913 verba
115 877 206 918 antistitis,
219 882 314 921 assumpta
327 876 412 921 ampulla,
424 876 448 911 de
463 876 504 911 oleo
519 875 568 911 misit
583 875 602 910 in
617 882 704 920 pontum:
728 881 747 910 et

44 931 110 972 statim,
118 935 137 964 vt
145 929 248 974 predictum
256 934 299 971 erat,
306 930 395 963 aseruore
403 939 436 963 suo
444 929 519 972 quieuit.
541 928 609 973 Sicque
617 928 684 963 sactum
692 934 720 963 est
727 933 747 963 vt

43 982 72 1017 vir
77 982 107 1017 dei
113 993 147 1027 per
154 982 254 1028 prophecie
262 982 346 1027 spiritum
354 984 484 1027 tempestatem
492 982 593 1026 predixerit
599 982 684 1023 suturam,
688 988 707 1016 et
712 993 747 1026 per
757 995 774 1026 ¹5

43 1036 129 1071 virtutem
134 1036 217 1070 eiusdem
225 1036 300 1080 spiritus
309 1036 356 1070 hanc
363 1041 451 1076 exortam,
457 1035 541 1079 quamuis
548 1035 666 1079 corporaliter
673 1036 747 1077 absens,

44 1088 137 1132 sopiuerit.
161 1082 747 1131 AlionamquetemporehostilisexereitusMerciorum³Penda

44 1141 91 1174 duce
103 1140 307 1174 Northanhumbrcrum
318 1139 404 1185 regiones
415 1140 472 1184 impia
483 1140 534 1175 clade
546 1140 651 1181 deuastans,
662 1139 747 1183 peruenit

44 1194 67 1226 ad
75 1194 139 1227 vrbem
147 1193 216 1237 regiam
225 1204 261 1237 que
269 1204 293 1226 ex
301 1193 364 1227 Bebbe
372 1193 464 1236 quondam
471 1192 535 1236 regine
542 1193 630 1226 vocabulo
638 1192 746 1226 Bebeburch

44 1245 188 1288 cognominatur,
196 1256 245 1279 nunc
254 1245 358 1280 Bamburch
371 1244 447 1286 dicitur;
459 1250 478 1278 et
488 1255 543 1288 quarn
554 1255 614 1288 neque
622 1245 679 1279 armis
686 1255 747 1288 neque
756 1255 776 1278 ao

44 1297 139 1332 obsidione
152 1308 219 1342 capere
230 1302 307 1342 poterat,
318 1297 398 1332 flammis
410 1299 509 1333 absumere
520 1303 595 1332 conatus
609 1303 643 1333 est.
665 1298 747 1332 Aduehit

44 1350 142 1394 plurimam
154 1351 259 1394 congeriem
270 1351 354 1393 trabium,
361 1350 459 1395 tignorum,
467 1355 486 1385 et
497 1350 540 1393 seni,
548 1356 566 1385 et
574 1351 639 1385 vrbem
651 1350 670 1384 in
681 1361 748 1394 magna

45 1403 139 1437 altitudine
153 1414 164 1438 a
179 1408 231 1448 parte
243 1414 279 1448 qua
292 1403 353 1438 terre⁴
365 1409 394 1438 est
407 1403 492 1448 contigua
503 1401 625 1446 circumdans,
638 1403 693 1439 allato
705 1404 748 1449 igne

44 1457 109 1491 vrbem
121 1457 229 1492 comburere
240 1456 349 1493 nitebatur⁶.
372 1458 412 1499 Quo
423 1458 442 1492 in
456 1464 540 1502 tempore
551 1464 625 1491 sanctus
633 1457 717 1492 Aidanus
728 1457 747 1491 in

44 1509 104 1543 insula
117 1511 182 1552 Farne,
190 1521 225 1553 que
237 1511 309 1544 duobus
320 1510 378 1544 ferme
390 1510 490 1544 miliaribus
497 1521 586 1554 passuum
596 1511 619 1544 ab
630 1511 676 1544 vrbe
687 1510 748 1551 distat,
757 1520 775 1550 ³5

45 1563 159 1597 morabatur:
182 1562 224 1597 illuc
243 1563 292 1597 enim
308 1563 371 1607 sepius
387 1569 457 1597 secrete
473 1562 560 1597 orationis
575 1568 593 1597 et
608 1562 675 1597 silentii
693 1573 748 1597 causa

45 1616 133 1650 secedere
146 1621 272 1650 consueuerat.
301 1615 336 1658 Qui
352 1627 393 1650 curn
406 1616 466 1651 ventis
479 1616 582 1650 furentibus
593 1617 658 1660 globos
670 1616 718 1660 ignis
730 1622 748 1651 et

44 1667 114 1701 sumum
128 1678 185 1712 supra
200 1679 263 1703 muros
275 1668 327 1703 vrbis
342 1669 418 1703 exaltari
432 1668 552 1712 conspiceret,
566 1669 642 1703 eleuatis
657 1669 715 1703 oculis
730 1674 748 1702 et

45 1720 130 1753 manibus
138 1720 157 1754 in
168 1721 227 1754 celum
238 1731 280 1754 cum
291 1721 371 1755 lacrimis
382 1721 439 1756 dixit:
456 1721 520 1764 ‘Vide,
531 1720 611 1763 domine,
622 1727 690 1766 quanta
701 1722 748 1756 mala

45 1772 88 1806 facit
101 1773 175 1807 Panda?
203 1772 244 1814 Quo
258 1772 305 1807 dicto
319 1773 380 1808 statim
394 1775 457 1808 mutati
472 1775 495 1807 ab
510 1775 554 1808 vrbe
566 1774 622 1814 venti,
637 1774 656 1808 in
672 1784 704 1808 eos
717 1774 747 1817 qui
757 1786 776 1815 ³0

45 1825 180 1859 accenderant⁶
195 1825 311 1861 flammarum
324 1826 409 1861 incendia
419 1831 544 1862 retorserunt:
563 1826 588 1861 ita
599 1832 618 1862 vt
629 1826 698 1872 aliquot
709 1826 748 1870 lesi,

46 1889 110 1913 omnes
126 1878 189 1920 territi,
204 1880 314 1924 impugnare
328 1881 394 1915 vrbem
410 1881 458 1916 vltra
474 1886 574 1922 cessarent,
589 1891 644 1925 quam
661 1880 748 1915 diuinitus

45 1932 103 1966 iuuari
122 1938 252 1975 cognouerunt.
305 1927 411 1977 Completis
429 1939 492 1968 autern
510 1933 628 1977 episcopatus
646 1933 675 1967 sui
694 1933 748 1966 annis

46 1985 110 2018 decem
118 1989 137 2018 et
144 1989 222 2028 septem,
230 1991 269 2019 erat
282 1985 301 2019 iu
308 1985 351 2021 villa
362 1986 418 2031 regia,
429 1997 467 2021 non
475 1986 529 2031 longe
540 1986 564 2021 ab
571 1987 616 2021 vrbe
628 1986 651 2021 de
662 1997 698 2031 qua
706 1996 749 2031 pre-

45 2037 76 2073 fati
89 2049 158 2073 sumus.
188 2038 210 2072 ln
226 2039 260 2073 hac
274 2040 324 2073 enim
337 2040 408 2074 habens
422 2041 518 2075 ecclesiam
532 2046 550 2074 et
564 2040 672 2081 cubiculum,
685 2040 748 2084 sepius
757 2048 775 2079 35

45 2090 88 2125 illuc
96 2092 188 2126 diuertere
199 2102 220 2125 ac
231 2091 299 2125 ibidem
311 2102 392 2133 manere,
400 2097 455 2136 atque
466 2093 509 2127 inde
521 2093 544 2127 ad
555 2093 687 2137 predicandum
697 2092 748 2126 exire

46 2149 173 2186 consueuerat,
188 2143 234 2178 sicut
249 2144 268 2178 in
283 2143 324 2178 aliis
338 2144 386 2178 villis
403 2145 459 2188 regiis
475 2145 535 2179 lacere
550 2146 626 2186 solebat,
641 2150 703 2188 vtpote
722 2145 747 2178 nil

46 2197 121 2241 proprie
136 2196 259 2241 possessionis
274 2202 351 2240 excepta
366 2197 443 2232 ecclesia
458 2208 492 2231 sua
507 2204 525 2232 et
544 2196 668 2231 adiacentibus
683 2197 748 2241 agellis

46 2250 122 2284 habens.
145 2250 270 2285 Telenderunt
282 2260 325 2293 ergo
337 2249 354 2284 ei
367 2250 456 2293 egrotanti
468 2250 567 2285 tentorium
580 2250 603 2284 ad
616 2249 748 2285 occidentalem

46 2304 123 2338 ecclesie
135 2310 213 2348 partem,
226 2303 251 2338 ita
262 2308 281 2338 vt
293 2303 354 2348 ipsum
366 2302 464 2338 tentorium
476 2302 542 2348 parieti
554 2304 653 2338 adhereret
665 2304 748 2339 ecclesie.
756 2314 777 2344 40

46 2356 100 2391 Vnde
112 2357 180 2392 facturn
193 2363 222 2392 est
234 2363 254 2391 vt
267 2356 341 2391 acclinis
356 2356 428 2390 destine
443 2367 479 2400 que
494 2356 609 2390 extrinsecus
621 2357 699 2392 ecclesie
714 2369 749 2401 pro

47 2410 148 2445 munimine
164 2416 203 2444 erat
218 2410 306 2454 apposita,
321 2409 406 2454 spiritum
418 2408 455 2443 vite
466 2410 548 2444 exalaret
561 2409 650 2444 virinum.
695 2403 749 2446 Obiit

46 2468 108 2497 autern
123 2463 201 2508 septimo
217 2463 288 2498 decimo
299 2462 416 2508 episcopatus
428 2462 456 2496 sui
468 2472 522 2505 anno,
533 2461 593 2507 pridie
605 2462 694 2498 kalendas
707 2474 750 2509 sep-

66 2541 71 2559 ¹
82 2542 100 2571 E.
107 2542 158 2579 ipsum
162 2552 167 2580 ;
177 2543 195 2573 T.
203 2542 298 2580 episcopum.
381 2540 388 2559 ²
398 2550 433 2572 curu
440 2550 473 2571 orn.
479 2541 495 2570 in
502 2541 520 2572 T.
598 2542 605 2560 ⁵
616 2542 635 2575 E.
642 2547 750 2574 mercatorum.

46 2579 52 2598 ⁴
63 2581 81 2612 E.
89 2587 135 2613 terra.
215 2583 221 2601 ⁵
233 2582 251 2613 E.
258 2582 351 2613 nitebantur.
437 2580 444 2598 ⁶
454 2580 472 2612 E.
479 2582 577 2614 accederent.
