1762 2803
222 123 268 179 mr
283 121 383 176 &aaut
400 115 532 175 uolumus.
688 138 730 179 203

30 242 61 287 qui
76 243 95 278 in
110 254 166 279 manu
180 245 259 280 vitreum
274 243 393 279 ordinationis
408 254 472 288 regum
486 243 565 279 habebat
578 243 649 278 librum.
672 243 732 286 Quem

31 307 72 330 cum
81 297 170 332 Columba
181 299 204 332 de
215 309 271 332 manu
280 298 341 342 angeli
352 297 459 341 accepisset,
467 298 490 331 ab
500 309 522 332 eo
533 297 596 332 iussus
607 297 668 342 legere
680 298 733 341 cepit.

31 349 67 392 Qui
82 360 124 384 cum
139 353 240 386 secundum
254 352 303 396 quod
318 352 337 385 in
353 351 399 385 libro
411 356 450 385 erat
461 350 554 385 Aidanum
569 361 632 396 regem
648 350 732 384 ordinare

31 409 130 447 recusaret,
142 405 184 449 quia
198 405 257 451 magis
269 404 324 440 alium
337 404 423 439 fratrem¹
435 404 523 449 diligeret,
537 405 597 439 subito
610 404 687 449 angelus
702 415 733 438 ex-

31 458 109 492 tendens
125 468 200 493 manum
215 464 298 493 sanctum
311 458 403 503 percussit
417 458 493 503 flagello,
505 458 557 493 cuius
570 459 633 493 liuoris
649 457 734 502 signum²
741 470 750 501 5

31 510 50 543 in
58 510 98 543 eius
106 511 162 544 latere
170 513 255 545 omnibus
263 513 327 544 diebus
338 511 376 544 vite
383 522 417 545 sue
424 513 531 554 permansit,
539 513 612 545 dicens:
624 512 672 544 ‘Pro
683 515 734 543 certo

31 561 79 596 scias
94 561 136 606 quia
151 564 173 597 ad
186 567 204 597 te
219 564 277 597 adeo
289 563 358 597 missus
370 573 417 604 sum,
428 569 448 598 vt
460 562 510 598 iuxta
521 564 578 599 verba
591 575 626 609 que
642 562 701 609 legisti
715 562 733 596 in

31 625 95 659 regem
107 616 181 650 ordines
193 617 291 651 Aidanum.
314 617 367 659 Quod
380 616 396 651 si
411 617 478 651 iterum
491 618 619 661 obtemperare
635 615 733 657 nolueris³‚

31 667 97 701 iterato
104 673 123 702 te
131 668 251 712 percutiam⁴.¹
273 669 366 704 Aidanum
374 668 429 715 igitur
436 670 459 704 ad
466 668 530 704 lonam
537 668 615 704 insulam
622 668 733 710 venientem,

32 721 51 755 in
59 732 127 766 regem,
136 722 181 757 sicut
188 722 249 758 iussus
257 729 301 765 erat,
310 723 405 758 ordinauit.
458 716 481 758 In
492 723 552 758 insula
560 723 605 758 Iona
616 722 733 758 remotiorem
743 735 762 758 10

32 775 55 809 ab
63 775 246 811 hominibus⁶locum
257 782 320 820 aptum
331 778 354 811 ad
365 776 466 812 orationem
473 776 564 820 quesiutt:
576 777 681 821 ibidemque
691 787 733 810 cum

33 838 86 863 orare
94 828 178 873 cepisset,
186 830 245 865 subito
254 830 302 865 uidet
310 835 373 865 contra
381 841 402 864 se
408 835 474 864 tetram
482 835 500 863 et
507 830 626 873 nigerrimam
634 831 734 864 demonum

33 892 74 915 cum
86 882 151 916 ferreis
162 884 243 918 verubus
256 883 314 917 aciem
324 882 444 917 instaurarit:
462 882 504 925 Qui,
515 883 561 917 sicut
576 883 593 917 ei
604 893 639 926 per
650 882 734 927 spiritum

33 935 134 969 reuelatum
147 941 190 975 erat,
198 936 331 969 monasterium
342 936 382 969 eius
393 935 481 969 inuadere
492 940 511 969 et
522 935 589 969 multos
598 935 674 968 fratrum
683 934 735 977 iugu-

33 986 71 1018 lare
84 986 175 1020 volebant.
198 987 276 1021 Sanctus
289 987 345 1034 enim,
356 993 420 1021 contra
434 997 467 1021 eos
481 986 548 1021 virtute
563 985 649 1020 orationis
665 985 736 1020 fortiter
745 1000 763 1030 ¹5

33 1037 127 1081 dimicans,
141 1040 284 1074 innumerabiles
298 1045 360 1074 tamen
372 1050 420 1075 vnus
431 1040 506 1074 vincere
521 1050 558 1074 non
573 1045 650 1085 poterat¹
664 1050 699 1074 nec
712 1040 736 1074 de

33 1091 93 1125 insula
99 1092 189 1135 repellere
194 1093 275 1127 valebat:
287 1094 345 1127 donec
352 1092 412 1137 angeli
419 1093 448 1128 dei
454 1093 473 1127 in
479 1092 588 1128 adiutorium
595 1092 634 1127 eius
640 1092 735 1135 venirent;

34 1155 112 1187 quorum
127 1145 192 1180 timore
207 1147 296 1181 demones
311 1146 417 1191 perturbati,
429 1157 440 1181 a
453 1147 493 1181 loco
506 1147 537 1180 illo
550 1146 615 1191 fugere
630 1146 671 1181 sine
684 1156 736 1180 mora

34 1197 90 1231 coacti
102 1203 149 1233 sunt.
173 1199 267 1234 Demones
279 1200 328 1234 enim
340 1201 363 1234 ad
375 1199 429 1234 aliam
441 1200 519 1234 insulam
532 1201 646 1242 accedentes,
658 1200 734 1234 fratrum

35 1250 147 1286 monasteria
164 1251 257 1295 inuadunt,
273 1258 291 1287 et
308 1253 415 1297 pestilentes
430 1254 505 1288 morbos
519 1254 621 1288 inferentes
635 1254 734 1288 nonnullos
744 1266 763 1288 ao

35 1304 123 1338 occidunt.
174 1298 256 1352 Quidam
272 1306 323 1341 saber
337 1306 424 1341 ferrarius
439 1306 514 1341 nomine
530 1306 635 1349 Columbus,
651 1306 734 1341 elemosi-

34 1367 100 1391 narum
109 1358 196 1402 operibus
207 1360 251 1393 satis
262 1359 344 1393 intentus
353 1365 372 1393 et
381 1359 447 1394 ceteris
456 1359 527 1394 iusticie
535 1360 605 1394 actibus
612 1360 684 1404 plenus,
692 1370 734 1394 curn

34 1410 53 1444 in
69 1411 157 1446 extremis
170 1412 276 1456 langueret3
288 1417 363 1447 sanctus
375 1413 464 1448 Columba
477 1412 562 1447 fratribus
575 1413 610 1447 ait:
625 1413 735 1447 ‘Columbus

34 1474 72 1498 non
83 1463 176 1499 incassum
187 1465 282 1507 laborauit,
293 1465 324 1509 qui
336 1466 359 1499 de
370 1466 457 1510 operibus
472 1476 561 1500 manuum
576 1476 651 1500 suarum
665 1465 736 1509 premia

34 1515 79 1550 felix
90 1517 203 1561 comparauit
214 1523 283 1552 eterna.
306 1519 354 1552 Ecce
363 1519 411 1552 enim
420 1529 468 1553 nunc
476 1518 537 1553 anima
545 1518 585 1553 elus
594 1518 617 1553 ad
626 1518 659 1553 celi
671 1517 737 1563 gaudia
746 1529 764 1559 ²5

36 1569 59 1604 ab
71 1571 178 1614 angelorum
190 1577 263 1606 caterua
275 1572 350 1606 exaltari
362 1572 439 1607 meruit)
482 1565 519 1606 Vir
527 1572 557 1606 dei
568 1572 630 1607 oculos
641 1572 664 1606 ad
676 1572 735 1606 celum

35 1622 122 1668 dirigens,
130 1625 232 1660 astantibus
242 1625 278 1660 ait:
291 1626 296 1643 ‘
305 1625 356 1660 Felix
364 1625 430 1660 mulier
437 1631 456 1661 et
463 1626 498 1661 deo
508 1627 589 1670 placens,
597 1626 648 1660 cuius
656 1625 736 1660 animam

35 1677 54 1710 in
65 1677 171 1721 paradisum
182 1679 205 1712 ab
216 1679 286 1723 angelis
296 1679 362 1713 deferri
372 1679 431 1713 vidi!'
454 1679 524 1713 Eadem
533 1689 578 1713 vero
588 1678 617 1713 die
626 1689 674 1713 anno
685 1688 736 1712 reuo-

35 1730 73 1764 luto
85 1730 174 1765 Columba
186 1732 258 1766 cuidam
269 1731 320 1766 fratri
331 1731 386 1766 dixit:
400 1732 457 1766 'Ecce
469 1732 535 1767 mulier
542 1732 566 1766 de
576 1742 612 1776 qua
622 1736 640 1765 te
651 1736 737 1776 presente

35 1784 124 1827 preterito
140 1784 222 1819 dixeram
236 1796 290 1828 enno,
303 1796 352 1819 nunc
367 1784 427 1819 mariti
440 1784 469 1819 sui
481 1785 500 1818 in
513 1795 556 1819 aere
569 1784 630 1818 obuiat
642 1785 708 1827 anime,
720 1789 738 1818 et
747 1794 766 1824 ,κο

36 1847 78 1871 cum
86 1837 155 1881 angelis
163 1843 226 1872 contra
234 1838 350 1872 aduersarias
357 1850 391 1882 pro
399 1850 421 1872 ea
428 1837 522 1881 belligerat
530 1843 636 1882 potestates.
654 1838 737 1880 Quorum

36 1890 130 1933 adiutorio,
138 1890 221 1925 eiusdem
229 1891 309 1925 hominis
317 1891 387 1925 iusticia
395 1891 511 1934 suffragante,
520 1901 530 1924 a
538 1895 629 1933 potestate
637 1891 735 1924 demonum

36 1947 104 1986 erepta,
123 1943 147 1974 ad
165 1948 229 1975 eterne
247 1942 337 1976 felicitatis
355 1943 415 1976 locum
434 1942 495 1976 anima
513 1941 572 1987 ipsius
592 1947 620 1976 est
639 1942 738 1986 perducta!

36 1988 89 2029 Vidit
98 1996 164 2030 iterum
175 1996 234 2030 subito
246 1996 305 2031 celum
317 2002 401 2039 apertum
412 2002 430 2030 et
440 1994 600 2030 innumerabilium
609 1995 674 2029 choros
682 2005 736 2038 ange-

36 2048 96 2083 lorum
109 2048 167 2083 sancti
181 2048 285 2083 Brendani⁷
298 2048 378 2083 animam
393 2047 538 2093 suscipientium,
553 2059 631 2093 quorum
646 2046 738 2081 luminosa
747 2059 765 2087 35

37 2107 55 2134 et
66 2102 204 2146 incomparabili
215 2102 296 2136 claritate
307 2107 356 2136 totus
368 2103 433 2136 eadem
445 2102 490 2135 hora
501 2102 601 2135 illustratus
613 2106 641 2134 est
651 2101 737 2134 mundus.

38 2147 93 2190 Dixit
101 2157 166 2190 iterum
173 2156 261 2191 Columba
268 2156 364 2191 fratribus:
375 2156 416 2190 ‘Me
422 2155 482 2198 hodie,
488 2155 552 2200 inquit,
557 2155 599 2190 licet
606 2154 708 2199 indignus⁸,
713 2155 737 2188 ob

36 2210 175 2245 uenerationem
187 2210 247 2245 anime
258 2210 315 2244 sancti
324 2209 432 2243 Columbani
443 2209 524 2254 episcopi
535 2208 635 2253 laginensis
643 2208 737 2242 celebrare

37 2268 114 2307 oportet,
127 2274 163 2307 que
175 2265 209 2298 hac
223 2263 242 2298 in
254 2268 308 2297 nocte
321 2262 368 2297 inter
380 2267 453 2297 sanctos
465 2263 571 2307 angelorum
583 2262 649 2296 choros
660 2260 738 2302 eleuata,

36 2316 83 2350 vltra
95 2317 179 2351 siderea⁰
192 2317 273 2351 celorum
286 2315 345 2361 spatia
358 2317 381 2350 ad
393 2316 499 2359 paradisum
514 2315 606 2349 ascendit!
655 2307 693 2348 Vir
707 2315 736 2349 dei
747 2324 767 2354 40

37 2369 118 2404 collectis
129 2369 214 2405 inunum
225 2368 310 2404 fratribus
321 2368 378 2404 dixit:
391 2368 460 2412 ‘Nunc,
472 2367 535 2413 inquit,
546 2368 569 2402 ad
583 2366 684 2402 orationem
695 2378 739 2402 con-

37 2421 129 2466 fugientes
136 2423 232 2456 monachis
240 2422 310 2456 abbatis
316 2421 398 2465 congelli
404 2421 517 2463 auxiliemur,
524 2422 558 2454 bac
565 2420 584 2454 in
593 2421 638 2454 hora
645 2420 664 2454 in
672 2425 738 2464 stagno

58 2506 330 2545 ¹Ad.Eogenanumfratremeius.
362 2505 597 2542 'Adliuorosumvestigium
624 2504 741 2535 'Evolueris

37 2545 72 2577 *Er
80 2548 162 2586 percutiet.
206 2547 325 2579 ⁵T.omnibus.
372 2545 659 2585 ⁶T.E.instaurare;Ad.prcliari.
704 2544 738 2577 1Τ.

37 2588 124 2625 brendeni;
134 2588 164 2619 Ad.
172 2588 253 2618 Brendini,
314 2588 320 2605 ⁸
329 2586 360 2616 Adi
368 2586 377 2617 i.
385 2586 420 2617 sim.
480 2587 486 2604 ⁹
497 2586 515 2617 Ε.
523 2585 580 2617 sidera.
