1762 2803
286 129 332 187 bo
347 128 447 183 &aaut
462 129 610 187 manarant.
762 145 806 190 273

104 255 122 284 et
134 251 208 285 beatum
221 251 272 286 illum
288 262 323 296 per
333 251 396 286 secula
407 251 544 296 predicandum.
568 252 591 286 Et
602 252 694 287 mensoris
706 251 806 287 funiculum

104 314 138 348 per
149 305 204 349 plana
212 306 252 340 atrii
261 306 370 348 extendens,
378 305 425 347 ‘Sic,
433 305 496 349 inquit,
504 305 617 340 edificabitur
624 306 675 340 locus
683 305 723 348 iste,
731 307 754 340 ad
765 317 807 351 pre-

104 358 196 401 paranda¹
209 360 264 393 corda
275 359 347 393 illorum
361 359 440 400 domino,
451 358 482 403 qui
494 359 528 393 hoc
540 359 559 393 11
571 360 611 394 loco
623 369 657 404 per
668 359 717 393 hunc
729 369 806 403 puerum

104 410 178 446 domino
193 412 279 447 credituri
293 414 347 447 sunt!
370 412 411 455 Qua
429 411 454 446 illi
473 412 586 447 reuelatione
604 412 725 447 vehementer
743 412 807 457 ganisi,

104 464 205 499 immensas
213 467 248 499 deo
255 466 319 500 laudes
327 466 440 509 persoluunt,
449 471 467 499 et
477 477 554 509 puerum
564 467 586 500 ad
595 466 714 500 seruiendum
722 466 808 500 domino²
816 479 825 508 5

104 515 173 550 ibidem
184 517 318 561 derelinquunt.
341 518 377 560 Qui
388 523 426 551 tam
437 517 542 551 inscientia
554 518 632 562 pietatis,
642 529 697 562 quarn
709 518 729 552 in
741 518 808 552 virtute

105 568 205 603 sanctitatis
219 570 299 614 quotidie
314 570 419 615 proficiens,
432 570 506 605 assidue
522 570 596 605 domino
611 570 731 606 ministrabat.
777 563 807 605 Ea

104 626 213 666 tempestate
229 623 327 666 Glastonia,
341 623 433 668 regalibus
451 623 548 668 stipendiis
566 624 643 667 addicta,
659 624 759 660 monastice
778 636 807 659 re·

105 674 177 718 ligionis
185 676 259 720 penitus
268 682 307 711 erat
316 677 384 721 ignara.
407 677 493 711 Nondum
501 677 550 712 enim
559 677 578 711 in
586 677 653 722 Anglia
661 677 764 713 communis
770 677 808 713 vita

105 728 203 771 colebatur,
209 741 246 764 non
253 741 298 764 vsus
306 730 404 764 deserendi
412 730 515 764 voluntates
523 731 650 773 affectabatur;
659 731 730 765 abbatis
738 742 806 765 nomen
817 744 835 766 1ο

105 781 136 815 vix
148 782 244 826 quisquam
255 782 342 817 audierat.
364 782 459 817 Venerant
470 788 531 817 autem
543 783 566 817 de
579 783 669 818 Hibernia
682 783 762 818 illustres
773 783 808 819 viri

105 833 184 877 quidam,
193 840 211 869 et
222 835 282 869 locum
292 834 408 869 habitationis
418 845 452 869 sue
463 845 474 868 a
483 835 532 869 ciuili
540 835 657 869 multitudine
666 841 808 880 sequestratum,

105 887 154 930 apud
174 887 286 921 Glastoniam
305 888 405 931 elegerunt.
435 887 490 921 Filios
509 887 577 921 idcirco
596 888 684 922 nobilium
703 888 809 923 liberalibus

106 939 171 973 studiis
182 940 291 973 imbuendos
302 945 428 983 susceperunt,
435 945 455 973 vt
463 941 511 983 quod
523 940 584 974 minus
596 941 619 974 ad
627 951 681 974 vsum
693 940 728 974 loci
735 942 809 975 vbertas

106 992 207 1033 exhiberet,
222 992 298 1027 eorum³
312 1003 359 1036 quos
378 992 467 1027 docebant
486 992 594 1028 liberalitate
612 994 728 1028 redundaret.
750 993 809 1029 Adest
819 1006 837 1037 15

107 1055 150 1089 ergo
162 1045 286 1079 nobilissimus
297 1056 344 1089 puer
354 1045 467 1086 Dnnstanus,
478 1044 527 1079 inter
537 1045 583 1080 alios
590 1057 643 1087 vnus,
655 1046 712 1080 immo
723 1058 757 1091 pre
768 1046 810 1081 aliis

107 1098 163 1132 solus.
185 1098 221 1131 Vbi
232 1099 287 1141 paulo
297 1098 402 1142 diligentius
413 1108 468 1141 quam
478 1098 569 1133 imbecilla
578 1105 618 1133 etas
627 1099 675 1133 ferre
687 1105 751 1143 posset
762 1100 810 1134 litte-

107 1160 169 1184 rarum
185 1150 244 1185 studio
259 1150 346 1192 intentus,
362 1150 451 1185 acerrimo
469 1150 557 1195 languore
575 1151 665 1196 infigatur.
688 1151 771 1197 Cumque
790 1152 809 1187 in

107 1204 171 1237 limine
182 1214 233 1237 mors
245 1204 312 1237 adesse
323 1209 423 1248 putaretur,
432 1214 475 1237 ecce
485 1204 597 1248 intempesta
608 1210 661 1239 nocte
673 1205 746 1239 celestis
757 1205 809 1239 illurn

107 1256 198 1292 medicina
209 1256 278 1300 reuisit,
290 1268 344 1302 quam
358 1256 375 1292 ei
385 1267 419 1302 per
432 1256 534 1302 angelicum
545 1257 667 1293 ministerium
680 1257 764 1294 Christus
777 1270 809 1294 ex·
819 1272 838 1295 1ο

108 1310 171 1344 hibuit.
193 1310 229 1352 Qui
240 1310 337 1345 confestim
348 1311 371 1344 de
383 1311 449 1345 lectulo
461 1321 545 1355 surgens,
552 1312 576 1346 ad
587 1312 684 1346 ecclesiam
695 1312 730 1346 deo
741 1312 810 1357 gratias

107 1368 180 1397 acturus
192 1364 285 1397 moderata
292 1363 387 1397 velocitate
398 1363 458 1397 currit.
481 1364 582 1407 stupefacti
590 1365 621 1408 qui
632 1364 672 1398 eius
684 1375 746 1398 curam
758 1375 809 1408 gere-

107 1416 157 1457 bant,
172 1416 222 1450 lento
239 1417 287 1459 pede
304 1416 343 1450 eius
358 1415 436 1460 vestigia
450 1422 557 1460 sequuntur,
572 1417 629 1451 finem
644 1417 671 1451 rei
687 1417 809 1461 explorantes.

109 1469 193 1503 Necdum
208 1469 289 1502 medium
304 1468 375 1503 itineris
390 1468 498 1509 confecerat,
513 1480 555 1503 cum
570 1469 661 1514 malignus
675 1470 756 1514 spiritus,
771 1471 811 1505 siue

108 1521 147 1555 eius
162 1521 216 1555 saluti
233 1520 318 1555 inuidens
333 1531 367 1555 seu
386 1520 465 1555 suturam
484 1521 591 1565 religionem
611 1527 716 1566 suspectam
735 1522 838 1564 habens,25

108 1574 212 1608 latrantium
227 1585 292 1609 canum
308 1574 424 1609 multitudine
438 1575 517 1619 stipatus
531 1575 614 1618 occurrit,
626 1575 675 1610 viam
690 1576 741 1610 eunti
756 1576 811 1611 inter-

109 1627 183 1662 cludere
202 1627 300 1662 contendit.
329 1627 423 1662 Exclamat
438 1627 499 1672 itaque
514 1639 561 1672 puer
576 1628 669 1663 Christum
684 1640 754 1673 pauore
768 1641 812 1664 con·

109 1680 194 1723 territns;
206 1681 277 1725 virgam
289 1681 358 1726 arripit,
366 1692 420 1726 quarn
432 1680 527 1716 infaciem
539 1681 645 1717 obsistentis
656 1681 724 1717 inimici
732 1682 812 1725 vibrans,

109 1734 171 1778 ipsum
186 1745 228 1768 cum
245 1734 296 1768 omni
311 1734 402 1775 comitatu,
417 1734 480 1768 diuino
498 1734 583 1769 suffultus
602 1735 695 1779 suffragio,
713 1735 732 1770 11
750 1735 812 1779 sugam

110 1786 197 1829 compulit
202 1786 214 1819 ⁴.
233 1786 289 1819 Venit
297 1786 352 1829 igitur
359 1787 382 1819 ad
391 1786 499 1819 ecclesiam:
512 1792 530 1819 et
538 1797 579 1819 earn
587 1786 701 1821 obserratam
709 1786 813 1828 inueniens,
821 1798 841 1827 3⁰

110 1838 183 1879 scalam,
199 1837 267 1872 ibidem
286 1843 384 1882 repertam,
400 1838 452 1882 quasi
467 1849 501 1882 per
516 1849 614 1873 excessum
633 1839 701 1874 mentis
720 1839 812 1881 ascendit3

110 1891 133 1924 ad
146 1891 222 1924 alteram
235 1891 278 1924 inde
292 1891 334 1924 teeti
346 1896 424 1934 partem,
436 1902 472 1935 qua
486 1892 548 1924 nullus
562 1897 601 1925 erat
616 1892 723 1932 descensus,
736 1903 813 1936 progre-

111 1943 169 1984 diens,
177 1942 265 1987 angelicis
275 1942 359 1977 manibus
368 1944 391 1977 ad
404 1943 463 1977 solum
473 1943 577 1988 deponitur,
585 1948 603 1978 et
611 1943 629 1977 11
638 1943 724 1978 interiora
734 1944 812 1979 ecclesie

111 2008 147 2032 non
163 1997 267 2041 patentibus
282 1996 366 2032 claustris
380 1996 476 2032 inducitur.
499 1997 543 2032 Orta
558 2002 619 2032 autem
635 1997 680 2039 luce,
693 1997 729 2033 leui
744 2009 813 2042 sopore

111 2052 212 2093 depressus
227 2050 246 2083 in
261 2050 339 2084 ecclesia
354 2050 450 2093 reperitur.
481 2050 564 2093 Rogatus
578 2061 623 2084 vero
637 2056 657 2084 vt
671 2056 709 2084 tam
724 2051 813 2085 mirabilis
821 2060 840 2090 35

111 2108 189 2139 euentus
195 2103 270 2136 modum
278 2107 384 2146 exponeret,
390 2113 427 2136 non
433 2113 476 2137 esse
484 2103 518 2137 hoc
526 2102 544 2136 in
553 2113 586 2137 sua
594 2103 706 2137 conscientia
712 2104 813 2148 respondit.

112 2157 197 2192 Certabat
209 2156 275 2199 itaque,
287 2156 395 2189 adolescens
406 2156 470 2196 lactus,
481 2156 539 2200 gratia
550 2162 568 2190 et
580 2156 695 2190 aflabilitatel
704 2168 769 2191 omnes
781 2168 813 2192 ex·

112 2210 184 2251 cedere,
202 2208 308 2252 pudicitiam
326 2219 407 2249 seruare,
424 2209 517 2243 lasciuiam
534 2209 608 2252 lugere3
627 2209 719 2252 appetitor
735 2210 814 2250 honesti,

111 2261 229 2305 turpitudinis
242 2265 349 2302 execrator;
368 2261 457 2293 maiorum
472 2266 516 2293 natu
531 2261 626 2304 colloquiis
639 2262 711 2299 adesse,
726 2261 814 2295 iuuenum

112 2314 181 2348 ludicra
194 2312 296 2355 declinare3
314 2311 395 2346 ciborum
411 2312 511 2353 abstinens,
523 2324 602 2356 sompno
614 2317 726 2357 temperans,
739 2313 814 2348 incessu
823 2326 843 2355 qo

112 2367 184 2411 grauis3
197 2376 263 2410 magne
275 2365 350 2399 fidentie
362 2366 385 2399 ad
398 2365 521 2409 incipiendum
535 2367 609 2406 bonum,
623 2367 724 2401 constantie
736 2368 759 2401 ad
772 2378 814 2412 per·

112 2420 223 2461 fidendum,
240 2417 350 2462 principium
366 2418 413 2453 bene
428 2418 495 2461 agendi
508 2419 564 2453 deum
579 2429 654 2462 semper
669 2419 743 2460 habere,
758 2420 815 2455 finem

112 2485 157 2509 vero
169 2473 229 2507 eidem
241 2472 376 2507 commendare.
399 2471 516 2506 Lectionibus
528 2471 586 2506 sacris
596 2471 677 2507 intentus
685 2478 729 2515 erat,
738 2485 816 2519 quarum

133 2547 295 2586 ¹E.preparandum.
336 2546 370 2577 ²T.
379 2546 419 2585 deo;
429 2546 447 2576 E.
455 2546 524 2578 domino.
565 2544 698 2588 'ficorumque
719 2547 815 2579 *111100111-

113 2588 162 2626 pellit.
204 2588 340 2620 δ1101111111111110.

459 2646 470 2671 T
