1762 2803
228 75 274 131 Da
289 75 376 129 aaut
391 76 444 133 Uti
460 77 573 130 ductito.
707 93 752 137 493

51 194 106 230 brans
118 196 135 230 ei
144 197 225 240 missam,
237 198 307 232 audiuit
315 198 396 233 sonitum
405 199 461 233 veluti
473 210 609 244 campanarum,
618 200 664 235 adeo
674 201 752 242 dulcem,

50 253 69 281 vt
80 249 103 282 ab
115 250 174 283 officio
184 251 316 295 aliquantulum
325 252 433 287 tardaretur.
455 253 537 288 Veniens
546 259 607 289 autem
618 254 641 288 de
653 253 753 298 longinquo

51 311 112 341 sonus,
121 303 208 345 paulatim
220 305 323 344 accedebat,
332 310 351 338 vt
362 306 435 338 tandem
447 306 492 339 soris
503 306 554 340 iuxta
565 306 654 351 parietem
664 307 753 348 auditus¹,

51 360 93 397 post
103 354 195 389 modicum
203 355 246 389 inde
254 356 366 400 pertransiit.
389 356 465 392 Interim
476 358 566 393 Godricus
577 358 661 393 manibus
670 359 752 401 eleuatis

51 419 96 442 voce
109 409 189 443 clamosa
202 409 286 453 prorupit
299 409 318 443 in
330 409 439 455 lachrymas.
463 410 546 456 Expletis
558 411 650 454 misteriis,
661 412 769 454 monachos

51 461 135 504 querenti
147 462 190 506 quid
202 463 236 496 hoc
248 468 303 504 essct,
315 463 351 497 ait:
367 464 448 498 ‘Sonum
460 464 510 498 illum
522 465 589 506 audiui,
601 471 619 500 et
630 471 648 500 te
659 465 752 501 audiuisse

51 515 172 558 congratulor.
196 514 295 550 Cuiusdam
303 515 338 550 viri
349 516 384 549 deo
396 515 457 550 dilecti
470 517 544 561 spiritus
557 518 685 561 pertransiuit:
701 519 752 553 cuius

51 567 139 610 exequias
161 568 281 603 comitabatur
301 579 359 603 sonus
382 568 413 603 ille
432 570 529 614 predulcis.
556 571 611 605 Venit
633 571 707 616 quidem
729 573 752 606 de

52 622 127 663 regione
142 620 253 664 longinqua;
269 626 287 653 et
300 621 386 654 existimo
397 623 446 664 quod
458 623 476 655 in
488 622 522 656 hac
534 623 571 657 vita
582 625 682 658 sacerdotis
693 625 752 659 officio

51 672 170 715 fungebatur.¹
216 666 270 709 Idem
283 674 390 715 monachus,
404 673 470 708 iterum
483 685 574 716 reuersus,
588 675 666 719 quesiuit
680 677 703 711 de
716 687 752 720 quo
761 687 781 708 10

51 731 156 760 sanctorum
175 727 251 761 missam
265 727 321 761 vellet
339 726 408 761 audire.
438 727 474 769 Qui
491 728 566 763 ‘hodie'
581 728 626 763 dixit
641 730 674 764 ‘de
689 736 753 764 sancta

51 779 131 814 trinitate
139 781 214 814 missam
222 780 290 822 audiui,
298 787 316 814 et
324 779 471 814 communionem
481 780 504 814 de
516 780 607 815 candidati
615 780 709 816 cuiusdam
717 782 752 817 viri

51 843 106 867 manu
117 832 198 878 percepi,
206 833 237 878 qui
245 834 268 868 de
276 833 316 868 celo
326 832 421 869 descendit
433 838 451 868 et
462 832 529 867 iterum
540 834 622 869 ascendit
632 834 651 869 in
662 835 727 876 celum,
734 841 753 869 et

51 886 140 927 similiter,
154 892 173 921 vt
191 892 211 921 tu
230 887 285 929 soles,
301 886 384 921 misteria
398 887 503 921 celebrauit.
526 887 551 921 Vt
566 894 640 931 peccata
655 889 754 923 confiterer

51 939 150 981 admonuit,
166 945 184 974 et
201 940 267 974 estimo
283 940 307 974 de
322 939 402 984 peccatis
416 938 464 974 meis
479 938 538 973 nichil
551 950 612 973 meam
627 946 669 974 tunc
685 940 753 984 fugisse
762 953 780 983 15

52 992 165 1027 memoriam.
188 993 219 1028 Sic
227 999 288 1027 autem
299 993 394 1027 absolutus
403 992 470 1033 abillo,
478 998 585 1027 reuerenter
594 993 722 1027 eucharistiam
730 995 753 1027 de

52 1055 107 1078 manu
120 1046 178 1088 ipsius
190 1046 257 1089 accepi.
280 1046 346 1080 Officio
361 1047 459 1087 celebram,
473 1045 558 1079 manibus
573 1046 649 1080 eleuatis
661 1046 679 1080 in
694 1047 753 1080 celum

51 1098 134 1132 sublatus
146 1104 179 1141 est,
190 1104 208 1133 et
218 1099 267 1134 hunc
278 1098 337 1133 locum
349 1097 401 1133 suaui
412 1098 469 1132 odore
479 1096 583 1142 compleuit.
606 1098 710 1139 Laudasne,
722 1098 753 1140 lili,

51 1157 70 1186 vt
82 1157 123 1196 post
137 1152 171 1187 hec
184 1153 239 1187 modo
253 1157 293 1187 ate
305 1151 420 1196 disciplinam
433 1151 618 1195 communionemque
631 1151 753 1195 percipiam?‘

54 1204 86 1239 Ille
101 1211 162 1239 autem
177 1205 272 1250 respondit
288 1206 337 1249 quod
352 1205 387 1239 hoc
402 1205 462 1239 iacere
477 1215 514 1238 non
529 1205 616 1246 auderet3
635 1210 654 1239 et
668 1205 752 1248 quisnam
762 1221 782 1241 πο

52 1263 156 1292 sanctorum
164 1258 195 1292 ille
202 1258 267 1293 suisset
274 1257 358 1302 quesiuit.
378 1257 432 1299 Dixit,
441 1258 490 1292 hunc
499 1257 573 1292 Petrum
581 1257 638 1291 iuisse
645 1258 753 1302 apostolum,

52 1310 83 1352 qui
91 1310 125 1342 celi
134 1315 205 1353 portam
214 1312 281 1344 claudit
289 1316 307 1344 et
316 1317 391 1349 reserat,
400 1316 418 1344 et
426 1310 503 1344 missum
513 1321 534 1343 se
543 1321 585 1344 esse
597 1311 689 1344 adomino
698 1312 753 1345 lhesu

52 1361 125 1396 Christo
133 1362 215 1402 asseruit,
222 1367 242 1395 vt
250 1362 311 1405 ipsum
318 1372 329 1395 a
337 1361 417 1405 peccatis
425 1361 533 1395 absolueret.
556 1362 594 1395 ‘Tu
602 1362 684 1403 missam,
690 1362 754 1407 inquit,

52 1414 70 1448 in
84 1415 154 1449 honore
165 1416 218 1449 beate
232 1414 290 1449 Marie
306 1415 403 1455 celebrato,
415 1419 435 1449 vt
448 1414 488 1447 eius
503 1413 607 1448 interuentu
623 1413 680 1448 filium
695 1414 754 1458 ipsius

53 1477 156 1501 mereamur
164 1467 231 1501 habere
240 1468 353 1511 propicium!
391 1460 428 1502 Vir
436 1467 516 1511 quidam,
525 1467 576 1501 cuius
583 1478 630 1501 vxor
636 1473 675 1501 tres
681 1468 754 1512 peperit
763 1480 782 1510 ²5

52 1521 150 1562 abortiuos,
162 1520 213 1555 venit
225 1521 247 1554 ad
259 1521 319 1555 virum
332 1519 367 1563 dei,
381 1525 399 1554 et
412 1520 487 1553 modum
501 1530 534 1554 sue
546 1520 653 1554 calamitatis
665 1522 755 1564 exposuit.

52 1574 86 1608 Cui
101 1585 167 1608 zonam
184 1574 263 1616 tradidit,
279 1574 353 1609 dicens:
374 1574 425 1608 ‘Hoc
445 1573 518 1618 cingulo
533 1573 650 1618 precingatur
663 1586 710 1609 vxor
724 1580 755 1609 tua

52 1632 115 1671 partus
126 1632 220 1671 tempore:
233 1633 251 1662 et
262 1626 383 1672 penitentiam
395 1627 418 1661 de
430 1626 509 1670 peccatis
520 1626 573 1671 agite,
585 1627 628 1671 quia
639 1637 673 1671 pro
685 1628 756 1663 delictis

54 1685 125 1723 patrum
134 1680 238 1715 huiusmodi
246 1681 327 1715 vindicta
335 1680 399 1714 venire
409 1681 456 1714 solet
466 1680 485 1714 in
495 1681 579 1724 prolem!
602 1680 636 1715 Vir
645 1680 695 1716 iussa
706 1692 755 1716 com·

53 1733 120 1776 pleuit:
133 1739 151 1767 et
163 1733 250 1777 deinceps
261 1739 325 1776 partus
338 1734 403 1768 vitales
416 1734 440 1767 ab
454 1744 512 1768 vxore
523 1733 610 1777 suscepit.
656 1726 719 1768 iturus
732 1735 755 1769 ad
763 1750 783 1779 30

53 1786 112 1819 virum
126 1785 168 1819 deit
180 1786 281 1820 monachus
294 1785 368 1829 quidam
373 1786 385 1828 ³,
397 1796 464 1830 equum
479 1786 546 1819 habere
560 1797 597 1819 non
611 1785 680 1828 valens,
693 1787 756 1821 animo

53 1840 170 1873 conturbatus
182 1838 220 1873 suit.
244 1838 302 1873 Nocte
314 1839 404 1883 sequenti,
417 1848 458 1872 cum
473 1837 566 1879 dormiret,
578 1838 633 1872 astitit
648 1839 665 1872 ei
680 1839 755 1883 quidam

53 1891 125 1926 iuuenis
132 1891 195 1926 vestc⁴
204 1891 312 1932 succinctus,
318 1891 403 1924 baculum
411 1891 430 1924 in
438 1901 494 1924 manu
502 1896 579 1932 tenens;
590 1891 620 1933 qui
629 1891 700 1925 dicebat
706 1894 755 1934 quod

53 1943 143 1979 Godricus
155 1944 206 1978 illum
218 1944 241 1979 ad
255 1954 297 1978 cum
310 1944 374 1979 venire
386 1943 473 1988 precepit.
496 1943 521 1977 At
536 1943 567 1976 ille
580 1943 675 1987 euigilans,
689 1943 755 1978 iterum

53 1998 133 2032 dormire
141 1997 200 2042 cepit:
214 2002 232 2032 et
242 1997 273 2032 ille
285 1997 352 2031 iterum
362 1996 422 2039 astitit,
431 2002 449 2031 et
459 1996 486 2032 sic
493 1996 529 2031 ait:
542 1996 642 2030 ‘Godricus
653 1999 728 2032 mandat
735 2004 755 2033 vt
764 2008 784 2040 35

54 2062 107 2085 mane
116 2051 163 2085 sacto
172 2051 249 2085 missam
260 2051 386 2085 celebraturus
396 2050 489 2085 aduenias.
512 2050 550 2084 Nec
561 2055 637 2093 propter
648 2061 716 2094 equum
728 2051 755 2085 sis

53 2104 147 2147 sollicitus,
156 2104 242 2148 quoniam
250 2106 273 2139 ad
281 2104 348 2139 ostium
356 2103 429 2139 claustri
439 2102 542 2138 necessaria
552 2107 649 2148 preparata
660 2103 755 2139 inuenies]

53 2158 113 2198 Mane,
125 2164 144 2192 vt
155 2158 226 2193 dixerat
237 2162 302 2192 cuneta
313 2158 415 2199 inuenicns,
423 2158 446 2191 ad
454 2157 514 2192 virum
525 2157 554 2191 dei
564 2156 618 2191 venit.
641 2156 676 2199 Qui
687 2157 756 2191 clausis

53 2211 111 2245 oculis
118 2211 193 2244 fratrem
202 2222 226 2244 ex
234 2210 309 2244 nomine
316 2210 393 2250 uocauit,
401 2210 465 2244 dicens
476 2211 525 2253 quod
536 2210 566 2243 illa
576 2215 629 2243 nocte
640 2209 669 2243 bis
679 2216 756 2254 propter

54 2263 115 2307 ipsum
125 2263 212 2296 nuncium
223 2263 310 2305 misisset,
318 2264 378 2297 media
389 2269 442 2297 nocte
453 2268 471 2296 et
482 2267 525 2295 ante
536 2271 632 2302 auroram
644 2266 662 2295 et
674 2261 755 2297 habitum
764 2276 785 2304 4⁰

54 2315 125 2350 iuuenis
136 2321 154 2350 et
164 2317 220 2350 verba
231 2326 254 2349 ex
263 2316 327 2349 ordine
335 2315 438 2360 descripsit,
446 2320 464 2349 et
472 2313 565 2349 subiunxit
573 2326 577 2348 :
588 2313 672 2348 ¹Reuera
680 2321 756 2359 propter

53 2380 83 2403 me
95 2369 192 2403 clementia
204 2367 233 2402 dei
244 2369 301 2404 voluit
312 2368 346 2403 ista
358 2368 474 2413 contingere.¹
520 2358 621 2410 Postquam
633 2365 693 2401 locum
705 2367 755 2403 illum

54 2421 155 2457 inhabitare
167 2422 220 2466 cepit,
228 2422 287 2457 tribus
298 2427 369 2457 tantum
380 2421 451 2457 vicibus
462 2421 509 2455 fines
520 2419 569 2454 illius
581 2420 642 2454 exiuit.
688 2413 757 2456 Frater

73 2527 111 2558 Ἠ.
120 2527 205 2564 audiretur,
213 2531 234 2558 et.
274 2528 321 2558 ²om.
329 2528 345 2558 in
353 2527 371 2558 T.
411 2525 541 2564 ³sc.Reginald.
584 2525 744 2557 'Exesteiuueuis
