1762 2803
102 131 104 137 ¹
133 129 179 173 430
326 115 406 169 utut
421 112 538 176 terente
553 112 646 177 unalia.

134 237 225 272 brandum
240 235 325 280 scripsit?
355 235 442 279 Nunquid
461 235 644 270 reuerentissimum¹
662 241 734 279 patrem
753 240 837 270 nostrum

136 289 244 325 Columbam
256 294 274 324 et
285 298 403 323 successores
414 289 455 322 eius
466 288 516 323 viros
528 289 562 323 deo
574 289 655 332 dilectos,
663 289 694 333 qui
706 289 771 324 eodem
783 289 837 323 modo

135 343 204 389 pascha
214 344 302 385 fecerunt,
310 341 377 376 diuinis
389 341 461 386 paginis
473 342 563 377 contraria
575 341 665 386 sapuisse,
673 342 703 376 vel
715 341 786 386 egisse²
798 352 838 376 cre-

135 398 217 431 dendum
228 401 268 432 est:
285 406 327 430 cum
338 394 413 440 plurimi
424 395 491 429 suerint
502 396 521 429 in
533 396 560 430 eis
572 406 649 440 quorum
661 394 751 430 sanctitati
763 395 838 431 celestia

118 451 188 495 isigna
201 455 218 483 et
230 450 316 483 virtutum
330 460 366 493 que
379 449 461 483 fecerunt
476 449 563 483 miracula
575 448 700 484 testimonium
712 450 838 493 prebuerunt?

136 504 187 544 Quos
195 502 235 545 ipse
243 508 316 536 sanctos
324 513 367 535 esse
377 512 415 535 non
425 502 516 544 dubitans,
524 512 599 546 semper
607 512 671 535 eorum
678 503 740 544 vitam,
748 512 809 535 mores
820 506 839 534 et

135 554 250 598 disciplinam
265 553 318 598 sequi
337 565 374 587 non
393 554 473 588 desisto!
500 553 597 588 Wilsridus
614 554 649 589 ait:
667 554 758 597 ‘Constat,
774 555 838 599 inquit,

135 608 253 643 Anathoiium
259 607 318 642 virum
327 607 606 651 sanctissimum,doctissimum,
612 602 694 642 ac‘laude
703 618 744 642 esse
752 607 838 652 dignissi-

135 671 197 704 mum;
209 662 244 695 sed
251 661 295 706 quid
302 661 355 696 vobis
365 671 407 694 cum
417 661 453 703 illo,
462 671 503 694 cum
514 671 549 694 nec
559 659 599 695 eius
609 660 682 694 decreta
692 661 782 695 seruetisi
805 660 838 695 lile

108 726 126 748 10
135 714 211 750 enimin
220 716 289 759 pascha
296 725 335 758 suc,
341 715 423 758 regulam
429 713 492 758 vtique
499 712 580 749 veritatis
589 724 674 757 sequens,
680 714 767 748 circulum
773 714 837 749 decem

136 774 154 802 et
166 779 233 802 nouem
241 779 331 801 annorum
341 768 408 811 posuit,
416 778 471 810 quem
478 778 512 800 vos
522 772 553 800 aut
562 766 653 809 ignoratis,
664 772 694 800 aut
705 767 787 810 agnitum
798 773 816 801 et
828 778 839 800 a

135 826 173 854 tota
185 820 253 855 Christi
266 820 343 854 ecclesia
356 819 466 854 custoditum
478 828 512 863 pro
526 818 593 854 nichilo
606 818 740 863 contempnitis,
763 818 796 854 ille
812 819 838 854 sic

136 874 155 908 in
169 874 237 918 pascha
251 872 343 908 dominico
358 872 532 917 quartamdecimam
548 872 610 906 lunam
625 871 741 916 computauit,
757 877 776 908 vt
791 871 838 907 hanc

136 929 202 961 eadem
220 927 261 970 ipsa
280 927 310 960 die
329 936 381 960 more
401 924 516 969 Egiptiorum
539 924 713 968 quintamdecimam
734 925 796 959 lunam
815 926 838 959 ad

110 986 127 1018 15
136 989 233 1024 vesperam
242 990 283 1014 esse
291 978 384 1013 fateretur.
406 977 437 1012 Sic
445 976 511 1011 iterum
519 976 625 1011 vicesimam
633 977 663 1011 die
671 977 761 1012 dominico
769 978 838 1022 pasche

136 1032 234 1074 annotauit,
241 1038 261 1073 vt
272 1031 362 1066 declinata
373 1032 438 1065 eadem
451 1032 481 1065 die
492 1041 535 1065 esse
545 1031 651 1065 vicesimam
661 1031 739 1075 primam
750 1033 838 1067 crederet.

136 1085 193 1119 Cuius
204 1085 286 1128 regulam
297 1083 418 1119 distinctionis
425 1083 469 1119 vos³
477 1084 573 1128 ignorasse
581 1083 663 1128 probam,
671 1085 719 1129 quod
728 1084 838 1130 aliquotiens

136 1138 204 1182 pascha
215 1137 364 1172 manifestissime
375 1143 417 1172 ante.
429 1137 555 1182 plenilunium,
563 1138 582 1171 id
593 1143 622 1172 est
632 1139 651 1171 in
661 1138 786 1174 tertiadecima
796 1140 839 1174 luna

136 1191 200 1225 facitis.
222 1191 251 1224 De
259 1197 311 1236 patre
319 1197 380 1224 autem
388 1197 450 1225 vestro
459 1191 548 1224 Columba
558 1196 576 1225 et
588 1191 697 1235 sequacibus
707 1192 751 1234 eius,
760 1202 838 1236 quorum

109 1257 127 1279 ao
136 1244 249 1278 sanctitatem
262 1254 296 1279 vos
310 1244 383 1286 imitari,
396 1248 415 1277 et
429 1244 513 1287 regulam
527 1254 549 1277 ac
563 1248 651 1288 precepta
666 1244 765 1279 celestibus
780 1245 839 1289 signis

137 1297 245 1330 confirmata
263 1296 315 1340 sequi
331 1296 436 1341 perhibetis,
454 1295 542 1339 posseml
557 1296 670 1339 respondere
686 1297 728 1340 quia
743 1298 804 1332 multis
819 1298 838 1331 in

136 1347 199 1383 iuditio
213 1348 316 1383 dicentibus
329 1348 403 1382 domino
415 1349 464 1392 quod
475 1348 495 1381 in
506 1347 581 1381 nomine
592 1348 632 1382 eius
644 1349 811 1393 prophetauerunt⁶
821 1355 839 1385 et

136 1401 225 1437 demonia.
240 1402 333 1436 eiecerunt
352 1406 370 1435 et
388 1401 465 1436 virtutes
483 1402 550 1436 multas
569 1400 656 1445 fecerunt,
672 1411 795 1447 responsurus
815 1402 839 1439 sit

136 1455 222 1490 dominus
231 1455 274 1499 quia
285 1465 379 1499 nunquam
391 1466 423 1489 eos
435 1455 512 1490 nouerit.
535 1454 573 1502 Sed
585 1455 633 1488 absit
643 1459 663 1489 vt
674 1455 709 1489 hoc
721 1456 744 1490 de
755 1456 839 1500 patribus

110 1521 128 1551 ²5
136 1508 214 1543 vestris⁷
222 1509 292 1542 dicam:
304 1508 347 1551 quia
356 1507 421 1542 iustius
433 1508 490 1542 multo
502 1512 531 1542 est
542 1508 566 1542 de
575 1507 672 1551 incognitis
679 1508 748 1542 bonum
757 1511 839 1552 credere,

136 1570 192 1605 quam
203 1561 276 1595 malum.
296 1560 350 1594 Vnde
362 1564 381 1593 et
391 1560 432 1594 illos
444 1559 473 1594 dei
486 1559 564 1594 famulos
577 1570 598 1593 ac
610 1560 645 1594 deo
657 1560 733 1596 dilectos
746 1572 788 1596 esse
800 1573 838 1596 non

136 1625 190 1658 nego,
204 1613 235 1658 qui
247 1613 363 1657 simplicitate
377 1612 444 1646 rustica
457 1611 487 1646 et8
499 1611 601 1646 intentione
616 1612 646 1657 pia
661 1614 716 1647 deum
729 1614 839 1651 dilexerunt.

137 1668 202 1712 Neque
209 1667 245 1700 illis
253 1667 330 1700 multum
338 1668 405 1700 obesse
413 1677 456 1700 reor
464 1666 519 1700 talem
527 1666 595 1709 pasche
603 1666 745 1710 obseruantiam,
751 1669 838 1712 quamdiu

136 1721 199 1755 nullus
211 1720 313 1754 aduenerat
326 1720 357 1764 qui
369 1719 396 1754 eis
409 1718 486 1754 instituti
498 1719 613 1763 perfectioris
628 1720 708 1761 decreta,
722 1731 758 1764 que
773 1732 839 1765 seque·

109 1785 129 1815 30
136 1779 205 1815 rentur,
213 1773 330 1807 ostenderet:
345 1783 390 1816 quos
397 1772 460 1815 vtique
471 1773 532 1813 credo,
540 1772 556 1805 si
567 1771 597 1814 qui
606 1778 649 1805 tunc
661 1773 684 1805 ad
695 1783 728 1806 eos
739 1774 839 1807 catholicus

136 1825 233 1860 calculator
240 1824 352 1867 aduenisset,
361 1825 387 1858 sic
397 1824 437 1858 eius
448 1824 516 1858 monita
526 1823 583 1858 luisse
594 1829 709 1868 sequuturos,
717 1826 808 1869 quomodo
817 1837 838 1860 ea

136 1871 171 1923 que
179 1883 268 1913 nouerant
276 1889 297 1912 ac
305 1877 405 1912 didicerant
413 1877 443 1912 dci
451 1878 537 1912 mandata
545 1877 646 1921 probantur
650 1877 708 1912 fuisse
717 1879 794 1922 sequuti.
810 1879 838 1913 Tu

135 1937 197 1966 autem
204 1936 222 1965 et
230 1931 275 1965 socii
282 1931 314 1974 tui,
322 1931 338 1964 si
346 1931 408 1965 audita
415 1931 489 1965 decreta
496 1930 547 1965 sedis
555 1931 659 1975 apostolice,
665 1930 722 1965 immo
729 1932 838 1967 uniuersalis

136 1986 218 2027 ecclesie,
234 1990 252 2019 et
267 1985 301 2019 hec
320 1985 386 2019 litteris
404 1984 491 2028 scriptis⁹
506 1985 617 2025 confirmata,
632 1985 685 2028 sequi
703 1986 838 2030 contempnitis,

109 2050 127 2079 55
136 2039 205 2083 absque
216 2038 252 2072 vlla
263 2038 356 2072 dubietate
367 2038 452 2082 peccatis.
475 2037 514 2071 Etsi
525 2043 587 2081 patres
598 2037 624 2071 tui
635 2039 693 2073 sancti
703 2038 781 2081 fuerunt,
791 2048 839 2073 nun·

136 2092 179 2135 quid
193 2090 293 2125 uniuersali
312 2101 348 2134 que
367 2100 401 2134 per
419 2091 483 2125 orbem
503 2095 531 2125 est
547 2089 624 2125 ecclesie
641 2090 715 2132 Christi,
730 2101 794 2125 eorum
808 2095 838 2125 est

135 2143 217 2190 paucitas
224 2154 261 2178 vno
269 2144 292 2178 de
303 2142 370 2187 angulo
378 2148 461 2179 extreme
472 2143 531 2179 insule
541 2142 651 2188 preferenda
656 2142 681 2178 ¹⁰?
704 2142 727 2178 Et
735 2144 751 2178 si
762 2150 838 2179 sanctus

136 2203 175 2231 erat
190 2208 211 2231 ac
226 2202 292 2241 potens
304 2196 402 2232 virtutibus
414 2196 444 2230 iile
457 2197 547 2231 Columba
560 2202 628 2238 vester,
641 2197 697 2231 immo
713 2202 731 2231 et
745 2202 808 2232 noster
822 2198 838 2231 si

137 2249 204 2284 Christi
212 2255 256 2293 erat,
264 2261 308 2283 num
316 2249 394 2294 preferri
401 2249 460 2294 potuit
467 2249 574 2284 beatissimo
582 2250 705 2294 apostolorum
716 2250 800 2296 principi,
809 2251 837 2286 cui

108 2315 128 2344 40
137 2302 222 2337 dominus
227 2303 251 2335 ait
260 2304 269 2321 “
276 2303 304 2335 Tu
311 2313 332 2335 es
338 2303 350 2321 ¹¹
358 2302 423 2335 Petrus
430 2307 448 2336 et
455 2313 511 2345 super
517 2303 564 2335 hanc
570 2307 641 2345 petram
647 2302 734 2336 edificabo
741 2304 838 2337 ecclesiam

136 2365 197 2390 meam
211 2360 229 2388 et
242 2359 294 2398 porte
307 2353 360 2387 inseri
376 2365 413 2388 non
425 2355 547 2399 preualebunt
561 2355 651 2389 aduersus
663 2365 704 2389 eam
715 2361 734 2390 et
745 2356 777 2390 tibi
791 2357 838 2391 dabo

136 2411 198 2444 claues
204 2410 256 2452 regni
261 2409 342 2442 celorum
349 2409 378 2442 i'l’
397 2407 438 2443 Hec
445 2407 639 2453 peroranteWilfrido,
644 2408 689 2443 dixit
695 2418 729 2445 rex
736 2421 740 2446 ι
749 2410 838 2453 ‘Verene,

156 2488 160 2506 ¹
172 2486 189 2517 T.
199 2485 353 2516 reuerendissimum.
393 2485 400 2504 ²
410 2485 427 2516 T.
435 2485 452 2515 E.
460 2485 524 2523 legisse.
565 2485 570 2503 ³
582 2485 599 2515 E.
607 2495 641 2517 nos.
687 2486 693 2504 ⁴
704 2487 722 2517 T.
730 2487 748 2518 E.
756 2487 836 2526 probatur.

137 2526 269 2564 ⁵T.E.p0ssim.
311 2524 489 2563 “atprophetauerint
530 2524 637 2557 ⁷E.nostris.
677 2525 713 2558 lul.
721 2531 752 2558 set.
800 2527 838 2558 'al

136 2568 189 2596 sacris.
229 2566 242 2583 ¹⁰
252 2566 269 2595 E.
278 2565 376 2602 perferenda.
418 2566 429 2582 ¹¹
440 2565 458 2594 E.
466 2569 495 2594 est.
