1762 2803
257 114 303 170 mc
318 112 418 166 sancto
432 114 538 172 rutam.
707 116 752 170 465

51 234 137 281 gaudium
153 235 187 269 hec
203 234 284 270 carmina
303 234 407 270 dulcisona¹
422 235 535 270 auscultare!
559 234 582 268 Et
597 233 684 278 angelus:
702 233 752 268 ‘Hoc

51 288 120 323 auditu·
129 299 164 322 nos
177 299 211 333 pro
225 287 325 322 ministerio
341 287 484 332 dispensationis
496 288 576 323 humane
589 298 635 332 sepe
646 287 753 332 priuamm,

52 346 70 376 et
83 342 131 385 quod
147 352 182 375 nos
197 341 325 375 annunciando
340 341 450 382 laboramus,
465 341 556 385 dissipant
571 340 657 375 demonia
674 340 754 375 humana

52 395 187 436 corrumpendo
201 394 262 427 corda.
285 393 307 426 In
320 393 355 427 hoc
368 393 431 427 celesti
446 404 504 437 regno
518 394 568 427 nulla
580 403 661 437 unquam
676 393 754 432 tristitia,

52 445 87 479 nisi
99 446 122 479 de
134 446 229 479 hominum
241 445 350 490 perditione,
361 444 401 478 fieri
412 447 484 489 potest.’
506 446 558 480 Tunc
566 445 611 480 vidit
622 446 669 479 duos
681 450 771 483 sanctos5

52 499 150 547 episcopos
169 498 217 533 illius
236 498 328 543 prouintie
343 498 362 532 in
381 507 417 542 qua
436 498 470 532 hec
484 498 534 540 vidit,
550 498 618 533 dudum
637 498 661 533 ad
679 497 754 533 celestia

52 552 154 593 translatos,
161 551 243 585 Beanum
252 551 320 588 scilicet
328 557 346 585 et
356 551 466 592 lleldanum,
473 551 554 595 angelica
562 551 620 586 forma
628 552 722 586 radiantes
729 553 753 586 ad

53 616 73 638 se
81 605 156 639 venire:
169 604 200 649 qui
213 615 254 639 cum
266 615 288 638 eo
298 603 411 638 familiariter
418 604 520 648 loquentes
528 609 547 638 vt
557 604 580 638 ad
591 605 673 638 seculum
686 604 754 639 rediret

52 656 161 702 precipiunt.
184 657 207 691 Et
219 668 314 691 cumeum
325 656 401 691 tristicia
412 657 503 701 repletum
514 662 590 701 propter
601 668 654 692 suum
667 658 754 692 nuncium

52 715 70 745 et
78 711 141 745 dolore
152 722 189 745 non
200 710 271 745 modico
283 710 416 754 conspicerent,
427 709 523 745 dixerunt:
536 711 594 752 ‘Quid
606 711 672 745 times?
694 710 754 745 Vnius
764 720 782 741 ιο

53 763 89 797 diei
97 763 132 798 iter
140 769 173 805 est,
182 774 217 808 quo
225 764 340 797 laboraturus
350 773 376 797 es.
400 763 500 796 Predicans
511 773 555 806 ergo
567 763 651 798 omnibus
663 764 754 798 annuncia

53 816 95 859 quia
102 816 121 850 in
130 816 214 859 proximo
222 822 251 851 cst
258 816 348 851 vindicta!
371 816 498 859 interrogante
509 821 570 849 autem
580 816 649 850 Furseo
658 817 681 850 de
691 818 755 850 mundi

53 868 96 908 fine,
109 869 245 912 responderunt
260 869 316 902 finem
332 873 415 901 creature
428 867 464 901 ianr
476 872 519 901 tunc
531 878 568 900 non
580 878 628 908 esse,
640 869 725 912 quamuis
736 868 754 902 in

53 919 138 964 proximo
157 920 191 963 sit3
211 921 244 954 sed
263 919 317 953 farnis
336 926 354 954 et
373 919 488 954 mortalitatis
509 919 569 965 plagis
589 930 631 954 esse
650 923 754 956 vexandum

54 974 154 1008 humanum
173 984 238 1018 genus.
261 974 295 1007 ‘Et
313 973 398 1017 quamuis
418 972 524 1007 hominibus
543 972 605 1007 diuina
625 973 693 1008 monita
711 985 755 1009 con·
765 988 783 1018 ¹5

53 1027 191 1070 tempnentibus
199 1026 275 1070 superni
283 1026 348 1061 iudicis
356 1025 382 1060 ira
390 1025 426 1060 iam
437 1026 526 1069 imminet,
534 1026 615 1061 maxime
625 1032 687 1062 tamen
700 1038 757 1072 super

54 1080 138 1113 doctores
154 1080 236 1120 ecclesie,
252 1085 270 1113 et
285 1079 379 1123 principes
394 1079 445 1112 furor
458 1078 506 1112 illius
521 1079 649 1113 excandescit:
666 1079 708 1124 quia
722 1091 757 1124 per

54 1137 131 1175 quatuor
143 1143 174 1167 res
187 1132 268 1167 maxime
282 1132 343 1166 anime
358 1132 439 1166 fidelium
453 1132 566 1176 depereunt:
579 1132 615 1166 Per
626 1132 681 1167 huius
692 1134 755 1168 mundi

54 1185 161 1219 illecebrosa
174 1185 222 1227 vitia,
235 1196 269 1229 per
282 1184 419 1229 suggestionem
434 1184 506 1223 diaboli,
521 1195 555 1228 per
570 1185 681 1229 prelatorum
698 1187 756 1230 negli-

54 1237 140 1279 gentiam,
152 1249 186 1280 per
198 1238 302 1280 iniquorum
314 1237 417 1281 principum
430 1237 516 1281 exempla
530 1248 587 1280 praua
601 1238 641 1271 siue
655 1239 755 1273 doctorum.
766 1250 785 1271 ro

55 1289 145 1323 Doctores
155 1300 235 1334 namque
245 1289 322 1323 ecclesie
330 1295 348 1322 et
356 1295 441 1330 rectores,
449 1289 483 1322 viri
493 1289 563 1323 dimidii
574 1290 636 1334 operis
647 1296 701 1325 sunt:
713 1291 756 1335 quia

54 1352 89 1386 per
106 1342 236 1385 omnipotentis
253 1342 282 1376 dei
299 1341 443 1376 misericordiam
461 1341 492 1375 alii
510 1342 599 1385 largitatis
617 1342 694 1386 gratiam
713 1349 756 1378 sunt

55 1395 122 1439 adepti,
138 1396 171 1429 sed
189 1395 250 1429 carnis
269 1394 401 1428 incontinentia
415 1400 458 1429 sunt
474 1394 551 1428 lubrici:
566 1395 603 1428 Alii
619 1407 664 1429 vero
680 1407 756 1441 corpore

55 1448 130 1493 quidem
142 1448 223 1483 castitate
235 1447 309 1493 pollent,
319 1448 351 1482 sed
364 1447 433 1482 estibus
445 1448 520 1483 auaritie
530 1448 610 1484 anelant.
632 1449 670 1484 Alii
680 1450 757 1495 gratiam

56 1501 124 1535 habent
137 1501 221 1543 lenitatis,
235 1502 268 1535 sed
282 1512 359 1535 rancore
374 1501 430 1535 animi
442 1508 484 1536 sunt
496 1502 635 1545 pusillanimes:
647 1502 684 1537 Alii
696 1510 756 1538 autem
766 1513 785 1544 25

56 1565 93 1589 non
107 1556 220 1591 recordando
233 1554 309 1589 iniurias
325 1566 374 1595 suas,
386 1554 421 1588 cito
432 1554 534 1598 ignoscunt,
545 1555 578 1589 sed
590 1555 651 1590 minus
662 1567 694 1591 cor
705 1564 758 1593 caute

57 1607 181 1649 custodiendo,
189 1608 279 1652 citiusque
286 1608 388 1651 irascendo,
396 1608 446 1642 rixas
456 1614 562 1652 prouocant.
585 1608 650 1651 Quod²
659 1621 703 1655 ergo
713 1611 759 1646 deus

56 1661 134 1704 singulis
142 1662 236 1704 largiendo
246 1662 326 1702 donauit,
332 1662 384 1705 quasi
391 1662 467 1704 proprio
475 1662 538 1695 labore
545 1662 640 1705 acquisitis
647 1662 759 1706 gloriantur:

56 1713 105 1748 Vitia
113 1725 158 1748 vero
168 1725 204 1757 que
216 1725 249 1747 eos
260 1713 369 1758 impugnant
381 1719 399 1747 et
410 1714 515 1755 deuincunt,
526 1715 581 1749 corde
590 1714 640 1759 vigili
652 1720 670 1749 et
681 1726 758 1759 operum

56 1768 145 1800 bonorum
158 1766 243 1799 instantia
254 1766 329 1799 vincere
341 1767 440 1810 negligunt.
464 1766 550 1809 Nonnulli
560 1776 609 1808 vero,
619 1767 693 1803 omissis
704 1767 758 1812 spiri·
767 1778 787 1807 30

56 1820 123 1853 talibus
143 1819 209 1863 quibus
229 1818 361 1863 impugnantur
382 1818 436 1859 vitiis,
454 1829 521 1863 corpus
541 1819 651 1854 abstinentia
671 1820 759 1865 affligunt,

56 1878 192 1916 nocturnasque
203 1871 298 1906 illusiones
309 1871 338 1905 vel
352 1872 400 1905 leuia
411 1883 484 1916 queque
496 1872 547 1915 quasi
559 1872 622 1915 grauia
633 1872 759 1908 existimantes

57 1925 128 1965 delicta,
147 1925 254 1969 superbiam
271 1934 322 1964 vero,
337 1934 373 1968 que
393 1924 469 1969 angelos
483 1924 507 1958 de
522 1925 562 1958 celo
577 1924 635 1965 eiecit,
649 1936 684 1971 pro
702 1925 760 1961 nihilo

57 1984 152 2023 reputant;
171 1978 271 2018 auaritiam,
285 1989 320 2021 que
336 1978 429 2011 hominem
445 1978 524 2022 primum
542 1979 565 2012 de
581 1978 666 2022 paradiso
683 1980 759 2024 expulit,

57 2042 94 2064 non
108 2036 229 2070 execrantur;
245 2030 339 2072 inuidiam,
351 2041 385 2074 per
398 2041 453 2074 quarn
466 2030 514 2063 Abel
527 2030 620 2073 occiditur,
632 2031 698 2065 salsum
710 2033 758 2066 testi·
768 2042 786 2073 35

57 2084 145 2125 monium,
161 2094 195 2127 per
211 2084 260 2127 quod
275 2083 355 2118 saluatur
370 2084 479 2128 dampnatus
495 2088 528 2123 est,
544 2094 581 2116 non
596 2084 719 2119 considerant.
741 2086 759 2120 Α

57 2137 103 2172 cibis
111 2148 157 2180 quos
166 2137 211 2171 deus
219 2148 261 2170 cum
269 2136 368 2179 gratiarum
376 2136 447 2170 actione
457 2137 556 2170 sumendos
564 2137 632 2169 creauit
640 2139 760 2177 abstinentes,

58 2188 170 2233 superbiam,
182 2187 283 2228 auaritiam,
295 2187 383 2221 inuidiam
395 2193 413 2221 et
424 2194 485 2221 cetera
495 2186 539 2221 vitia
550 2187 602 2232 quasi
614 2187 662 2223 licita
673 2197 759 2225 sumunt:

58 2242 111 2283 Que³
123 2252 168 2275 vero
182 2241 282 2275 leuiora-in
297 2241 361 2275 iuditio
372 2241 402 2275 dei
414 2241 500 2282 existunt,
512 2240 586 2285 grauius
599 2241 684 2284 iudicant,
697 2242 760 2287 grauia

58 2294 110 2338 quasi
120 2294 190 2328 leuiora
202 2300 314 2337 reputantes.
338 2295 379 2328 Non
393 2294 437 2328 satis
449 2300 478 2328 est
488 2305 555 2338 corpus
564 2294 650 2338 affligere,
661 2295 677 2328 si
687 2297 760 2331 animus
768 2309 789 2338 40

58 2358 69 2380 a
82 2347 151 2381 malitia
166 2353 184 2381 et
200 2346 280 2391 nequitia
296 2358 332 2381 non
351 2352 428 2381 curatur.
451 2347 541 2381 Doctores
554 2346 631 2381 ecclesie
646 2352 664 2382 et
679 2355 761 2385 rectores

57 2401 128 2435 ulmum
145 2411 179 2446 pro
190 2400 232 2442 vite,
249 2405 267 2435 et
282 2400 344 2435 alnum
360 2411 394 2444 pro
410 2399 458 2435 oliua
474 2410 510 2434 non
526 2400 615 2443 plantent,
626 2400 661 2435 hoc
673 2407 707 2444 est,
719 2402 761 2447 plus

58 2458 153 2486 terrenum
168 2459 186 2486 et
199 2452 333 2486 infructuosum
349 2454 431 2485 laborem
445 2453 521 2496 diligant
532 2463 588 2496 quam
599 2454 713 2497 charitatem,
725 2466 761 2499 quc

59 2506 141 2541 omniurn
153 2506 205 2540 radix
217 2510 234 2540 et
246 2506 319 2540 culmen
333 2506 422 2541 bonorum
435 2515 512 2550 operum
522 2516 559 2541 non
570 2505 670 2551 ignoratur.
693 2507 762 2544 Contra

119 2575 124 2593 ¹
134 2575 152 2606 T.
161 2575 256 2612 dulcissona,
264 2575 283 2605 at
291 2585 321 2605 orn.
430 2574 436 2591 ²
447 2585 459 2604 r.
466 2575 507 2611 Que.
616 2577 622 2593 ³
633 2576 651 2606 E,
659 2577 701 2614 Quo.

394 2624 427 2657 nh
