1762 2803
107 121 162 174 '71⁶
375 114 501 176 adimit·
518 115 564 163 Ill.

117 240 174 273 Nocte
182 249 222 272 uero
232 238 361 282 sequenti-cum
369 239 467 285 sepedictus
477 239 529 273 frater
539 238 571 273 uiri
579 238 634 273 sancti
644 237 751 272 custodiam¹
759 236 822 281 uigiliis

117 288 220 332 indulgeret,
227 299 262 322 non
270 288 308 322 sine
319 298 383 331 magno
393 294 461 332 stupore
469 288 557 332 conspexit
565 289 612 332 quod
623 300 633 322 a
641 288 698 323 media
708 295 759 323 nocte
768 300 823 333 usque

118 340 140 373 ad
146 349 225 373 auroram
232 345 286 371 totam
295 339 365 372 domurn
373 334 438 372 candor
445 339 487 372 lucis
494 339 614 372 inestimabilis
620 339 735 372 circumfulsit
751 339 823 373 Oriente

118 400 159 422 uero
171 388 212 430 sole,
220 384 292 421 dilectus
304 388 338 421 deo·
349 384 444 422 Guthlacus
456 389 526 422 fratrem
537 389 585 423 illum
596 389 689 448 aduocans,
701 387 766 431 ‘Fili
762 388 822 434 inquit,

100 443 184 483 5tempus
200 445 226 473 est
241 445 260 473 ut
274 434 298 473 ad
312 439 400 473 Christum
414 445 507 481 transeam,
521 446 538 474 et
552 446 570 474 tu
585 440 657 482 arripias
672 440 705 472 iter
719 440 776 474 tuum.¹
798 441 823 474 Et

117 491 211 524 extendens
220 495 282 523 manus·
292 490 315 523 ad
326 490 385 530 altare,
393 500 443 524 sacra
454 501 473 524 se
483 490 603 524 communione
613 490 693 531 muniuit,
705 490 794 534 oculisque
801 502 823 525 ae

118 541 197 575 manibus
212 534 303 574 eleuatis'
299 551 316 574 1n
331 541 393 582 celum,
408 539 532 574 obdormiuit
527 552 545 574 m
564 540 638 574 Christo.
660 541 705 574 Vere
723 551 770 574 mors
786 541 822 575 eius

117 591 198 624 dormitio
213 596 245 632 est,
260 601 378 634 sompnusque
392 590 510 633 breuissimus,
526 602 559 634 quo
574 592 597 625 ad
612 591 725 625 hereditatem
741 591 823 625 transitur

117 647 199 682 eternam,
208 638 252 674 sicut
264 641 393 687 scriptumest:
406 641 411 659 ‘
417 642 460 674 Cur‘n
471 641 537 674 dederit
548 641 615 675 dilectis
627 641 663 676 suis
675 652 771 684 sompnum,
782 652 823 675 ecce

91 702 110 726 10
118 691 205 726 hereditas
221 690 296 726 domini?
322 693 371 726 Mors
386 691 466 735 equidem
481 692 515 725 ista
529 702 560 733 per
575 702 627 735 quam
642 692 749 726 introductus
764 698 789 727 est
804 693 822 726 in

118 743 200 786 gaudium
208 742 273 777 domini
281 742 312 784 sui,
320 749 388 776 nonest
396 754 448 783 mors,
456 743 487 775 sed
495 749 554 784 portus
562 742 622 775 mortis
630 748 647 776 et
655 749 704 785 porta
712 743 752 777 uite.
775 744 823 777 Nam

118 794 152 827 etsi
162 794 210 827 uisus
222 792 244 826 sit
255 788 309 826 oculis
321 792 439 836 insipiencium
450 792 499 833 mori,
510 803 556 825 mors
568 797 626 826 tamen
638 802 677 826 eum
688 803 723 826 non
734 792 823 827 absorbuit

118 854 151 876 nec
160 843 206 884 uicit,
215 845 246 876 sed
255 844 333 876 ‘absorta
344 848 369 875 est
380 847 427 875 mors
439 842 457 875 in
468 841 549 876 uictoria.¹
572 842 620 875 Abiit
628 852 675 884 ergo,
683 852 718 875 non
726 841 769 875 obiit
774 853 778 880 ;
790 853 823 876 nec

119 893 194 925 extincta
205 898 232 924 est
246 893 278 925 hee
291 893 365 932 lucerna,
378 892 409 925 sed
421 891 528 925 eminencius
541 892 633 924 constituta
646 897 677 931 est,
691 897 709 924 ut
721 891 822 925 luminosius

93 955 110 985 15
119 943 174 975 luceat
185 941 265 975 omnibus
276 940 305 1000 qui
317 940 334 975 in
346 942 397 974 domo
409 947 453 974 sunt.
477 941 529 975 Cuius
541 940 649 975 natiuitatem
660 941 728 976 celestis
741 943 823 985 splendor

118 992 257 1035 presignauerat:
281 993 317 1026 eius
335 992 388 1025 etiam
403 992 495 1025 transitum
512 992 579 1026 celestis
594 991 637 1026 lucis
652 991 754 1026 inmensitas
768 992 822 1034 glorie

118 1042 201 1076 illustrat:
216 1053 257 1074 narn
268 1053 308 1075 curn
320 1042 360 1075 sol'
356 1053 391 1075 ram
404 1048 450 1076 esset
465 1043 482 1075 in
494 1042 557 1075 uirtute
570 1053 606 1095 sua,
620 1042 708 1084 radiisque
722 1042 822 1075 meridianis

118 1093 236 1126 uehementius
245 1098 324 1131 estuaret,
332 1093 384 1126 frater
392 1092 420 1125 ille
428 1101 479 1134 quem
490 1096 531 1133 sepe
543 1082 622 1132 diximus,
630 1092 678 1134 quasi
687 1091 746 1125 turrim
753 1091 822 1134 igneam

118 1153 129 1175 a
137 1148 182 1176 terra
192 1152 247 1186 usque
257 1143 275 1176 in
284 1143 340 1177 celum
350 1148 425 1177 erectam
437 1141 524 1185 prospicit,
532 1143 580 1177 euius
591 1148 640 1176 tanta
649 1139 697 1176 clarit
691 1148 717 1177 tas
728 1149 765 1176 erat
775 1143 822 1186 quod

91 1203 110 1225 ao
119 1193 136 1227 in
151 1194 280 1236 comparatione
295 1193 339 1227 illius
355 1193 416 1227 solaris
431 1193 512 1236 splendor
527 1190 566 1227 luce
584 1193 613 1226 illa
629 1193 698 1227 inferior
712 1195 822 1236 pallescehat.

119 1245 219 1277 Beccelmus
230 1254 272 1286 ergo
283 1237 389 1277 intolerabili
397 1244 458 1277 timore
469 1248 557 1287 correptus
569 1244 641 1286 fugiens,
648 1243 745 1277 nauiculam
756 1244 821 1286 arripit,

119 1300 136 1327 et
151 1295 175 1328 ad
190 1299 268 1327 sanctam
284 1293 347 1327 Christi
363 1294 447 1336 uirginem
462 1305 539 1327 sororem
553 1294 601 1327 beati
616 1294 697 1326 Guthlaci
712 1293 822 1327 festinancius

118 1344 178 1377 tendit.
201 1344 229 1377 Eo
240 1353 281 1385 crgo
293 1344 377 1377 referente
389 1349 454 1385 quanta
465 1350 481 1376 et
493 1347 550 1386 quam·
556 1343 659 1375 miraculosa
670 1343 716 1376 circa
726 1342 782 1376 uirum
793 1344 821 1377 dei

119 1392 206 1427 uiuentem
214 1392 250 1427 siue
258 1393 358 1427 morientem
366 1393 443 1428 uiderat:
456 1393 509 1436 uirgo,
517 1393 557 1427 licet
568 1391 696 1436 sapientissima
706 1400 757 1435 esset,
765 1393 822 1436 primo

92 1456 110 1487 ²5
119 1445 205 1477 naturales
213 1444 284 1478 affectus
292 1444 373 1478 cohihere
381 1455 416 1478 non
424 1444 485 1487 potuit,
493 1445 524 1478 sed
531 1444 586 1478 funeri
593 1445 668 1477 fraterno
676 1442 756 1478 lacrimas
764 1444 822 1487 debite

120 1494 188 1536 pietatis
204 1494 279 1528 indulsit.
311 1496 370 1528 Sciens
386 1502 444 1528 autern
458 1494 499 1538 quia
514 1504 549 1528 non
564 1495 594 1527 diu
611 1494 673 1528 debeat
688 1493 784 1528 contristari
799 1495 822 1528 de

120 1545 215 1578 dormiente
226 1544 270 1577 sicut
280 1550 297 1577 et
308 1545 332 1577 illi
341 1545 370 1587 qui
380 1555 429 1588 spem
439 1555 474 1577 non
484 1545 595 1585 habentsdeu
607 1544 674 1586 gracias
684 1544 724 1585 egit,
731 1544 822 1586 fratrisque

120 1594 195 1627 animam
207 1594 240 1627 deo
252 1595 380 1635 commendans,
391 1599 410 1628 se
424 1594 476 1628 etiarn
487 1594 541 1637 ipsius
552 1594 619 1628 meritis
632 1593 764 1628 commendauit.
787 1594 822 1628 Die

119 1654 161 1676 uero
169 1650 243 1686 postera,
251 1644 295 1677 sicut
303 1655 314 1676 a
320 1644 372 1678 fratre
379 1655 411 1677 suo
418 1644 436 1677 in
443 1643 529 1677 mandatis
537 1649 632 1687 acceperat,
637 1644 709 1677 ueniens
716 1643 734 1676 in
742 1643 821 1687 insulam,

92 1709 111 1739 30
120 1694 171 1729 sentit
186 1700 241 1728 totam
256 1695 382 1728 habitationem
398 1694 534 1728 inestimabiliter
552 1705 605 1738 supra
622 1705 691 1728 omnem
707 1695 821 1737 fragranciam

118 1752 219 1786 aromatum,
228 1745 313 1778 suauitate
320 1745 477 1787 incomparabiliter
486 1745 597 1779 redolentem.
619 1744 701 1787 Exequiis
709 1745 760 1786 igitur
768 1745 821 1779 deuo·

118 1795 184 1828 tissime
191 1796 287 1835 celebratis,
292 1806 314 1829 ae
321 1795 366 1830 beati
374 1795 406 1828 uiri
414 1805 485 1837 corpore
492 1795 555 1828 tradito
563 1795 650 1837 sepulture
657 1794 675 1827 in
682 1794 736 1837 ipsius
741 1795 821 1836 oratorio,

118 1845 141 1877 ad
149 1845 218 1888 propria
226 1850 308 1879 remeant.

141 1926 241 1967 QUOMODO
253 1934 275 1959 IN
285 1934 348 1960 ALIUM
359 1934 459 1961 TUMULUM
470 1934 601 1960 TRANSLATUM
613 1934 647 1960 EST
658 1933 733 1961 CORPUS
744 1933 794 1961 EIUS.

158 1990 208 2031 Orro,
215 1988 259 2022 sicut
267 1989 372 2033 dispensatio
380 1990 439 2024 diuina
446 1989 548 2033 prouiderat,
555 1990 584 2024 illa
591 1988 694 2023 uenerabilis
702 1988 751 2031 uirgo
757 1990 820 2023 Christi

179 2039 240 2080 iugiter
255 2040 335 2072 uersabat
350 2040 367 2072 in
382 2040 426 2073 uotis
441 2040 515 2083 qualiter
529 2049 591 2082 corpus
606 2039 712 2073 dilectissimi
725 2039 781 2073 fratris
795 2040 821 2073 sui

118 2094 177 2133 posset
192 2090 210 2122 in
222 2089 256 2122 alio
270 2091 361 2132 sepulchro
372 2101 466 2133 reponere;
483 2095 501 2124 et
513 2090 581 2123 adhoc
593 2089 638 2132 cepit
650 2089 735 2123 continuis
748 2089 821 2123 medita-

119 2141 194 2174 tionibus
206 2140 291 2173 hanelare.
314 2141 357 2174 Erat
368 2147 425 2174 autem
433 2151 489 2174 annus
500 2140 568 2182 elapsus
577 2151 588 2174 a
598 2146 674 2183 ternpore
685 2150 719 2183 quo
731 2139 821 2183 sepelierat

119 2192 189 2224 fratrem
202 2201 258 2223 suum.
284 2191 396 2233 congregatis
410 2192 461 2233 igitur
473 2190 557 2232 religiosis
569 2190 669 2232 presbiteris
681 2190 822 2233 diuersorumque

119 2241 203 2283 graduum
218 2241 339 2274 ecclesiasticis
353 2241 399 2282 uiris,
414 2240 462 2274 uenit
477 2241 494 2274 in
509 2241 589 2274 insulam.
612 2241 725 2283 Sepulchrum
737 2241 821 2282 aperiunt,

91 2308 111 2335 40
119 2297 208 2332 totumque
223 2301 285 2331 corpus
299 2290 385 2332 integrum
401 2296 418 2323 et
433 2291 550 2333 incorruptum
565 2290 663 2330 inueniunt;
684 2289 747 2322 Christi
762 2296 822 2324 autem

118 2341 193 2374 famulus
204 2350 239 2373 non
251 2345 333 2381 mortuus,
341 2340 372 2374 sed
381 2340 452 2374 omnino
461 2340 552 2374 dormienti
560 2339 620 2374 similis
628 2339 723 2373 uidebatur.
746 2341 822 2374 Brachia

119 2402 160 2426 uero
172 2398 189 2426 et
201 2390 249 2433 digiti
261 2390 285 2424 ita
296 2390 341 2424 flecti
351 2396 368 2424 et
378 2390 418 2423 duci
428 2396 512 2433 poterant,
520 2402 541 2423 ac
552 2389 567 2424 si
578 2391 658 2424 humores
666 2391 726 2434 spiritu
734 2392 821 2426 mediante

119 2453 150 2485 per
160 2452 214 2476 uenas
224 2447 338 2482 excurrerent,
349 2441 432 2484 neruique
443 2441 495 2474 nichil
507 2441 524 2473 in
535 2448 590 2475 morte
600 2441 645 2476 beati
656 2442 687 2475 uiri
699 2443 721 2475 de
732 2452 763 2476 sue
774 2442 821 2476 uiua-

119 2493 175 2526 citatis
190 2492 266 2527 efficacia
279 2491 399 2535 perdidissent.
422 2490 486 2525 Omnia
499 2491 675 2526 autem-uestimenta
689 2492 751 2537 quibus
765 2492 821 2528 fuerat

407 2550 413 2568 ¹
424 2551 479 2591 supply
485 2553 541 2591 agensl
