<?xml version="1.0" encoding="UTF-8"?>
<!DOCTYPE html PUBLIC "-//W3C//DTD XHTML 1.0 Transitional//EN"
    "http://www.w3.org/TR/xhtml1/DTD/xhtml1-transitional.dtd">
<html xmlns="http://www.w3.org/1999/xhtml" xml:lang="en" lang="en">
 <head>
  <title>
</title>
<meta http-equiv="Content-Type" content="text/html;charset=utf-8" />
  <meta name='ocr-system' content='tesseract 3.04.00' />
  <meta name='ocr-capabilities' content='ocr_page ocr_carea ocr_par ocr_line ocrx_word'/>
</head>
<body>
  <div class='ocr_page' id='page_1' title='image "./MN5111ucmf_0/MN5111ucmf_0_1254.png"; bbox 0 0 1762 2803; ppageno 0'>
   <div class='ocr_carea' id='block_1_1' title="bbox 128 76 565 138">
    <p class='ocr_par' dir='ltr' id='par_1_1' title="bbox 128 76 565 138">
     <span class='ocr_line' id='line_1_1' title="bbox 128 76 565 138; baseline 0.002 -8"><span class='ocrx_word' id='word_1_1' title='bbox 128 80 172 135; x_wconf 79' lang='lat'>638</span> <span class='ocrx_word' id='word_1_2' title='bbox 391 76 516 138; x_wconf 72' lang='lat' dir='ltr'>appatuit</span> <span class='ocrx_word' id='word_1_3' title='bbox 533 78 565 122; x_wconf 83' lang='lat'>11-</span> 
     </span>
    </p>
   </div>
   <div class='ocr_carea' id='block_1_2' title="bbox 156 150 161 164">
    <p class='ocr_par' dir='ltr' id='par_1_2' title="bbox 156 150 161 164">
     <span class='ocr_line' id='line_1_2' title="bbox 156 150 161 164; baseline 0 0"><span class='ocrx_word' id='word_1_4' title='bbox 156 150 161 164; x_wconf 69' lang='lat' dir='ltr'>t</span> 
     </span>
    </p>
   </div>
   <div class='ocr_carea' id='block_1_3' title="bbox 100 196 832 2342">
    <p class='ocr_par' dir='ltr' id='par_1_3' title="bbox 100 196 832 2342">
     <span class='ocr_line' id='line_1_3' title="bbox 126 196 829 242; baseline 0.004 -11"><span class='ocrx_word' id='word_1_5' title='bbox 126 209 147 232; x_wconf 89' lang='lat' dir='ltr'>eo</span> <span class='ocrx_word' id='word_1_6' title='bbox 159 200 206 242; x_wconf 92' lang='lat' dir='ltr'>quod</span> <span class='ocrx_word' id='word_1_7' title='bbox 217 204 334 232; x_wconf 84' lang='lat' dir='ltr'>antecessores</span> <span class='ocrx_word' id='word_1_8' title='bbox 345 198 371 231; x_wconf 90' lang='lat' dir='ltr'>sui</span> <span class='ocrx_word' id='word_1_9' title='bbox 382 204 459 241; x_wconf 88' lang='lat' dir='ltr'>ternpore</span> <span class='ocrx_word' id='word_1_10' title='bbox 470 199 538 233; x_wconf 88' lang='lat' dir='ltr'>turbate</span> <span class='ocrx_word' id='word_1_11' title='bbox 550 198 598 241; x_wconf 84' lang='lat' dir='ltr'>pacis</span> <span class='ocrx_word' id='word_1_12' title='bbox 609 197 683 232; x_wconf 90' lang='lat' dir='ltr'>violenta</span> <span class='ocrx_word' id='word_1_13' title='bbox 696 196 785 232; x_wconf 88' lang='lat' dir='ltr'>inuasione</span> <span class='ocrx_word' id='word_1_14' title='bbox 798 199 829 234; x_wconf 90' lang='lat' dir='ltr'>sibi</span> 
     </span>
     <span class='ocr_line' id='line_1_4' title="bbox 126 247 830 292; baseline 0.003 -10"><span class='ocrx_word' id='word_1_15' title='bbox 126 255 253 292; x_wconf 64' lang='lat' dir='ltr'>usurpandam,</span> <span class='ocrx_word' id='word_1_16' title='bbox 261 251 284 283; x_wconf 89' lang='lat' dir='ltr'>ad</span> <span class='ocrx_word' id='word_1_17' title='bbox 293 260 323 284; x_wconf 90' lang='lat' dir='ltr'>sue</span> <span class='ocrx_word' id='word_1_18' title='bbox 331 250 381 283; x_wconf 88' lang='lat' dir='ltr'>sortis</span> <span class='ocrx_word' id='word_1_19' title='bbox 390 250 488 292; x_wconf 84' lang='lat' dir='ltr'>porcionem</span> <span class='ocrx_word' id='word_1_20' title='bbox 498 249 571 284; x_wconf 90' lang='lat' dir='ltr'>asseruit</span> <span class='ocrx_word' id='word_1_21' title='bbox 581 248 670 292; x_wconf 88' lang='lat' dir='ltr'>pertinere.</span> <span class='ocrx_word' id='word_1_22' title='bbox 692 248 768 282; x_wconf 85' lang='lat' dir='ltr'>Veniens</span> <span class='ocrx_word' id='word_1_23' title='bbox 779 247 830 291; x_wconf 86' lang='lat' dir='ltr'>igitur</span> 
     </span>
     <span class='ocr_line' id='line_1_5' title="bbox 127 298 830 343; baseline 0.001 -11"><span class='ocrx_word' id='word_1_24' title='bbox 127 301 149 333; x_wconf 89' lang='lat' dir='ltr'>ad</span> <span class='ocrx_word' id='word_1_25' title='bbox 157 306 236 333; x_wconf 90' lang='lat' dir='ltr'>sanctum</span> <span class='ocrx_word' id='word_1_26' title='bbox 243 300 360 340; x_wconf 90' lang='lat' dir='ltr'>Edmundum,</span> <span class='ocrx_word' id='word_1_27' title='bbox 368 299 414 342; x_wconf 85' lang='lat' dir='ltr'>regis</span> <span class='ocrx_word' id='word_1_28' title='bbox 421 307 520 343; x_wconf 82' lang='lat' dir='ltr'>preceptum</span> <span class='ocrx_word' id='word_1_29' title='bbox 531 299 589 333; x_wconf 88' lang='lat' dir='ltr'>abbati</span> <span class='ocrx_word' id='word_1_30' title='bbox 598 299 692 343; x_wconf 88' lang='lat' dir='ltr'>proposuit,</span> <span class='ocrx_word' id='word_1_31' title='bbox 700 298 737 332; x_wconf 90' lang='lat' dir='ltr'>sine</span> <span class='ocrx_word' id='word_1_32' title='bbox 746 298 830 333; x_wconf 89' lang='lat' dir='ltr'>dilacione</span> 
     </span>
     <span class='ocr_line' id='line_1_6' title="bbox 126 349 829 392; baseline 0 -10"><span class='ocrx_word' id='word_1_33' title='bbox 126 351 215 392; x_wconf 85' lang='lat' dir='ltr'>postulans</span> <span class='ocrx_word' id='word_1_34' title='bbox 229 350 261 382; x_wconf 88' lang='lat' dir='ltr'>sibi</span> <span class='ocrx_word' id='word_1_35' title='bbox 275 349 311 383; x_wconf 89' lang='lat' dir='ltr'>fieri</span> <span class='ocrx_word' id='word_1_36' title='bbox 324 350 456 383; x_wconf 90' lang='lat' dir='ltr'>restitucionem.</span> <span class='ocrx_word' id='word_1_37' title='bbox 478 352 538 383; x_wconf 88' lang='lat' dir='ltr'>Abbas</span> <span class='ocrx_word' id='word_1_38' title='bbox 553 356 611 383; x_wconf 90' lang='lat' dir='ltr'>autern</span> <span class='ocrx_word' id='word_1_39' title='bbox 626 349 703 382; x_wconf 86' lang='lat' dir='ltr'>inducias</span> <span class='ocrx_word' id='word_1_40' title='bbox 718 349 798 391; x_wconf 86' lang='lat' dir='ltr'>postulat,</span> <span class='ocrx_word' id='word_1_41' title='bbox 811 357 829 384; x_wconf 90' lang='lat' dir='ltr'>ut</span> 
     </span>
     <span class='ocr_line' id='line_1_7' title="bbox 109 399 830 442; baseline 0 -10"><span class='ocrx_word' id='word_1_42' title='bbox 109 414 117 442; x_wconf 79' lang='lat'>5</span> <span class='ocrx_word' id='word_1_43' title='bbox 127 400 194 432; x_wconf 84' lang='lat' dir='ltr'>interim</span> <span class='ocrx_word' id='word_1_44' title='bbox 199 399 240 441; x_wconf 88' lang='lat' dir='ltr'>quid</span> <span class='ocrx_word' id='word_1_45' title='bbox 245 400 326 441; x_wconf 83' lang='lat' dir='ltr'>equitatis</span> <span class='ocrx_word' id='word_1_46' title='bbox 332 400 397 431; x_wconf 86' lang='lat' dir='ltr'>inesset</span> <span class='ocrx_word' id='word_1_47' title='bbox 404 400 501 441; x_wconf 88' lang='lat' dir='ltr'>calumpnie</span> <span class='ocrx_word' id='word_1_48' title='bbox 506 406 564 442; x_wconf 86' lang='lat' dir='ltr'>posset</span> <span class='ocrx_word' id='word_1_49' title='bbox 571 400 678 441; x_wconf 89' lang='lat' dir='ltr'>perscrutari.</span> <span class='ocrx_word' id='word_1_50' title='bbox 701 401 749 440; x_wconf 77' lang='lat' dir='ltr'>Quas</span> <span class='ocrx_word' id='word_1_51' title='bbox 757 409 796 429; x_wconf 88' lang='lat' dir='ltr'>cum</span> <span class='ocrx_word' id='word_1_52' title='bbox 803 400 830 432; x_wconf 89' lang='lat' dir='ltr'>ille</span> 
     </span>
     <span class='ocr_line' id='line_1_8' title="bbox 127 447 829 492; baseline 0.003 -11"><span class='ocrx_word' id='word_1_53' title='bbox 127 450 168 481; x_wconf 90' lang='lat' dir='ltr'>dare</span> <span class='ocrx_word' id='word_1_54' title='bbox 178 455 269 490; x_wconf 84' lang='lat' dir='ltr'>recusaret,</span> <span class='ocrx_word' id='word_1_55' title='bbox 278 454 370 492; x_wconf 92' lang='lat' dir='ltr'>uotumque</span> <span class='ocrx_word' id='word_1_56' title='bbox 381 459 430 481; x_wconf 90' lang='lat' dir='ltr'>suurn</span> <span class='ocrx_word' id='word_1_57' title='bbox 440 449 457 481; x_wconf 92' lang='lat' dir='ltr'>in</span> <span class='ocrx_word' id='word_1_58' title='bbox 468 449 544 491; x_wconf 82' lang='lat' dir='ltr'>proximo</span> <span class='ocrx_word' id='word_1_59' title='bbox 555 447 650 491; x_wconf 91' lang='lat' dir='ltr'>promoueri</span> <span class='ocrx_word' id='word_1_60' title='bbox 658 447 729 480; x_wconf 90' lang='lat' dir='ltr'>minime</span> <span class='ocrx_word' id='word_1_61' title='bbox 737 447 829 483; x_wconf 83' lang='lat' dir='ltr'>sensisset:</span> 
     </span>
     <span class='ocr_line' id='line_1_9' title="bbox 127 498 830 543; baseline 0.004 -12"><span class='ocrx_word' id='word_1_62' title='bbox 127 499 151 532; x_wconf 87' lang='lat' dir='ltr'>ira</span> <span class='ocrx_word' id='word_1_63' title='bbox 163 499 239 532; x_wconf 86' lang='lat' dir='ltr'>tumidus</span> <span class='ocrx_word' id='word_1_64' title='bbox 254 500 309 532; x_wconf 90' lang='lat' dir='ltr'>minas</span> <span class='ocrx_word' id='word_1_65' title='bbox 324 499 429 542; x_wconf 89' lang='lat' dir='ltr'>intorquens,</span> <span class='ocrx_word' id='word_1_66' title='bbox 444 500 518 534; x_wconf 87' lang='lat' dir='ltr'>martiris</span> <span class='ocrx_word' id='word_1_67' title='bbox 534 510 595 543; x_wconf 88' lang='lat' dir='ltr'>parum</span> <span class='ocrx_word' id='word_1_68' title='bbox 610 500 688 533; x_wconf 87' lang='lat' dir='ltr'>deferens</span> <span class='ocrx_word' id='word_1_69' title='bbox 704 498 795 539; x_wconf 78' lang='lat' dir='ltr'>sanctitati,</span> <span class='ocrx_word' id='word_1_70' title='bbox 808 501 830 534; x_wconf 85' lang='lat' dir='ltr'>ad</span> 
     </span>
     <span class='ocr_line' id='line_1_10' title="bbox 126 549 830 593; baseline 0.001 -10"><span class='ocrx_word' id='word_1_71' title='bbox 126 551 266 584; x_wconf 82' lang='lat' dir='ltr'>archidiaconum</span> <span class='ocrx_word' id='word_1_72' title='bbox 279 550 308 593; x_wconf 88' lang='lat' dir='ltr'>qui</span> <span class='ocrx_word' id='word_1_73' title='bbox 323 550 415 584; x_wconf 89' lang='lat' dir='ltr'>Londoniis</span> <span class='ocrx_word' id='word_1_74' title='bbox 428 552 526 584; x_wconf 85' lang='lat' dir='ltr'>morabatur</span> <span class='ocrx_word' id='word_1_75' title='bbox 540 550 572 584; x_wconf 89' lang='lat' dir='ltr'>iter</span> <span class='ocrx_word' id='word_1_76' title='bbox 586 550 675 591; x_wconf 88' lang='lat' dir='ltr'>conuertit,</span> <span class='ocrx_word' id='word_1_77' title='bbox 689 549 737 592; x_wconf 85' lang='lat' dir='ltr'>quasi</span> <span class='ocrx_word' id='word_1_78' title='bbox 753 550 774 582; x_wconf 91' lang='lat' dir='ltr'>de</span> <span class='ocrx_word' id='word_1_79' title='bbox 789 551 830 592; x_wconf 82' lang='lat' dir='ltr'>regii</span> 
     </span>
     <span class='ocr_line' id='line_1_11' title="bbox 127 599 830 644; baseline -0.001 -11"><span class='ocrx_word' id='word_1_80' title='bbox 127 606 226 643; x_wconf 89' lang='lat' dir='ltr'>contemptu</span> <span class='ocrx_word' id='word_1_81' title='bbox 237 600 314 643; x_wconf 80' lang='lat' dir='ltr'>precepti</span> <span class='ocrx_word' id='word_1_82' title='bbox 326 601 341 634; x_wconf 90' lang='lat' dir='ltr'>ei</span> <span class='ocrx_word' id='word_1_83' title='bbox 351 600 475 644; x_wconf 85' lang='lat' dir='ltr'>querimoniam</span> <span class='ocrx_word' id='word_1_84' title='bbox 485 600 566 634; x_wconf 87' lang='lat' dir='ltr'>illaturus.</span> <span class='ocrx_word' id='word_1_85' title='bbox 588 600 649 634; x_wconf 82' lang='lat' dir='ltr'>Abbas</span> <span class='ocrx_word' id='word_1_86' title='bbox 658 611 699 633; x_wconf 89' lang='lat' dir='ltr'>vero</span> <span class='ocrx_word' id='word_1_87' title='bbox 708 599 781 642; x_wconf 89' lang='lat' dir='ltr'>priorem</span> <span class='ocrx_word' id='word_1_88' title='bbox 792 611 830 633; x_wconf 90' lang='lat' dir='ltr'>con-</span> 
     </span>
     <span class='ocr_line' id='line_1_12' title="bbox 101 650 830 693; baseline 0.001 -10"><span class='ocrx_word' id='word_1_89' title='bbox 101 659 119 679; x_wconf 85' lang='lat'>10</span> <span class='ocrx_word' id='word_1_90' title='bbox 127 656 189 684; x_wconf 87' lang='lat' dir='ltr'>uentus</span> <span class='ocrx_word' id='word_1_91' title='bbox 203 653 225 684; x_wconf 90' lang='lat' dir='ltr'>ad</span> <span class='ocrx_word' id='word_1_92' title='bbox 239 651 379 684; x_wconf 84' lang='lat' dir='ltr'>archidiaconum</span> <span class='ocrx_word' id='word_1_93' title='bbox 392 651 443 693; x_wconf 85' lang='lat' dir='ltr'>misit,</span> <span class='ocrx_word' id='word_1_94' title='bbox 456 651 483 693; x_wconf 92' lang='lat' dir='ltr'>qui</span> <span class='ocrx_word' id='word_1_95' title='bbox 496 652 519 684; x_wconf 91' lang='lat' dir='ltr'>rei</span> <span class='ocrx_word' id='word_1_96' title='bbox 531 651 622 684; x_wconf 80' lang='lat' dir='ltr'>veritatem</span> <span class='ocrx_word' id='word_1_97' title='bbox 633 650 694 692; x_wconf 88' lang='lat' dir='ltr'>pandit</span> <span class='ocrx_word' id='word_1_98' title='bbox 706 650 721 683; x_wconf 91' lang='lat' dir='ltr'>ei</span> <span class='ocrx_word' id='word_1_99' title='bbox 734 661 754 683; x_wconf 86' lang='lat' dir='ltr'>ex</span> <span class='ocrx_word' id='word_1_100' title='bbox 766 650 830 691; x_wconf 88' lang='lat' dir='ltr'>ordine,</span> 
     </span>
     <span class='ocr_line' id='line_1_13' title="bbox 107 699 830 744; baseline 0 -10"><span class='ocrx_word' id='word_1_101' title='bbox 107 727 109 729; x_wconf 90' lang='lat'>.</span> <span class='ocrx_word' id='word_1_102' title='bbox 126 702 226 734; x_wconf 82' lang='lat' dir='ltr'>miraculum</span> <span class='ocrx_word' id='word_1_103' title='bbox 241 701 295 734; x_wconf 89' lang='lat' dir='ltr'>eciam</span> <span class='ocrx_word' id='word_1_104' title='bbox 310 702 357 744; x_wconf 92' lang='lat' dir='ltr'>quod</span> <span class='ocrx_word' id='word_1_105' title='bbox 372 701 413 734; x_wconf 92' lang='lat' dir='ltr'>olim</span> <span class='ocrx_word' id='word_1_106' title='bbox 427 701 480 734; x_wconf 91' lang='lat' dir='ltr'>virtus</span> <span class='ocrx_word' id='word_1_107' title='bbox 496 700 554 734; x_wconf 89' lang='lat' dir='ltr'>diuina</span> <span class='ocrx_word' id='word_1_108' title='bbox 571 701 589 734; x_wconf 93' lang='lat' dir='ltr'>in</span> <span class='ocrx_word' id='word_1_109' title='bbox 604 700 677 742; x_wconf 86' lang='lat' dir='ltr'>predicti</span> <span class='ocrx_word' id='word_1_110' title='bbox 692 699 830 742; x_wconf 87' lang='lat' dir='ltr'>calumpniatoris</span> 
     </span>
     <span class='ocr_line' id='line_1_14' title="bbox 127 749 831 795; baseline -0.001 -10"><span class='ocrx_word' id='word_1_111' title='bbox 127 751 276 795; x_wconf 86' lang='lat' dir='ltr'>predecessoribus</span> <span class='ocrx_word' id='word_1_112' title='bbox 289 752 362 785; x_wconf 91' lang='lat' dir='ltr'>eandem</span> <span class='ocrx_word' id='word_1_113' title='bbox 374 750 432 784; x_wconf 89' lang='lat' dir='ltr'>villam</span> <span class='ocrx_word' id='word_1_114' title='bbox 447 751 568 784; x_wconf 85' lang='lat' dir='ltr'>inuadentibus</span> <span class='ocrx_word' id='word_1_115' title='bbox 583 751 601 784; x_wconf 92' lang='lat' dir='ltr'>in</span> <span class='ocrx_word' id='word_1_116' title='bbox 616 751 641 783; x_wconf 91' lang='lat' dir='ltr'>sui</span> <span class='ocrx_word' id='word_1_117' title='bbox 657 750 731 784; x_wconf 91' lang='lat' dir='ltr'>martiris</span> <span class='ocrx_word' id='word_1_118' title='bbox 746 749 831 784; x_wconf 73' lang='lat' dir='ltr'>ulcionem</span> 
     </span>
     <span class='ocr_line' id='line_1_15' title="bbox 127 801 831 844; baseline -0.004 -9"><span class='ocrx_word' id='word_1_119' title='bbox 127 808 229 844; x_wconf 89' lang='lat' dir='ltr'>patrauerat,</span> <span class='ocrx_word' id='word_1_120' title='bbox 244 803 325 844; x_wconf 86' lang='lat' dir='ltr'>scripturn</span> <span class='ocrx_word' id='word_1_121' title='bbox 340 802 420 835; x_wconf 82' lang='lat' dir='ltr'>ostendit.</span> <span class='ocrx_word' id='word_1_122' title='bbox 448 802 528 834; x_wconf 88' lang='lat' dir='ltr'>Tandem</span> <span class='ocrx_word' id='word_1_123' title='bbox 545 801 640 844; x_wconf 86' lang='lat' dir='ltr'>impetratis</span> <span class='ocrx_word' id='word_1_124' title='bbox 656 801 733 842; x_wconf 86' lang='lat' dir='ltr'>induciis,</span> <span class='ocrx_word' id='word_1_125' title='bbox 748 801 794 843; x_wconf 86' lang='lat' dir='ltr'>prior</span> <span class='ocrx_word' id='word_1_126' title='bbox 809 802 831 833; x_wconf 86' lang='lat' dir='ltr'>ad</span> 
     </span>
     <span class='ocr_line' id='line_1_16' title="bbox 127 850 830 892; baseline -0.001 -9"><span class='ocrx_word' id='word_1_127' title='bbox 127 853 248 891; x_wconf 81' lang='lat' dir='ltr'>monasterium</span> <span class='ocrx_word' id='word_1_128' title='bbox 255 852 342 885; x_wconf 87' lang='lat' dir='ltr'>remeauit.</span> <span class='ocrx_word' id='word_1_129' title='bbox 366 852 416 884; x_wconf 87' lang='lat' dir='ltr'>Miles</span> <span class='ocrx_word' id='word_1_130' title='bbox 424 862 465 884; x_wconf 91' lang='lat' dir='ltr'>vero</span> <span class='ocrx_word' id='word_1_131' title='bbox 475 852 583 884; x_wconf 89' lang='lat' dir='ltr'>aduersarius</span> <span class='ocrx_word' id='word_1_132' title='bbox 594 851 655 884; x_wconf 85' lang='lat' dir='ltr'>eodem</span> <span class='ocrx_word' id='word_1_133' title='bbox 665 850 699 890; x_wconf 92' lang='lat' dir='ltr'>die,</span> <span class='ocrx_word' id='word_1_134' title='bbox 707 861 741 892; x_wconf 92' lang='lat' dir='ltr'>quo</span> <span class='ocrx_word' id='word_1_135' title='bbox 751 856 768 883; x_wconf 91' lang='lat' dir='ltr'>et</span> <span class='ocrx_word' id='word_1_136' title='bbox 780 851 830 891; x_wconf 84' lang='lat' dir='ltr'>prior,</span> 
     </span>
     <span class='ocr_line' id='line_1_17' title="bbox 101 899 831 942; baseline -0.004 -8"><span class='ocrx_word' id='word_1_137' title='bbox 101 908 119 938; x_wconf 84' lang='lat'>15</span> <span class='ocrx_word' id='word_1_138' title='bbox 127 903 149 934; x_wconf 90' lang='lat' dir='ltr'>ab</span> <span class='ocrx_word' id='word_1_139' title='bbox 157 902 198 934; x_wconf 93' lang='lat' dir='ltr'>vrbe</span> <span class='ocrx_word' id='word_1_140' title='bbox 206 901 309 942; x_wconf 83' lang='lat' dir='ltr'>digrediens,</span> <span class='ocrx_word' id='word_1_141' title='bbox 318 900 335 932; x_wconf 93' lang='lat' dir='ltr'>in</span> <span class='ocrx_word' id='word_1_142' title='bbox 346 900 406 933; x_wconf 89' lang='lat' dir='ltr'>itinere</span> <span class='ocrx_word' id='word_1_143' title='bbox 416 899 507 932; x_wconf 80' lang='lat' dir='ltr'>manifesta</span> <span class='ocrx_word' id='word_1_144' title='bbox 517 906 534 932; x_wconf 92' lang='lat' dir='ltr'>et</span> <span class='ocrx_word' id='word_1_145' title='bbox 542 900 598 932; x_wconf 85' lang='lat' dir='ltr'>subita</span> <span class='ocrx_word' id='word_1_146' title='bbox 606 899 672 932; x_wconf 90' lang='lat' dir='ltr'>vicione</span> <span class='ocrx_word' id='word_1_147' title='bbox 682 900 757 932; x_wconf 87' lang='lat' dir='ltr'>martiris</span> <span class='ocrx_word' id='word_1_148' title='bbox 765 900 831 940; x_wconf 87' lang='lat' dir='ltr'>grauis·</span> 
     </span>
     <span class='ocr_line' id='line_1_18' title="bbox 127 949 831 993; baseline -0.004 -8"><span class='ocrx_word' id='word_1_149' title='bbox 127 952 170 985; x_wconf 87' lang='lat' dir='ltr'>sima</span> <span class='ocrx_word' id='word_1_150' title='bbox 181 961 271 993; x_wconf 85' lang='lat' dir='ltr'>percussus</span> <span class='ocrx_word' id='word_1_151' title='bbox 280 950 392 984; x_wconf 89' lang='lat' dir='ltr'>inualitudine</span> <span class='ocrx_word' id='word_1_152' title='bbox 399 949 409 991; x_wconf 82' lang='lat'>¹,</span> <span class='ocrx_word' id='word_1_153' title='bbox 420 950 448 983; x_wconf 84' lang='lat' dir='ltr'>vix</span> <span class='ocrx_word' id='word_1_154' title='bbox 459 950 482 983; x_wconf 91' lang='lat' dir='ltr'>ad</span> <span class='ocrx_word' id='word_1_155' title='bbox 494 950 590 992; x_wconf 90' lang='lat' dir='ltr'>hospicium</span> <span class='ocrx_word' id='word_1_156' title='bbox 602 950 648 991; x_wconf 90' lang='lat' dir='ltr'>apud</span> <span class='ocrx_word' id='word_1_157' title='bbox 659 950 788 983; x_wconf 89' lang='lat' dir='ltr'>Chelmesforde</span> <span class='ocrx_word' id='word_1_158' title='bbox 799 949 831 982; x_wconf 92' lang='lat' dir='ltr'>sibi</span> 
     </span>
     <span class='ocr_line' id='line_1_19' title="bbox 126 999 831 1044; baseline -0.003 -10"><span class='ocrx_word' id='word_1_159' title='bbox 126 1007 236 1044; x_wconf 89' lang='lat' dir='ltr'>preparatum</span> <span class='ocrx_word' id='word_1_160' title='bbox 247 1001 314 1033; x_wconf 89' lang='lat' dir='ltr'>delatus</span> <span class='ocrx_word' id='word_1_161' title='bbox 326 1006 357 1033; x_wconf 91' lang='lat' dir='ltr'>est.</span> <span class='ocrx_word' id='word_1_162' title='bbox 380 1001 401 1033; x_wconf 93' lang='lat' dir='ltr'>In</span> <span class='ocrx_word' id='word_1_163' title='bbox 412 1000 487 1033; x_wconf 89' lang='lat' dir='ltr'>crastino</span> <span class='ocrx_word' id='word_1_164' title='bbox 501 1001 596 1042; x_wconf 85' lang='lat' dir='ltr'>discedens,</span> <span class='ocrx_word' id='word_1_165' title='bbox 609 999 720 1033; x_wconf 88' lang='lat' dir='ltr'>Colcestriam</span> <span class='ocrx_word' id='word_1_166' title='bbox 733 1011 772 1033; x_wconf 89' lang='lat' dir='ltr'>curn</span> <span class='ocrx_word' id='word_1_167' title='bbox 785 999 831 1033; x_wconf 85' lang='lat' dir='ltr'>omni</span> 
     </span>
     <span class='ocr_line' id='line_1_20' title="bbox 127 1050 831 1095; baseline -0.001 -10"><span class='ocrx_word' id='word_1_168' title='bbox 127 1051 212 1085; x_wconf 78' lang='lat' dir='ltr'>anxietate</span> <span class='ocrx_word' id='word_1_169' title='bbox 222 1051 304 1095; x_wconf 87' lang='lat' dir='ltr'>peruenit,</span> <span class='ocrx_word' id='word_1_170' title='bbox 317 1051 375 1095; x_wconf 87' lang='lat' dir='ltr'>ibique</span> <span class='ocrx_word' id='word_1_171' title='bbox 382 1062 393 1084; x_wconf 91' lang='lat' dir='ltr'>a</span> <span class='ocrx_word' id='word_1_172' title='bbox 400 1051 489 1085; x_wconf 87' lang='lat' dir='ltr'>monachis</span> <span class='ocrx_word' id='word_1_173' title='bbox 500 1058 595 1094; x_wconf 88' lang='lat' dir='ltr'>susceptus,</span> <span class='ocrx_word' id='word_1_174' title='bbox 604 1051 681 1094; x_wconf 88' lang='lat' dir='ltr'>protinus</span> <span class='ocrx_word' id='word_1_175' title='bbox 692 1056 728 1084; x_wconf 88' lang='lat' dir='ltr'>tam</span> <span class='ocrx_word' id='word_1_176' title='bbox 738 1050 831 1085; x_wconf 86' lang='lat' dir='ltr'>miserabili</span> 
     </span>
     <span class='ocr_line' id='line_1_21' title="bbox 127 1101 831 1144; baseline -0.004 -9"><span class='ocrx_word' id='word_1_177' title='bbox 127 1103 183 1135; x_wconf 85' lang='lat' dir='ltr'>vexari</span> <span class='ocrx_word' id='word_1_178' title='bbox 196 1102 240 1144; x_wconf 89' lang='lat' dir='ltr'>cepit</span> <span class='ocrx_word' id='word_1_179' title='bbox 252 1101 329 1134; x_wconf 89' lang='lat' dir='ltr'>amencia</span> <span class='ocrx_word' id='word_1_180' title='bbox 340 1109 358 1133; x_wconf 90' lang='lat' dir='ltr'>vt</span> <span class='ocrx_word' id='word_1_181' title='bbox 369 1112 404 1133; x_wconf 94' lang='lat' dir='ltr'>non</span> <span class='ocrx_word' id='word_1_182' title='bbox 416 1103 472 1133; x_wconf 88' lang='lat' dir='ltr'>solnm</span> <span class='ocrx_word' id='word_1_183' title='bbox 483 1113 494 1133; x_wconf 88' lang='lat' dir='ltr'>a</span> <span class='ocrx_word' id='word_1_184' title='bbox 507 1102 539 1133; x_wconf 91' lang='lat' dir='ltr'>sibi</span> <span class='ocrx_word' id='word_1_185' title='bbox 550 1101 691 1140; x_wconf 87' lang='lat' dir='ltr'>ministrantibus,</span> <span class='ocrx_word' id='word_1_186' title='bbox 704 1112 763 1132; x_wconf 92' lang='lat' dir='ltr'>verum</span> <span class='ocrx_word' id='word_1_187' title='bbox 777 1102 831 1133; x_wconf 88' lang='lat' dir='ltr'>eciam</span> 
     </span>
     <span class='ocr_line' id='line_1_22' title="bbox 101 1151 831 1193; baseline 0.004 -13"><span class='ocrx_word' id='word_1_188' title='bbox 101 1161 120 1180; x_wconf 82' lang='lat' dir='ltr'>zo</span> <span class='ocrx_word' id='word_1_189' title='bbox 127 1163 138 1184; x_wconf 79' lang='lat' dir='ltr'>a</span> <span class='ocrx_word' id='word_1_190' title='bbox 150 1152 221 1192; x_wconf 88' lang='lat' dir='ltr'>coniuge</span> <span class='ocrx_word' id='word_1_191' title='bbox 231 1151 299 1192; x_wconf 91' lang='lat' dir='ltr'>propria</span> <span class='ocrx_word' id='word_1_192' title='bbox 308 1151 440 1192; x_wconf 89' lang='lat' dir='ltr'>relinqueretur;</span> <span class='ocrx_word' id='word_1_193' title='bbox 457 1152 541 1183; x_wconf 89' lang='lat' dir='ltr'>terribiles</span> <span class='ocrx_word' id='word_1_194' title='bbox 553 1162 593 1192; x_wconf 84' lang='lat' dir='ltr'>ergo</span> <span class='ocrx_word' id='word_1_195' title='bbox 604 1156 662 1192; x_wconf 84' lang='lat' dir='ltr'>gestus</span> <span class='ocrx_word' id='word_1_196' title='bbox 674 1151 762 1193; x_wconf 82' lang='lat' dir='ltr'>preferens</span> <span class='ocrx_word' id='word_1_197' title='bbox 774 1161 831 1193; x_wconf 83' lang='lat' dir='ltr'>arrep-</span> 
     </span>
     <span class='ocr_line' id='line_1_23' title="bbox 128 1200 831 1244; baseline -0.001 -10"><span class='ocrx_word' id='word_1_198' title='bbox 128 1201 168 1243; x_wconf 86' lang='lat' dir='ltr'>ticii,</span> <span class='ocrx_word' id='word_1_199' title='bbox 179 1202 257 1234; x_wconf 87' lang='lat' dir='ltr'>omnibus</span> <span class='ocrx_word' id='word_1_200' title='bbox 267 1202 296 1244; x_wconf 89' lang='lat' dir='ltr'>qui</span> <span class='ocrx_word' id='word_1_201' title='bbox 306 1201 378 1234; x_wconf 88' lang='lat' dir='ltr'>aderant</span> <span class='ocrx_word' id='word_1_202' title='bbox 389 1201 486 1234; x_wconf 76' lang='lat' dir='ltr'>incutiebat</span> <span class='ocrx_word' id='word_1_203' title='bbox 495 1202 587 1234; x_wconf 90' lang='lat' dir='ltr'>horrorem.</span> <span class='ocrx_word' id='word_1_204' title='bbox 611 1202 669 1233; x_wconf 91' lang='lat' dir='ltr'>Panno</span> <span class='ocrx_word' id='word_1_205' title='bbox 681 1200 732 1242; x_wconf 85' lang='lat' dir='ltr'>igitur</span> <span class='ocrx_word' id='word_1_206' title='bbox 740 1201 831 1242; x_wconf 90' lang='lat' dir='ltr'>inuolutus,</span> 
     </span>
     <span class='ocr_line' id='line_1_24' title="bbox 127 1250 832 1294; baseline -0.001 -9"><span class='ocrx_word' id='word_1_207' title='bbox 127 1252 198 1286; x_wconf 85' lang='lat' dir='ltr'>nexibus</span> <span class='ocrx_word' id='word_1_208' title='bbox 205 1252 295 1285; x_wconf 89' lang='lat' dir='ltr'>artissimis</span> <span class='ocrx_word' id='word_1_209' title='bbox 303 1252 410 1291; x_wconf 88' lang='lat' dir='ltr'>constrictus,</span> <span class='ocrx_word' id='word_1_210' title='bbox 418 1262 485 1284; x_wconf 84' lang='lat' dir='ltr'>summa</span> <span class='ocrx_word' id='word_1_211' title='bbox 497 1251 600 1293; x_wconf 81' lang='lat' dir='ltr'>fatigacione</span> <span class='ocrx_word' id='word_1_212' title='bbox 609 1250 732 1284; x_wconf 90' lang='lat' dir='ltr'>reluctancium</span> <span class='ocrx_word' id='word_1_213' title='bbox 739 1250 767 1284; x_wconf 81' lang='lat' dir='ltr'>vix</span> <span class='ocrx_word' id='word_1_214' title='bbox 777 1252 832 1294; x_wconf 89' lang='lat' dir='ltr'>potuit</span> 
     </span>
     <span class='ocr_line' id='line_1_25' title="bbox 127 1301 831 1343; baseline -0.001 -8"><span class='ocrx_word' id='word_1_215' title='bbox 127 1302 206 1335; x_wconf 91' lang='lat' dir='ltr'>cohiberi.</span> <span class='ocrx_word' id='word_1_216' title='bbox 229 1303 244 1335; x_wconf 70' lang='lat' dir='ltr'>ll</span> <span class='ocrx_word' id='word_1_217' title='bbox 256 1304 295 1335; x_wconf 90' lang='lat' dir='ltr'>Hoc</span> <span class='ocrx_word' id='word_1_218' title='bbox 302 1302 374 1335; x_wconf 89' lang='lat' dir='ltr'>audiens</span> <span class='ocrx_word' id='word_1_219' title='bbox 382 1302 442 1342; x_wconf 90' lang='lat' dir='ltr'>abbas,</span> <span class='ocrx_word' id='word_1_220' title='bbox 450 1302 524 1343; x_wconf 90' lang='lat' dir='ltr'>priorem</span> <span class='ocrx_word' id='word_1_221' title='bbox 532 1313 581 1334; x_wconf 92' lang='lat' dir='ltr'>suum</span> <span class='ocrx_word' id='word_1_222' title='bbox 589 1302 611 1334; x_wconf 90' lang='lat' dir='ltr'>ad</span> <span class='ocrx_word' id='word_1_223' title='bbox 620 1302 737 1334; x_wconf 86' lang='lat' dir='ltr'>miserandum</span> <span class='ocrx_word' id='word_1_224' title='bbox 744 1301 831 1334; x_wconf 88' lang='lat' dir='ltr'>hominem</span> 
     </span>
     <span class='ocr_line' id='line_1_26' title="bbox 127 1351 831 1394; baseline 0 -10"><span class='ocrx_word' id='word_1_225' title='bbox 127 1352 225 1393; x_wconf 85' lang='lat' dir='ltr'>destinauit,</span> <span class='ocrx_word' id='word_1_226' title='bbox 239 1352 318 1394; x_wconf 87' lang='lat' dir='ltr'>quatinus</span> <span class='ocrx_word' id='word_1_227' title='bbox 332 1351 347 1383; x_wconf 90' lang='lat' dir='ltr'>ei</span> <span class='ocrx_word' id='word_1_228' title='bbox 360 1353 475 1393; x_wconf 89' lang='lat' dir='ltr'>persuaderet,</span> <span class='ocrx_word' id='word_1_229' title='bbox 488 1352 503 1383; x_wconf 89' lang='lat' dir='ltr'>si</span> <span class='ocrx_word' id='word_1_230' title='bbox 515 1351 587 1384; x_wconf 88' lang='lat' dir='ltr'>redisset</span> <span class='ocrx_word' id='word_1_231' title='bbox 601 1351 623 1383; x_wconf 89' lang='lat' dir='ltr'>ad</span> <span class='ocrx_word' id='word_1_232' title='bbox 637 1351 742 1392; x_wconf 86' lang='lat' dir='ltr'>memoriam,</span> <span class='ocrx_word' id='word_1_233' title='bbox 753 1358 771 1384; x_wconf 83' lang='lat' dir='ltr'>vt</span> <span class='ocrx_word' id='word_1_234' title='bbox 783 1362 801 1384; x_wconf 92' lang='lat' dir='ltr'>se</span> <span class='ocrx_word' id='word_1_235' title='bbox 815 1352 831 1384; x_wconf 91' lang='lat' dir='ltr'>in</span> 
     </span>
     <span class='ocr_line' id='line_1_27' title="bbox 101 1401 832 1444; baseline 0.003 -12"><span class='ocrx_word' id='word_1_236' title='bbox 101 1412 119 1441; x_wconf 81' lang='lat'>25</span> <span class='ocrx_word' id='word_1_237' title='bbox 127 1402 214 1435; x_wconf 86' lang='lat' dir='ltr'>martirem</span> <span class='ocrx_word' id='word_1_238' title='bbox 224 1402 317 1444; x_wconf 86' lang='lat' dir='ltr'>deliquisse</span> <span class='ocrx_word' id='word_1_239' title='bbox 325 1401 437 1434; x_wconf 91' lang='lat' dir='ltr'>reminiscens</span> <span class='ocrx_word' id='word_1_240' title='bbox 449 1402 471 1433; x_wconf 87' lang='lat' dir='ltr'>de</span> <span class='ocrx_word' id='word_1_241' title='bbox 482 1408 579 1444; x_wconf 88' lang='lat' dir='ltr'>perpetrata</span> <span class='ocrx_word' id='word_1_242' title='bbox 589 1401 650 1434; x_wconf 91' lang='lat' dir='ltr'>iniuria</span> <span class='ocrx_word' id='word_1_243' title='bbox 661 1401 729 1434; x_wconf 88' lang='lat' dir='ltr'>veniam</span> <span class='ocrx_word' id='word_1_244' title='bbox 739 1402 832 1444; x_wconf 90' lang='lat' dir='ltr'>postularet</span> 
     </span>
     <span class='ocr_line' id='line_1_28' title="bbox 127 1452 831 1496; baseline -0.001 -10"><span class='ocrx_word' id='word_1_245' title='bbox 127 1453 296 1496; x_wconf 86' lang='lat' dir='ltr'>satisfaccionemque</span> <span class='ocrx_word' id='word_1_246' title='bbox 308 1452 437 1495; x_wconf 89' lang='lat' dir='ltr'>repromitteret.</span> <span class='ocrx_word' id='word_1_247' title='bbox 460 1452 570 1495; x_wconf 89' lang='lat' dir='ltr'>Veniensque</span> <span class='ocrx_word' id='word_1_248' title='bbox 583 1452 605 1486; x_wconf 92' lang='lat' dir='ltr'>ad</span> <span class='ocrx_word' id='word_1_249' title='bbox 619 1462 663 1495; x_wconf 88' lang='lat' dir='ltr'>eum,</span> <span class='ocrx_word' id='word_1_250' title='bbox 675 1452 741 1495; x_wconf 91' lang='lat' dir='ltr'>accepit</span> <span class='ocrx_word' id='word_1_251' title='bbox 754 1452 776 1485; x_wconf 93' lang='lat' dir='ltr'>ab</span> <span class='ocrx_word' id='word_1_252' title='bbox 790 1452 831 1486; x_wconf 90' lang='lat' dir='ltr'>assi·</span> 
     </span>
     <span class='ocr_line' id='line_1_29' title="bbox 128 1503 832 1546; baseline 0.001 -10"><span class='ocrx_word' id='word_1_253' title='bbox 128 1504 207 1537; x_wconf 88' lang='lat' dir='ltr'>dentibus</span> <span class='ocrx_word' id='word_1_254' title='bbox 218 1514 257 1537; x_wconf 89' lang='lat' dir='ltr'>eum</span> <span class='ocrx_word' id='word_1_255' title='bbox 266 1503 341 1536; x_wconf 87' lang='lat' dir='ltr'>necdum</span> <span class='ocrx_word' id='word_1_256' title='bbox 352 1503 458 1537; x_wconf 87' lang='lat' dir='ltr'>memorandi</span> <span class='ocrx_word' id='word_1_257' title='bbox 470 1504 556 1546; x_wconf 87' lang='lat' dir='ltr'>recepisse</span> <span class='ocrx_word' id='word_1_258' title='bbox 567 1504 674 1545; x_wconf 86' lang='lat' dir='ltr'>facultatem3</span> <span class='ocrx_word' id='word_1_259' title='bbox 686 1515 730 1537; x_wconf 92' lang='lat' dir='ltr'>vnus</span> <span class='ocrx_word' id='word_1_260' title='bbox 742 1509 800 1537; x_wconf 87' lang='lat' dir='ltr'>autem</span> <span class='ocrx_word' id='word_1_261' title='bbox 810 1504 832 1537; x_wconf 91' lang='lat' dir='ltr'>de</span> 
     </span>
     <span class='ocr_line' id='line_1_30' title="bbox 128 1554 832 1597; baseline 0 -10"><span class='ocrx_word' id='word_1_262' title='bbox 128 1555 210 1588; x_wconf 91' lang='lat' dir='ltr'>ministris</span> <span class='ocrx_word' id='word_1_263' title='bbox 222 1555 311 1597; x_wconf 89' lang='lat' dir='ltr'>prosiliens</span> <span class='ocrx_word' id='word_1_264' title='bbox 323 1555 392 1587; x_wconf 92' lang='lat' dir='ltr'>vadium</span> <span class='ocrx_word' id='word_1_265' title='bbox 407 1565 437 1596; x_wconf 92' lang='lat' dir='ltr'>pro</span> <span class='ocrx_word' id='word_1_266' title='bbox 453 1555 522 1587; x_wconf 90' lang='lat' dir='ltr'>domino</span> <span class='ocrx_word' id='word_1_267' title='bbox 537 1564 569 1587; x_wconf 93' lang='lat' dir='ltr'>suo</span> <span class='ocrx_word' id='word_1_268' title='bbox 584 1554 635 1596; x_wconf 85' lang='lat' dir='ltr'>priori</span> <span class='ocrx_word' id='word_1_269' title='bbox 651 1554 716 1596; x_wconf 89' lang='lat' dir='ltr'>optulit,</span> <span class='ocrx_word' id='word_1_270' title='bbox 729 1554 832 1595; x_wconf 83' lang='lat' dir='ltr'>condignam</span> 
     </span>
     <span class='ocr_line' id='line_1_31' title="bbox 128 1603 832 1647; baseline 0.001 -11"><span class='ocrx_word' id='word_1_271' title='bbox 128 1605 215 1647; x_wconf 88' lang='lat' dir='ltr'>spondens</span> <span class='ocrx_word' id='word_1_272' title='bbox 227 1603 368 1636; x_wconf 86' lang='lat' dir='ltr'>emendacionem</span> <span class='ocrx_word' id='word_1_273' title='bbox 379 1604 393 1635; x_wconf 93' lang='lat' dir='ltr'>si</span> <span class='ocrx_word' id='word_1_274' title='bbox 405 1603 460 1636; x_wconf 88' lang='lat' dir='ltr'>sancti</span> <span class='ocrx_word' id='word_1_275' title='bbox 472 1603 559 1636; x_wconf 88' lang='lat' dir='ltr'>Edmundi</span> <span class='ocrx_word' id='word_1_276' title='bbox 573 1604 686 1637; x_wconf 82' lang='lat' dir='ltr'>miseracione</span> <span class='ocrx_word' id='word_1_277' title='bbox 699 1604 721 1637; x_wconf 89' lang='lat' dir='ltr'>de</span> <span class='ocrx_word' id='word_1_278' title='bbox 734 1604 832 1637; x_wconf 87' lang='lat' dir='ltr'>infirmitate</span> 
     </span>
     <span class='ocr_line' id='line_1_32' title="bbox 101 1648 832 1697; baseline -0.004 -7"><span class='ocrx_word' id='word_1_279' title='bbox 101 1661 120 1690; x_wconf 77' lang='lat'>5⁰</span> <span class='ocrx_word' id='word_1_280' title='bbox 129 1655 259 1688; x_wconf 88' lang='lat' dir='ltr'>conualesceret.</span> <span class='ocrx_word' id='word_1_281' title='bbox 282 1653 348 1686; x_wconf 86' lang='lat' dir='ltr'>Placuit</span> <span class='ocrx_word' id='word_1_282' title='bbox 360 1663 401 1695; x_wconf 83' lang='lat' dir='ltr'>ergo</span> <span class='ocrx_word' id='word_1_283' title='bbox 412 1653 463 1697; x_wconf 83' lang='lat' dir='ltr'>priori</span> <span class='ocrx_word' id='word_1_284' title='bbox 474 1663 527 1696; x_wconf 89' lang='lat' dir='ltr'>vsqne</span> <span class='ocrx_word' id='word_1_285' title='bbox 538 1653 555 1686; x_wconf 94' lang='lat' dir='ltr'>in</span> <span class='ocrx_word' id='word_1_286' title='bbox 566 1653 659 1687; x_wconf 86' lang='lat' dir='ltr'>crastinum</span> <span class='ocrx_word' id='word_1_287' title='bbox 668 1648 756 1687; x_wconf 85' lang='lat' dir='ltr'>sustinere.</span> <span class='ocrx_word' id='word_1_288' title='bbox 780 1655 832 1687; x_wconf 87' lang='lat' dir='ltr'>Mane</span> 
     </span>
     <span class='ocr_line' id='line_1_33' title="bbox 128 1703 831 1747; baseline -0.001 -10"><span class='ocrx_word' id='word_1_289' title='bbox 128 1708 186 1737; x_wconf 91' lang='lat' dir='ltr'>autem</span> <span class='ocrx_word' id='word_1_290' title='bbox 197 1705 242 1737; x_wconf 89' lang='lat' dir='ltr'>facto</span> <span class='ocrx_word' id='word_1_291' title='bbox 254 1703 314 1736; x_wconf 87' lang='lat' dir='ltr'>iterato</span> <span class='ocrx_word' id='word_1_292' title='bbox 325 1703 400 1743; x_wconf 86' lang='lat' dir='ltr'>veniens,</span> <span class='ocrx_word' id='word_1_293' title='bbox 411 1703 476 1736; x_wconf 88' lang='lat' dir='ltr'>audiuit</span> <span class='ocrx_word' id='word_1_294' title='bbox 486 1714 525 1736; x_wconf 89' lang='lat' dir='ltr'>eum</span> <span class='ocrx_word' id='word_1_295' title='bbox 536 1703 591 1737; x_wconf 90' lang='lat' dir='ltr'>tocius</span> <span class='ocrx_word' id='word_1_296' title='bbox 602 1703 657 1737; x_wconf 91' lang='lat' dir='ltr'>noctis</span> <span class='ocrx_word' id='word_1_297' title='bbox 671 1703 729 1746; x_wconf 90' lang='lat' dir='ltr'>spacio</span> <span class='ocrx_word' id='word_1_298' title='bbox 741 1703 831 1747; x_wconf 88' lang='lat' dir='ltr'>quieuisse,</span> 
     </span>
     <span class='ocr_line' id='line_1_34' title="bbox 128 1753 832 1797; baseline 0 -10"><span class='ocrx_word' id='word_1_299' title='bbox 128 1755 195 1797; x_wconf 90' lang='lat' dir='ltr'>iamque</span> <span class='ocrx_word' id='word_1_300' title='bbox 205 1755 304 1787; x_wconf 84' lang='lat' dir='ltr'>facultatem</span> <span class='ocrx_word' id='word_1_301' title='bbox 314 1754 419 1796; x_wconf 87' lang='lat' dir='ltr'>intelligendi</span> <span class='ocrx_word' id='word_1_302' title='bbox 430 1753 488 1787; x_wconf 84' lang='lat' dir='ltr'>diuino</span> <span class='ocrx_word' id='word_1_303' title='bbox 500 1764 570 1787; x_wconf 92' lang='lat' dir='ltr'>munere</span> <span class='ocrx_word' id='word_1_304' title='bbox 581 1754 671 1797; x_wconf 89' lang='lat' dir='ltr'>recepisse.</span> <span class='ocrx_word' id='word_1_305' title='bbox 694 1754 741 1788; x_wconf 88' lang='lat' dir='ltr'>Hinc</span> <span class='ocrx_word' id='word_1_306' title='bbox 752 1754 798 1796; x_wconf 90' lang='lat' dir='ltr'>prior</span> <span class='ocrx_word' id='word_1_307' title='bbox 809 1753 832 1787; x_wconf 89' lang='lat' dir='ltr'>ad</span> 
     </span>
     <span class='ocr_line' id='line_1_35' title="bbox 128 1804 832 1847; baseline 0.001 -10"><span class='ocrx_word' id='word_1_308' title='bbox 128 1811 204 1847; x_wconf 84' lang='lat' dir='ltr'>egrotum</span> <span class='ocrx_word' id='word_1_309' title='bbox 212 1805 338 1845; x_wconf 88' lang='lat' dir='ltr'>intromittitur;</span> <span class='ocrx_word' id='word_1_310' title='bbox 351 1804 416 1846; x_wconf 87' lang='lat' dir='ltr'>peccati</span> <span class='ocrx_word' id='word_1_311' title='bbox 425 1805 549 1838; x_wconf 88' lang='lat' dir='ltr'>immanitatem</span> <span class='ocrx_word' id='word_1_312' title='bbox 555 1804 570 1837; x_wconf 91' lang='lat' dir='ltr'>ei</span> <span class='ocrx_word' id='word_1_313' title='bbox 579 1805 663 1847; x_wconf 87' lang='lat' dir='ltr'>aperiens,</span> <span class='ocrx_word' id='word_1_314' title='bbox 669 1804 722 1838; x_wconf 90' lang='lat' dir='ltr'>suasit</span> <span class='ocrx_word' id='word_1_315' title='bbox 730 1805 753 1838; x_wconf 92' lang='lat' dir='ltr'>ad</span> <span class='ocrx_word' id='word_1_316' title='bbox 761 1805 832 1838; x_wconf 92' lang='lat' dir='ltr'>celerem</span> 
     </span>
     <span class='ocr_line' id='line_1_36' title="bbox 127 1855 831 1896; baseline 0 -10"><span class='ocrx_word' id='word_1_317' title='bbox 127 1855 208 1886; x_wconf 86' lang='lat' dir='ltr'>festinare</span> <span class='ocrx_word' id='word_1_318' title='bbox 219 1855 360 1886; x_wconf 88' lang='lat' dir='ltr'>satisfaccionem.</span> <span class='ocrx_word' id='word_1_319' title='bbox 384 1856 414 1885; x_wconf 88' lang='lat' dir='ltr'>llle</span> <span class='ocrx_word' id='word_1_320' title='bbox 424 1865 464 1886; x_wconf 81' lang='lat' dir='ltr'>vero</span> <span class='ocrx_word' id='word_1_321' title='bbox 476 1855 542 1886; x_wconf 88' lang='lat' dir='ltr'>monita</span> <span class='ocrx_word' id='word_1_322' title='bbox 554 1856 613 1886; x_wconf 88' lang='lat' dir='ltr'>salutis</span> <span class='ocrx_word' id='word_1_323' title='bbox 626 1861 714 1895; x_wconf 88' lang='lat' dir='ltr'>gratanter</span> <span class='ocrx_word' id='word_1_324' title='bbox 726 1855 831 1896; x_wconf 87' lang='lat' dir='ltr'>suscipiens:</span> 
     </span>
     <span class='ocr_line' id='line_1_37' title="bbox 101 1903 831 1947; baseline -0.001 -10"><span class='ocrx_word' id='word_1_325' title='bbox 101 1912 119 1940; x_wconf 78' lang='lat'>55</span> <span class='ocrx_word' id='word_1_326' title='bbox 128 1915 147 1938; x_wconf 93' lang='lat' dir='ltr'>se</span> <span class='ocrx_word' id='word_1_327' title='bbox 162 1904 212 1936; x_wconf 92' lang='lat' dir='ltr'>nimis</span> <span class='ocrx_word' id='word_1_328' title='bbox 227 1904 319 1947; x_wconf 88' lang='lat' dir='ltr'>deliquisse</span> <span class='ocrx_word' id='word_1_329' title='bbox 334 1914 465 1946; x_wconf 84' lang='lat' dir='ltr'>recognoscens,</span> <span class='ocrx_word' id='word_1_330' title='bbox 481 1905 577 1947; x_wconf 88' lang='lat' dir='ltr'>postposita</span> <span class='ocrx_word' id='word_1_331' title='bbox 592 1905 689 1938; x_wconf 88' lang='lat' dir='ltr'>intencione</span> <span class='ocrx_word' id='word_1_332' title='bbox 704 1903 831 1946; x_wconf 87' lang='lat' dir='ltr'>calumpniandi</span> 
     </span>
     <span class='ocr_line' id='line_1_38' title="bbox 129 1954 832 1999; baseline -0.003 -9"><span class='ocrx_word' id='word_1_333' title='bbox 129 1954 205 1997; x_wconf 89' lang='lat' dir='ltr'>vetitum,</span> <span class='ocrx_word' id='word_1_334' title='bbox 213 1955 297 1999; x_wconf 92' lang='lat' dir='ltr'>pollicitus</span> <span class='ocrx_word' id='word_1_335' title='bbox 308 1961 334 1990; x_wconf 92' lang='lat' dir='ltr'>est</span> <span class='ocrx_word' id='word_1_336' title='bbox 344 1955 377 1999; x_wconf 84' lang='lat' dir='ltr'>[se]</span> <span class='ocrx_word' id='word_1_337' title='bbox 389 1955 435 1990; x_wconf 87' lang='lat' dir='ltr'>omni</span> <span class='ocrx_word' id='word_1_338' title='bbox 443 1954 477 1990; x_wconf 87' lang='lat' dir='ltr'>vite</span> <span class='ocrx_word' id='word_1_339' title='bbox 486 1966 516 1990; x_wconf 92' lang='lat' dir='ltr'>sue</span> <span class='ocrx_word' id='word_1_340' title='bbox 524 1960 601 1998; x_wconf 89' lang='lat' dir='ltr'>tempore</span> <span class='ocrx_word' id='word_1_341' title='bbox 608 1955 660 1990; x_wconf 88' lang='lat' dir='ltr'>beato</span> <span class='ocrx_word' id='word_1_342' title='bbox 667 1955 731 1990; x_wconf 84' lang='lat' dir='ltr'>martiri</span> <span class='ocrx_word' id='word_1_343' title='bbox 740 1955 832 1990; x_wconf 89' lang='lat' dir='ltr'>Edmundo</span> 
     </span>
     <span class='ocr_line' id='line_1_39' title="bbox 129 2005 832 2049; baseline -0.001 -9"><span class='ocrx_word' id='word_1_344' title='bbox 129 2006 207 2040; x_wconf 91' lang='lat' dir='ltr'>sedulum</span> <span class='ocrx_word' id='word_1_345' title='bbox 221 2006 335 2040; x_wconf 82' lang='lat' dir='ltr'>exhibiturum</span> <span class='ocrx_word' id='word_1_346' title='bbox 349 2006 516 2040; x_wconf 85' lang='lat' dir='ltr'>famulatum—Nec</span> <span class='ocrx_word' id='word_1_347' title='bbox 534 2005 576 2039; x_wconf 93' lang='lat' dir='ltr'>illud</span> <span class='ocrx_word' id='word_1_348' title='bbox 591 2005 676 2039; x_wconf 90' lang='lat' dir='ltr'>silendum</span> <span class='ocrx_word' id='word_1_349' title='bbox 691 2012 717 2039; x_wconf 92' lang='lat' dir='ltr'>est</span> <span class='ocrx_word' id='word_1_350' title='bbox 732 2006 778 2049; x_wconf 92' lang='lat' dir='ltr'>quod</span> <span class='ocrx_word' id='word_1_351' title='bbox 793 2016 832 2039; x_wconf 90' lang='lat' dir='ltr'>curn</span> 
     </span>
     <span class='ocr_line' id='line_1_40' title="bbox 128 2056 832 2099; baseline 0 -11"><span class='ocrx_word' id='word_1_352' title='bbox 128 2056 198 2099; x_wconf 90' lang='lat' dir='ltr'>quidam</span> <span class='ocrx_word' id='word_1_353' title='bbox 209 2057 350 2099; x_wconf 87' lang='lat' dir='ltr'>predecessorum</span> <span class='ocrx_word' id='word_1_354' title='bbox 361 2056 410 2090; x_wconf 90' lang='lat' dir='ltr'>istius</span> <span class='ocrx_word' id='word_1_355' title='bbox 422 2056 480 2089; x_wconf 92' lang='lat' dir='ltr'>militis</span> <span class='ocrx_word' id='word_1_356' title='bbox 492 2057 514 2089; x_wconf 90' lang='lat' dir='ltr'>de</span> <span class='ocrx_word' id='word_1_357' title='bbox 525 2056 558 2088; x_wconf 89' lang='lat' dir='ltr'>hac</span> <span class='ocrx_word' id='word_1_358' title='bbox 569 2057 630 2089; x_wconf 89' lang='lat' dir='ltr'>eadem</span> <span class='ocrx_word' id='word_1_359' title='bbox 642 2056 740 2098; x_wconf 88' lang='lat' dir='ltr'>calumpnia</span> <span class='ocrx_word' id='word_1_360' title='bbox 750 2057 832 2089; x_wconf 80' lang='lat' dir='ltr'>aduersus</span> 
     </span>
     <span class='ocr_line' id='line_1_41' title="bbox 129 2105 832 2147; baseline -0.001 -8"><span class='ocrx_word' id='word_1_361' title='bbox 129 2107 220 2139; x_wconf 90' lang='lat' dir='ltr'>ecclesiam</span> <span class='ocrx_word' id='word_1_362' title='bbox 228 2107 282 2138; x_wconf 86' lang='lat' dir='ltr'>sancti</span> <span class='ocrx_word' id='word_1_363' title='bbox 290 2106 378 2139; x_wconf 87' lang='lat' dir='ltr'>Edmundi</span> <span class='ocrx_word' id='word_1_364' title='bbox 385 2106 450 2139; x_wconf 87' lang='lat' dir='ltr'>litteras</span> <span class='ocrx_word' id='word_1_365' title='bbox 459 2105 514 2146; x_wconf 86' lang='lat' dir='ltr'>regias</span> <span class='ocrx_word' id='word_1_366' title='bbox 525 2105 558 2137; x_wconf 89' lang='lat' dir='ltr'>alia</span> <span class='ocrx_word' id='word_1_367' title='bbox 566 2105 603 2138; x_wconf 89' lang='lat' dir='ltr'>vice</span> <span class='ocrx_word' id='word_1_368' title='bbox 612 2105 710 2139; x_wconf 83' lang='lat' dir='ltr'>detulisset:</span> <span class='ocrx_word' id='word_1_369' title='bbox 723 2105 764 2138; x_wconf 89' lang='lat' dir='ltr'>dum</span> <span class='ocrx_word' id='word_1_370' title='bbox 774 2105 832 2147; x_wconf 91' lang='lat' dir='ltr'>hospi-</span> 
     </span>
     <span class='ocr_line' id='line_1_42' title="bbox 100 2155 832 2200; baseline -0.001 -11"><span class='ocrx_word' id='word_1_371' title='bbox 100 2163 193 2193; x_wconf 70' lang='lat' dir='ltr'>rotaretur</span> <span class='ocrx_word' id='word_1_372' title='bbox 205 2158 222 2190; x_wconf 93' lang='lat' dir='ltr'>in</span> <span class='ocrx_word' id='word_1_373' title='bbox 235 2158 275 2190; x_wconf 90' lang='lat' dir='ltr'>villa</span> <span class='ocrx_word' id='word_1_374' title='bbox 287 2159 388 2191; x_wconf 89' lang='lat' dir='ltr'>mandatum</span> <span class='ocrx_word' id='word_1_375' title='bbox 403 2158 449 2200; x_wconf 82' lang='lat' dir='ltr'>regis</span> <span class='ocrx_word' id='word_1_376' title='bbox 462 2157 480 2189; x_wconf 94' lang='lat' dir='ltr'>in</span> <span class='ocrx_word' id='word_1_377' title='bbox 495 2156 575 2197; x_wconf 89' lang='lat' dir='ltr'>crastino,</span> <span class='ocrx_word' id='word_1_378' title='bbox 587 2157 601 2190; x_wconf 95' lang='lat' dir='ltr'>si</span> <span class='ocrx_word' id='word_1_379' title='bbox 616 2157 631 2189; x_wconf 88' lang='lat' dir='ltr'>ei</span> <span class='ocrx_word' id='word_1_380' title='bbox 645 2157 760 2198; x_wconf 86' lang='lat' dir='ltr'>successisset,</span> <span class='ocrx_word' id='word_1_381' title='bbox 774 2155 832 2190; x_wconf 87' lang='lat' dir='ltr'>abbati</span> 
     </span>
     <span class='ocr_line' id='line_1_43' title="bbox 129 2207 831 2251; baseline 0 -11"><span class='ocrx_word' id='word_1_382' title='bbox 129 2214 234 2249; x_wconf 90' lang='lat' dir='ltr'>ostensurus,</span> <span class='ocrx_word' id='word_1_383' title='bbox 241 2209 257 2241; x_wconf 95' lang='lat' dir='ltr'>in</span> <span class='ocrx_word' id='word_1_384' title='bbox 264 2209 301 2251; x_wconf 90' lang='lat' dir='ltr'>ipsa</span> <span class='ocrx_word' id='word_1_385' title='bbox 306 2215 357 2242; x_wconf 93' lang='lat' dir='ltr'>nocte</span> <span class='ocrx_word' id='word_1_386' title='bbox 364 2209 408 2242; x_wconf 90' lang='lat' dir='ltr'>iusta</span> <span class='ocrx_word' id='word_1_387' title='bbox 415 2208 490 2241; x_wconf 85' lang='lat' dir='ltr'>martiris</span> <span class='ocrx_word' id='word_1_388' title='bbox 496 2207 587 2242; x_wconf 89' lang='lat' dir='ltr'>sanccione</span> <span class='ocrx_word' id='word_1_389' title='bbox 595 2208 735 2250; x_wconf 90' lang='lat' dir='ltr'>superuenientes</span> <span class='ocrx_word' id='word_1_390' title='bbox 743 2207 831 2242; x_wconf 90' lang='lat' dir='ltr'>latrunculi</span> 
     </span>
     <span class='ocr_line' id='line_1_44' title="bbox 130 2258 832 2302; baseline -0.003 -10"><span class='ocrx_word' id='word_1_391' title='bbox 130 2259 185 2302; x_wconf 91' lang='lat' dir='ltr'>spolia</span> <span class='ocrx_word' id='word_1_392' title='bbox 196 2259 249 2301; x_wconf 89' lang='lat' dir='ltr'>ipsius</span> <span class='ocrx_word' id='word_1_393' title='bbox 261 2259 366 2302; x_wconf 84' lang='lat' dir='ltr'>diripientes,</span> <span class='ocrx_word' id='word_1_394' title='bbox 377 2259 443 2292; x_wconf 89' lang='lat' dir='ltr'>litteras</span> <span class='ocrx_word' id='word_1_395' title='bbox 455 2259 509 2291; x_wconf 92' lang='lat' dir='ltr'>eciam</span> <span class='ocrx_word' id='word_1_396' title='bbox 522 2259 568 2300; x_wconf 87' lang='lat' dir='ltr'>ipsas</span> <span class='ocrx_word' id='word_1_397' title='bbox 581 2258 625 2291; x_wconf 89' lang='lat' dir='ltr'>inter</span> <span class='ocrx_word' id='word_1_398' title='bbox 637 2265 693 2292; x_wconf 91' lang='lat' dir='ltr'>cetera</span> <span class='ocrx_word' id='word_1_399' title='bbox 705 2270 763 2292; x_wconf 88' lang='lat' dir='ltr'>secum</span> <span class='ocrx_word' id='word_1_400' title='bbox 774 2269 832 2302; x_wconf 90' lang='lat' dir='ltr'>aspor-</span> 
     </span>
     <span class='ocr_line' id='line_1_45' title="bbox 129 2315 212 2342; baseline -0.024 0"><span class='ocrx_word' id='word_1_401' title='bbox 129 2315 212 2342; x_wconf 87' lang='lat' dir='ltr'>tauerunt.</span> 
     </span>
    </p>
   </div>
   <div class='ocr_carea' id='block_1_4' title="bbox 411 2386 552 2416">
    <p class='ocr_par' dir='ltr' id='par_1_4' title="bbox 411 2386 552 2416">
     <span class='ocr_line' id='line_1_46' title="bbox 411 2386 552 2416; baseline 0.007 -1"><span class='ocrx_word' id='word_1_402' title='bbox 411 2386 415 2404; x_wconf 94' lang='lat'>¹</span> <span class='ocrx_word' id='word_1_403' title='bbox 426 2386 457 2416; x_wconf 81' lang='lat' dir='ltr'>Tit.</span> <span class='ocrx_word' id='word_1_404' title='bbox 464 2386 552 2416; x_wconf 77' lang='lat' dir='ltr'>ualitudine.</span> 
     </span>
    </p>
   </div>
   <div class='ocr_carea' id='block_1_5' title="bbox 0 0 888 2803">
    <p class='ocr_par' dir='ltr' id='par_1_5' title="bbox 0 0 888 2803">
     <span class='ocr_line' id='line_1_47' title="bbox 0 0 888 2803; baseline 0 0"><span class='ocrx_word' id='word_1_405' title='bbox 0 0 888 2803; x_wconf 95' lang='lat' dir='ltr'> </span> 
     </span>
    </p>
   </div>
  </div>
 </body>
</html>
