1762 2803
93 126 138 169 250
284 113 363 166 mota
379 110 494 173 tatanus
510 110 602 173 ancta

94 233 141 267 ‘Hic
150 238 178 268 est
186 233 237 267 locus
246 244 301 277 quem
309 232 393 276 quesiui:
405 233 434 268 hic
443 232 636 275 manebo,vtseruiam
642 237 705 267 sancte
711 232 796 267 trinitati.¹

94 286 133 321 Nec
145 297 201 328 mora,
211 285 332 320 habitaculum
344 287 449 320 construxit.
473 286 543 321 Dehinc
555 296 631 320 mensus
643 291 672 320 est
682 285 795 319 cimiterium.

94 340 135 382 Quo
147 350 222 374 emenso
233 339 314 373 fundauit
325 340 343 373 in
354 340 424 373 honore
435 345 498 375 sancte
507 345 525 373 et
534 339 628 373 indiuidue
640 338 725 373 trinitatis
737 344 796 373 orato-

94 394 147 427 rium.
193 386 324 427 Perseuerauit
342 392 397 435 igitur
412 392 431 426 in
446 393 480 426 hoc
495 393 534 426 loco
549 393 584 426 deo
599 392 676 426 dilectus
694 392 796 435 Cungarus,

78 451 86 482 5
95 445 168 478 indutus
179 444 242 485 cilicio,
252 444 308 477 vitam
318 446 387 478 ducens
396 445 582 489 irreprehensibilem,
592 445 611 478 in
621 444 693 478 ieiuniis
701 450 719 478 et
727 445 797 478 crebris

95 496 212 540 orationibus,
230 497 270 531 sine
286 496 423 541 impedimento.
450 497 506 532 Omni
521 497 566 532 hora
581 497 669 532 matutina
686 497 763 533 intrabat
778 497 797 531 in

94 551 178 595 frigidam
193 562 264 595 aquam,
279 550 304 585 ibi
322 561 434 596 permanens
450 552 509 586 donec
525 551 626 586 orationem
641 550 752 586 dominicam
768 556 797 585 ter

95 604 198 649 repetisset.
221 604 252 638 Sic
262 603 322 648 itaque
333 603 434 647 frigescens
443 604 466 637 de
474 615 529 638 amne
541 615 660 647 consurgens,
671 605 798 638 reuertebatur

94 659 117 691 ad
130 656 231 698 ecclesiam,
243 656 320 700 vigilans
332 662 350 691 et
363 667 442 691 exorans
457 657 524 691 summi
539 657 627 691 creatoris
639 657 797 700 omnipotentiam.

69 717 87 738 1⁰
96 711 149 744 Nona
157 715 219 744 autem
226 710 272 744 hora
279 710 362 745 Vtebatur
372 711 461 744 ordeaceo
471 721 526 753 pane,
534 721 628 754 nunquam
636 709 716 754 fungens
723 709 798 744 ferculis

95 763 125 797 vel
140 762 239 796 saturitate.
262 762 332 796 Macies
346 767 430 796 tenuerat
445 773 512 805 corpus
528 763 568 796 eius
583 768 678 805 pertenue,
692 762 717 796 ita
731 767 750 797 vt
766 762 798 806 qui

95 826 139 849 eum
146 815 229 848 viderant
237 814 319 849 dicerent
330 814 382 848 illum
393 814 499 858 languidum
508 825 550 849 esse
557 820 588 848 aut
596 814 734 849 febricitantem.
756 815 799 849 Vita

95 868 202 902 heremitica
213 873 251 902 erat
263 868 280 902 ei
291 867 402 910 dulcissima,
414 867 507 902 estimanti
518 864 606 901 imitanda
615 867 665 901 Pauli
677 867 733 912 primi
744 867 798 902 here-

97 922 141 956 mite
152 926 170 957 et
180 921 257 955 Antonii
264 921 346 965 vestigia.
392 914 445 956 Istud
456 920 537 964 primum
548 921 655 956 miraculum
665 926 760 965 peractum
770 926 800 955 est

71 984 88 1014 15
97 985 132 1018 per
147 974 227 1008 diuinam
242 974 358 1008 clementiam
370 985 381 1009 a
394 974 493 1008 iustissimo
509 974 604 1018 Cungaro:
620 974 669 1008 Loca
683 974 766 1018 aquatica
780 980 799 1008 et

97 1027 198 1062 arundinea
209 1037 245 1071 que
258 1032 321 1062 essent
334 1027 381 1061 circa
394 1027 483 1062 culturam
495 1038 552 1069 suam,
564 1032 608 1062 tunc
620 1027 689 1061 nullam
702 1026 798 1061 vtilitatem

97 1079 198 1123 prebentia,
209 1091 299 1114 conuersa
310 1085 353 1114 sunt
364 1080 382 1114 in
394 1091 469 1124 campos
481 1080 537 1114 cultui
548 1079 654 1123 aptissimos
668 1091 689 1114 ac
702 1080 721 1114 in
735 1080 800 1114 florida

97 1138 155 1176 prata.
178 1132 219 1166 Hoc
234 1133 295 1166 audito
311 1132 403 1175 miraculo,
416 1132 497 1175 vndique
512 1143 546 1176 per
561 1132 648 1176 Angliam
663 1138 681 1166 et
696 1132 751 1167 etiam
766 1143 800 1176 per

96 1186 202 1219 uniuersam
211 1185 324 1219 Britanniam
332 1196 374 1220 cum
382 1185 450 1219 eximia
457 1185 562 1219 reuerentia
572 1184 712 1229 magnificabant
722 1185 800 1220 electum

70 1247 89 1267 20
98 1238 127 1272 dei
141 1238 241 1281 famulum3
256 1238 298 1272 talia
312 1238 388 1272 dicendo
402 1237 421 1270 in
433 1238 506 1271 laudem
520 1237 560 1272 eius
572 1243 590 1271 et
602 1239 702 1273 honorem:
716 1238 801 1272 Laudant

97 1290 184 1334 indigene
196 1290 285 1325 dicendo:
298 1291 392 1325 ‘videmus
406 1295 469 1333 aperte
483 1291 562 1333 Campos
574 1302 616 1325 cum
627 1290 689 1334 pratis,
701 1290 731 1325 vbi
743 1290 801 1325 creuit

98 1345 168 1379 arundo
177 1344 274 1388 palustris)
319 1336 424 1378 Transacto
433 1343 464 1377 tali
474 1354 495 1378 ac
506 1349 556 1378 tanto
566 1343 658 1386 miraculo,
667 1345 710 1378 dum
721 1345 801 1388 quodam

98 1397 128 1431 die
136 1401 193 1432 staret
201 1396 361 1432 reuerentissimus
370 1397 464 1441 Congarus
472 1397 491 1431 in
499 1397 587 1432 cimiterio
598 1397 669 1432 clericis
677 1398 716 1432 suis
724 1398 801 1432 circum-

99 1451 193 1493 stantibus,
204 1450 274 1495 optauit
285 1450 310 1485 ibi
319 1456 410 1486 cresceret
419 1455 478 1494 taxus
491 1456 510 1485 vt
522 1451 575 1485 fieret
586 1451 712 1486 vmbraculum
726 1456 802 1496 propter

72 1512 90 1543 25
99 1504 179 1539 calorem
194 1503 278 1545 esttuum,
293 1514 314 1537 ac
329 1514 422 1537 ramorum
437 1503 541 1537 dilatatione
557 1504 673 1538 decoraretur
688 1504 801 1538 cimiterium.

101 1556 149 1589 Dum
165 1555 219 1598 igitur
232 1555 274 1589 talia
287 1561 362 1598 optaret,
376 1555 461 1589 baculum
476 1556 499 1589 de
514 1556 579 1589 arbore
594 1561 636 1590 taxo
652 1557 720 1590 sactum
735 1561 802 1591 tenens

100 1607 119 1641 in
128 1607 212 1641 manibus
222 1607 279 1641 affixit
286 1607 305 1640 in
314 1612 388 1648 terram,
398 1618 432 1641 nec
443 1608 536 1641 retrahere
545 1607 608 1651 potuit.
632 1607 667 1649 Qui
675 1607 704 1642 die
713 1607 802 1651 sequenti,

101 1661 170 1694 cunctis
183 1660 207 1693 ibi
219 1661 319 1694 astantibus
332 1666 350 1693 et
361 1659 470 1702 videntibus,
481 1660 571 1702 fronduit;
585 1666 649 1703 postea
661 1659 769 1694 latissimam
783 1660 803 1693 in

101 1714 187 1749 arborem
202 1712 265 1755 creuit,
278 1717 296 1747 et
309 1713 411 1747 secundum
426 1712 533 1757 petitionem
546 1717 565 1746 et
578 1712 690 1747 desiderium
703 1711 803 1747 beatissimi

74 1765 181 1810 30Cungari
196 1766 321 1800 vmbraculum
336 1765 406 1800 clericis
422 1775 443 1800 ac
459 1765 527 1810 populo
541 1776 575 1810 pro
591 1766 663 1800 feruore
678 1765 749 1800 estiuali
765 1766 803 1800 suit.

101 1820 154 1854 Vnde
168 1819 236 1853 dictum
251 1825 290 1854 est:
305 1820 378 1854 ‘Taxus
391 1821 443 1854 adest
455 1819 524 1862 viridis,
538 1831 575 1854 non
591 1819 642 1854 arida
657 1831 692 1854 nec
708 1820 803 1854 manualis.

101 1873 154 1916 Quod
166 1872 224 1907 fuerat
235 1877 302 1915 sutum,
313 1872 385 1907 frondet
397 1872 480 1908 mirabile
491 1872 572 1916 lignum.r
618 1866 715 1907 Reuelatis
723 1873 804 1917 vndique

100 1931 118 1960 et
134 1925 254 1969 promulgatis
268 1926 334 1960 talibus
349 1925 448 1968 miraculis,
462 1926 501 1967 Ina,
516 1936 550 1959 rex
563 1925 667 1970 Anglorum
682 1926 803 1969 largissimus,

101 1977 176 2022 largitus
187 1982 215 2011 est
225 1977 326 2012 venerabili
337 1978 421 2022 Cungaro
434 1983 492 2012 totum
504 1977 616 2012 territorium
627 1977 685 2012 libere
696 1978 744 2012 circa
754 1979 803 2012 Cun-

74 2031 209 2075 35gresbiriam
228 2031 294 2073 situm;
311 2030 433 2075 promisitque
451 2032 500 2074 quod
516 2030 596 2074 ipsemet
612 2030 629 2064 ei
645 2031 735 2074 refugium
754 2036 804 2065 esset

101 2082 216 2117 immolatum
222 2082 234 2125 ¹,
242 2093 266 2115 ne
274 2082 386 2117 orationibus
395 2082 434 2117 suis
440 2083 566 2126 impediretur,
572 2082 659 2126 quamdiu
665 2083 706 2126 ipse
713 2088 804 2126 regnaret,

102 2136 182 2180 aregali
195 2136 272 2170 tumultu
285 2136 369 2170 militum.
392 2137 444 2170 ldem
458 2142 519 2170 autem
534 2135 567 2169 lna
581 2146 615 2170 rex
629 2141 673 2179 post
687 2134 805 2170 donationem

102 2188 202 2233 supradicti
220 2188 306 2223 territorii
321 2188 378 2224 noluit
393 2188 482 2234 deinceps
499 2190 559 2224 locum
574 2188 611 2224 iam
626 2193 690 2224 sancto
709 2190 771 2224 datum
787 2194 805 2224 et

102 2252 210 2277 concessum
226 2241 305 2284 visitare,
319 2253 342 2277 ne
357 2242 457 2278 venerabili
473 2242 558 2287 Cungaro
572 2242 675 2277 molestiam
691 2253 715 2276 ex
730 2253 806 2276 accessu

74 2305 95 2336 40
102 2295 161 2341 ipsius
176 2301 279 2340 generaret.
302 2296 338 2331 His
353 2297 428 2340 quidem
445 2296 529 2341 peractis,
545 2295 601 2331 ceteri
618 2306 672 2340 reges
688 2305 806 2330 successores

103 2350 186 2384 eiusdem
194 2359 231 2382 non
239 2349 279 2383 ausi
287 2355 330 2383 sunt
337 2349 416 2391 visitare,
425 2360 459 2384 nec
467 2350 522 2383 etiam
528 2349 597 2392 videre,
605 2349 672 2390 locum,
681 2359 704 2382 ex
712 2348 806 2391 presentia

104 2400 183 2445 Cungari
201 2401 332 2436 venerabilem.
363 2401 383 2435 Si
402 2401 452 2436 enim
471 2401 585 2445 contingeret
603 2410 646 2434 casu
665 2404 684 2434 vt
703 2410 756 2443 reges
775 2407 806 2435 aut

104 2453 188 2487 viderent
203 2459 233 2487 aut
244 2453 340 2488 visitarent
352 2464 363 2488 a
375 2455 429 2488 beato
442 2455 526 2498 Cungaro
538 2454 632 2494 incultum,
648 2458 678 2487 aut
693 2452 775 2496 grauiter
788 2459 806 2487 et

105 2504 190 2539 continuo
206 2505 306 2550 inciperent
320 2507 415 2549 infirmari,
427 2511 458 2542 aut
471 2507 511 2541 viso
523 2507 563 2542 loco
578 2516 616 2540 non
631 2505 721 2540 haberent
732 2505 805 2551 longius

393 2570 398 2605 ‚¹
408 2580 421 2600 r.
429 2570 525 2601 inuiolatum.
