1762 2803
112 117 157 167 660
231 196 232 199 Ἴ
375 107 498 181 aromata
516 122 547 166 11.

112 247 152 287 iam,
167 253 185 280 vt
199 246 251 288 prius,
265 245 336 277 latibula
350 248 407 286 captat
423 254 455 277 nec
467 245 518 277 celari
534 250 614 286 satagens
627 246 704 287 publicos
720 254 813 282 conuentus

113 297 188 330 deuitat:
200 302 225 328 set
233 296 280 328 fama
287 299 391 337 preconante
399 295 421 327 de
428 294 471 327 vicis
482 295 578 338 quibusque
590 306 621 337 per
628 295 694 328 itineris
702 297 787 330 tramitem
796 298 813 332 in

113 356 203 379 occursum
210 345 246 378 eius
258 350 358 386 proruentes
368 354 407 377 cum
418 344 482 385 ingenti
493 345 556 386 gaudio
568 344 615 377 illum
624 345 715 386 deducunt,
728 356 748 378 ac
758 347 812 388 prius-

112 406 164 438 quam
172 396 295 436 subsequentes
302 394 383 426 recedant
393 394 415 426 ab
426 394 555 427 occursantibus
567 394 651 436 recipitur.
675 396 752 437 Cumque
760 403 813 431 cater-

96 447 166 485 5uatim
178 444 247 489 agmina
258 444 352 477 succedunt
362 444 460 486 agminibus
471 444 586 478 nundinarum
598 445 657 485 instar,
665 446 749 480 consertis
760 449 813 483 turbis

112 497 140 530 via
156 497 272 538 constipatum
291 496 352 538 quibus
367 501 425 528 autem
440 496 537 538 prompcior
552 496 606 528 inerat
621 496 698 537 deuocio,
714 497 742 530 alii
758 498 814 533 diruta

112 548 192 589 poncium
200 547 312 585 lnnouabant,
318 546 347 577 alii
355 546 433 578 sentibus
440 546 503 578 euulsis
512 546 572 578 callem
578 546 682 586 leuigabant.
699 547 718 578 ln
727 548 813 582 redeundo

112 608 181 640 quoque
199 598 221 629 de
238 595 338 635 Londoniis‚
354 596 412 627 multis
428 596 517 637 signorum
533 595 586 627 radiis
604 606 635 637 per
653 595 699 627 viam
714 598 813 630 tenebrosas

113 648 202 680 hominum
214 653 280 678 mentes
291 646 392 685 illustrabat,
404 652 421 678 et
433 645 503 677 infirmis
514 645 591 687 graciam
603 645 697 677 sanitatum
708 645 814 689 aliorumque

88 708 105 728 ιο
114 708 134 730 co
140 697 259 740 n[m]odorum
268 694 367 729 affinencius
378 696 486 737 procurabat.
511 696 557 728 Inter
568 705 611 737 quos
619 695 706 737 quendam
714 695 813 737 languidum

114 750 160 791 apud
169 746 312 789 Stapi1f01·de‚qui
319 757 358 778 eum
365 745 440 787 hospicio
447 745 515 787 recepit,
522 756 533 777 a
541 745 606 778 diutino
615 745 684 787 langore
691 747 762 780 curabat
769 757 773 787 ;
786 748 813 790 qui

114 799 182 840 quidem
194 798 275 836 infirmus,
283 796 327 828 illius
339 797 379 828 ville
390 796 475 835 dominus,
484 806 514 837 pro
526 796 599 828 sanitate
610 796 629 828 in
640 796 676 828 eius
687 797 762 829 aduentu
774 808 813 830 con·

113 853 172 880 secuta
187 846 281 879 manerium
295 845 335 877 illud
348 850 408 877 sancto
419 846 512 877 Edmundo
524 845 571 878 dedit
582 845 713 887 imperpetuum.
736 847 814 880 Tandem

114 897 186 939 propriis
200 897 222 929 ab
235 895 321 937 alumpnis
335 894 474 928 beodricensibus
490 906 529 928 cum
543 895 589 928 omni
602 895 696 929 dcuocione
712 896 813 939 suscipitur;

90 957 105 986 »5
114 948 219 989 pristinoque
226 945 313 988 reponitur
323 945 340 978 in
350 946 393 985 loco,
401 946 429 978 vbi
438 945 470 979 deo
482 945 559 988 propicio
570 947 631 980 deuote
643 957 662 980 se
674 947 772 988 petentibus
780 959 813 982 non

114 997 180 1031 desistit
189 996 282 1038 suffragari.

152 1080 182 1111 DE
194 1084 349 1124 lnuuaauccroua
361 1084 417 1109 REGIS
429 1078 490 1109 SUANI
503 1085 540 1109 PER
552 1085 643 1110 SANCTUM
655 1079 779 1111 EDMUNDUM.

439 1147 479 1180 Nno
490 1147 513 1180 ab
524 1146 643 1181 incamacione
652 1146 717 1181 domini
726 1149 759 1181 ΜΟ.
767 1148 815 1190 xiij⁰.‚

459 1204 476 1230 et
488 1209 533 1230 anno
544 1197 592 1239 regni
601 1198 646 1239 regis
654 1198 748 1239 Anglorum
757 1199 813 1232 Ethel-

113 1248 162 1280 dredi
170 1247 241 1289 niariiij,
251 1247 321 1288 quidam
333 1248 406 1286 Suanos,
417 1259 447 1280 rex
457 1249 551 1288 Danorum,
562 1254 601 1289 post
612 1248 701 1280 innumera
712 1254 729 1280 et
741 1249 815 1281 crudelia

87 1309 106 1330 zo
113 1298 159 1331 mala
172 1297 232 1340 quein
244 1297 306 1338 Anglia
318 1303 335 1330 ct
348 1297 365 1330 ln
377 1298 414 1331 aliis
427 1298 475 1331 terris
488 1299 588 1339 perdecem
600 1309 654 1331 annos
666 1304 743 1340 gesserat
754 1299 814 1332 iterum

114 1347 199 1389 ingressus
211 1346 296 1386 Angfiam,
307 1346 341 1378 suis
352 1346 427 1379 edictum
438 1347 495 1389 posuit
506 1352 524 1379 vt
534 1358 584 1389 agros
594 1347 708 1388 deuastarent,
718 1348 766 1381 villas
775 1359 814 1381 con-

113 1401 213 1434 cremarent,
221 1396 302 1428 ecclesias
311 1396 407 1437 spoliarent,
416 1397 501 1429 masculos
512 1396 612 1438 iugularent,
621 1403 647 1429 set
657 1398 729 1430 feminas
737 1399 760 1430 ad
768 1410 815 1430 suam

113 1446 201 1480 libidinem
210 1446 311 1488 explendam
323 1453 434 1480 reseruarent¹
458 1447 508 1489 Quod
517 1458 555 1480 cum
567 1448 644 1481 audisset
654 1458 683 1481 rex
694 1448 814 1489 Etheldredus,

113 1498 159 1531 nullo
174 1496 264 1530 resistendi
277 1497 347 1529 consilio
358 1497 410 1530 fretus
425 1497 550 1530 Normanniam
564 1498 620 1540 peciit,
634 1498 697 1531 cedens
711 1499 733 1531 ad
749 1504 815 1540 tempus

88 1557 105 1587 ²5
114 1548 180 1580 fortune
199 1546 269 1588 potenti.
292 1546 345 1578 Cuius
364 1548 422 1579 hostes
440 1547 520 1579 absencia
538 1547 639 1580 fidenciores
658 1547 729 1588 effecti¹,
747 1549 814 1589 plebem

114 1597 199 1638 anglicam
208 1596 274 1638 absque
284 1595 395 1628 miseracione
406 1603 519 1638 prosternunt,
528 1597 580 1628 armis
591 1597 628 1629 iura
639 1597 687 1638 regni
699 1598 814 1630 vendicantes

114 1645 194 1679 ²Interea
205 1646 273 1677 Suanus
286 1656 315 1677 rex
328 1646 424 1686 Anglorum
435 1647 536 1688 appellatus,
547 1647 618 1679 mandat
631 1653 649 1679 vt
661 1648 683 1680 ab
695 1647 741 1680 omni
753 1647 815 1689 populo

114 1696 176 1738 Anglie
184 1696 263 1739 generale
271 1695 303 1728 sibi
312 1697 418 1738 persoluatur
427 1696 514 1730 tributum.
536 1698 559 1730 Et
569 1707 608 1730 curn
617 1698 639 1731 ab
647 1697 745 1731 huiusmodi
753 1697 815 1731 tributo

114 1747 161 1779 nulla
173 1745 260 1788 prouincia
270 1746 335 1787 Angue,
347 1757 379 1780 nec
392 1753 451 1780 sancta
462 1747 531 1789 quidem
544 1748 581 1780 loca
593 1748 628 1781 fieri
641 1754 710 1790 possent
723 1748 814 1781 immunia:

87 1806 106 1833 30
114 1797 185 1837 contigit
199 1806 278 1828 censores
293 1797 315 1828 ad
328 1797 383 1828 sancti
399 1798 503 1829 descendere
516 1798 652 1830 mansiunculam
666 1799 745 1830 Beodrici
758 1799 815 1830 villam

113 1851 234 1888 nuncupatam,
243 1845 286 1878 lsibl
292 1846 332 1878 dum
338 1846 402 1879 uixerat
410 1856 514 1889 suorumque
519 1852 647 1880 antecessorum
654 1846 754 1890 reg[n]um⁴
762 1847 815 1880 orien-

113 1896 173 1929 talium
181 1909 192 1929 a
202 1896 277 1939 quodam
287 1904 304 1929 vt
315 1897 377 1930 dicitur
387 1908 427 1939 rege
438 1897 521 1930 Beodrico
531 1898 599 1940 proprie
609 1898 720 1938 nominatam,
729 1905 754 1931 set
764 1897 815 1930 modo

114 1946 214 1988 pignoribus
232 1946 307 1979 martiris
326 1947 440 1980 sacrosanctis
459 1947 560 1989 dedicatam,
577 1948 646 1990 suisque
665 1948 775 1981 seruitoribus
794 1948 815 1980 ab

115 1997 207 2030 Edmundo
215 2007 255 2038 rege
268 2003 316 2039 patre
327 1997 391 2038 Edgari
403 1998 474 2040 aliisque
482 1998 551 2039 regIbus
559 1998 621 2040 Anglie
632 1999 742 2031 concedendo
751 1997 815 2031 victua-

87 2058 105 2086 35
114 2047 151 2079 liter
162 2048 259 2086 delegatam
264 2047 275 2079 ³.
299 2048 341 2079 llluc
351 2048 388 2080 sine
393 2048 490 2080 reuerencia
495 2048 600 2090 requirentes
607 2049 652 2089 regis
658 2047 815 2089 vectigalia-quod

114 2107 164 2128 nemo
172 2096 218 2139 prius
226 2096 301 2128 audebat
308 2097 364 2128 facere
372 2108 393 2128 ex
402 2107 436 2139 quo
446 2097 487 2129 illud
498 2097 580 2139 oppidum
591 2098 650 2129 datum
661 2098 717 2129 suerat
727 2095 815 2129 memorati

115 2147 169 2180 sancti
180 2146 345 2180 ecclesie-cultores
358 2147 441 2188 territant,
452 2147 581 2190 comminantes,
595 2147 628 2181 nisi
642 2148 676 2182 cito
686 2148 732 2191 quod
743 2151 815 2190 querunt

114 2203 196 2236 annuant,
210 2207 228 2228 se
243 2197 302 2238 procul
315 2197 367 2229 dubio
383 2197 438 2239 ipsum
452 2197 534 2240 oppidum
548 2210 587 2230 cum
600 2198 691 2241 oppidanis
706 2204 815 2236 crematuros,

115 2245 168 2288 ipsius
179 2246 253 2279 martiris
263 2246 353 2279 ecclesiam
362 2247 438 2280 funditus
449 2259 545 2289 euersuros,
556 2248 626 2281 clericos
635 2248 691 2281 eciam
698 2248 750 2292 variis
760 2245 815 2280 modis

86 2309 106 2337 4⁰
115 2297 224 2329 cruciaturos.
247 2297 270 2328 At
281 2297 309 2334 illi,
320 2303 403 2338 concepta
414 2298 431 2329 in
444 2298 476 2329 deo
489 2298 557 2338 fiducia,
570 2298 654 2330 tributarii
666 2299 711 2339 regis
720 2295 816 2339 peruasoris

115 2346 151 2378 fieri
161 2351 265 2388 respuentes
274 2352 369 2387 spontanea
376 2352 417 2384 uota
425 2346 460 2388 regi
472 2357 503 2378 suo
514 2353 573 2379 sancto
586 2347 678 2380 Edmundo
689 2359 708 2380 se
719 2346 815 2379 reddituros

114 2396 221 2438 profitentur.
243 2396 293 2427 Tunc
300 2405 379 2428 censores
389 2401 437 2428 tanta
448 2405 506 2428 eorum
514 2396 573 2428 audita
585 2397 684 2429 constancia
691 2397 726 2429 vim
736 2396 816 2428 timentes

114 2445 278 2480 inferre-nimirum
286 2445 315 2488 qui
322 2445 357 2478 iam
365 2451 481 2487 cognouerant
489 2447 561 2489 qualiter
569 2453 638 2481 sanctus
646 2447 706 2481 martir
715 2447 750 2481 suis
760 2451 815 2488 patro-

114 2497 206 2537 cinetur-,
214 2495 333 2529 huiuscemodi
341 2495 438 2529 rebellionis
446 2497 594 2538 presumpcionem
600 2498 635 2539 regi
642 2498 723 2543 nunciare
730 2496 816 2529 festinant.

134 2567 246 2597 ¹MS.affecti.
287 2566 327 2597 Ἢ.
335 2568 368 2598 MS.
376 2568 441 2597 Tittol.
449 2567 480 2606 84¹¹.
521 2568 546 2587 ³·³
556 2569 584 2599 Ex.
593 2569 645 2598 Herm.
687 2569 800 2606 ¹li.regnum.

135 1173 166 1206 Ea·
176 1172 248 1206 erraticis
258 1174 275 1204 et
286 1171 376 1214 Satrapen.
