1762 2803
246 124 293 179 Dr
308 121 408 175 &anno
424 122 552 174 casian.
705 133 752 177 409

50 256 102 294 gens,
113 244 192 279 lutosam
204 248 223 279 et
233 242 322 278 lubricam
333 242 382 278 viam
391 233 493 285 declinauit,
504 241 578 287 planam
590 244 609 276 et
620 239 708 276 mundam
719 239 751 276 eli·

50 311 106 347 gens;
119 308 198 333 excusso
205 303 267 332 autem
275 306 347 340 sopore,
355 296 410 332 celeri
417 306 483 340 gressu
491 296 561 340 primos
568 294 668 341 precedere
676 294 751 329 solebat.

51 355 134 397 Cumque
145 351 224 385 famulus
236 360 278 384 eum
294 350 386 394 adaquare
398 349 429 385 vel
441 348 543 393 inequitare
555 348 635 390 deberet,
648 346 722 383 fremitu
733 352 752 382 et

50 405 99 441 vario
118 405 244 438 membrorum
263 407 313 436 motu
331 413 352 436 se
370 401 439 446 agitare
458 402 558 436 consueuit.
592 401 665 435 Mortuo
681 400 752 442 abbate,

50 467 108 503 equus
124 455 215 501 expilatus
230 455 323 498 emarcuit,
338 459 356 489 et
367 465 426 500 vsque
439 455 462 490 ad
477 453 571 490 interitum
586 452 693 498 elanguens,
707 452 770 492 nullis

51 510 102 556 operi
110 515 163 555 aptus
171 509 210 544 suit.
255 501 333 544 Electus
344 513 405 543 autem
413 508 436 543 ad
443 506 569 553 episcopatum
578 507 641 543 Sancti
648 506 725 542 Andree
732 505 752 542 in

51 564 117 606 Scotia,
130 568 148 597 et
164 561 268 597 consentire
281 572 374 604 recusans,
387 561 444 597 dixit:
462 560 569 606 ‘Expoliaui
582 571 613 595 me
625 559 686 595 tunica
699 569 752 595 mea:

50 616 141 662 quomodo
149 615 224 650 induam
232 614 294 650 illam?
317 614 362 650 Laui
369 615 428 660 pedes
438 624 501 650 meos:
513 613 560 650 absit
567 619 587 650 vt
597 613 664 650 iterum
675 612 753 659 puluere

50 670 138 706 secularis
150 668 270 703 solicitudinis
281 669 375 714 inquinem
389 671 432 704 eos!
476 662 532 705 Duos
544 668 643 713 ydropicus
657 673 705 702 tactu
718 677 753 702 suo

51 728 114 758 sancto
125 727 144 756 et
155 721 237 756 oratione
248 722 324 756 sanauit.
374 714 484 758 Conuersus
495 721 576 766 quidam,
589 726 630 755 actu
641 724 660 755 et
670 719 753 755 moribus
762 731 781 755 ιο

50 777 167 821 ¹peruersus,
178 779 196 809 et
205 774 274 810 viribus
286 774 368 820 corporis
378 775 471 818 robustus,
478 774 523 810 vidit
535 774 554 809 in
565 773 649 819 sompnis
660 773 753 819 quendam

50 833 120 864 statura
127 833 145 863 et
153 828 203 863 vultu
216 827 323 871 terribilem,
331 828 362 873 qui
373 839 435 863 mores
445 827 486 863 eius
494 826 598 871 increpans,
606 832 626 861 et
635 837 702 861 manus
713 826 753 861 eius

51 887 69 917 et
83 887 143 916 cetera
158 881 241 917 membra
256 880 358 916 frustatim²
367 881 459 925 scindens,
470 880 489 916 in
504 880 610 926 sportellam
625 890 681 926 quam
695 880 753 926 gessit

50 935 111 979 posuit
123 940 141 969 et
153 934 201 969 abiit.
224 934 247 969 Et
259 946 302 969 ecce
313 935 387 969 obuium
401 935 464 969 habuit
477 935 537 969 virum
547 934 651 978 preclarum
662 939 680 967 et
691 934 754 977 splen·

51 986 119 1029 didum,
127 986 158 1030 qui
169 986 251 1032 precepit
261 992 281 1022 vt
292 987 375 1022 membra
385 986 474 1022 membris
485 992 578 1032 coaptaret
589 991 608 1021 ct
618 986 713 1021 hominem
725 985 754 1021 in·
762 996 780 1029 ¹⁵

51 1046 123 1085 regrum
133 1040 225 1084 redderet,
232 1051 255 1076 eo
267 1041 316 1086 quod
327 1040 435 1077 Walleuus³
447 1040 466 1076 in
477 1040 523 1076 hora
533 1040 565 1075 illa
575 1051 610 1085 pro
620 1039 706 1075 omnibus
717 1039 753 1075 sibi

51 1092 154 1128 commissis
170 1095 246 1128 deuotas
260 1094 335 1129 domino
350 1104 416 1138 preces
430 1094 512 1130 fudisset.
535 1093 569 1128 lilo
582 1104 627 1129 vero
642 1093 666 1128 ad
684 1098 752 1128 statum

51 1146 148 1191 pristinum
163 1147 252 1190 restituto,
268 1157 330 1182 mores
344 1157 461 1193 componere,
472 1146 528 1182 vitam
544 1147 568 1182 de
582 1151 644 1182 cetero
659 1145 752 1191 corrigere

51 1200 164 1243 admonetur,
172 1205 191 1235 et
201 1201 225 1236 ad
236 1201 291 1236 deum
301 1205 414 1236 conuertere.
458 1192 513 1237 Obiit
520 1205 581 1235 autem
588 1199 617 1236 vir
624 1199 693 1235 domini
700 1199 753 1234 Wal-

51 1253 103 1287 leuus
116 1263 165 1287 anno
178 1253 248 1288 domini
262 1254 359 1289 millesimo
372 1254 473 1289 centesimo
486 1253 607 1298 sexagesimo,
620 1252 674 1288 tertio
689 1252 753 1288 Nonas
762 1264 781 1286 ao

51 1304 127 1349 augusti,
134 1311 153 1338 et
160 1306 210 1341 celos
219 1306 341 1341 conscendit
375 1300 485 1342 Conuersus
493 1305 565 1350 quidam
569 1305 582 1347 ⁸,
590 1316 601 1341 a
608 1305 685 1340 sathana
693 1309 753 1349 temp·

51 1363 98 1393 tatus
106 1357 125 1393 in
133 1363 204 1394 tantum
211 1359 295 1405 desipuit,
303 1364 322 1395 vt
332 1359 394 1394 lumen
404 1358 480 1395 rationis
490 1370 538 1405 pene
545 1360 631 1405 perderet
639 1364 657 1395 et
664 1358 753 1395 iudaicam

51 1417 120 1446 sectam
131 1413 204 1447 veritati
215 1414 303 1449 catholice
316 1414 408 1449 credendo
421 1414 523 1458 preierret;
541 1414 616 1449 demum
628 1412 697 1448 nullam
708 1412 754 1447 alte·

52 1474 91 1499 ram
98 1465 154 1500 vitam
166 1466 201 1501 nisi
211 1473 318 1511 presentem
329 1466 411 1508 credidit,
419 1472 438 1502 et
448 1467 497 1511 quod
507 1468 531 1502 de
541 1466 595 1512 penis
603 1467 724 1510 reproborum
736 1472 754 1501 et

52 1517 123 1561 gaudiis
133 1518 221 1554 iustorum
233 1519 323 1564 scriptura
334 1525 397 1554 sancta
408 1519 492 1564 loquitur,
503 1518 558 1554 inane
569 1518 666 1564 reputauit.
689 1518 711 1553 Iu
722 1518 754 1553 tali
764 1529 782 1561 ¹⁵

53 1579 115 1605 errore
130 1571 227 1617 septennio
242 1573 276 1608 sub
291 1572 352 1608 habitu
367 1572 461 1617 religionis
475 1572 546 1615 vinens,
561 1571 638 1617 singulis
653 1571 718 1606 diebus
732 1582 754 1607 ac

52 1623 135 1659 noctibus
148 1625 172 1660 ad
187 1625 269 1661 seculum
281 1625 347 1669 redire,
362 1632 381 1661 et
396 1625 435 1662 dies
450 1636 494 1662 suos
508 1625 527 1662 in
542 1625 611 1662 malum
626 1636 755 1662 consummare

52 1675 145 1720 disposuit
168 1679 252 1722 Quadam
261 1691 305 1725 ergo
316 1680 394 1715 meridie
405 1680 424 1715 in
433 1680 480 1715 lecto
488 1679 591 1724 quiescens,
598 1679 643 1715 vidit
650 1680 697 1715 duos
704 1679 754 1715 viros

52 1731 145 1773 preclaros
159 1731 220 1776 ipsum
236 1732 397 1778 apprehendentes
414 1733 492 1768 dextera
506 1733 558 1768 etin
573 1733 665 1779 quendam
679 1733 753 1769 hortum

51 1781 182 1819 viridissimum
195 1792 308 1828 vernantem,
320 1787 437 1827 odoriferum,
452 1786 558 1829 florigerum
574 1792 593 1820 et
607 1787 652 1820 satis
667 1797 753 1821 amenum
762 1795 783 1825 30

52 1833 183 1881 inducentes⁸3
199 1838 225 1871 illi
236 1848 280 1872 vero
290 1837 330 1873 eius
340 1838 479 1874 infidelitatem⁷
488 1838 635 1884 improperantes
640 1840 651 1882 ³,
659 1844 678 1873 et
688 1849 754 1883 aspera

52 1891 70 1921 et
81 1899 144 1924 amara
155 1902 176 1925 se
186 1890 290 1927 meruisse⁹
301 1892 413 1927 asserebant.
436 1891 520 1938 Cumque
527 1892 676 1938 circumspiceret
683 1892 699 1928 si
707 1892 754 1929 iorte

53 1940 69 1975 ei
84 1943 171 1979 auxilium
186 1950 217 1980 aut
232 1945 318 1981 solatium
332 1946 443 1991 proueniret,
456 1945 501 1981 vidit
515 1946 600 1981 abbatem
613 1945 719 1981 Walleuum
734 1946 754 1982 in

53 1995 140 2031 eminenti
148 1999 188 2032 loco
195 2003 213 2033 et
221 1999 315 2044 perlucido
322 2000 424 2041 sedentem,
430 2009 472 2034 cum
480 2009 547 2044 magua
554 2000 608 2034 turba
615 2000 754 2036 candidatorum

53 2047 180 2086 circumstante
195 2058 214 2086 et
228 2053 310 2085 sedente.
331 2053 428 2086 Adductus
444 2051 475 2087 ille
491 2052 510 2086 in
529 2058 628 2096 conspectu
644 2052 721 2095 abbatis,
735 2059 754 2089 et
763 2061 782 2093 35

53 2101 131 2144 pedibus
144 2104 183 2140 eius
199 2110 307 2149 prostratus,
320 2105 393 2140 veniam
407 2104 463 2150 petiit.
486 2104 510 2139 Et
521 2104 545 2140 ait
556 2104 586 2140 vir
598 2104 639 2140 dei:
656 2106 721 2149 ‘Quod
735 2106 756 2141 in

53 2156 112 2190 cordis
124 2162 194 2192 secreto
206 2158 237 2194 diu
248 2157 346 2201 occultasti,
358 2169 407 2193 nune
418 2157 437 2193 in
448 2157 520 2203 publico
531 2158 653 2194 reuelabitur!
676 2159 700 2195 Et
711 2161 755 2196 duc-

52 2207 121 2244 toribus
133 2211 173 2245 eius
183 2210 253 2256 inquit:
270 2212 332 2248 ‘Sicut
343 2211 449 2257 promeruit,
461 2218 501 2247 rote
512 2212 593 2248 versatili
603 2212 713 2258 imponatur,
723 2215 755 2249 vbi

53 2259 122 2297 similes
132 2264 167 2298 sibi
174 2265 187 2285 ¹⁰
194 2271 237 2300 sunt
247 2265 364 2310 imponendi,
377 2265 443 2300 deinde
454 2266 530 2301 ducatur
537 2266 561 2300 ad
571 2265 611 2301 loca
619 2266 698 2311 penalia,
705 2267 755 2302 vbin

53 2313 110 2349 discat
118 2322 185 2361 quanta
192 2318 216 2352 sit
222 2319 271 2353 inter
277 2329 319 2353 reos
327 2323 345 2354 et
351 2319 409 2354 iustos
416 2318 512 2354 distantia-¹
529 2318 650 2363 Imponitur¹²
657 2329 702 2364 ergo
710 2324 755 2364 rote,
763 2329 784 2362 40

54 2367 104 2403 cuius
112 2375 181 2405 statura
188 2376 207 2407 et
218 2371 294 2407 altitudo
304 2378 343 2408 erat
353 2371 445 2407 horribilis
452 2371 511 2416 valde,
519 2371 558 2407 eius
567 2372 663 2408 summitas
674 2374 729 2419 celos,
737 2380 756 2411 et

72 2467 78 2485 ¹
88 2469 106 2501 E.
115 2475 131 2502 et
138 2481 153 2510 p.
224 2472 231 2491 ²
241 2473 260 2505 E.
267 2473 358 2504 frustratim.
424 2475 431 2494 ⁸
441 2472 459 2505 E.
466 2472 555 2504 Wallenus.
622 2473 627 2492 ¹
638 2474 658 2506 E.
665 2476 754 2508 contendit.

52 2506 58 2525 ⁵
68 2507 170 2543 Vit.n0mine
176 2512 262 2545 Walterus.
318 2515 324 2533 ⁸
334 2524 365 2544 om.
371 2514 387 2545 in
394 2514 413 2547 T.
466 2513 473 2532 ¹
484 2514 502 2544 E.
508 2514 619 2545 infelicitatem.
673 2515 720 2546 'vit
727 2515 755 2546 inr-

53 2552 165 2626 ffiffigant
214 2553 220 2571 ⁸
230 2553 262 2584 Vlt.
269 2553 315 2583 seilli
321 2553 397 2583 illaturos.
448 2553 460 2571 ¹⁰
469 2553 490 2583 al.
498 2552 528 2582 sui.
582 2555 593 2572 ¹¹
603 2553 634 2583 Vit.
641 2558 663 2584 vt.
713 2555 725 2615 ’ᾗ
735 2555 753 2585 E.
