1762 2803
270 108 315 163 be
330 105 430 158 &ancta
446 102 586 156 bonifatio.
738 119 763 148 12
768 118 780 161 3

76 233 95 261 vt
110 234 187 271 patrem.
208 229 268 263 Tanta
280 228 299 262 in
309 238 331 261 eo
340 226 436 261 affabilitas
447 236 491 270 erga
501 226 572 267 fratres,
583 230 602 259 et
614 225 687 259 celestis
699 224 781 258 doctrine

76 283 167 316 succreuit
181 283 293 326 magnitudo,
306 285 327 315 vt
338 290 413 315 rumore
425 284 488 314 sancte
501 278 633 314 exhortationis
646 277 686 313 eius
699 277 781 312 crebres-

76 339 134 378 cente,
149 334 198 370 lama
213 337 252 369 eius
267 345 301 379 per
316 333 426 368 monasteria
439 344 511 377 queque
526 332 666 367 diffundebatur.
690 330 781 365 Diuitibus

77 387 125 420 enim
141 399 161 422 ac
176 388 288 431 potentibus,
303 387 402 431 liberisque
417 397 438 420 ac
453 386 512 420 seruis
524 386 608 430 equalem
620 390 683 420 sancte
696 385 781 419 exhorta·

76 439 131 475 tionis
146 441 228 476 exhibuit
243 440 368 486 disciplinam
387 444 406 474 vt
421 450 455 474 nec
471 438 537 474 diuites
553 438 645 474 adulando
663 438 798 480 demulceret,5

76 504 111 528 nec
133 505 198 529 seruos
219 494 249 529 vel
271 495 338 529 liberos
361 494 417 527 nimia
439 492 552 527 districtione
573 497 663 537 grauaret.
697 491 781 525 Tandem

76 546 175 580 deliberato
194 547 293 591 proposito,
308 548 331 580 ad
349 546 493 580 conuertendam
511 545 555 578 fidei
571 544 670 579 christiane
691 554 781 588 paganam

76 604 157 642 gentem,
169 606 242 634 exteras
256 605 319 644 petere
333 599 424 643 regiones,
436 599 468 633 vix
482 598 506 632 ab
518 598 583 633 abbate
596 598 693 642 impetrata
703 595 782 638 licentia,

76 652 162 686 decreuit.
200 653 238 687 Sed
259 653 344 698 quoniam
367 652 418 696 graui
444 652 542 695 ingruente
567 661 680 694 paganorum
706 650 781 693 impetu,

77 704 147 738 hostilis
166 711 230 740 exorta
248 706 337 740 dissentio
359 704 407 739 inter
427 704 512 738 Carolum
537 703 649 737 Francorum
675 703 746 744 ducem,
763 708 781 737 et
791 712 809 732 10

77 757 187 792 Radhodum
204 769 267 804 regem
287 758 390 800 Frisonum,
408 757 487 801 populos
506 767 530 791 ex
545 762 622 800 viraque
640 761 693 800 pane
711 761 782 799 pertur-

77 810 135 852 babat,
149 812 265 855 maximaque
280 811 317 844 iam
334 821 378 854 pars
393 809 512 844 eeclesiarum
529 809 597 843 Christi
616 820 652 852 que
669 809 781 842 Francorum

76 862 128 906 prius
150 863 169 897 in
195 863 253 898 Frisia
272 863 353 898 subiecto
376 867 428 897 erant
454 861 536 907 imperio,
560 861 644 896 Radhodi
664 861 782 896 incumbente

77 917 204 959 persecutione
219 928 240 951 ac
255 927 351 951 seruorum
367 916 396 951 dei
413 915 460 950 iacta
476 915 601 960 expulsione¹,
616 920 686 950 vastata
704 920 743 949 erat
761 926 782 949 ac

76 969 174 1011 destructa,
189 970 315 1013 idolorumque
330 969 400 1003 cultura
415 968 503 1003 extructis
519 969 637 1002 delubrorum
651 968 717 1012 phanis
730 967 782 1012 lugu·
792 976 809 1006 15

77 1021 133 1055 briter
157 1027 242 1056 reuocata
268 1022 318 1056 estl:
341 1021 393 1056 Tunc
415 1022 443 1055 vir
466 1021 496 1055 dei
521 1020 625 1055 Bonisacius
656 1031 697 1055 cum
724 1021 783 1054 tribus

76 1073 162 1109 fratribus
184 1075 231 1109 mari
253 1068 335 1116 transito,
358 1080 456 1119 perspecta
476 1073 602 1118 peruersitatis
619 1074 703 1118 nequicia
719 1084 782 1118 regem

78 1126 187 1160 Radhodum
208 1127 297 1161 allocutus
316 1132 349 1162 est.
383 1126 407 1161 Et
428 1128 471 1161 dum
494 1127 575 1162 sterilem
596 1126 694 1162 Frisonum
714 1132 782 1162 terram

76 1180 185 1213 inhabitaret
200 1186 219 1214 et
230 1181 308 1214 verbum
326 1180 395 1214 domini
411 1180 479 1224 vbique
494 1180 599 1221 seminaret,
615 1180 710 1214 interiecto
725 1191 783 1224 paruo

76 1237 160 1275 tempore
178 1243 219 1266 cum
234 1233 273 1267 suis
287 1232 342 1267 sociis
357 1232 411 1267 rediit
426 1234 449 1266 ad
463 1233 593 1267 monasterium
606 1243 666 1267 suum.
693 1232 811 1276 Sequentia>

77 1295 120 1318 vero
133 1295 181 1319 anno
193 1285 216 1320 ab
231 1285 342 1328 infirmitate,
358 1296 394 1330 qua
411 1285 442 1319 diu
461 1286 547 1320 detentus
566 1285 630 1326 iuerat,
646 1285 783 1327 conualescens,

77 1343 95 1371 et
110 1338 196 1381 pastorali
211 1349 254 1373 cure
268 1338 373 1373 monasterii
387 1339 421 1380 sui,
436 1339 459 1373 ad
474 1349 529 1383 quam
544 1338 603 1373 luerat
618 1338 693 1379 electus,
708 1345 726 1373 et
741 1349 783 1383 pre·

77 1390 128 1424 cibus
143 1391 220 1425 fratrum
235 1402 256 1425 ac
271 1391 370 1435 lachrymis
385 1391 490 1426 nullatenus
508 1391 639 1436 adquiescens,
659 1401 701 1425 cum
718 1391 783 1426 litteris

78 1443 160 1477 Danielis
175 1444 256 1488 episcopi
275 1443 431 1478 commendaticiis
447 1445 470 1478 ad
482 1443 545 1478 limina
562 1443 686 1489 apostolorum
704 1444 754 1478 Petri
765 1450 783 1478 et

78 1496 129 1530 Pauli
144 1497 179 1531 iter
195 1508 249 1532 suum
270 1503 362 1532 maturare
381 1498 441 1542 cepit;
465 1508 533 1542 papam
553 1497 662 1541 Gregorium
681 1498 810 1538 secundum25

78 1549 126 1589 adiit,
138 1555 156 1582 et
168 1550 247 1583 ostensis
261 1550 326 1584 litteris
341 1549 380 1584 suis
395 1548 556 1591 commendaticiis,
570 1548 641 1584 itineris
656 1549 684 1583 sui
700 1549 783 1584 ordinem

78 1607 96 1635 et
111 1602 201 1637 aduentus
213 1603 328 1637 occasionem
342 1602 435 1637 humiliter
448 1613 550 1646 exponens,
562 1602 642 1646 benigne
653 1602 677 1636 ab
690 1613 712 1636 eo
727 1602 783 1636 susci-

77 1654 131 1698 pitur.
159 1655 250 1689 Sedulum
264 1654 352 1700 deinceps
367 1666 409 1690 cum
424 1667 446 1690 eo
461 1656 539 1690 habebat
554 1655 644 1690 cotidiane
656 1655 783 1700 disputationis

78 1707 198 1751 colloquium
218 1709 332 1752 receptisque
346 1719 357 1742 a
371 1719 419 1752 papa
432 1719 473 1742 cum
487 1708 614 1742 benedictione
626 1708 696 1749 litteris,
711 1709 734 1741 ad
749 1708 783 1742 im-

78 1760 195 1796 manissimos
211 1761 309 1796 Germanic
324 1762 402 1805 populos
418 1761 498 1796 directus
514 1767 552 1803 est;
568 1761 604 1803 vt³,
619 1761 686 1795 inculta
701 1761 783 1795 cordium
792 1776 812 1804 30

78 1823 127 1855 arua,
142 1814 248 1857 euangelico
262 1819 312 1848 arata
327 1824 408 1854 vomere,
423 1814 452 1848 si⁴
467 1814 597 1858 predicationis
616 1815 700 1858 recipere
718 1825 783 1848 semen

78 1865 151 1908 vellent,
172 1866 302 1901 consideraret.
335 1866 416 1902 Collecta
438 1866 457 1901 in
478 1867 529 1901 breui
548 1877 647 1901 numerosa
665 1865 782 1910 reliquiarum

78 1918 199 1962 multitudine,
218 1926 236 1954 et
255 1924 328 1964 arrepto
346 1918 417 1962 itinere,
435 1931 494 1964 vsque
512 1920 531 1953 in
550 1920 670 1963 Thuringiam
690 1919 783 1963 proiectus

79 1976 112 2005 est.
141 1971 242 2006 Senatores
256 1972 316 2016 plebis
330 1971 422 2015 totiusque
437 1972 500 2016 populi
514 1972 608 2016 principes
622 1971 684 2006 verbis
699 1972 784 2016 spiritua-

78 2023 125 2057 libus
140 2023 206 2058 affatus
220 2029 254 2066 est,
269 2035 339 2068 eosque
351 2025 374 2057 ad
387 2035 450 2059 veram
462 2024 560 2069 agnitionis
573 2025 621 2059 viam
634 2031 652 2059 et
664 2024 783 2068 intelligentie
792 2039 811 2068 35

79 2076 141 2109 lumen
160 2076 271 2120 prouocauit,
287 2087 342 2120 quam
361 2076 404 2111 olim
423 2082 471 2119 ante,
484 2078 565 2112 maxima
583 2077 674 2121 siquidem
690 2088 713 2111 ex
731 2081 784 2120 parte

79 2128 141 2171 prauis
159 2129 230 2162 seducti
248 2128 359 2171 doctoribus,
379 2129 505 2173 perdiderunt.
532 2129 571 2163 Sed
594 2135 613 2163 et
635 2129 740 2164 sacerdotes
752 2128 783 2173 qui

79 2180 175 2215 fornicaria
196 2181 313 2216 contaminati
331 2182 436 2227 pollutione,
456 2183 556 2217 castitatem
575 2181 634 2217 seruis
652 2182 682 2216 dei
698 2192 783 2216 necessa-

80 2234 125 2267 riam
140 2234 245 2276 amiserant,
259 2235 321 2269 verbis
336 2234 447 2278 euangelicis
462 2241 550 2279 quantum
565 2235 623 2279 potuit
638 2234 660 2268 ad
678 2234 783 2268 canonicam

79 2287 135 2320 vitam
153 2287 238 2329 correxit,
253 2287 346 2320 admonuit
365 2292 420 2331 atque
438 2287 529 2321 instruxit.
558 2287 626 2321 Audita
644 2291 705 2321 autem
724 2293 784 2321 morte
792 2301 813 2330 4⁰

81 2338 165 2374 Radbodi
176 2339 225 2383 regis
237 2339 252 2374 F
253 2340 341 2382 risonum,
352 2339 437 2374 Carolum
449 2351 512 2384 regem
526 2339 607 2382 Francie,
619 2345 662 2374 tuno
677 2339 785 2375 Frisonibus

80 2392 206 2435 imperantem,
218 2392 270 2435 adiit;
290 2393 357 2427 deinde
369 2404 404 2438 per
416 2398 454 2427 tres
469 2404 528 2427 annos
543 2393 600 2427 sactus
615 2399 643 2428 est
660 2393 719 2429 sancti
737 2393 784 2429 Wil-

80 2445 160 2480 lebrordi
175 2445 308 2491 archiepiscopi
323 2451 430 2491 cooperator
441 2447 538 2481 assiduus:
557 2451 575 2481 et
587 2446 664 2481 multum
676 2447 696 2481 in
711 2446 785 2481 Christo

80 2497 193 2539 roboratus⁶‚
215 2508 253 2532 non
276 2511 353 2542 paruum
371 2498 445 2533 domino
463 2500 482 2533 in
500 2499 559 2533 Frisia
574 2499 669 2543 populum,
688 2500 785 2533 destruetis

90 2565 225 2604 ¹E.expulti0ne
259 2566 343 2599 ²om.est.
378 2567 482 2598 ’Vitutan
514 2566 611 2598 ⁴0m.inT.
643 2567 775 2599 ⁵·Vit.laborans.
