1762 2803
126 124 172 182 460
318 125 398 177 10000
413 122 529 186 tuumne
545 122 638 187 1100111.

204 261 219 299 il
231 253 265 295 Da
276 271 347 295 sancro
357 252 486 294 Wrnwnroao
497 271 571 294 ancara
582 271 605 294 ar
616 258 749 294 conanssonr¹.

128 334 187 413 Vir
198 333 272 379 quidam
284 334 303 369 in
315 333 410 369 Britannia
421 333 453 368 fuit
465 333 551 369 illustrisz
562 334 635 369 nomine
647 333 744 374 Fracanus,
757 330 828 367 Cotonii

189 387 239 432 regis
250 387 345 421 britannici
357 386 483 428 consobrinus,
491 387 522 431 qui
529 387 650 428 Armoricam,
659 387 690 421 vbi
700 391 742 419 tunc
751 396 828 430 opacum

128 441 187 475 adhuc
199 441 239 474 sine
249 441 300 475 clade
311 440 418 474 audiebatur
427 439 485 474 fuisse
495 445 544 474 terre
554 441 643 484 spacium,
651 449 727 474 ascensa
738 444 776 473 rate
786 448 828 472 cum

127 494 190 536 paucis
198 499 216 527 et
223 498 279 536 ponto
290 493 391 526 britannico
401 504 491 537 prospere
500 493 590 537 nauigato,
598 494 668 527 delatus
680 497 714 533 est,
724 491 743 525 in
754 496 828 535 portum

111 557 119 588 5
128 545 170 590 quia
178 545 271 579 Bracheus
280 544 350 579 dicitur.
368 545 389 578 In
398 555 434 589 qua
442 545 503 579 statim
511 546 595 590 proxima
602 555 675 590 queque
682 544 802 589 perlustrans
810 548 829 577 et

127 599 204 632 fundum
217 599 309 642 quendam
324 598 420 643 reperiens
433 609 471 632 non
483 609 566 643 paruum,
579 598 630 633 siluis
643 599 740 642 dumisque
753 597 829 631 circum-

128 657 206 696 septum,
215 663 257 687 curn
265 652 303 687 suis
312 651 380 687 ibidem
388 651 470 686 habitare
479 654 531 696 cepit.
576 645 617 687 Hic
625 652 682 686 filium
693 662 746 685 suum
754 650 829 684 nomine

127 704 270 738 Winwalloeum
283 705 355 739 cuidam
366 706 413 748 patri
426 705 515 748 spirituali
528 705 629 738 litterarum
642 704 707 738 studiis
719 704 830 736 tradendum

128 767 192 790 secum
206 757 300 790 adducens
319 758 363 790 dum
378 757 397 790 in
414 756 479 790 itinere
497 761 552 798 esset,
569 756 645 800 caligine
662 761 710 790 totus
728 755 781 799 polus
798 755 830 788 ob·

103 821 121 841 10
129 811 213 852 uoluitur,
221 815 271 843 terra
280 810 342 844 tremit
348 811 360 853 ⁴,
368 821 400 844 aer
410 811 512 851 choruscat,
520 810 566 843 freta
575 809 653 851 seruent,
661 814 679 843 et
690 814 747 843 totum
758 808 830 842 turbine

129 868 147 898 et
155 864 197 907 igne
205 868 223 897 et
231 874 273 897 curn
281 863 324 897 niue
331 863 421 908 grandine
429 863 486 896 mixto
493 863 576 896 turbatur
583 863 664 907 pelagus.
688 862 711 897 Et
718 861 743 896 ait
750 860 799 896 filius
807 863 830 896 ad

129 921 212 961 patrem:
232 917 279 951 ‘Cur
293 916 352 958 times,
370 916 433 960 inquit,
448 919 511 960 pater?
535 915 567 950 Ille
582 920 706 950 creaturarum
721 920 785 950 auctor
799 914 831 959 qui

129 975 194 1004 cuncta
202 980 243 1003 cum
255 980 292 1003 non
300 975 363 1003 essent
371 969 418 1010 fecit,
426 968 457 1012 qui
465 969 525 1002 celum
533 969 624 1002 sideribus
632 969 701 1010 ditauit,
709 973 776 1001 terram
784 968 830 1002 ssore

129 1022 205 1064 ornauit,
217 1021 263 1055 mari
274 1021 373 1055 terminum
385 1022 457 1064 posuit:
469 1022 517 1067 aeris
528 1031 601 1065 quoque
613 1020 697 1054 iniuriam
709 1021 779 1062 sedare,
788 1031 830 1055 curn

103 1083 121 1114 15
129 1074 177 1119 velit,
185 1080 203 1110 et
214 1075 266 1119 ponti
277 1074 361 1119 mitigare
373 1075 439 1109 fluctus
450 1081 516 1119 potest.
539 1075 586 1109 Nam
598 1074 643 1109 nihil
655 1074 714 1109 deerit
725 1075 831 1109 timentibus

129 1139 177 1163 eum.
199 1128 261 1163 Vnum
271 1139 315 1172 ergo
324 1134 352 1163 est
363 1128 488 1163 necessarium
495 1133 514 1162 vt
526 1132 582 1162 totam
593 1127 612 1162 in
624 1127 655 1162 illo
666 1139 719 1172 spem
730 1127 830 1162 habeamus

129 1185 147 1215 et
159 1181 178 1215 in
189 1181 229 1214 eius
240 1191 315 1225 semper
327 1180 424 1214 dilectione
435 1191 554 1223 maneamus;
570 1180 613 1225 quia
624 1186 642 1214 et
653 1180 693 1225 ipse
704 1180 756 1224 prius
768 1180 831 1214 dilexit

129 1235 174 1267 nos?
197 1234 238 1267 Hec
252 1239 270 1267 et
284 1234 320 1267 alia
332 1234 389 1267 multa
403 1233 474 1267 dicente
486 1243 549 1277 puero,
561 1235 621 1267 subito
634 1234 662 1266 sol
675 1233 747 1274 effulsit,
760 1237 778 1267 et
791 1232 831 1266 dies

130 1285 248 1334 serenissima
260 1296 319 1330 vsque
334 1286 357 1320 ad
368 1296 466 1329 vesperam
481 1285 545 1320 illuxit.
568 1285 615 1320 Cum
628 1290 689 1320 autem
698 1286 725 1319 ,ad
737 1286 831 1319 doctorem

103 1339 181 1373 acilium
196 1344 279 1374 sanctum
295 1350 337 1374 cum
352 1340 389 1374 filio
403 1340 491 1383 venisset,
506 1340 537 1374 1110
551 1339 586 1374 ait:
604 1340 700 1382 ‘Puerum,
715 1351 771 1384 quem
785 1339 831 1374 mihi

130 1392 254 1434 commendas,
263 1392 317 1427 video
329 1393 410 1427 moribus
422 1394 559 1436 transcendere,
570 1393 618 1427 etin
630 1393 696 1437 puerili
707 1393 765 1427 forma
776 1403 831 1436 gran-

131 1446 198 1479 deuum
214 1445 306 1488 conspicio
318 1447 378 1479 virum
392 1450 410 1478 et
425 1445 494 1489 ingenii
508 1446 606 1488 sagacitate
618 1446 680 1479 diuina
693 1445 729 1478 iam
742 1445 832 1489 sapientia

131 1498 232 1531 eruditum!
255 1497 386 1532 Commendato
399 1498 461 1543 itaque
474 1504 537 1532 sancto
548 1498 588 1532 viro
602 1498 640 1532 filio
653 1510 692 1542 suo,
704 1504 793 1543 patreque
808 1500 831 1533 ad

132 1561 165 1585 sua
177 1560 268 1595 regresso,
279 1552 299 1585 in
312 1551 385 1585 litterali
398 1551 473 1585 scientia
484 1553 503 1584 in
515 1551 566 1585 breui
578 1563 615 1585 non
628 1552 720 1586 modicum
732 1562 779 1595 puer
789 1562 832 1595 pro-

105 1613 123 1644 15
132 1603 206 1639 ficiens:
218 1614 260 1637 cum
270 1602 345 1648 quidam
356 1603 447 1638 sociorum
459 1604 538 1638 ludendo
550 1615 592 1638 cum
603 1603 657 1638 sociis
669 1615 711 1638 crus
723 1615 777 1638 suurn
788 1616 831 1638 con-

131 1656 223 1700 fregisset,
231 1657 307 1690 aecessit
317 1658 341 1690 ad
349 1668 396 1698 eum,
405 1663 423 1690 et
433 1657 474 1691 fusa
484 1658 507 1691 ad
515 1658 570 1692 deum
578 1668 638 1700 prece,
646 1668 703 1701 super
710 1658 770 1692 locum
777 1658 831 1701 plage

132 1708 246 1751 signaculum
261 1709 320 1743 crucis
335 1708 434 1753 impressit,
450 1709 523 1744 dicens:
540 1709 609 1753 ‘Surge
623 1709 710 1743 velociter
723 1709 742 1742 in
757 1709 832 1743 nomine

131 1761 201 1796 domini
213 1761 272 1795 nostri
284 1761 339 1796 Ihesu
351 1761 430 1796 Christi!
453 1761 489 1803 Qui
500 1761 566 1804 statim,
578 1761 630 1806 quasi
642 1762 685 1796 nihil
697 1763 740 1796 mali
751 1762 832 1797 sustinu-

130 1814 181 1858 isset,
191 1814 241 1849 nullo
248 1814 310 1849 lesure
317 1814 491 1858 manentevestigio,
496 1815 581 1849 surrexit.
623 1808 672 1850 Mox
680 1815 729 1850 enim
735 1821 754 1850 vt
762 1826 833 1861 pauper

104 1882 123 1912 30
132 1868 224 1911 clamaret,
236 1869 271 1903 deo
283 1869 351 1913 gratias
364 1879 421 1912 agens
435 1868 511 1903 festinus
524 1869 631 1904 occurrebat
645 1870 668 1904 ad
680 1880 728 1912 eum,
740 1880 794 1914 opem
807 1869 832 1904 illi

131 1922 252 1966 prestiturus:
265 1927 283 1956 et
294 1933 340 1966 quos
347 1922 396 1957 vnde
405 1927 489 1966 pasceret
497 1922 599 1957 substantia
608 1922 698 1967 corporali
706 1934 743 1957 non
751 1923 832 1966 haberet,

130 1975 228 2009 vberrimis
247 1975 323 2008 fletuum
342 1976 461 2018 querimoniis
479 1975 552 2009 illorum
569 1975 667 2019 penuriam
687 1976 799 2019 deplorabat,
815 1981 833 2010 et

131 2028 187 2062 corda
198 2027 271 2061 illorum
284 2038 318 2072 spe
331 2028 455 2063 retributionis
468 2033 532 2063 eterne
544 2028 672 2072 subleuabat³3
689 2034 708 2062 et
723 2040 832 2063 commemo-

131 2092 174 2115 rans
187 2082 223 2115 illis
233 2092 298 2115 vocem
311 2082 402 2127 euangelii
414 2082 476 2116 ‘Beati
489 2083 540 2117 eritis
554 2083 585 2126 qui
600 2093 649 2117 nunc
662 2083 710 2118 iietis
723 2089 741 2118 et
754 2084 832 2125 esuritis,

104 2148 123 2179 35
131 2134 174 2177 quia
184 2133 277 2168 ridebitis³
285 2139 303 2168 et
314 2135 451 2179 saturabimini,'
461 2136 559 2170 celestibus
570 2146 602 2169 eos
612 2146 650 2169 11011
660 2136 743 2170 cessabat
754 2136 833 2170 educare

132 2186 205 2222 diuitiis.
247 2179 322 2221 Videns
333 2193 394 2222 autem
404 2188 478 2232 quidam
490 2189 581 2223 sociorum
592 2199 666 2222 suorum
677 2189 782 2223 charitatem
793 2189 833 2224 eius

132 2239 180 2272 circa
188 2248 285 2282 pauperes,
293 2239 351 2273 liuore
358 2240 426 2273 inuidie
434 2240 541 2281 stimulatus,
550 2240 680 2275 subsannando
687 2251 730 2275 eum
738 2241 833 2286 increpare

132 2291 180 2336 cepit
193 2291 267 2325 dicens:
286 2291 343 2325 ‘Ecce
355 2304 389 2336 per
401 2298 460 2327 totum
473 2293 522 2328 diem
537 2293 622 2328 laborans
637 2305 684 2338 opus
698 2300 750 2329 tuum
763 2297 782 2330 in
795 2301 833 2330 tam

132 2344 207 2389 ignobili
222 2344 277 2389 vulgo
294 2344 378 2379 flebiliter
397 2345 488 2390 deperdis,
506 2346 558 2391 quasi
577 2346 720 2383 misericordiam
739 2348 833 2392 simulans,

104 2412 124 2443 40
133 2399 185 2433 cuius
197 2397 282 2432 affectum
293 2408 330 2432 non
342 2399 409 2432 habes!
432 2400 479 2433 Cum
490 2400 524 2434 hec
536 2404 554 2433 et
566 2401 623 2434 multa
634 2401 669 2435 alia
681 2402 763 2436 conuicia
775 2402 792 2436 01
806 2402 834 2436 111-

152 2463 158 2481 ¹
165 2463 203 2493 Abr.
209 2462 248 2490 from
253 2462 281 2491 the
286 2461 322 2491 Vita
329 2462 345 2491 in
351 2463 384 2492 MS.
390 2462 434 2493 Bodl.
439 2473 473 2500 240,
479 2472 493 2500 p.
499 2465 534 2500 822,
540 2464 592 2494 which
599 2474 643 2494 more
649 2466 704 2503 nearly
709 2470 801 2503 represents
806 2467 834 2495 the

134 2504 202 2541 original
210 2501 238 2530 lise
245 2502 283 2530 than
291 2502 318 2531 the
325 2503 354 2539 3rd
361 2502 387 2531 1110
394 2503 411 2531 111
418 2503 437 2532 Α,
444 2502 473 2532 SS.
478 2503 519 2532 Boll.
526 2503 581 2532 March
588 2504 600 2533 Ι,
606 2514 621 2542 p,
628 2513 662 2541 254,
671 2515 689 2535 or
696 2505 733 2535 than
741 2506 769 2535 the
778 2510 801 2535 ast
807 2505 834 2535 1110

132 2544 153 2573 ib,
162 2544 199 2581 (and
207 2541 241 2573 that
248 2541 265 2570 in
272 2542 340 2580 Surius),
348 2541 413 2572 derived
419 2542 459 2571 from
466 2543 493 2571 the
499 2552 547 2573 same.
587 2543 593 2560 ²
603 2545 621 2573 Τ.
629 2545 664 2573 Fuit
671 2546 687 2574 in
694 2546 733 2575 Brit.
740 2547 765 2574 uir
772 2546 834 2583 quidam

133 2583 202 2616 illustris.
233 2580 339 2620 3Τ.Ε,11110,
369 2581 502 2616 ‘narremur
533 2583 665 2616 ΒΤ.51111011111)111.
696 2585 812 2617 tarcodius.
