1762 2803
125 164 169 215 264
315 161 395 213 runnu
410 158 526 221 beamur
540 158 634 220 auctir.

124 282 199 327 quidem
207 283 253 318 oculi
261 283 305 325 eius,
314 284 361 318 sicut
370 283 427 317 sacris
438 283 530 327 episcopis
540 283 657 327 postmodum
668 283 738 319 referre
748 284 825 327 solebat,

123 347 160 371 vna
173 348 215 371 cum
227 337 357 381 corporalibus,
369 335 462 380 angelicos
473 337 563 380 quosdam
576 335 651 379 spiritus
664 337 747 381 preclaro
760 337 825 372 intuitu

125 389 213 423 assistere
221 400 265 433 sepe
271 390 358 423 videbant
364 388 379 431 1;
392 390 415 422 de
421 399 499 432 quorum
507 399 585 422 numero
592 394 630 422 tres
638 390 661 422 ad
667 399 688 422 se
694 390 826 424 consolandum

125 443 234 477 accedentes
243 442 338 476 dixerunt:
351 441 447 475 ‘Oswalde
455 451 489 475 rex
497 441 526 475 dei
534 440 650 483 electissime,
657 441 721 476 mortis
729 442 826 477 horrorem

108 511 117 541 5
126 494 163 529 noli
170 495 245 529 timere:
257 501 321 529 noster
328 494 397 538 collega
408 499 426 528 et
436 505 513 528 consors
523 493 542 528 in
550 494 589 529 celo
598 500 698 538 reputatus,
707 501 781 539 peracto
789 494 826 530 vite

125 549 203 583 termino
215 553 279 582 nostro
292 548 368 592 collegio
379 547 492 582 adiiciendus
504 548 546 582 eris.
569 548 611 582 Non
622 553 684 582 tamen
696 549 714 582 in
726 548 760 582 isto
772 548 826 583 mori-

125 608 176 636 turus
187 612 208 636 es
216 607 305 646 ternpore,
313 613 347 636 nec
356 600 410 636 huius
420 601 525 646 pestilentie
535 602 633 636 acerbitate
641 602 716 637 vlterius
727 602 826 637 feriendus.

125 654 213 698 Christus,
229 660 260 689 tue
274 655 392 689 desolationis
407 656 500 699 angustias
515 655 618 698 miseratus,
633 666 707 690 omnem
722 655 826 700 Anglorum

124 708 213 752 populum
220 719 231 741 a
238 713 291 752 peste
299 714 317 742 et
325 709 382 749 clade,
387 708 456 741 meritis
464 708 500 742 tuis
508 713 526 742 et
533 708 619 752 precibus
627 708 730 742 absolutum
738 709 826 751 liberauit,

98 776 117 797 10
124 761 198 803 viteque
203 765 234 794 tue
240 765 267 793 tot
274 771 333 794 annos
341 760 483 793 misericorditer
490 760 582 803 adiiciens,
587 765 606 793 te
614 760 695 794 martirio
701 763 826 795 coronandum

124 813 207 855 instituit,
215 813 304 857 nobisque
314 814 379 847 amodo
388 818 426 847 tam
433 813 512 847 uiuentis
523 823 578 856 quam
588 813 683 847 morientis
691 813 717 847 tui
725 814 826 848 custodiam

126 865 226 911 delegauit?
250 866 305 901 Diem
318 871 336 901 et
349 866 414 900 horam
428 866 456 900 sui
468 865 544 900 martirii
555 865 679 910 designarunt,
691 877 723 901 eos
735 871 779 901 tunc
792 866 827 902 sibi

125 919 214 954 affuturos
222 925 332 955 asserentes.
355 919 415 964 Supra
424 919 469 953 solis
477 919 578 954 claritatem
587 919 644 954 facies
655 931 718 954 eorum
726 920 826 963 radiabant,

126 973 159 1008 sed
168 984 202 1007 nec
210 972 288 1006 formam
296 984 359 1007 eorum
366 972 429 1007 verbis
440 984 473 1007 rex
484 972 576 1016 explicare
584 972 656 1006 valebat
660 973 671 1007 ².
694 973 736 1007 Hiis
744 973 797 1008 dictis
804 975 827 1008 ab

99 1026 182 1073 15ocu1is
193 1025 233 1059 eius
244 1025 263 1058 in
274 1026 312 1059 celo
323 1025 392 1068 recepti
402 1030 450 1058 sunt.
474 1025 527 1069 Rege
535 1026 584 1059 enim
592 1025 689 1058 confestim
697 1026 768 1059 sanitati
776 1025 827 1059 resti-

125 1085 169 1121 tuto,
182 1079 286 1122 Anglorum
299 1080 347 1113 fines
359 1079 423 1112 diebus
436 1078 473 1113 vite
486 1089 520 1112 sue
534 1080 583 1113 nulla
594 1079 652 1122 pestis
665 1081 773 1122 perturbare
785 1090 827 1124 pre-

125 1132 210 1175 sumpsit.
240 1131 269 1165 Ex
278 1131 311 1165 illo
323 1137 407 1174 tempore
420 1132 440 1165 in
451 1131 537 1166 omnibus
548 1132 583 1166 deo
595 1136 612 1165 et
624 1131 728 1166 hominibus
740 1133 827 1167 emenda·

125 1185 192 1219 tiorem
203 1195 224 1218 se
235 1184 313 1228 prebuit,
322 1189 340 1218 et
350 1183 387 1219 vite
399 1195 432 1218 sue
444 1184 513 1218 exitum
525 1195 566 1218 cum
577 1184 644 1228 gaudio
655 1185 763 1229 expectauit.
786 1185 827 1220 Vite

126 1238 212 1281 preterite
229 1238 330 1271 vanitates³
349 1237 416 1271 mentis
435 1237 532 1271 deuotione
550 1238 668 1280 transcendit,
684 1238 791 1273 elemosinis
809 1244 827 1273 et

99 1302 118 1323 κο
126 1289 220 1324 lachrimis
227 1290 325 1334 preteritas
332 1290 454 1333 negligentias
460 1290 541 1334 quotidie
547 1290 630 1324 redemit.
649 1290 694 1324 Post
702 1291 749 1325 hanc
755 1302 828 1335 quoque

126 1342 216 1378 visionem
223 1354 259 1376 vna
270 1354 311 1376 curn
320 1342 433 1387 Kyneburga
440 1354 498 1377 vxore
508 1354 547 1386 sua,
555 1342 603 1387 regis
611 1342 755 1377 Westsaxonum
765 1344 828 1388 Kyne-

125 1395 179 1440 gilsi¹
186 1395 229 1437 filia,
237 1395 323 1430 castitatis
331 1395 442 1430 mundiciam
450 1395 469 1429 in
477 1401 571 1440 posterum
580 1396 701 1430 conseruauit.
746 1390 828 1432 Sanctus

126 1453 187 1483 autem
196 1448 294 1483 Oswaldus
302 1447 414 1492 pauperibus
425 1458 445 1482 ac
456 1448 558 1492 peregrinis
569 1458 644 1492 semper
651 1448 730 1491 humilis,
738 1449 828 1495 benignus

126 1507 145 1537 et
157 1502 218 1547 largus
231 1501 269 1536 suit.
292 1502 339 1536 Cum
353 1501 402 1536 enim
415 1502 495 1546 quodam
509 1501 539 1536 die
551 1512 613 1546 pasce,
626 1501 719 1537 assidente
732 1514 795 1538 secum
809 1503 827 1538 in

100 1570 107 1591 2
111 1570 119 1600 5
128 1566 193 1589 mensa
204 1555 291 1599 episcopo
300 1555 378 1597 Aidano,
386 1555 458 1589 veniret
469 1556 493 1589 ad
504 1555 577 1589 ianuam
588 1555 637 1598 regis
649 1566 715 1599 magna
726 1568 828 1601 pauperum

128 1608 224 1641 multitudo
236 1607 355 1640 elemosinam
367 1612 438 1649 petens,
449 1613 467 1641 et
478 1618 512 1641 rex
523 1608 572 1641 aliud
583 1608 606 1640 ad
618 1618 693 1641 manum
704 1619 741 1642 non
753 1610 828 1643 haberet

127 1660 266 1705 porrigendum,
274 1659 336 1703 ipsum
344 1659 433 1694 ferculum
442 1671 503 1694 coram
511 1671 532 1695 se
539 1660 625 1704 positum,
634 1671 675 1695 cum
683 1661 733 1696 disco
741 1667 828 1706 argenteo

127 1712 231 1747 minutatim
242 1712 380 1755 confringenda,
390 1713 413 1745 ad
424 1722 516 1756 pauperes
527 1713 581 1747 misit.
604 1713 645 1755 Quo
652 1713 697 1756 viso,
705 1715 788 1758 pontifex
798 1714 829 1748 tali

127 1766 175 1801 sacto
187 1765 293 1807 delectatus,
303 1764 426 1810 apprehendit
437 1766 532 1800 dexteram
543 1766 582 1800 eius
593 1771 611 1799 et
622 1765 656 1801 ait:
669 1767 732 1811 ‘Rogo
744 1769 798 1802 deum
809 1773 829 1802 vt

100 1836 119 1865 30
127 1830 221 1863 nunquam
234 1818 381 1862 [in]veterascat⁵
392 1830 457 1852 manus
468 1819 513 1853 ista!
535 1820 588 1862 Quod
603 1820 628 1853 ita
642 1820 709 1854 factum
724 1827 757 1855 est.
781 1822 828 1855 Nam

127 1873 215 1907 Oswaldo
224 1873 341 1916 postmodum
352 1871 454 1915 interfecto,
462 1872 556 1907 brachium
566 1884 577 1907 a
587 1884 664 1917 corpore
674 1880 777 1909 resecatum
787 1875 829 1909 hac·

126 1932 180 1961 tenus
194 1926 265 1960 durauit
280 1925 411 1970 incorruptum.
456 1918 563 1961 Commisso
578 1927 652 1961 tandem
666 1928 717 1970 graui
730 1928 793 1971 prelio,
805 1929 828 1962 ab

127 1979 192 2013 eadem
205 1982 261 2021 gente
274 1989 346 2022 pagana
359 1988 468 2021 paganoque
481 1989 524 2022 rege
536 1978 647 2012 Merciorum
659 1979 727 2022 Penda,
739 1991 797 2024 aquo
811 1979 829 2014 et

127 2033 249 2077 predecessor
264 2031 304 2065 eius
320 2030 409 2065 Edwinus
426 2038 533 2076 peremptus
550 2033 614 2075 fuerat,
629 2032 648 2066 in
663 2033 703 2066 loco
718 2033 749 2078 qni
767 2034 829 2079 lingua

99 2098 118 2129 35
127 2087 230 2129 Anglorum
243 2085 347 2119 Maserfeld'
358 2090 437 2127 vocatur,
445 2087 515 2120 occisus
526 2092 559 2128 est,
568 2096 616 2120 anno
628 2086 680 2120 etatis
692 2097 725 2121 sue
737 2087 828 2122 tricesimo

127 2144 197 2179 octauo,
208 2137 262 2171 nonis
273 2137 350 2181 augusti.
372 2137 418 2171 ⁶Est
431 2143 492 2172 autem
505 2139 555 2173 locus
568 2138 610 2172 ille⁷
624 2139 748 2181 conterminus
761 2141 829 2174 finibus

128 2190 236 2224 Armorice³
245 2189 388 2234 Wallie⁹-quia
400 2190 499 2235 antiquitus
512 2204 555 2236 pars
569 2192 649 2226 maxima
660 2192 727 2226 Wallie
740 2194 788 2227 dicta
801 2198 829 2226 est

128 2243 229 2277 Armorica.
252 2242 282 2275 Ab
293 2243 338 2277 vrbe
350 2242 399 2276 enim
411 2243 485 2288 Salopie
490 2245 503 2264 ¹⁰
515 2250 587 2289 septem
600 2244 638 2278 sere
651 2244 752 2280 miliaribus
763 2255 829 2281 versus

128 2297 207 2332 eandem
220 2295 307 2330 Walliam
321 2296 389 2331 distare
402 2298 490 2340 probatur
504 2298 553 2332 idem
566 2299 622 2340 locus,
634 2298 741 2342 abbatisque
754 2298 829 2342 Salopie

100 2361 120 2392 40
128 2348 195 2384 dicioni
200 2347 213 2369 1¹
224 2348 282 2391 cedit;
294 2359 305 2382 a
315 2348 364 2384 fossa
375 2361 446 2395 quoque
460 2350 508 2395 regis
520 2351 562 2385 Offe
573 2362 609 2396 que
620 2350 706 2396 Angliam
717 2357 735 2386 et
743 2352 829 2387 Walliam

128 2403 198 2446 diuidit,
206 2401 283 2436 miliario
291 2413 328 2437 non
336 2404 390 2447 plene
399 2404 479 2447 dimidio,
488 2410 506 2439 et
517 2416 528 2439 a
535 2405 665 2439 Wenelocensi
669 2406 681 2426 ¹²
689 2407 765 2440 cenobio
771 2405 829 2440 milia-

147 2493 182 2523 ¹E.
190 2492 258 2522 videbat.
329 2492 362 2524 ΞΕ,
370 2493 433 2525 valebit.
500 2494 638 2526 ³E.natiuitates.
698 2495 828 2534 ⁴E.Kynegilli.

127 2533 162 2564 5Ε,
171 2536 263 2563 veterascat.
318 2532 459 2572 ⁸Reginald,cap.
469 2543 492 2564 ra.
548 2534 554 2552 ⁷
566 2536 607 2564 Now
614 2536 698 2574 Oswestry
713 2536 722 2567 i.
728 2547 742 2567 e.
750 2534 829 2566 Oswald's

128 2573 175 2611 tree).
216 2571 367 2609 ⁸Reg.Armonice.
408 2573 506 2605 ⁹E.Vallie.
548 2574 663 2614 ¹⁰E.Solapie.
732 2576 750 2607 E.
758 2574 828 2606 dictioni.

128 2613 140 2630 ²²
147 2613 165 2642 Ε.
172 2612 293 2643 Wenolocensi.
