1762 2803
112 125 160 175 [720
188 144 193 153 ·
376 113 499 177 appendit
516 115 562 162 ΙΙΙ.

113 238 261 271 reuerentissimus
271 242 320 279 pater
330 237 379 279 quasi
389 238 452 272 uadem
461 237 558 272 dilectionis
570 243 587 270 et
597 236 676 270 obsidem
684 246 746 280 corpus
754 245 816 275 suum;

114 293 132 321 et
140 288 164 321 sic
171 286 261 321 uobiscum
269 287 378 330 corporaliter
385 287 476 329 habitabit,
483 288 539 321 donec
546 288 626 321 reinduat
633 297 702 321 carnem
711 297 762 330 quam
770 285 817 330 apud

114 349 145 372 uos
154 339 257 382 quandoque
265 338 349 381 deposuit,
358 339 401 373 ‘deo
409 337 475 382 aliquid
484 338 545 373 melius
554 337 655 381 prouidente
664 349 696 380 pro
703 338 765 378 nobis,’
772 338 817 370 sicut

115 390 137 423 de
148 390 183 426 isto
198 395 215 422 et
228 390 251 424 de
263 389 300 422 aliis
314 388 378 426 sanctis
392 388 433 422 dicit
445 390 539 431 apostolus,
552 389 580 423 ‘ut
592 400 627 422 non
640 395 768 422 consummetur
780 388 817 422 sine

97 440 174 476 anobis.¹
183 466 188 477 ,
197 440 308 475 Honoremus
316 439 367 480 igitur
377 446 444 482 patrem
455 447 472 473 et
481 447 574 483 patronum
584 445 666 480 nostrum,
675 440 703 481 qui
711 439 818 485 innreligione

114 501 147 523 nos
158 489 222 531 genuit,
235 490 263 531 qui
279 489 347 522 assidue
358 499 391 531 -pro
405 490 469 523 nostris
479 489 612 524 necessitatibus
624 495 665 521 ante
678 488 818 531 propiciatorium

115 540 172 573 diuina
185 537 299 574 miserationis
313 539 385 577 deuotus
398 538 468 574 assistit.
495 539 517 572 Ei
531 545 589 573 autem
601 539 655 572 honor
668 538 774 572 exhibendus
785 542 818 578 est,

114 601 149 624 non
161 595 228 624 tantum
242 589 259 622 in
271 589 315 623 albis
330 596 347 623 et
360 590 455 632 oloxericis,
465 601 501 624 non
513 589 530 624 in
542 601 605 624 uocum
618 589 739 627 modulatione,
750 599 786 622 non
799 587 817 622 in

115 640 204 683 campanis
215 646 232 673 et
244 641 318 682 organis,
325 651 362 675 non
371 641 388 675 in
399 641 512 675 luminaribus
519 646 537 675 et
547 640 647 674 lautioribus
657 639 712 674 cibis:
724 640 755 673 sed
763 639 819 681 glorIa

89 698 108 723 10
115 691 168 733 patris
176 696 203 724 est
214 690 282 733 sapiens
294 691 343 732 filius,
351 691 405 733 patris
416 693 470 724 honor
479 696 506 724 est
513 691 583 723 deuotio
593 691 654 731 filialis,
663 697 723 724 mutua
734 690 778 723 inter
785 700 818 723 nos

115 741 184 782 caritas,
192 740 296 777 conscientie
304 741 396 782 mundicia,
404 747 421 773 et
432 741 497 783 puritas
506 740 584 774 actionis.
607 740 638 773 llle
648 740 700 782 igitur
708 740 736 783 qui
747 740 817 773 beatum

116 792 219 825 Guthlacum
225 790 467 828 miraculIs,innumerabilibus
473 790 567 831 illustrauit,
573 790 619 823 labia
624 796 682 823 nostra
689 790 706 823 ln
713 800 753 823 suas
758 790 818 823 laudes

116 842 183 885 aperire
190 840 280 883 dignetur:
292 841 314 874 ad
323 840 370 874 cuius
381 840 453 884 gloriam
462 839 507 875 cedit
518 840 599 886 quicquid
611 841 633 874 de
641 848 739 876 sanctorum
747 851 818 876 suorum

116 892 218 927 mitaculosa
225 891 287 926 uirtute
294 898 377 929 narratur.

156 977 240 1008 INCIPIT
250 976 388 1008 TRANSLATIO
399 978 463 1008 BEATI
473 978 588 1009 GUTHLACI
598 978 645 1008 CUM
655 978 775 1009 MIRACULIS

416 1027 518 1058 EIUSDEM.

90 1093 109 1124 15
123 1128 125 1130 Ι
155 1086 231 1127 Empore
242 1095 276 1126 quo
286 1084 338 1117 beate
350 1084 472 1118 recordationis
481 1085 536 1117 abbas
547 1083 653 1118 Waldeuus¹
663 1083 768 1118 monasterio
779 1095 818 1128 pre·

177 1134 244 1170 sidebat
251 1134 269 1168 in
278 1144 312 1178 quo
323 1133 368 1168 beati
379 1134 459 1169 Guthlaci
471 1145 533 1178 corpus
544 1134 611 1177 insigne
619 1135 733 1169 collocauerat
740 1142 818 1169 ueterum

116 1193 184 1230 patrum
192 1186 290 1219 ueneranda
299 1184 378 1219 deuotio:
390 1185 447 1219 celesti
457 1185 516 1228 gracia
523 1184 606 1220 diuinitus
613 1186 712 1229 inspirante,
720 1185 817 1229 omnesqui

117 1238 181 1270 ibidem
195 1236 265 1268 domino
278 1236 380 1276 militabant,
391 1236 450 1269 uotiua
461 1242 478 1268 et
492 1236 589 1269 communis
601 1236 624 1268 ad
636 1236 670 1268 hoe
682 1236 733 1268 traxit
745 1236 818 1276 affectio,

116 1293 135 1321 vt
147 1293 183 1320 tam
194 1286 291 1328 preciosum
301 1285 406 1325 thesaurum,
416 1295 468 1327 quem
477 1285 534 1318 adhue
545 1285 662 1318 abscondebat
671 1286 723 1328 gleba
732 1285 817 1328 humilior,

90 1345 110 1371 1ο
118 1337 185 1373 affectio
200 1335 255 1371 filialis
270 1335 288 1370 in
303 1335 416 1371 eminenciam
430 1336 484 1379 glorie
499 1336 596 1371 celebrioris
612 1337 683 1371 efferret.
714 1340 769 1382 Super
786 1339 819 1371 hoc

117 1388 175 1432 itaque
190 1387 270 1421 abbatem
285 1398 335 1420 suum
349 1388 413 1421 blande
428 1387 536 1429 conueniunt,
548 1393 565 1422 et
578 1388 625 1431 quod
640 1388 684 1422 inter
698 1388 820 1422 desiderabilia

116 1439 167 1472 huius
182 1438 241 1472 mundi
256 1438 344 1471 habebant
357 1438 374 1471 in
389 1438 434 1471 uotis
449 1437 554 1481 precipuum,
566 1438 626 1471 humili
641 1437 723 1472 relatione
735 1438 820 1481 aperiunt.

117 1490 149 1522 Ille
156 1494 218 1529 autem,
226 1488 269 1520 sicut
277 1488 303 1520 uir
309 1487 445 1520 nominatissime
451 1488 537 1528 religionis
544 1494 562 1520 et
569 1488 612 1520 mire
617 1489 753 1521 mansuetudinis
761 1489 819 1528 homo,

117 1537 269 1581 supplicationibus
277 1536 349 1569 filiorum
357 1542 424 1578 gratum
434 1536 531 1579 impartitur
537 1547 638 1571 assensum:
651 1542 667 1570 et
675 1544 693 1570 ut
701 1543 737 1571 tam
745 1538 819 1579 gloriose

91 1598 109 1629 25
117 1586 224 1621 translationi
234 1586 332 1619 reuerencia
341 1586 448 1620 exhiberetur
457 1587 555 1630 impensior,
563 1587 638 1621 decreuit
649 1587 731 1622 ieiunium
742 1588 767 1622 eis
775 1587 819 1622 indi·

118 1650 156 1673 cere
163 1639 266 1672 triduanum.
288 1637 316 1669 Ad
324 1637 438 1670 effodiendum
443 1643 500 1670 autem
505 1638 550 1670 hanc
557 1637 701 1679 preciosissimam
709 1639 820 1679 margaritam

118 1700 151 1733 que
157 1690 221 1723 latebat
227 1688 244 1720 in
249 1693 299 1728 terra,
307 1687 406 1729 quatuorde
412 1687 449 1729 ipsa
454 1687 587 1729 congregatione
593 1686 725 1723 ldeliberatione
731 1688 818 1722 communi

77 1748 82 1760 ¹
117 1739 166 1773 electi
178 1744 222 1780 sunt,
230 1738 259 1781 qui
270 1743 287 1771 et
297 1737 358 1771 merito
369 1737 469 1779 sanctitatis,
476 1743 494 1770 et
505 1738 603 1771 uenerande
613 1738 706 1771 senectutis
714 1737 820 1779 auctoritate,

117 1790 178 1823 ceteris
185 1788 309 1832 preminebant.
329 1787 355 1820 llli
361 1793 419 1821 tamen
425 1797 512 1820 sacrorum
518 1787 627 1830 inquisitione
632 1788 722 1831 pignorum
727 1798 764 1822 sese
769 1796 819 1831 repu-

90 1849 110 1881 30
117 1845 173 1874 tantes
178 1837 284 1881 indignos,in
288 1837 402 1872 excusationis
407 1837 569 1871 materiamsuorum
575 1837 819 1873 insufficienciamrneritorum

97 1910 99 1912 >
117 1890 204 1924 humiliter
210 1889 312 1930 allegabant.
328 1889 380 1921 Porro
385 1888 469 1930 presentis
474 1889 509 1921 uite
517 1889 635 1930 imperfectum
643 1891 711 1932 supplet
719 1890 820 1923 obediencie

117 1941 176 1974 uirtus.
197 1940 249 1971 Vnde
260 1944 277 1972 et
287 1938 354 1972 abbatis
365 1936 389 1971 sui
401 1938 471 1971 monitis
482 1939 584 1972 salutaribus
596 1938 674 1978 instituti,
682 1950 722 1972 cum
731 1940 792 1972 timore
803 1944 821 1972 et

118 1995 191 2023 tremore
198 1990 221 2021 ad
231 1994 267 2020 tam
278 1993 355 2021 sanctum
366 1987 473 2030 propositum
483 1997 502 2021 se
513 1987 609 2029 accingunt.
633 1988 706 2030 Impleto
714 1988 821 2022 abstinencle

117 2040 180 2080 triduo,
192 2049 230 2073 curn
242 2038 267 2071 sol
279 2039 303 2071 ad
313 2048 405 2080 uesperum
416 2037 514 2078 declinaret,
525 2038 615 2081 prescripti
626 2039 686 2071 iratres
697 2040 720 2072 ad
732 2040 778 2072 beati
789 2039 820 2073 uiri

91 2101 111 2134 35
118 2090 228 2133 sepulchrum
238 2088 255 2121 in
266 2088 337 2121 silencio
347 2094 365 2122 et
376 2087 394 2121 in
409 2087 468 2131 spiritu
480 2087 581 2121 humilitatis
592 2089 681 2122 accedunt.
714 2089 767 2132 Operi
779 2101 820 2133 ergo

119 2151 158 2175 curn
177 2139 262 2184 ligonibus
278 2144 295 2172 et
313 2138 351 2172 aliis
368 2137 475 2172 ferramentis
494 2138 579 2181 insistunt,
598 2145 654 2183 atque,
669 2145 688 2173 ut
707 2140 731 2174 ad
749 2141 821 2184 pignora

119 2191 218 2224 ueneranda
225 2190 327 2232 pertingant,
335 2190 424 2233 multiplici
432 2195 502 2223 utuntur
509 2190 591 2223 artificio:
603 2192 635 2224 sed
646 2200 681 2223 non
689 2192 741 2223 habet
749 2196 821 2225 conatus

119 2243 205 2276 effectum.
229 2241 280 2273 Tanti
292 2241 355 2274 laboris
368 2240 454 2274 frustratio
467 2241 605 2282 desperationem
618 2246 677 2281 posset
690 2242 776 2281 inducere,
788 2242 821 2275 nisi

120 2292 232 2334 ‘respexisset
242 2291 322 2323 dominus
333 2290 351 2322 in
360 2290 455 2323 orationem
465 2290 564 2331 humilium,¹
572 2296 624 2332 atque
631 2291 654 2323 ad
662 2290 772 2323 hesitantium
780 2301 822 2324 con-

91 2353 112 2384 40
119 2341 234 2376 firmationem
246 2339 348 2373 miraculose
361 2339 431 2373 uisionis
443 2339 537 2374 induxisset
550 2340 652 2383 auspicium.
674 2342 723 2375 Beati
737 2341 822 2384 siquidem

120 2392 201 2427 Guthlaci
224 2391 312 2430 sanctitas,
330 2400 433 2433 suorumque
456 2390 554 2423 meritorum
573 2390 666 2433 exigencia,
687 2392 785 2434 postulabat
803 2398 822 2426 ut

120 2453 182 2486 corpus
190 2442 239 2483 illius,
247 2442 276 2485 qui
284 2443 342 2475 lumen
351 2440 414 2483 Anglie
424 2441 483 2481 suerat,
491 2441 558 2475 celestis
566 2441 634 2475 luminis
642 2442 745 2476 reuelaretur
753 2442 823 2477 indicio.

120 2494 171 2527 Vnde
186 2499 203 2526 et
216 2493 262 2525 circa
274 2491 379 2534 gallicinium
392 2490 513 2524 excubantium
525 2491 543 2524 in
557 2490 634 2524 oratione
648 2493 707 2525 oculos
719 2493 736 2525 in
751 2493 823 2526 modum

200 2553 205 2571 ¹
215 2552 241 2583 He
248 2561 279 2582 was
286 2551 334 2582 abbot
342 2551 437 2590 1124-1138.
551 2549 558 2569 ²
568 2551 636 2582 omnium
644 2552 704 2583 crossed
711 2557 742 2584 out.
