1762 2803
233 120 279 176 De
294 118 394 174 benun
410 119 533 175 minianu.
691 134 733 167 ω

32 243 112 278 nominis
125 243 166 278 viro
179 244 276 288 deceptam
291 254 313 278 se
326 243 395 278 diceret
408 243 437 277 vel
453 252 573 286 oppressam:
589 242 692 286 presbitero
707 243 736 276 cui

33 306 95 331 curam
109 295 207 340 parochie¹
221 294 303 340 pontifex
317 294 438 337 commiserat,
451 296 521 330 crimen
537 294 620 341 imponit.
642 293 737 330 Scandali·

32 353 98 384 zantur
116 347 165 391 boni,
184 348 227 384 mali
246 349 331 391 letantur,
347 348 394 384 ridet
412 350 483 393 vulgus,
499 358 553 383 sacer
571 349 616 383 ordo
635 348 658 383 ab
674 348 737 393 impiis

33 402 176 448 blasphematur,
195 402 292 448 presbiter,
311 402 363 437 cuius
380 403 419 437 lesa
436 403 495 438 luerat
511 402 565 441 lama,
579 402 667 437 tristatur.
690 402 738 437 Nato

33 457 84 490 enim
95 467 159 500 puero,
170 456 254 500 pontifex
265 457 335 490 clerum
345 462 364 491 et
374 457 463 501 populum
474 456 498 490 ad
510 455 607 490 ecclesiam
618 455 737 490 conuocauit:
746 463 755 493 5

33 515 52 543 et
62 520 131 554 procax
141 509 212 552 mulier,
223 509 273 544 omni
283 510 355 554 pudore
366 509 469 554 postposito
480 519 609 552 prorumpens,
620 509 649 542 sui
661 520 737 552 corrup-

33 569 92 595 torem
103 573 124 596 ac
135 564 253 606 deceptorem
265 562 380 595 sacerdotem
390 571 452 595 coram
463 560 513 595 omni
523 561 578 604 plebe
588 560 690 594 vociferare
700 571 737 594 non

33 613 93 649 timuit
104 619 123 650 et
134 614 153 649 in
166 613 231 649 faciem
244 613 284 649 eius
297 625 374 658 puerum
390 614 473 659 proiecit.
495 614 575 649 Sanctus
589 624 635 649 vero
648 614 738 648 Ninianus

34 678 112 712 puerum
122 667 157 702 sibi
167 667 270 713 presentari
281 667 338 710 iussit,
348 679 384 702 non
397 668 432 702 nisi
444 678 512 712 paucos
524 668 576 702 dies²
586 667 696 702 habentem:
708 667 738 701 cui
748 707 751 712 ¹

34 727 52 754 et
64 721 100 755 ait:
114 721 182 763 ‘Heus
194 721 258 765 inquit,
269 732 280 755 o
290 731 342 765 puer,
353 720 372 755 in
382 721 457 755 nomine
469 720 525 755 lhesu
537 720 610 763 Christi,
620 720 636 755 si
646 720 738 764 presbiter
747 731 766 754 ιο

33 773 68 809 iste
79 778 98 809 te
109 774 172 818 genuit
183 785 245 808 coram
256 774 310 819 plebe
321 774 398 808 edicito!
422 774 461 809 Nec
473 785 530 816 mora,
539 784 563 809 ex
572 773 650 809 infantili
661 784 738 817 corpore

33 838 70 861 vox
85 828 134 862 clara
146 828 232 869 insonuit,
247 827 355 862 mendacem
370 827 448 861 conuicit
459 832 478 860 et
488 828 606 861 innocentem
622 828 738 861 sacerdotem

34 879 123 914 absoluit:
137 879 161 913 Et
174 880 277 914 extendens
292 880 388 914 dexteram
403 879 537 925 propriumque
553 885 625 925 patrem
638 879 656 914 in
670 879 738 924 populo

34 932 139 977 designans,
148 932 187 968 ‘hic
195 939 228 976 est,
236 933 300 978 inquit,
310 939 363 978 pater
373 943 436 968 meus:
448 933 489 979 ipse
499 943 530 969 me
540 932 608 978 genuit,
617 932 659 978 ipse
668 933 738 968 crimen

34 987 84 1030 quod
92 987 183 1021 sacerdoti
190 987 291 1031 imponitur
298 987 394 1022 commisit.
418 987 510 1021 Innocens
518 987 587 1032 quippe
594 987 617 1021 ab
625 987 660 1021 hoc
668 986 739 1032 piaculo
748 997 766 1027 15

34 1040 127 1084 presbiter
141 1045 183 1075 tuus
198 1045 232 1083 est,
248 1051 259 1074 o
274 1039 373 1085 episcope:
389 1039 434 1075 nihil
450 1040 495 1075 mihi
511 1046 530 1075 et
544 1041 570 1075 illi
585 1040 620 1075 nisi
635 1040 739 1076 communis

35 1099 100 1128 nature
108 1094 230 1128 consortium.’
253 1094 311 1128 Sonat
319 1104 363 1127 mox
373 1094 392 1127 in
404 1105 436 1128 ore
447 1093 543 1127 omnium³
552 1094 651 1136 gratiarum
662 1092 708 1126 actio
721 1098 739 1126 et

34 1156 71 1179 vox
83 1146 148 1186 laudis,
159 1146 239 1189 populus
250 1146 325 1187 exultat,
334 1145 439 1188 intelligens
448 1146 491 1189 quia
500 1156 534 1189 per
543 1151 627 1180 sanctum
639 1145 739 1179 Ninianum

34 1196 115 1233 uisitauit
129 1198 215 1232 dominus
227 1198 300 1242 plebem
313 1209 371 1232 sunm.
421 1191 496 1233 Interea
509 1204 584 1233 sanetus
598 1199 689 1233 Ninianus
700 1199 739 1233 Au-

35 1251 101 1285 strales
117 1251 183 1293 Pictos,
196 1251 263 1294 quibus
275 1251 334 1285 adhuc
346 1261 398 1285 error
408 1251 482 1295 gentilis
495 1250 584 1286 inherens
595 1252 644 1286 idota
654 1251 739 1286 venerari
748 1258 767 1280 ²0

35 1315 56 1338 ac
68 1304 129 1339 colere
144 1304 270 1349 compellebat,
281 1304 398 1349 aggrediens,
409 1303 500 1349 euangelii
510 1304 607 1339 veritatem
619 1304 740 1349 sequentibus

36 1357 94 1402 signis
101 1358 212 1402 predicabat.
235 1357 278 1393 Ceci
286 1357 355 1400 vident,
362 1356 422 1392 claudi
430 1357 530 1399 ambulant,
538 1357 606 1402 leprosi
616 1358 740 1392 mundantur:

35 1411 86 1445 surdi
102 1411 183 1451 audiunt,
194 1411 261 1444 mortui
274 1416 378 1454 resurgunt,
390 1410 475 1454 oppressi
488 1421 499 1444 a
511 1411 621 1445 demonibus
634 1411 740 1445 liberantur.

36 1463 104 1508 Sicque
116 1464 163 1498 fides
175 1462 279 1508 suscipitur,
292 1473 344 1497 error
355 1463 454 1504 abdicatur,
466 1463 563 1497 destructis
575 1463 650 1508 templis
664 1463 741 1499 ecclesie

37 1516 142 1560 eriguntur:
152 1522 228 1550 currunt
239 1517 262 1550 ad
274 1516 338 1550 salutis
346 1516 452 1550 lauaehrum
462 1516 529 1551 diuites
539 1522 557 1551 et
566 1527 663 1561 pauperes
673 1517 741 1561 gratias
750 1526 768 1556 ²5

36 1570 72 1603 deo
83 1575 139 1613 agunt
147 1569 203 1613 [‘qui]
215 1568 319 1603 in⁴insulis
331 1580 367 1613 que
378 1569 442 1613 procul
452 1574 495 1604 sunt
507 1568 620 1604 habitantes!
644 1569 741 1605 Ordinauit

37 1622 157 1666 presbiteros,
168 1622 266 1667 episcopos
279 1622 399 1662 consecrauit,
407 1627 425 1657 et
436 1627 492 1656 totam
500 1627 568 1657 terram
577 1633 612 1667 per
619 1628 679 1657 certas
688 1634 742 1667 paro·

37 1675 88 1710 chias
96 1675 163 1709 diuisit.
207 1668 328 1710 Confirmatis
338 1674 357 1708 in
365 1675 403 1708 tide
410 1675 496 1708 omnibus
504 1685 545 1708 cum
553 1676 576 1708 ad
585 1675 681 1709 ecclesiam
688 1686 741 1710 suam

37 1732 88 1761 esset
99 1737 203 1771 regressus,
214 1726 331 1761 relectorium
343 1726 373 1761 die
384 1728 464 1771 quadam
475 1727 615 1762 cumfratribus
626 1728 711 1764 intrauit:
724 1734 742 1763 et

37 1779 103 1815 videns
113 1780 159 1815 nibil
169 1781 240 1815 olerum
249 1781 279 1815 vel
291 1781 390 1815 herbarum
401 1780 472 1815 mensis
483 1779 596 1825 impositum,
603 1787 657 1816 vocat
666 1782 741 1817 fratrem
750 1793 771 1822 30

38 1833 66 1867 cui
77 1834 136 1868 iuerat
147 1834 196 1868 horti
206 1844 250 1868 cura
260 1834 368 1876 commissa;
381 1839 399 1868 et
410 1833 491 1868 defectus
503 1844 577 1869 causam
588 1833 701 1878 inquirenti⁵
713 1835 743 1871 ille

38 1886 73 1923 ait:
86 1887 151 1929 ‘Vere,
160 1892 217 1931 pater,
225 1886 312 1931 quicquid
320 1898 417 1931 porrorum
425 1887 455 1921 vel
463 1887 567 1922 huiusmodi
575 1893 676 1932 supererat,
683 1888 743 1923 terre⁶

38 1940 130 1980 mandant,
142 1951 177 1973 nec
192 1940 259 1983 aliquid
275 1940 334 1973 adhuc
349 1945 412 1983 aptum
423 1940 463 1973 esui
475 1941 539 1974 hortus
554 1940 651 1983 produxit!
674 1940 742 1983 ‘Vude,

38 1993 98 2036 inquit
105 1999 186 2035 sanctus,
193 1997 212 2027 et
219 1992 304 2036 quicquid
315 1992 407 2026 inuenerit
418 2002 484 2025 manus
492 1996 528 2032 tua,
536 1991 580 2025 tolle
590 1997 608 2025 et
618 1992 664 2025 affer
671 1993 694 2026 ad
703 1995 743 2027 me!

39 2046 123 2089 Cumque
132 2045 184 2079 iussu
195 2044 277 2090 episcopi
288 2043 344 2079 irater
354 2043 427 2078 hortum
437 2042 529 2085 intrasset,
537 2043 586 2078 videt
596 2055 662 2088 porros
672 2045 743 2090 aliaque
752 2055 771 2087 35

39 2099 137 2132 herbarum
145 2109 214 2142 genera
224 2109 262 2132 non
272 2097 331 2132 solum
345 2096 432 2136 creuisse,
442 2097 476 2132 sed
486 2097 541 2131 etiam
550 2108 615 2132 semen
627 2099 743 2143 produxisse.

40 2151 63 2186 Et
77 2151 146 2195 gratias
161 2162 219 2196 agens
234 2152 274 2194 deo,
287 2157 375 2195 quantum
390 2151 477 2185 sufficere
489 2151 587 2186 videbatur
599 2162 685 2197 carpens,
701 2159 744 2188 aute

39 2205 145 2249 pontificem
157 2216 222 2239 mense
233 2204 324 2249 apposuit.
369 2196 419 2239 Curn
431 2204 482 2239 fures
497 2205 584 2239 animalia
598 2205 639 2240 eius
652 2206 744 2242 abducere

39 2257 145 2299 niterentur,
158 2264 221 2292 taurus
235 2258 310 2301 quidam
322 2257 375 2301 quasi
386 2258 405 2290 in
417 2257 498 2290 furorem
511 2267 578 2291 versus
589 2257 630 2291 illos
641 2258 714 2301 inuasit,
726 2265 745 2292 et

39 2309 142 2355 principem
151 2310 223 2345 illorum
231 2309 335 2354 prostrauit,
342 2314 359 2343 et
365 2314 449 2343 ventrem
457 2309 544 2344 cornibus
552 2309 654 2356 perforans,
662 2312 744 2348 animam
752 2324 773 2353 4⁰

39 2373 82 2398 curn
97 2362 199 2398 visceribus
214 2362 301 2398 excussit.
324 2363 396 2397 Deinde
411 2369 480 2398 terram
491 2364 566 2407 ungulis
577 2364 654 2405 fodiens,
666 2364 745 2399 mirabili

40 2415 110 2461 impetu
122 2427 188 2451 saxum
202 2417 251 2461 quod
262 2416 358 2451 inuenerat
370 2416 418 2460 pede
429 2415 533 2460 percussit:
546 2422 564 2451 et
575 2416 594 2451 in
605 2418 651 2452 tanti
662 2418 745 2453 miraculi

40 2469 165 2504 testimonium
178 2469 230 2514 quasi
242 2470 261 2504 in
272 2470 323 2504 molli
333 2469 403 2504 cerain
414 2469 475 2513 lapide
487 2480 522 2514 pes
533 2468 626 2514 mergitur,
639 2471 745 2515 relinquens

60 2533 187 2571 ¹T.parrocbie.
224 2531 454 2563 ‘Vituniusnoctisetatem
489 2532 525 2564 ³E.
533 2532 601 2563 omnium
609 2542 641 2564 ore.
677 2533 745 2571 ‘so.T.‚

41 2581 72 2602 om.
79 2573 96 2602 in
104 2573 122 2602 Ε.
162 2572 169 2590 ⁶
178 2572 196 2603 T.
204 2573 292 2611 inquirens.
333 2572 339 2590 ⁶
349 2572 380 2602 Vit.
387 2576 430 2602 terre
437 2572 490 2602 hodie.
