1762 2803
142 122 186 177 498
205 159 208 168 ‚,
334 123 414 174 mona
430 119 547 183 tramae
562 120 655 183 annin.
718 121 843 168 [treuna.

168 243 183 280 ll
196 243 249 287 Quod
257 244 345 279 lactentes
353 249 371 278 et
377 243 454 289 paruulo
462 243 510 278 inter
516 244 601 278 undecim
610 243 660 278 milia
666 243 749 288 viginum
757 242 817 277 occlse

223 298 284 332 locum
292 298 371 332 habeant
379 303 397 332 et
405 297 497 341 premium
505 308 547 332 cum
555 299 624 333 sanctis
631 298 764 333 innocentibus.

164 353 230 396 Puelle
243 362 333 407 siquidem
345 361 423 406 paruule
434 372 470 405 que
482 361 572 397 intereas
584 363 663 404 suerunt,
673 368 691 396 et
702 362 795 400 lactentes,
808 372 843 405 que

142 425 183 449 cum
192 415 293 457 virginibus
304 416 374 458 pariter
385 420 428 447 sunt
439 415 524 458 iugulate,
533 416 600 449 etiam¹
608 426 665 459 supra
676 415 762 449 vndecim
774 414 842 450 milium

142 477 238 501 numerum
250 472 369 512 reputantur:
390 467 425 501 iste
434 477 478 501 vero
489 468 531 500 licet
542 468 591 501 inter
602 473 675 501 sanctos
686 467 794 501 innocentes
806 478 843 502 non

142 525 227 555 maneant
235 519 266 565 qui
272 521 306 556 sub
315 519 415 555 herodiana
422 520 566 566 persequutione
578 526 620 556 sunt
632 520 743 564 interempti,
751 521 842 564 premium

124 584 132 611 5
141 580 202 609 tamen
211 574 314 609 innocentie
322 586 343 609 ac
351 574 467 609 beatitudims
474 579 537 609 eterne
544 585 585 608 cum
593 574 749 609 illislsortiuntur.
767 575 843 609 Adhuc³

141 639 186 662 sane
195 629 304 672 quibusdam
312 639 349 661 non
357 627 449 661 modicum
457 627 578 670 ambiguitatis
587 627 703 670 scrupulum¹
712 632 787 670 generat
795 629 843 670 quod

141 686 191 715 tanta
207 681 302 715 multitudo
317 680 403 724 vndecim
419 680 489 713 milium
503 680 595 724 virginum
609 679 683 721 dicatur,
699 684 717 713 et
731 690 768 713 non
784 680 843 723 aliqua

141 745 204 770 earum
217 735 281 769 saltem
291 734 310 768 in
323 735 377 768 domo
389 735 446 777 patris
460 734 488 767 sui
499 733 533 767 sub
546 732 608 767 habitu
621 732 645 767 sit
656 731 740 777 virginali
753 739 842 777 corrupta.

142 788 191 822 Dum
201 788 275 832 [itaque]
285 787 314 821 die
323 788 401 831 quadam
409 786 474 820 harum
483 787 564 819 notarius
573 792 624 820 stans
632 797 689 830 super
696 786 731 820 hiis
742 791 804 820 mente
814 797 842 820 re-

115 850 134 872 10
141 841 230 884 uolueret,
236 852 279 875 ecce
289 841 353 878 celitus
359 839 462 884 cogitationi
470 838 509 873 eius
517 840 648 883 respondetur:
660 839 752 882 ‘quianon
759 844 787 873 est
795 839 843 874 itavt

141 899 160 926 tu
172 899 236 936 putas;
250 903 293 926 nam
304 893 376 935 integer
385 902 473 924 numerus
483 892 569 925 undecim
580 892 651 924 milium
659 892 683 924 ibi
695 897 733 924 erat
740 892 844 934 virginum.’

142 945 175 980 Cui
190 950 209 979 et
222 945 257 979 alia
271 945 322 988 virgo
337 944 413 977 illustris
425 945 448 977 de
461 944 533 977 illarum
545 954 622 977 numero
637 943 748 987 interrogata
761 943 842 979 dicebat:

142 997 211 1032 ‘Erant
219 997 237 1031 in
245 1002 294 1031 terra
302 997 373 1031 illarum
381 996 443 1031 natlua
448 995 459 1039 ¹,
467 1001 487 1030 vt
495 1001 514 1030 tu
525 996 624 1038 existimas,
632 996 651 1030 in
663 998 777 1040 quarundam
788 997 843 1031 domo

141 1056 218 1094 paterna
229 1056 267 1084 tres
277 1055 308 1084 aut
319 1055 396 1093 quatuor
406 1049 507 1092 iuuencule,
520 1060 597 1093 quarum
608 1049 668 1093 aliqua
679 1060 703 1083 ex
714 1049 749 1083 hiis
760 1049 792 1083 suit
803 1061 842 1084 cor-

114 1116 132 1145 15
141 1108 199 1147 rupta,
211 1110 229 1138 et
242 1105 291 1138 nudo
303 1103 362 1147 capite
377 1114 398 1137 ac
411 1101 494 1146 virginali
505 1102 567 1137 habitu
579 1102 668 1137 incedens
681 1102 806 1137 dissimulabat
822 1113 843 1138 se

141 1157 197 1191 fuisse
211 1162 326 1200 corruptam
342 1156 376 1188 sed
387 1166 429 1188 cum
440 1157 464 1188 ad
475 1155 494 1188 id
501 1161 577 1189 ventum
588 1155 653 1189 fuisset
664 1160 684 1189 vt
694 1156 776 1198 virgines
788 1156 843 1199 elige·

140 1214 209 1251 rentur,
218 1214 263 1243 nutu
271 1208 333 1243 diuino
341 1212 401 1242 actum
409 1212 438 1242 est
449 1208 549 1252 celestique
560 1208 676 1252 prouidentia
686 1214 764 1252 gestum,
772 1213 791 1242 vt
798 1219 842 1243 vere

140 1262 221 1306 virgines
233 1262 344 1306 eligerentur
355 1262 389 1296 ad⁴
401 1262 473 1297 beatam
485 1260 571 1296 Vrsulam
583 1260 676 1304 mittende,
688 1266 706 1295 et
718 1261 843 1306 deuirginate⁶

140 1327 161 1351 ac
170 1322 254 1360 corrupte
262 1316 281 1350 in
289 1316 343 1349 domo
354 1320 431 1359 paterna
443 1314 594 1359 relinquerentur.
616 1314 671 1349 Vnde
679 1314 743 1349 accidit
749 1321 769 1348 vt
776 1315 842 1359 plenus

113 1381 132 1400 zo
140 1369 226 1402 vndecim
233 1368 304 1401 milium
313 1379 407 1401 sacrarum
414 1368 506 1410 virginum
518 1378 606 1401 numerus
618 1373 672 1411 atque
684 1368 756 1411 integer
767 1368 813 1402 foret
824 1374 842 1402 et

140 1420 242 1464 perfectus.¹
266 1423 314 1454 Ecce
322 1425 410 1463 quantum
418 1424 436 1454 et
444 1420 497 1463 quale
505 1419 619 1461 miraculum,
628 1430 648 1454 ac
656 1420 701 1454 satis
712 1430 768 1464 super
778 1431 841 1454 earum

141 1474 229 1507 electione
241 1471 380 1513 ammirandum,
389 1473 438 1515 quod
449 1472 491 1515 silc]
500 1477 562 1506 tantus
569 1472 660 1515 virginum
672 1482 760 1507 numerus
772 1473 842 1516 absque

141 1531 267 1570 corruptarum
275 1526 411 1560 intermixtione
420 1525 462 1569 eligi
470 1525 527 1569 potuit
535 1525 566 1560 etl
574 1524 658 1560 discerni.

159 1621 174 1658 ll
186 1620 239 1662 Quod
247 1620 322 1653 robusta
333 1620 380 1653 inter
388 1624 491 1654 ceterarum
498 1619 590 1663 virginum
599 1630 675 1663 corpora
682 1619 799 1655 inueniantur
806 1625 824 1655 et

345 1672 429 1706 membra
437 1677 455 1706 et
463 1672 522 1715 capita
529 1677 547 1706 et
555 1683 636 1716 corpora.

161 1729 236 1770 Accidit
244 1745 289 1779 sepe
296 1740 315 1770 vt
324 1745 389 1778 magna
400 1746 476 1778 corpora
487 1734 536 1770 inter
545 1736 619 1770 easdem
631 1734 748 1771 inueniuntur
754 1736 841 1780 virgines,

113 1800 131 1830 ²5
140 1796 158 1824 et
169 1790 247 1822 robusta.
271 1789 353 1830 Quorum
365 1789 444 1831 quedam
455 1788 578 1832 predictorum
590 1787 621 1831 qui
632 1799 674 1822 cum
685 1788 721 1822 illis
733 1789 804 1833 pariter
814 1788 841 1822 in·

139 1842 271 1876 terimebantur
289 1847 332 1875 sunt
351 1841 437 1882 virorum,
456 1842 535 1885 quedam
551 1842 605 1875 etiam
625 1846 749 1875 matronarum
765 1852 840 1886 quarum

139 1895 195 1928 multe
208 1906 249 1927 curn
262 1894 289 1928 eis
300 1893 440 1928 occidebantur⁷
451 1894 573 1928 martirizate:
585 1895 664 1937 quedam
671 1905 715 1928 vero
727 1896 841 1938 quarundam

138 1946 230 1990 virginum
239 1946 310 1980 illarum
319 1957 417 1980 sacrarum.
434 1945 492 1980 Porro
498 1950 517 1981 vt
525 1947 604 1990 quedam
610 1945 661 1990 virgo
669 1956 721 1979 sacra
729 1947 752 1980 de
759 1946 840 1991 ipsarum

138 2010 216 2036 numero
224 2009 310 2034 asserens
321 2010 381 2044 nuper
390 2000 515 2042 attestabatur,
524 1999 578 2045 quial
586 1999 660 2033 fuerunt
668 1999 715 2033 inter
723 2010 755 2034 cas
763 2000 841 2044 quedam

111 2066 130 2096 30
138 2053 230 2097 virgines⁹
242 2053 303 2087 adulte
316 2053 406 2097 etatisque
418 2058 512 2097 prouecte,
525 2064 561 2097 que
574 2053 648 2087 domino
661 2053 776 2096 glorioseque
789 2052 841 2086 matri

139 2107 178 2140 eius
190 2106 312 2150 virginitatem
326 2117 378 2140 suam
391 2107 505 2140 deuouerant
519 2117 540 2140 se
552 2117 611 2149 usque
626 2107 650 2140 ad
662 2112 741 2140 mortem
754 2106 840 2140 illibatam

138 2170 219 2195 seruare,
242 2159 299 2193 Erant
306 2165 391 2203 preterea
400 2160 448 2194 inter
458 2170 490 2194 eas
501 2161 581 2203 quedam
593 2159 637 2194 satis
649 2159 729 2203 perfecte
741 2159 794 2194 etatis
806 2169 840 2202 que

138 2211 182 2245 viris
196 2213 295 2244 extiterunt
307 2213 424 2253 desponsate,
436 2223 513 2254 quarum
526 2212 590 2255 sponsi
602 2211 673 2245 bellicis
685 2213 749 2245 intenti
763 2210 840 2255 negotiis

138 2271 157 2298 et
165 2269 222 2296 morte
232 2263 322 2307 preuenti,
331 2264 370 2297 siue
378 2264 452 2307 quidam
464 2263 519 2297 etiam
530 2263 643 2308 interempti,
655 2274 733 2307 sponsas
744 2274 788 2298 suas
800 2261 840 2297 reli·

110 2332 130 2361 35
138 2322 217 2362 querunt
228 2318 318 2351 intactas:
329 2316 354 2351 ita
366 2316 415 2351 enim
427 2316 456 2351 dei
468 2316 588 2361 prouidentia,
597 2316 628 2361 qui
639 2317 690 2352 solus
701 2317 752 2351 nouit
763 2316 807 2362 quid
818 2314 841 2349 de

139 2370 175 2406 illis
185 2368 220 2405 sibi
230 2369 276 2404 foret
285 2370 382 2414 agendum,
390 2369 454 2415 nuptie
464 2370 537 2404 illarum
549 2375 592 2404 sunt
603 2369 658 2405 dilate
669 2370 795 2415 plurimarum.
818 2368 840 2402 Et

156 2495 227 2527 ¹om.in
235 2496 254 2526 Β.
300 2495 369 2525 ¹B.iis.
415 2496 519 2526 ³Btndnee.
566 2496 630 2527 ‘avt
677 2494 838 2526 letdev.0m.inB.

136 2538 203 2615 :313dess
262 2534 396 2567 ⁷B.extitcrunt.
460 2536 614 2575 ³B.quodsuerinu
679 2535 840 2575 ⁹B.intervirgines
