1762 2803
114 116 141 169 58
268 138 272 149 „
304 108 624 171 1111111111111511111.

112 232 168 266 fidem
184 230 252 266 Christi
271 230 364 275 suscipere
379 231 426 266 fecit.
472 225 516 267 Rex
532 233 581 266 enim
596 231 741 266 Westsaxonum
756 229 813 262 tilium

113 286 193 320 habens¹
202 284 296 319 incurabili
302 285 365 319 morbo
374 295 493 329 percussum:
502 296 557 330 quem
566 284 635 319 eumad
642 282 813 327 sanctorumsepul-

112 339 156 371 chra
167 338 232 372 adduci
245 337 363 382 precepisset,
374 338 451 381 pristine
463 350 506 373 mox
518 339 589 373 sanitati
600 339 705 372 restituitur.
753 329 814 370 Diues

113 391 186 435 quidam
199 395 302 425 sanctorum
313 391 411 435 sepulchra
418 392 493 425 visitare
502 396 592 432 assuetus,
599 391 639 425 vice
648 390 726 434 quadam
736 398 812 422 uxorem

95 455 154 486 5cum
166 444 242 487 paruulo
254 443 291 477 filio
304 445 336 477 vix
349 444 398 488 loqui
410 446 488 486 valente,
501 446 574 479 nomine
587 445 680 485 Guthlaco,
693 444 716 476 ad
732 442 813 476 tumbam

113 495 171 529 sancti
180 495 270 529 indracti²
279 495 345 539 [duxit]
351 496 364 530 1.
383 497 406 529 Et
414 507 455 530 cum
463 498 529 540 vigiliis
537 498 581 530 fessi
589 496 669 529 dormire
677 495 774 538 cepissent,
782 505 814 536 ap-

112 551 172 594 paruit
180 549 268 584 infantulo
275 548 303 584 vir
311 560 404 594 exurgens
415 561 426 584 a
437 551 478 585 leua
490 556 541 595 parte
551 549 614 584 altaris
621 548 697 593 pulcher
705 552 723 581 et
731 547 815 587 decorus,

113 604 192 637 clericali
203 609 279 637 tonsura
288 604 389 646 decoratus,
399 610 417 638 et
428 605 525 648 porrigens
536 604 602 637 librum
614 601 708 644 infantulo,
717 601 752 636 ait:
766 600 813 642 ι1115,

113 656 177 700 inquit,
185 657 204 690 in
212 656 246 690 hoc
254 656 320 699 legere,
329 657 354 690 fili
362 658 387 691 mi
393 659 409 691 i’
433 658 466 691 Illo
472 668 516 691 vero
523 668 544 690 se
553 657 600 690 velle
608 656 720 689 concedente
726 654 737 697 ³,
744 654 815 688 conses-

87 709 158 743 10111114
170 720 213 743 eum
225 709 290 743 docuit.
313 709 361 744 Puer
372 716 433 744 autem
443 711 582 755 expergefactus
592 720 603 742 a
612 719 695 753 sompn0,
704 718 743 742 rem
755 707 815 749 matri,

114 766 133 795 vt
141 761 211 795 viderat
220 762 315 795 referebat.
334 763 417 805 Cumque
425 762 485 795 clerici
493 773 550 805 puero
558 762 639 795 codicem
647 762 767 803 porrigerent,
775 760 815 802 ipse

115 815 176 848 statim
184 814 261 858 legebat,
270 819 288 848 et
296 814 336 848 sine
344 814 406 858 lingue
414 814 523 856 titubatione,
532 825 568 858 que
576 814 645 859 legerat
653 812 761 858 exponebat.

415 912 498 947 Narratio
503 912 514 946 ⁵.

139 974 226 1027 Quodam
240 981 329 1015 monacho
342 981 426 1025 [girante]
441 981 460 1015 in
473 981 545 1016 ciuitate
559 992 600 1015 cum
613 980 674 1026 puella
684 980 785 1022 iuuennuIa,
797 985 815 1013 et

115 1040 190 1078 petente
198 1035 322 1074 elemosinam,
331 1035 404 1078 quidam
412 1034 452 1067 illos
460 1035 544 1069 videntes
554 1034 675 1073 scandalizati,
684 1033 816 1067 nunciauerunt

89 1097 107 1128 ¹5
115 1093 179 1120 sancto
188 1086 264 1120 Iohanni
272 1086 400 1121 elemosinario
406 1087 637 1131 quodillemonasticevite
643 1086 739 1120 mulierem
746 1086 816 1119 habens

115 1140 216 1181 derogaret.
234 1139 286 1172 Tunc
294 1145 374 1180 sanctus,
380 1140 444 1174 volens
450 1139 547 1183 prohibere
555 1144 655 1183 peccatum,
661 1139 712 1173 iussit
720 1139 816 1173 mulierem

116 1191 209 1235 flagellari,
221 1192 331 1225 monachum
340 1203 384 1226 vero
396 1193 490 1226 verberari
505 1196 524 1225 et
539 1192 557 1225 in
573 1202 665 1226 carcerem
678 1192 752 1226 retrudi,
776 1191 817 1234 Quo

116 1244 168 1287 facto,
176 1242 260 1289 apparuit
273 1242 290 1275 ei
303 1244 404 1287 pervisum
417 1250 470 1278 noete
483 1245 588 1286 monachus,
599 1245 700 1278 ostendens
713 1244 730 1278 ei
741 1245 816 1277 dorsum

117 1308 170 1331 suum
184 1307 208 1331 ex
221 1296 297 1339 flagellis
310 1297 431 1340 putrefactum
436 1299 447 1341 ⁰,
460 1305 478 1332 et
491 1300 548 1333 dixit:
561 1298 599 1332 ‘Ita
610 1298 670 1342 placet
682 1297 731 1339 111111,
743 1297 816 1331 domine

89 1350 231 1394 zopatriarcha?
254 1349 313 1392 Certe,
325 1351 344 1384 in
356 1351 390 1384 hac
400 1352 445 1393 vice,
457 1357 477 1385 vt
492 1352 552 1395 homo,
568 1351 643 1385 errasti!
667 1351 690 1385 Et
705 1350 739 1384 hec
753 1351 817 1385 dicens

116 1403 197 1436 recessit.
222 1402 277 1436 Mane
285 1408 346 1436 autem
351 1405 379 1436 vir
385 1410 459 1437 sanctus
464 1415 535 1437 memor
540 1404 615 1437 visionis
623 1404 673 1437 misit
681 1414 714 1446 pro
722 1404 817 1443 monacho,

96 1496 97 1499 Ἰ
117 1456 195 1498 quierat
206 1456 225 1489 in
236 1466 315 1497 carcere,
323 1462 341 1491 et
349 1455 391 1491 feeit
402 1467 445 1491 eum
457 1456 544 1501 expoliari
556 1467 616 1491 coram
628 1467 654 1500 se,
662 1461 681 1490 vt
692 1456 766 1491 dorsum
778 1456 817 1490 eius

116 1509 192 1552 videret,
200 1508 215 1541 si
228 1508 253 1541 ita
264 1515 313 1542 esset
321 1514 340 1543 vt
352 1508 370 1543 in
382 1511 465 1553 sompnis
472 1511 548 1544 viderat.
571 1510 611 1552 Quo
622 1510 674 1551 facto,
685 1510 715 1543 dei
725 1511 817 1544 voluntate

117 1562 188 1596 solutus
194 1567 223 1596 est
229 1562 306 1596 amictus
312 1568 392 1606 quoerat
398 1563 477 1606 indutus,
483 1562 580 1597 etcecidit:
593 1562 817 1597 etomnesviderunteum

90 1630 108 1660 25
117 1625 160 1648 esse
168 1615 277 1648 eunuchum.
299 1616 351 1649 Tunc
356 1616 384 1650 vir
390 1622 463 1650 sanctus
468 1616 497 1659 ait,
502 1618 609 1660 ignoranter
615 1628 635 1650 se
643 1626 730 1659 peccasse
738 1616 757 1649 in
762 1616 816 1649 deum

117 1674 135 1701 et
143 1667 209 1701 ineunt
217 1678 221 1710 ς
233 1669 323 1702 monens⁸
331 1673 434 1703 tamennon
442 1669 466 1703 ita
474 1675 558 1714 oportere
563 1669 673 1703 monachum
679 1668 816 1703 circumducere

118 1720 214 1755 mulierem
219 1721 242 1754 ad
250 1722 356 1755 scandalum
363 1723 469 1757 videntium.
493 1723 525 1757 ille
529 1733 573 1757 vero
582 1722 674 1757 humiliter
679 1721 767 1756 rationem
775 1722 817 1756 red-

118 1774 177 1815 debat,
190 1772 263 1806 dicens:
276 1774 351 1818 ‘Nuper
362 1786 403 1808 cum
415 1786 476 1809 essem
488 1776 542 1818 Gaze,
555 1782 634 1810 exeunte
647 1786 677 1809 me
690 1776 713 1809 de
722 1775 768 1808 vrbe
782 1775 816 1809 hec

118 1825 183 1859 mulier
194 1825 276 1868 occurrit,
285 1825 347 1861 dicens
359 1838 380 1862 se
391 1838 433 1861 esse
444 1828 531 1862 hebream
545 1833 563 1862 et
575 1828 624 1862 velle
635 1828 675 1861 fieri
688 1827 817 1869 christianam

91 1895 109 1924 30
118 1885 222 1914 contestans
228 1880 282 1914 etiarn
289 1891 319 1914 me
324 1882 386 1915 verbis
391 1882 507 1916 horribilibus
512 1881 586 1916 vt⁹eam
591 1880 652 1925 perire
658 1891 695 1915 non
701 1880 818 1915 dimitterem

118 1932 194 1968 Timens
199 1944 243 1977 ergo
249 1933 261 1952 ¹⁰
268 1934 354 1968 iudicium
362 1936 396 1979 dei,
403 1937 474 1980 sumpsi
482 1946 528 1979 eam,
534 1941 552 1969 et
560 1936 657 1979 baptizem,
663 1940 681 1968 et
686 1934 767 1978 girabam
776 1945 817 1968 cum

118 1997 139 2019 ea
151 1986 229 2030 simplici
240 1988 295 2021 corde
309 1989 400 2022 modicum
412 1999 515 2033 exposcens
527 1994 626 2032 sumptum,
634 1998 670 2032 quo
683 1988 818 2022 introducerem

119 2050 159 2073 eam
167 2040 186 2072 in
191 2041 332 2075 monasterium?
355 2042 407 2075 Tunc
413 2047 493 2083 sanctus,
502 2047 575 2075 narrata
582 2041 657 2081 visione,
665 2042 740 2084 protulit
745 2047 818 2075 eentum

119 2093 253 2135 nummismata,
272 2094 347 2127 daturus
363 2096 385 2127 ei.
408 2095 440 2128 llle
459 2100 521 2128 autem
540 2095 585 2127 nihil
600 2093 684 2137 accipere
698 2094 768 2136 volens,
782 2095 819 2128 ait:

92 2159 110 2189 35
120 2144 236 2187 ‘Monachus
244 2145 260 2179 si
268 2146 324 2180 fidem
332 2147 392 2188 habet,
400 2148 466 2181 horum
472 2158 509 2181 non
517 2147 586 2191 indiget
593 2159 598 2187 ;
610 2151 628 2180 et
637 2145 653 2180 si
665 2146 700 2180 hiis
708 2151 754 2190 eget,
763 2147 819 2181 fidem

119 2208 156 2231 non
170 2198 235 2232 nabet!
257 2198 298 2233 Hoc
311 2201 391 2234 maxime
404 2202 488 2234 omnibus
500 2200 531 2244 qui
544 2200 640 2234 audierunt
651 2200 707 2234 fidem
718 2200 760 2235 fecit
770 2201 819 2243 quod

119 2263 184 2287 seruus
193 2251 222 2286 dei
231 2258 280 2287 esset
284 2253 302 2287 ¹¹.

139 2323 233 2354 ¹r‚habuit.
268 2322 386 2361 ²T.yndracti.
418 2324 522 2356 ³T.E.venit
557 2323 591 2355 4E.
600 2326 701 2355 consedente.
743 2324 821 2355 ⁵T.con·

119 2364 181 2393 festum.
223 2363 425 2394 ἦ0111111513111111111,
435 2375 468 2393 110.
502 2366 647 2403 “Eputrisactum
687 2364 821 2402 ⁷E.tibiplacet.

119 2404 153 2432 1Ε.
162 2411 233 2431 mouens,
284 2404 365 2432 evene.
417 2404 502 2441 ‘luerga
550 2404 560 2420 ¹¹
571 2405 636 2441 Antiph.
645 2405 775 2442 veryshort,but
783 2404 822 2439 only

120 2442 204 2482 (letaimini
211 2443 225 2470 is
232 2443 310 2471 readable.
331 2443 400 2474 Collect:

141 2483 210 2528 Largire
217 2490 263 2518 nobis
270 2500 359 2527 quesumus,
365 2491 433 2527 domine,
441 2492 482 2520 beati
490 2491 559 2521 indracti
566 2491 634 2521 martiris
641 2491 663 2520 tui
670 2491 779 2528 sociorumque
787 2489 821 2519 eius

120 2531 185 2567 meritis,
193 2530 271 2568 stipendia
277 2531 332 2560 salutis
342 2535 401 2568 eterne,
410 2536 426 2561 ut
436 2535 479 2561 casta
487 2541 550 2570 semper
558 2535 622 2570 pectora
631 2530 724 2569 baiulautcs,
731 2531 786 2560 laudes
796 2534 822 2558 tue

121 2571 206 2601 clemencie
214 2571 298 2600 reseramus
306 2571 377 2611 letantes,
386 2581 419 2609 per.
