1762 2803
94 97 145 139 eet
263 137 265 140 .
367 91 490 154 apperuit
507 94 538 139 ll.

101 252 228 295 tlQuonouo
247 260 332 286 SANCTUS
350 254 464 286 Eumuuous
483 260 570 286 aunuum
588 260 677 286 communi
697 254 806 289 LlltcoLNlll

145 310 183 336 ruo
196 310 334 337 Ltsunrnrmus
348 310 444 345 ncceusuu,
456 310 482 337 ou
493 311 578 337 nssnusu
591 311 628 337 suo
642 311 663 337 lu
677 311 735 339 utnuu
749 313 805 340 REGIS

145 361 222 395 cnPr1s3
240 361 264 387 ur
279 362 305 387 nn
320 362 433 387 uuuocrouu
447 362 539 388 ruentem
555 362 632 388 coluris
648 362 699 389 ERGA
714 362 805 390 sartorum

146 406 265 439 Eonunnun
277 412 348 438 rosum
360 412 512 438 muneremunere
523 412 612 438 osrnusn.

105 492 194 569 (Onnes
205 491 321 526 lincolniensis
331 491 417 526 Henricus
429 492 450 527 de
459 493 510 535 Lacy,
518 491 547 536 qui
556 492 599 527 forte
609 490 717 526 consiliarius
726 491 758 526 fuit
768 489 807 536 pre-

122 556 137 570 κ
161 543 202 577 dicti
214 543 278 576 domini
290 544 335 585 regis
348 549 366 576 et
377 543 464 586 particeps
476 543 516 576 facti
528 548 546 584 vt
560 543 647 577 libertates
662 542 678 575 in
693 553 745 576 manu
761 544 806 586 regis

103 600 214 637 caperentur:
232 595 273 628 dum
290 594 336 638 apud
353 593 473 628 Stratiordiam
490 594 568 628 membra
582 593 634 637 quieti
649 592 730 635 dedisset,
743 601 807 628 terrore

103 644 157 677 nimio
167 656 257 688 percussus
266 651 298 678 est.
321 647 345 678 Et
354 645 378 678 sic
388 645 418 686 qui
425 645 472 686 prius
481 646 536 677 fuerat
546 650 606 677 sancto
617 644 686 683 alienus,
695 645 782 677 voluntate
790 651 807 678 et

87 705 95 734 5
104 705 194 727 munerum
202 695 291 727 oblacione
299 694 414 736 multipliciter
421 694 476 726 factus
484 698 510 725 est
518 694 596 725 deuotus.
618 693 670 725 Venit
677 692 724 725 enim
732 692 806 736 [postea]

104 743 230 786 peregrinando
236 743 305 777 visitare
311 750 390 777 sanctum
396 743 513 784 Edmundum,
518 749 535 776 et
542 743 565 775 ibi
572 742 626 776 iocale
632 742 734 785 preciosum,
740 755 808 777 crucem

105 794 169 827 scilicet
181 804 201 826 ex
212 804 254 827 auro
266 800 283 828 et
294 799 365 836 argento
376 804 397 826 ac
408 792 495 836 lapidibus
507 793 589 835 preciosis
600 799 685 835 ornatamy
694 793 808 828 continentem

105 846 193 887 quandam
203 845 244 886 ligni
255 849 315 878 sancte
323 843 377 877 crucis
385 843 490 886 porcionem,
499 844 577 885 offerens,
585 849 653 877 astante
664 845 714 886 plebe
724 844 782 878 retulit
791 845 809 878 in

105 900 164 936 aperto
172 895 217 936 quod
225 905 264 927 cum
272 900 318 927 esset
328 892 345 926 in
353 893 446 935 Aquitania
453 893 523 926 nomine
530 894 575 936 regis
582 894 676 935 Anglnrum
685 900 744 927 contra
751 905 809 935 regem

79 953 97 974 ro
105 944 178 976 Francie
189 943 255 976 actibus
266 943 332 976 bellicis
343 948 441 985 occupatus,
450 943 525 985 quadam
537 944 565 976 die
576 942 652 976 hostiurn
663 954 732 984 cuneos,
740 950 758 976 vt
769 955 809 977 eum

105 994 156 1027 morti
167 994 253 1027 traderent
264 995 291 1026 vel
304 994 366 1027 saltem
379 993 478 1036 captiuitate
491 993 606 1036 subiugarent‚
618 994 705 1038 prospexit
717 993 765 1029 ocius
778 995 809 1029 ad·

106 1050 181 1086 uenture,
190 1043 317 1087 respiciensque
326 1043 349 1076 ad
359 1044 463 1076 adiutorium
474 1045 563 1077 hominum
571 1052 589 1078 et
596 1055 665 1078 suorum
673 1044 809 1079 commilitonum

106 1100 124 1128 vt
135 1105 234 1128 succursum
244 1095 335 1137 preberent
346 1106 368 1127 ne
379 1095 397 1126 in
408 1105 470 1128 manus
481 1095 618 1128 aduersariorum
628 1095 714 1135 incideret,
723 1095 810 1127 neminem

107 1156 176 1178 suorum
187 1151 244 1187 preter
255 1144 344 1177 custodem
355 1144 435 1177 animalis
447 1145 473 1176 cui
486 1143 548 1176 insedit
559 1144 621 1177 adesse
632 1144 684 1185 vidit3
701 1150 758 1177 tactus
769 1155 810 1186 ergo

81 1207 98 1236 ¹5
107 1195 166 1227 dolore
175 1194 230 1227 cordis
242 1194 348 1233 intrinsecus,
356 1200 374 1227 et
384 1204 455 1227 cernens
465 1195 560 1227 humanum
570 1193 651 1227 auxilium
661 1195 727 1235 abesse,
735 1194 811 1235 confugit

107 1246 130 1277 ad
140 1244 223 1285 diuinum,
231 1254 295 1285 rogans
306 1244 357 1277 deum
368 1249 385 1276 et
395 1243 482 1276 martirem
492 1254 542 1276 suum
550 1244 662 1277 Edmundum
670 1249 688 1277 vt
698 1244 763 1277 meritis
774 1244 810 1276 eius

107 1300 124 1327 et
136 1294 215 1337 precibus
227 1293 325 1336 impetraret
337 1293 370 1326 sibi
381 1293 481 1335 remedium,
489 1303 588 1338 vouensque
599 1294 645 1337 quod
655 1293 684 1328 tali
695 1300 746 1338 pacto
757 1295 811 1328 iocale

106 1345 208 1388 predictum,
220 1345 266 1388 quod
278 1355 308 1387 pre
319 1343 398 1378 omnibus
410 1345 474 1385 dilexit,
485 1345 518 1378 sibi
530 1345 592 1379 deuote
604 1346 699 1380 conferret:
715 1357 748 1389 quo
760 1346 811 1386 facto,

107 1397 166 1429 statim
176 1397 268 1428 exercitum
279 1405 330 1428 suum
339 1396 364 1428 ita
371 1396 444 1428 densum
455 1401 471 1429 et
482 1395 579 1437 expeditum
590 1396 634 1428 circa
645 1407 664 1428 se
674 1396 768 1437 conspexit,
776 1396 811 1427 acsi

81 1461 100 1481 20
107 1447 163 1478 nullus
173 1446 195 1478 de
204 1455 274 1477 numero
285 1444 371 1478 defuisset.
395 1446 419 1479 Et
428 1445 512 1488 completo
524 1455 607 1487 sermone,
615 1445 640 1478 sic
651 1451 730 1479 sanctum
740 1446 811 1479 affatur:

108 1496 159 1529 ‘Hoc
168 1497 222 1530 locale
230 1500 256 1529 est
265 1496 312 1538 quod
321 1494 352 1528 tibi
362 1494 443 1537 promisit
455 1495 488 1528 hoc
498 1494 529 1529 tibi
540 1496 592 1529 offero
600 1496 660 1530 martir
668 1497 731 1531 Christi
741 1497 811 1531 sanctis-

109 1546 161 1580 sime?
184 1547 222 1579 Nec
232 1546 287 1578 solum
299 1558 320 1578 ex
331 1547 364 1578 hoc
375 1546 457 1579 donatiuo
468 1547 522 1588 patuit
533 1547 556 1580 ad
567 1553 645 1580 sanctum
656 1547 692 1580 eius
702 1547 779 1587 deuocio,
787 1552 812 1579 set

109 1608 130 1629 ex
145 1596 221 1639 pluribus
236 1597 274 1629 aliis
286 1596 361 1629 donariis
376 1602 436 1629 sancto
451 1596 516 1629 martiri
530 1597 593 1631 deuote
606 1596 677 1630 collatis.
700 1597 753 1630 Dedit
767 1597 812 1630 enim

109 1647 189 1680 vestiario
204 1656 256 1679 unam
271 1646 366 1688 preciosam
381 1657 443 1688 capam
458 1647 554 1679 brudatam,
582 1649 626 1679 ltem
642 1647 675 1679 alia
690 1647 728 1680 vice
745 1656 812 1679 crucem

83 1710 101 1738 25
109 1696 167 1737 magni
175 1695 228 1738 precii
236 1706 310 1735 auream,
319 1705 358 1727 cum
366 1695 452 1738 lapidibus
460 1696 542 1737 preciosis
551 1696 653 1728 adornatam
661 1706 665 1738 ;
677 1696 735 1739 quein
744 1695 813 1729 australi

109 1753 158 1790 parte
170 1745 227 1780 feretri
242 1746 332 1787 dependet.
355 1746 430 1779 Contulit
445 1746 500 1778 eciam
512 1745 610 1788 preciosum
623 1747 699 1789 lapidem
711 1747 740 1789 qui
753 1752 814 1780 antrat

110 1797 176 1840 dicitur,
185 1802 202 1829 et
213 1797 286 1830 situatur
295 1796 317 1829 ad
328 1797 390 1839 pedem
401 1796 447 1830 dicte
458 1797 513 1830 erucis
525 1807 576 1839 super
586 1797 672 1830 feretrum.
696 1799 740 1830 ltem
751 1796 814 1838 legauit

109 1848 171 1890 viginti
182 1857 249 1880 marcas
260 1857 292 1890 pro
302 1846 382 1889 ymagine
392 1847 414 1880 de
425 1854 497 1889 argento
507 1847 586 1881 facienda
597 1854 615 1881 et
625 1849 730 1890 deauranda,
739 1848 756 1881 in
766 1847 814 1880 euius

109 1899 164 1932 fronte
177 1909 207 1932 seu
218 1903 287 1940 pectore
299 1897 385 1940 predictus
396 1897 440 1939 lapis
452 1897 553 1939 situaretur;
569 1904 595 1930 set
608 1899 631 1931 ad
643 1898 717 1931 martiris
730 1896 814 1937 iniuriam,

84 1963 102 1991 50
110 1959 140 1991 per
150 1953 259 1981 executorum
268 1946 352 1980 incuriam
362 1947 419 1979 minus
430 1947 473 1980 iuste
484 1947 559 1980 defuncti
567 1948 674 1981 voluntatem
684 1946 814 1990 complencium,

111 1999 179 2031 detente
190 2003 234 2038 sunt,
247 2007 284 2030 cum
296 2008 330 2030 vno
342 1997 395 2030 calice
406 2007 458 2030 nureo
471 1998 530 2040 pondo
542 1997 564 2031 xi.
572 2008 590 2038 s,
603 2009 654 2041 quem
666 1997 744 2030 similiter
755 2001 814 2030 sancto

111 2048 204 2083 Edmundo
218 2048 286 2090 legauit.
309 2047 381 2089 Legauit
395 2047 450 2081 eciam
462 2054 501 2090 post
514 2055 588 2082 mortem
601 2050 661 2082 matris
674 2059 705 2082 sue
717 2049 767 2081 beato
778 2046 815 2080 Ed·

111 2101 176 2132 mundo
188 2109 218 2142 pro
230 2098 318 2131 refectorio
330 2098 454 2131 monachorum
466 2109 534 2131 suorum
545 2109 597 2132 unam
611 2109 674 2141 cupam
686 2103 785 2141 argenteam
798 2101 815 2128 et

112 2151 212 2183 deauratam
219 2155 236 2182 et
245 2149 289 2181 miro
297 2159 348 2191 opere
357 2149 464 2189 fabricatam,
473 2159 525 2191 quam
533 2149 576 2182 dixit
585 2156 603 2182 et
613 2149 687 2182 asseruit
697 2148 751 2181 fuisse
761 2144 815 2180 sancti

85 2205 103 2235 55
112 2198 201 2233 Edmundi
214 2198 231 2231 in
243 2199 280 2232 uita
293 2209 333 2239 sua3
349 2198 372 2231 ob
383 2199 431 2232 cuius
442 2199 525 2233 honorem
537 2200 597 2233 diebus
608 2199 675 2233 festiuis
687 2198 767 2232 sacerdos
779 2196 815 2228 eius

112 2248 213 2292 suppellicio
225 2249 293 2282 indutus
305 2260 325 2282 ex
336 2249 370 2282 hoc
381 2249 512 2282 conuiuantibus
523 2249 626 2291 propinauit.
649 2250 679 2282 Set
691 2254 708 2283 et
721 2245 816 2281 reuerentia

112 2306 168 2334 mater
182 2299 224 2341 eius,
239 2299 346 2342 perpendens
362 2304 471 2334 executurum
485 2299 614 2343 necligenciam‚
627 2299 723 2343 predictam
736 2297 816 2340 capham,

113 2363 152 2385 curn
164 2361 198 2385 vno
213 2350 291 2393 precioso
306 2350 375 2392 saphiro
390 2356 450 2383 sancto
464 2350 558 2384 Edmundo
573 2350 670 2384 destinauit.
693 2349 746 2383 Dedit
761 2346 816 2380 eciam

112 2402 200 2444 predictus
217 2411 275 2434 comes
292 2400 364 2433 ecclesie
380 2400 435 2433 sancti
455 2400 543 2433 Edmundi
560 2400 609 2442 quasi
626 2410 657 2443 pro
674 2399 742 2432 modico
760 2395 816 2439 precio

85 2464 105 2494 4⁰
113 2452 208 2484 manerium
224 2460 273 2483 suurn
289 2449 310 2482 de
326 2449 472 2491 Estbradenham,
487 2459 533 2482 anno
547 2449 611 2483 domini
627 2447 752 2490 l1⁰.ccc⁰.viij.;
769 2444 816 2478 cuius

113 2501 170 2534 anime
177 2500 281 2545 propicietur
289 2500 336 2541 deus,
344 2500 406 2534 Amen.
