1762 2803
128 103 177 156 '462
325 100 405 152 moue
420 81 536 160 tremus
551 98 645 160 finctio.

134 221 204 263 struxit,
220 225 238 256 et
253 221 326 256 hortum
342 221 435 266 plantauit.
459 220 527 267 Elapso
542 226 604 257 autem
619 220 704 265 triennio,
720 232 761 256 cum
776 221 837 260 locum

133 276 226 321 quendam
235 276 282 310 vltra
293 286 344 310 mare
350 275 361 318 ¹,
368 276 399 310 vbi
407 286 456 309 nunc
464 286 531 320 corpus
539 275 578 310 eius
589 275 693 320 requiescit,
703 276 837 320 conspexisset,

85 339 86 342 ’
134 340 185 363 mare
193 340 234 363 cum
244 329 308 363 baculo
317 328 408 373 percussit
420 333 438 363 et
446 328 500 363 siccis
508 330 587 372 pedibus
596 340 637 363 cum
646 328 705 371 sociis,
711 329 776 363 deum²
783 330 837 373 glori-

134 383 196 423 ficans,
209 382 332 424 pertransiuit.
356 381 431 413 Etcum
443 382 494 414 locus
507 381 543 414 illis
557 383 642 424 placeret,
655 381 707 424 quasi
720 381 807 415 circulum
818 383 837 416 in

117 435 209 471 smodum
221 433 275 468 sontis
288 434 312 468 de
323 433 382 467 baculi
391 433 420 467 sui
433 434 509 478 cuspide
523 434 571 477 fecit,
583 440 601 469 et
612 434 665 478 aquis
677 444 721 469 mox
734 434 837 478 largisslme

134 486 219 531 egressis,
228 486 269 521 fons
277 493 343 530 patens
350 486 434 531 apparuit
442 493 460 521 et
468 499 550 522 amenus.

156 533 244 586 Quadam
252 546 311 583 nocte,
319 541 363 575 dum
373 541 423 575 solus
433 542 452 575 in
464 541 542 576 oratorio
554 548 619 586 oraret,
627 541 711 587 apparuit
719 541 736 576 ei
745 543 837 586 quoddam

133 595 199 637 ingens
207 594 321 628 teterrimum
329 599 384 637 atque
392 595 505 629 horrendum
513 600 621 629 monstrum.
646 596 689 629 Erat
697 605 777 637 namque
785 596 837 638 quasi

134 647 213 691 quedam
223 658 291 691 ymago
300 647 349 681 ferro
360 651 379 680 et
389 646 464 690 fuligine
476 647 557 689 conficta,
565 648 633 691 plumis
644 652 729 681 contexta
740 647 837 691 fuligineis,

108 700 212 745 repedibus
229 705 248 734 et
265 700 298 735 alis
315 700 466 746 pernicissima³;
485 701 578 735 interdum
594 706 669 735 centum
687 700 757 735 habens
774 701 837 736 oculos

134 755 236 796 flammeos
244 766 293 788 nunc
301 765 345 789 vero
357 755 433 797 nullum,
441 755 534 789 interdum
542 765 599 788 vnum
611 756 629 788 in
638 754 698 788 media
706 754 766 788 fronte
774 755 837 798 fixum,

134 808 153 842 in
164 808 239 841 modum
251 807 304 851 clipei
316 807 391 841 maximi
403 812 492 849 rotatum;
505 813 579 841 centum
591 808 668 851 linguas,
680 807 793 851 totidemque
805 820 838 844 ora

134 866 153 894 et
165 870 219 894 aures
232 861 351 904 confingens3
368 871 416 893 nunc
430 859 531 903 (sursum)⁴
543 871 602 904 vsque
615 861 638 894 ad
652 861 711 894 nubes
725 871 745 894 se
757 862 837 904 erigens,

135 923 183 948 nunc
197 923 241 947 vero
253 913 339 947 deorsum
354 913 439 956 pendens
455 917 473 948 et
488 922 529 947 cum
542 912 617 956 (terre)⁴
628 913 704 957 puluere
717 913 838 949 descendens.

108 975 126 1006 15
136 966 176 1001 Hec
191 970 229 1001 tam
244 966 340 1010 prophana
354 976 389 1010 per
403 971 459 1001 totam
475 971 548 1001 noctem
563 965 634 1008 videns,
649 967 723 1002 demum
738 966 795 1002 dixit:
811 967 838 1002 ‘O

134 1022 217 1060 demens,
225 1031 236 1052 0
244 1019 344 1062 prophane,
352 1030 384 1053 cur
392 1019 425 1053 hec
433 1024 470 1053 tam
478 1030 526 1054 vana
533 1019 603 1054 iactitas
611 1025 674 1054 contra
682 1019 749 1054 milites
758 1020 838 1056 Christi?

134 1074 165 1107 An
180 1078 198 1108 te
211 1072 254 1106 latet
267 1073 316 1116 quod
329 1077 418 1116 perpetua
433 1072 481 1116 ignis
496 1073 555 1107 eterni
568 1078 659 1108 tormenta
672 1079 690 1108 te
706 1079 781 1108 manent
796 1085 838 1110 cum

134 1126 227 1159 sodalibus
234 1124 240 1144 ⁵
248 1125 297 1159 tuis?
319 1124 408 1167 Quamuis
416 1125 466 1158 enim
476 1126 530 1159 modo
538 1127 617 1169 quedam
626 1127 689 1170 grauia
696 1126 732 1159 iam
741 1127 837 1170 sustineas,

135 1178 204 1212 maiora
217 1183 279 1210 tamen
295 1176 394 1211 sustinebis
410 1188 451 1210 cum
467 1176 551 1211 Christus
566 1180 676 1222 apparuerit,
689 1179 726 1212 vita
741 1184 759 1213 et
774 1180 839 1224 legiler

108 1231 208 1267 zonosten’
231 1230 302 1272 Quibus
317 1229 375 1271 dictis
392 1230 449 1264 miser
463 1230 494 1264 ille
509 1241 551 1264 cum
570 1231 608 1265 suis
624 1231 739 1266 illusionibus
758 1232 837 1267 euanuit.

135 1278 251 1319 Avicesimo
261 1284 321 1327 primo
330 1283 383 1317 etatis
393 1295 426 1317 sue
438 1295 486 1317 anno
493 1295 552 1328 vsque
563 1285 586 1317 ad
597 1285 666 1319 obitum
676 1296 735 1326 suum,
743 1297 838 1330 nunquam

135 1339 154 1372 in
166 1337 243 1371 ecclesia
253 1337 304 1371 visus
316 1342 344 1371 est
355 1338 431 1379 sedere;
443 1347 537 1380 nunquam
551 1337 626 1371 tristicia
638 1339 719 1372 deiectus
733 1349 767 1372 nec
778 1339 839 1374 leticia

135 1389 211 1430 solutus,
224 1399 318 1432 nunquam
331 1389 462 1423 moderationis
474 1393 542 1423 metam
554 1389 652 1431 excedens,
664 1390 697 1424 sed
709 1401 770 1434 neque
781 1390 838 1426 iratus

135 1450 166 1477 aut
172 1443 292 1484 turbulentus,
297 1442 381 1475 omnibus
389 1442 465 1475 affabilis
473 1448 491 1476 et
497 1442 592 1476 beniuolus
601 1449 644 1476 erat.
658 1444 695 1477 Ter
700 1443 838 1487 quinquagenos

108 1512 126 1541 25
136 1496 216 1541 quotidie
231 1495 312 1540 psalmos
327 1495 422 1539 psallebat,
438 1495 517 1529 nuncin
533 1495 592 1529 crucis
605 1497 666 1540 modo,
678 1507 727 1530 nunc
739 1496 838 1532 immobilis

136 1551 184 1584 fixus
200 1554 273 1592 statura,
288 1559 337 1583 nunc
352 1548 429 1592 genibus
444 1549 557 1594 prouolutus.
580 1549 609 1583 Ex
624 1550 653 1584 die
666 1560 711 1585 vero
726 1561 762 1594 qua
777 1551 837 1586 locum

136 1614 191 1638 suum
205 1607 312 1636 construere
327 1601 381 1645 cepit,
392 1613 485 1645 uunquam
497 1602 604 1636 indumento
615 1603 669 1636 laneo
679 1603 757 1637 vestitus
768 1609 797 1638 est
808 1610 839 1638 aut

136 1655 190 1697 lineo,
202 1655 236 1687 sed
249 1654 328 1698 caprinis
341 1653 450 1686 induebatur
460 1654 543 1698 pellibus.
572 1654 595 1687 Et
606 1665 666 1699 neque
679 1654 698 1688 in
711 1655 758 1688 lecto
769 1657 838 1700 plumis

136 1708 165 1742 vel
173 1707 255 1742 vestibus
267 1718 301 1741 seu
312 1706 367 1741 etiam
378 1706 437 1750 paleis
448 1712 510 1749 strato,
518 1706 582 1741 iacuit:
595 1707 697 1742 durissimis
705 1718 772 1742 nucum
785 1708 838 1743 corti-

108 1779 128 1806 ,30
136 1762 187 1795 cibus
201 1760 227 1793 vti
243 1759 337 1793 consueuit
353 1771 386 1802 pro
401 1760 479 1802 plumis3
499 1771 533 1803 pro
547 1760 651 1803 peregrinis
670 1766 731 1795 autem
747 1762 838 1804 tapetibus

136 1813 194 1860 pictis,
206 1812 267 1848 arenis
279 1824 320 1848 cum
333 1812 400 1857 lapillis
413 1814 537 1847 delectabatur
549 1813 646 1857 admixtIs3
663 1815 734 1848 duobus
747 1814 838 1859 lapidibus

135 1868 189 1910 capiti
200 1867 245 1899 suol
256 1866 361 1910 suppositis.
384 1866 437 1907 Quali
447 1867 555 1900 indumento
563 1866 582 1899 in
591 1867 626 1907 die,
634 1867 665 1900 tali
673 1871 691 1900 et
700 1867 766 1900 eodem
774 1867 838 1901 indue-

135 1921 188 1953 batur
195 1918 214 1951 in
222 1924 280 1952 nocte.
297 1918 366 1952 Panem
374 1918 464 1952 triticeum
475 1929 512 1952 non
520 1919 603 1962 comedit,
609 1920 643 1952 sed
651 1918 722 1953 modico
730 1920 838 1953 vescebatur

135 1984 183 2017 pane
192 1973 286 2015 ordeaceo,
292 1972 354 2007 cinere
362 1972 447 2015 admixto,
455 1972 515 2017 equali
523 1973 605 2016 pondere
613 1972 682 2007 librator
696 1972 775 2017 Semper
782 1973 838 2008 biduo

109 2043 127 2071 35
136 2032 166 2061 aut
177 2026 237 2060 triduo
245 2026 303 2060 semel
312 2025 372 2060 cibum
382 2025 466 2069 sumpsit.
490 2025 607 2060 Pulmentum
615 2026 665 2060 enlm
673 2031 711 2059 erat
720 2037 744 2059 ex
751 2025 810 2061 farina
820 2033 838 2061 et

136 2079 216 2113 oleribus
224 2078 331 2119 confectum,
339 2078 389 2112 nulla
397 2078 471 2112 omnino
480 2078 591 2123 pinguedine
599 2078 737 2122 impinguatum.
757 2078 837 2113 Sabbato

136 2138 154 2166 et
166 2131 256 2166 dominico
268 2132 298 2165 die
309 2142 363 2165 caseo
375 2142 422 2174 aqua
433 2133 508 2166 decocto
515 2132 604 2173 Vtebatur,
612 2136 631 2165 et
642 2142 710 2175 paucos
718 2132 737 2165 in
745 2142 838 2167 resurrec-

136 2185 185 2217 tione
201 2184 269 2216 domini
283 2184 379 2227 pisciculos
395 2184 484 2217 sumebat.
507 2184 564 2217 Potus
580 2189 641 2217 autem
660 2184 699 2217 eius
719 2195 742 2217 ex
759 2195 805 2228 aqua
820 2190 838 2219 et

136 2237 223 2271 arborum
236 2236 294 2270 succis
308 2235 421 2270 malorumve
434 2235 546 2270 siluestrium
560 2240 605 2270 erat.
629 2236 727 2280 Nunquam
739 2247 760 2271 os
773 2236 813 2272 eius
826 2248 838 2272 a

108 2307 128 2337 4⁰
137 2288 261 2333 spiritualibus
269 2290 351 2323 ociosum
360 2288 421 2323 visum
429 2295 458 2323 est
465 2290 495 2323 vel
503 2300 585 2323 vacuum.
608 2288 661 2323 Multi
671 2289 720 2325 enim
730 2290 772 2334 ceci,
781 2291 837 2334 surdi,

136 2349 191 2387 atque
205 2342 311 2384 demoniaci,
326 2346 344 2374 et
359 2343 419 2375 omnia
428 2341 560 2375 infirmitatum
573 2353 641 2386 genera
654 2343 743 2377 habentes
757 2345 780 2378 ad
795 2354 838 2378 eum

136 2396 215 2436 adducti,
226 2396 261 2428 deo
273 2395 340 2437 gratias
351 2400 427 2437 agentes
439 2395 535 2428 sanitatem
548 2397 655 2438 consequuti
667 2401 715 2430 sunt.
755 2390 837 2441 Quidam

136 2448 237 2493 discipulus
248 2458 293 2481 suus
298 2448 311 2490 ⁷,
323 2452 394 2480 mortua
406 2452 464 2481 matre
476 2458 514 2489 sua,
527 2459 569 2481 cum
580 2449 603 2481 ad
617 2449 676 2483 locum
688 2450 707 2483 in
719 2460 755 2493 quo
767 2456 838 2484 mortua

156 2518 161 2536 ¹
171 2528 194 2549 sc.
203 2517 324 2554 Landevennec,
332 2525 371 2546 near
379 2515 430 2547 Brest.
478 2516 484 2534 ²
495 2516 513 2547 Ε,
521 2517 585 2547 domini.
633 2516 640 2534 ³
649 2518 666 2549 T.
675 2518 692 2548 E.
700 2518 837 2555 perniciosissima.

135 2558 272 2590 *οιῐιΛιΈΒοάΙΙ
309 2557 440 2587 ⁵E.satellltibus.
476 2556 662 2596 ‘Vitaddsetpedibus
700 2558 838 2590 tscsiRiochus.
