1762 2803
56 164 223 205 asanaa-aa]
284 153 395 207 Uita&
407 153 529 212 mutilati.
682 171 688 181 ·
713 167 757 212 719

56 275 158 319 aquilonem.
188 277 228 310 Hec
242 282 300 311 antem
319 277 377 311 omnia
394 278 416 312 ab
431 277 477 311 omni
492 275 581 311 exactione
598 281 615 310 et
633 275 758 310 consuetudine

57 327 129 361 seculari
144 337 214 370 prorsus
228 328 296 370 exemit,
310 328 413 373 plenamque
427 327 446 361 in
461 327 541 362 omnibus
552 327 649 362 libertatem
661 327 687 361 eis
702 327 758 368 sigillo

56 378 115 420 regali,
123 379 141 412 in
149 378 268 421 episcoporum
276 384 293 413 et
300 389 389 421 procerum
397 380 491 423 presencia,
499 378 570 413 consilio
577 385 594 413 et
601 389 673 412 assensu
681 378 758 412 omnium

57 428 170 460 confirmauit.
193 429 238 470 Quia
252 439 294 461 uero
308 430 357 462 locus
372 430 453 471 palustris
468 429 524 462 inanis
539 435 556 462 et
571 428 655 462 insolidus
670 435 712 469 erat,
725 438 758 462 nec

57 477 119 511 molem
134 477 202 520 lapidee
216 477 330 512 edificationis
345 479 442 521 sustineret,
455 479 493 522 pius
508 489 538 513 rex
551 478 612 513 altiore
626 478 697 513 consilio
710 487 776 520 ususs

57 526 135 569 ingentes
145 529 195 571 palos
205 540 226 561 ex
236 529 334 572 quercubus
342 529 408 564 infinite
418 529 532 563 multitudinis
544 529 580 562 fieri
591 529 667 572 precepit
679 536 759 574 terreque

57 577 171 620 infigi—sicut
190 579 247 613 adhuc
265 578 317 612 etiam
335 579 373 613 istis
391 580 497 622 temporibus
512 580 557 612 circa
574 579 699 613 habitationem
713 580 758 613 illius

58 629 125 662 cenobii
133 629 201 662 oculata
209 628 243 661 fide
251 638 323 662 cernere
330 639 428 671 possumus,
435 639 475 662 cum
484 640 496 662 a
505 629 609 663 fodientibus
619 635 636 663 et
647 630 759 664 fundamenta

58 673 105 711 certa
113 678 224 721 querentibus
235 683 281 712 terra
289 679 369 723 aperitur.
392 680 463 713 Terram
472 688 541 722 quoque
552 678 626 712 solidam
637 679 686 714 iussit
696 691 759 715 nouem

58 727 135 762 miliariis
143 739 174 771 per
181 739 244 772 aquam
251 729 274 763 de
281 730 359 772 partibus
366 729 436 764 remotis
443 727 504 764 afferri.
524 730 547 762 Et
554 727 579 762 sic
586 738 627 764 usus
634 728 691 771 ligneo
698 730 760 765 funda·
769 739 788 761 ιο

58 781 124 821 mento,
130 779 221 813 ecclesiam
232 779 300 823 incepit,
308 791 381 824 eamque
392 780 415 813 ad
425 780 494 813 laudem
505 784 522 813 et
533 778 617 812 honorem
628 778 685 813 delet
696 780 719 813 ad
730 791 761 814 sue

59 829 132 864 salutem
146 830 203 864 anime
218 831 349 865 consummauit.
378 832 402 866 Vt
421 836 479 865 autem
497 829 544 863 beati
562 829 662 863 anachorite
678 831 761 865 memoria

59 886 142 921 perpetuo
149 880 167 913 in
177 882 242 914 honore
253 887 270 914 et
280 881 334 922 gloria
343 881 416 915 celebris
424 882 522 920 haberetur,
530 886 634 913 conuentum
644 880 762 922 religiosorum

59 928 131 970 induxit,
142 929 234 972 locumque
245 930 358 972 magnificans
369 930 463 971 beneficiis,
476 928 553 970 edificiis,
566 934 583 963 et
595 930 707 971 ornamentis,
718 940 762 964 nun·

59 989 112 1022 quarn
119 979 142 1013 ad
149 979 262 1014 nouissimum
269 979 315 1014 diem
323 992 372 1015 suum
380 982 403 1015 ab
410 979 526 1015 illiuscenobii
535 979 651 1021 ueneratione,
657 980 762 1023 defensione,
772 994 778 1016 ι
781 995 790 1026 5

60 1035 89 1062 aut
97 1029 203 1072 promotione
210 1030 289 1064 cessauit.
308 1032 329 1065 ln
337 1031 398 1066 eodem
405 1032 444 1065 loco
453 1026 541 1073 religionis
551 1029 646 1064 monastice
657 1032 762 1074 professores

60 1091 114 1123 usque
127 1080 257 1123 inpresentem
270 1081 315 1115 diem
331 1081 438 1116 continuauit
449 1081 554 1125 antiquitas:
571 1081 601 1124 qui
614 1079 676 1124 iugiter
688 1081 705 1115 in
717 1080 761 1116 libro

60 1131 167 1173 experiencie
178 1132 237 1174 legunt
250 1132 308 1175 quanti
320 1134 366 1176 apud
378 1134 429 1167 deum
442 1134 463 1166 sit
471 1131 528 1166 meriti
541 1132 660 1165 sanctissimus
673 1132 705 1166 iste
720 1143 761 1166 con-

60 1180 120 1221 fessor,
128 1190 180 1224 quam
187 1186 270 1224 promtus,
277 1191 329 1224 quam
337 1182 397 1216 efficax
405 1182 422 1216 in
430 1182 561 1216 necessitatibus
568 1181 676 1223 afflictorum,
684 1188 701 1216 et
709 1192 762 1225 quam

61 1231 172 1274 tempestiuus
180 1231 259 1266 adiutor:
271 1239 359 1275 prestante
366 1232 437 1267 domino
448 1239 465 1267 et
477 1232 563 1266 saluatore
574 1231 645 1265 domino
652 1239 712 1267 nostro
721 1233 761 1267 lesu
773 1244 792 1267 ao

62 1280 136 1322 Christo,
144 1281 171 1315 cui
179 1281 201 1316 sit
208 1281 263 1316 honor
270 1288 287 1316 et
294 1282 348 1325 gloria
355 1282 373 1316 in
381 1283 439 1317 secula
447 1283 548 1317 seculorum.
569 1283 649 1316 AMEN.

99 1394 183 1424 INCIPIT
192 1393 305 1424 PROLOGUS
314 1396 339 1425 IN
349 1394 536 1425 TRANSLATIONEM
546 1393 593 1424 CUM
604 1394 724 1425 MIRACULIS

231 1444 295 1474 BEATI
306 1444 420 1475 GUTHLACI
430 1440 592 1474 ANACHORITE1.

63 1496 192 1574 GLoriosam
203 1499 306 1534 uenerabilis
314 1499 368 1543 patris
379 1500 433 1534 nostri
445 1500 526 1534 Guthlaci
534 1500 668 1540 translationem,
677 1499 764 1533 karissimi

123 1550 189 1590 fratres,
204 1550 272 1584 deuotis
286 1550 366 1583 laudibus
380 1560 509 1592 prosequamur,
524 1557 543 1584 ut
561 1550 664 1593 obsequium
677 1549 728 1583 nobis
746 1550 765 1584 in

62 1599 151 1642 premium,
156 1600 254 1642 preconium
262 1600 281 1633 in
287 1599 401 1643 patrocinium
407 1607 535 1634 conuertamus.
550 1600 569 1635 Si
576 1600 623 1634 enim
631 1600 688 1634 adbuc
695 1600 765 1635 ‘similis

62 1649 113 1683 nobis
124 1649 221 1692 passibilis,'
230 1650 272 1684 dum
285 1650 302 1683 in
314 1651 348 1683 hoc
362 1646 430 1684 mortali
446 1661 518 1693 corpore
530 1650 599 1685 Christo
611 1650 703 1689 militabat,
714 1661 766 1694 super
774 1664 793 1696 ²5

62 1700 145 1733 demones
156 1706 173 1733 et
184 1700 276 1742 languores
287 1700 331 1734 adeo
342 1700 446 1743 potestatiue
457 1700 538 1734 uirtutem
548 1700 668 1734 miraculorum
680 1701 764 1734 exercuit:

62 1757 146 1794 quantum
159 1751 223 1793 putatis
234 1762 281 1785 nunc
295 1761 334 1785 eum
349 1761 401 1794 posse
413 1750 548 1794 supplicantibus
561 1749 644 1795 impartiri
660 1749 765 1793 suffragium,

62 1801 92 1844 qui
110 1802 155 1835 stola
173 1800 305 1835 immortalitatis
320 1800 390 1835 indutus
404 1800 487 1844 gloriatur
504 1800 522 1835 in
536 1801 625 1844 presencia
640 1801 704 1836 Christi
721 1801 766 1835 inter

62 1849 160 1892 angelicos²
168 1857 185 1883 et
195 1851 213 1883 in
224 1851 358 1893 congregatione
368 1853 478 1884 sanctorum?
500 1851 586 1885 ‘lntrauit
596 1851 642 1885 enim
654 1851 672 1885 in
682 1852 764 1892 gaudium

63 1900 128 1933 domini
136 1899 172 1941 sui,'
180 1899 255 1933 introinit
263 1900 281 1933 in
288 1900 377 1942 potencias
389 1900 454 1933 domini
462 1906 479 1934 et
489 1900 562 1942 abyssos
572 1899 655 1934 claritatis
662 1906 727 1941 eterne,
735 1900 764 1934 ubi
775 1915 794 1945 3⁰

63 1951 138 1985 leticiam
152 1956 170 1984 et
184 1950 299 1990 amenitatem,
314 1960 376 1994 pacem
390 1956 407 1984 et
422 1950 534 1993 uoluptatem,
549 1951 605 1984 lucem
623 1950 765 1993 inaccessibilem,

62 2001 160 2035 felicitatem
166 2007 183 2035 et
189 2001 266 2044 gloriam,
271 1998 425 2035 ‘iocunditatemet
432 2001 552 2035 exultationem
559 2000 679 2036 thesaurizauit
685 2001 765 2036 dominus

64 2063 115 2095 super
122 2052 172 2086 eum!
195 2054 259 2086 Beatus
269 2051 327 2095 itaque
340 2051 403 2086 Christi
415 2052 504 2086 confessor
513 2051 555 2086 satis
568 2051 663 2085 domestico
673 2052 766 2095 exemplari

63 2113 95 2136 uos
108 2102 163 2136 erudit
176 2109 193 2136 et
205 2102 290 2143 informat,
305 2102 334 2145 qui
348 2102 375 2135 'in
388 2102 433 2135 fame
446 2108 464 2136 et
477 2101 510 2143 siti,
522 2102 540 2136 in
550 2102 613 2145 frigore
624 2108 641 2136 et
652 2102 736 2144 nuditate,
748 2103 765 2136 iu

64 2152 151 2186 laboribus
162 2152 244 2194 plurimis,
253 2152 271 2185 in
282 2151 348 2185 ieiuniis
359 2157 376 2185 et
387 2151 450 2193 uigiliis
461 2151 525 2193 multis,
533 2152 551 2185 in
561 2151 704 2195 temptationibus
715 2163 766 2196 supra
776 2167 794 2198 35

64 2203 146 2244 modum,'
154 2209 171 2236 et
182 2203 199 2236 in
208 2203 288 2236 omnibus
296 2201 380 2245 regularis
390 2202 424 2236 uite
435 2202 551 2237 obsemanciis
559 2203 633 2245 gloriose
640 2203 662 2237 de
671 2214 723 2238 came
731 2215 767 2245 sua,

64 2256 86 2288 de
94 2255 157 2295 seculo,
163 2261 180 2288 et
188 2255 210 2288 de
217 2255 293 2296 maligno
300 2253 361 2297 spiritu
368 2253 485 2297 triumphauit.
504 2253 620 2288 ‘Emulamini
627 2265 668 2297 ergo
675 2255 767 2289 carismata

64 2305 144 2338 meliora’
152 2304 175 2338 ad
183 2315 216 2348 que
224 2305 270 2339 beati
277 2303 357 2338 Guthlaci
367 2305 404 2338 uita
411 2314 442 2338 uos
453 2304 548 2339 instancius
557 2305 628 2341 inuitat:
640 2306 688 2340 cuius
695 2305 767 2340 uirtutes

64 2361 82 2388 et
90 2355 151 2387 merita
158 2354 173 2387 si
181 2365 212 2397 pro
220 2360 260 2388 uoto
267 2354 318 2397 plene
326 2365 361 2387 non
369 2353 440 2396 potestis
448 2354 521 2397 assequi,
530 2355 613 2389 studeatis
623 2363 680 2389 tamen
692 2356 766 2389 eundem

65 2403 182 2445 spiritualibus
194 2404 278 2437 exercitiis
290 2403 357 2437 imitari.
378 2404 436 2437 Vestri
448 2404 501 2447 patris
514 2406 597 2447 exemplo,
611 2405 653 2438 dura
666 2405 683 2437 in
696 2414 767 2447 presen-
775 2422 795 2450 40

50 2453 130 2487 ciarum
145 2452 234 2486 toleranda
249 2460 294 2495 sunt,
309 2461 328 2487 ut
345 2464 385 2487 curn
400 2465 421 2487 eo
433 2453 515 2498 ‘regnum
530 2454 610 2496 celorum,
622 2454 668 2497 quod
681 2465 692 2486 a
706 2454 767 2488 diebus

67 2502 149 2538 Iohannis
157 2502 192 2537 vim
199 2502 273 2547 patitur,'
281 2514 313 2548 per
322 2504 424 2539 uiolenciam
431 2504 529 2549 penitencie
537 2504 612 2548 capiatis.
634 2504 710 2549 Reliquit
718 2505 767 2540 uobis

86 2562 92 2580 ¹
102 2562 140 2592 This
146 2561 206 2592 Transi.
213 2561 240 2591 has
250 2566 277 2592 not
284 2563 322 2593 been
329 2563 365 2597 used
373 2563 393 2602 by
400 2563 440 2601 John
450 2563 468 2593 of
473 2562 575 2602 Tynemoutlt.
594 2563 609 2594 It
619 2567 656 2593 rests
664 2573 684 2593 on
694 2572 714 2593 an
725 2563 768 2594 older

66 2607 131 2633 account
137 2601 161 2632 ed.
168 2602 184 2632 in
190 2601 231 2632 Boll.
238 2601 284 2642 April
292 2611 305 2637 a,
312 2612 328 2642 p.
336 2611 356 2642 54
363 2603 397 2642 (bnt
404 2602 494 2643 incompleta
500 2608 516 2633 at
523 2603 549 2634 the
555 2601 597 2640 eud).
637 2601 644 2619 ¹
653 2602 709 2643 supply
716 2605 768 2635 cetusl
