1762 2803
267 631 270 635 “
298 615 463 686 brutoque?

37 769 115 850 SAncti
131 773 193 812 patres
206 767 237 812 qui
248 765 314 811 priscis
328 766 379 801 fuere
390 765 510 810 temporibus,
524 764 631 800 charitatem
643 764 662 799 in
675 765 737 799 multis

77 823 205 866 frigescentem
216 819 331 864 aspicientes,
339 824 460 864 curantesque
471 818 545 853 omnino
557 829 580 855 ne
592 818 639 863 ignis
651 819 674 853 de
685 818 737 853 altari

35 877 125 918 deficeret,
131 875 203 915 hocest,
210 885 233 908 ne
241 874 296 907 corda
304 873 399 907 hominum
407 873 486 916 quadam
493 872 573 916 torporis
580 872 654 916 ignauia
661 882 738 917 prorsus

35 932 154 973 tepescerent,
160 927 193 961 sed
201 925 260 969 magis
267 926 298 959 illo
306 925 363 959 diuini
371 925 440 959 amoris
448 926 496 969 igne,
504 936 559 969 quern
567 925 653 959 dominus
661 924 711 959 misit
718 924 738 958 in

35 987 107 1021 terram,
113 979 277 1023 iugiterardereut3
289 978 380 1022 lignorum
387 978 498 1013 nutrimenta
504 978 594 1012 subiicere
600 977 712 1021 satagebant,
717 988 738 1011 ac
747 986 756 1016 5

36 1033 134 1068 semiuiuos
145 1032 197 1075 quasi
209 1031 295 1074 colligere
308 1030 379 1065 cineres
392 1036 434 1074 post
448 1030 547 1065 multorum
560 1030 654 1072 sacrificia,
666 1030 685 1064 in
698 1030 739 1063 loco

36 1086 109 1126 mundo,
117 1084 169 1129 puris
180 1083 264 1118 videlicet
276 1083 373 1124 mentibus,
381 1083 499 1126 reponendos
510 1082 551 1117 siue
562 1083 690 1123 reseruandos,
698 1087 739 1117 acta

36 1138 103 1172 scilicet
114 1137 198 1180 vitasque
208 1141 312 1170 sanctorum
325 1136 455 1170 recensentes²
465 1141 484 1169 et
495 1136 514 1170 in
524 1135 605 1170 medium
617 1135 739 1180 proferentes,

37 1190 120 1234 quatinus
133 1189 189 1223 variis
203 1194 308 1223 sanctorum
320 1188 417 1232 exemplis,
429 1189 481 1231 quasi
493 1187 616 1222 calciamentis
629 1187 739 1231 quibusdam

37 1241 170 1276 comedentium
182 1252 250 1285 agnum
262 1241 367 1284 paschalem
378 1241 437 1285 pedes
447 1240 546 1282 munirent,
554 1240 585 1285 qui
596 1240 650 1274 nudis
661 1246 679 1274 et
688 1240 740 1274 duris
749 1250 768 1272 ro

38 1294 110 1328 funibus
118 1299 247 1338 preceptorum
254 1292 342 1327 forsitan³
349 1293 459 1335 lederentur,
464 1293 533 1338 quippe
541 1304 618 1337 quorum
627 1293 741 1328 teneriores⁴

38 1347 113 1389 animos,
124 1348 147 1381 ad
159 1347 238 1381 solidum
250 1346 360 1390 capiendum
372 1345 433 1380 cibum
448 1347 508 1380 adhuc
523 1346 618 1387 inualidos,
630 1346 675 1380 lacte
688 1346 741 1390 prius

38 1399 99 1433 fouere
113 1399 204 1443 oportuit3
222 1399 253 1434 vt⁶
267 1399 310 1433 dum
323 1398 407 1433 audirent
421 1399 541 1444 legerentque
554 1404 659 1434 sanctorum
672 1400 741 1439 turbas,

38 1457 74 1486 toto
86 1453 130 1486 orbe
141 1452 223 1494 diffusas,
235 1452 295 1486 omnis
308 1463 369 1494 sexus,
381 1452 442 1485 omnis
454 1452 513 1492 etatis,
524 1452 584 1495 omnis
595 1453 669 1495 gradus,
681 1452 742 1486 omnis

39 1504 118 1548 deniqne
133 1505 209 1547 ordinis,
223 1504 288 1548 reges⁶
298 1504 383 1539 videlicet
398 1509 416 1539 et
431 1515 497 1538 omnes
511 1504 607 1549 populost,
618 1505 712 1550 principes
723 1510 742 1539 et
752 1514 769 1546 ¹5

39 1557 112 1598 iudices,
120 1557 197 1592 iuuenes
209 1562 227 1593 et
234 1557 320 1601 virgines,
329 1569 385 1591 senes
396 1568 438 1592 cum
449 1557 559 1601 senioribus,
566 1568 632 1593 omnes
642 1569 678 1592 vno
690 1557 742 1602 quasi

39 1620 70 1644 ore
81 1611 176 1645 laudantes
188 1622 256 1646 nomen
268 1611 337 1645 domini
349 1611 382 1644 ac⁸
393 1611 525 1646 breuissimum
536 1616 578 1655 post
585 1611 622 1645 vite
632 1611 742 1646 curriculum

40 1663 98 1697 celum
109 1663 127 1697 vi
138 1665 217 1707 quadarn
230 1663 329 1708 rapientes,
341 1674 416 1698 omnem
428 1664 491 1698 subire
501 1663 583 1698 laborem
594 1675 628 1709 pro
639 1664 669 1698 dei
680 1674 743 1698 amore

41 1721 80 1759 (pro
88 1727 124 1760 quo
132 1716 175 1751 sern'
184 1722 202 1750 ct
210 1717 261 1752 fieril
268 1717 336 1751 debent
344 1717 413 1757 omnia)
422 1717 574 1760 pertimescerent
582 1727 703 1760 nequaquam,
709 1726 743 1750 nec

40 1769 87 1810 quod
98 1769 121 1801 ab
129 1769 190 1812 aliquo
202 1768 240 1803 fieri
251 1768 310 1813 potuit
321 1767 435 1813 impossibile
446 1769 557 1812 estimarent,
566 1779 607 1803 cum
619 1774 637 1804 et
648 1779 705 1804 sexus
716 1768 744 1803 in·
753 1779 772 1801 ao

41 1819 114 1863 firmior,
126 1827 143 1856 et
157 1827 196 1856 etas
209 1821 295 1863 tenerior,
307 1827 325 1856 et
338 1827 397 1855 status
408 1822 509 1864 sublimior,
520 1822 577 1857 immo
589 1827 607 1856 et
621 1822 644 1856 de
658 1821 744 1856 omnibus

41 1873 135 1908 multitudo
140 1874 237 1918 profusior,
242 1875 303 1909 omnia
311 1886 347 1919 que
352 1876 382 1909 vel
388 1875 438 1909 iussa
444 1880 487 1909 sunt
491 1875 521 1909 vel
527 1875 624 1919 prohibita,
629 1881 679 1910 tanto
684 1875 744 1909 studio

41 1924 233 1970 adimplerent,vtnec
239 1928 262 1962 de
268 1928 339 1962 cunctis
344 1929 372 1962 vel
378 1928 477 1962 vnumiota
483 1928 577 1962 dumtaxat
583 1927 744 1973 pretermitterem

42 1976 90 2011 Hine
102 1984 130 2013 est
141 1981 190 2023 quod
203 1981 228 2024 (vt
236 1991 292 2024 supra
299 1980 387 2023 diximus)
394 1980 428 2014 viri
439 1981 560 2022 venerabiles,
568 1981 636 2025 liquide
647 1987 745 2016 cernentes

42 2032 159 2076 quamplures
170 2038 274 2067 sanctorum
284 2032 368 2067 incitatos
378 2033 470 2078 exemplis
478 2033 509 2078 qui
519 2034 586 2068 diuinis
596 2044 637 2068 raro
647 2040 746 2068 mouentur
754 2045 772 2073 25

43 2085 138 2127 preceptis,
145 2086 328 2130 contemplantesque
333 2096 422 2130 sponsam
427 2086 446 2120 in
450 2086 629 2131 Canticistantopere
634 2087 745 2131 sponsivoce

43 2133 131 2172 laudatam
139 2138 167 2181 (eo
175 2139 224 2183 quod
232 2138 305 2182 antiqua
313 2145 418 2173 sanctorum
424 2150 480 2183 opera
488 2140 570 2174 studioso
577 2139 659 2174 imitatur
666 2140 745 2180 affectu),

43 2187 113 2224 dicente
119 2192 142 2224 ad
147 2202 188 2225 eam
193 2190 289 2235 sponso¹⁰:
298 2192 365 2232 ‘Quam
370 2192 428 2234 pulcri
434 2197 476 2225 sunt
482 2202 558 2236 gressus
562 2192 588 2225 tui
593 2192 611 2226 in
617 2191 746 2234 calciamentis,

44 2239 80 2274 filia
87 2242 203 2288 principis-¹
215 2243 298 2288 vestigiis
310 2243 378 2278 scilicet
390 2244 490 2279 amicorum
498 2245 527 2279 dei
535 2245 599 2279 fortius
609 2244 717 2285 inherendo,
726 2249 744 2278 et

43 2292 84 2328 alibi
92 2295 151 2339 ipsam
160 2298 182 2331 ad
193 2307 257 2331 eorum
265 2297 359 2341 sequelam
369 2297 440 2331 dulcius
450 2297 486 2330 hiis
493 2297 555 2332 verbis
566 2296 652 2330 incitante
658 2296 669 2316 ¹¹
677 2308 681 2330 :
696 2297 701 2314 ⁴
706 2295 746 2330 81¹²
755 2309 774 2339 3⁰

44 2343 116 2387 ignoras
128 2354 152 2391 te,
166 2361 176 2382 o
190 2350 253 2392 pulcra
267 2349 314 2383 inter
329 2349 422 2389 mulieres,
435 2350 523 2391 egredere
538 2355 556 2382 et
571 2349 600 2383 abi
614 2354 656 2393 post
668 2348 746 2393 vestigia

64 2429 69 2447 ¹
79 2430 118 2461 This
126 2433 206 2470 Prologue
211 2433 224 2463 is
231 2443 241 2464 a
247 2433 287 2463 later
292 2434 362 2463 addition
368 2433 413 2462 made
420 2432 445 2461 for
451 2433 479 2462 the
486 2432 551 2465 edition,
559 2433 609 2462 andis
616 2438 645 2463 not
650 2433 747 2470 Capgrnrc's

44 2469 92 2499 work.
113 2472 128 2501 It
137 2483 172 2502 was
183 2473 236 2502 editcd
247 2474 301 2504 before
312 2474 329 2503 in
341 2473 436 2509 Capgrave's
448 2472 495 2501 Liber
505 2473 525 2501 dc
537 2472 595 2502 illustr.
608 2473 683 2503 Henricis
694 2473 747 2511 (Rolis

46 2506 110 2547 Series),
119 2513 163 2550 1853,
170 2522 185 2550 p.
193 2521 226 2549 195.
261 2513 420 2543 taetresencentes.
457 2511 570 2542 ³E.forcitan.
608 2512 746 2543 ‘thmeriorea

45 2544 51 2561 ⁵
61 2547 78 2578 Ε,
86 2554 107 2580 et.
177 2551 183 2568 θ
194 2552 212 2583 Ε,
220 2561 263 2590 eges.
333 2552 339 2570 ἵ
350 2553 368 2583 E.
375 2552 446 2591 popolos.
517 2552 522 2569 ⁵
534 2552 551 2583 E.
558 2553 584 2583 At.
660 2553 666 2572 ⁹
677 2553 695 2583 E.
702 2553 745 2584 fiere.

218 2592 230 2611 ¹¹
241 2593 259 2623 E.
268 2592 348 2623 imitando.
408 2593 420 2610 ¹²
431 2593 476 2622 Cant.
484 2592 516 2629 iq.

392 2652 403 2675 B
