1762 2803
324 142 404 194 tuone
420 137 536 200 tuumne
551 136 645 199 unalia

253 264 312 295 domini
326 263 415 294 Benedictus
429 264 497 300 tempore
510 259 564 291 Iustini
576 258 649 297 senioris:
662 259 699 295 &c.;
715 256 798 297 beginning
810 256 837 288 the

254 322 319 343 sameas
326 322 340 341 e.
348 312 382 349 108,
389 312 416 340 but
423 313 455 339 tent
462 308 549 338 afterwards
555 306 638 346 different).

233 360 258 390 De
270 359 363 398 reparatione
374 355 433 387 cenobii
445 355 540 386 cassinensis
551 355 644 394 (‘Tempore
655 352 732 383 Anastesii
742 351 838 391 imperatoris

254 407 316 447 quidum
323 405 360 436 ciuis
366 402 457 440 brexianus:
465 403 505 443 dcc).

136 455 180 495 (Cap.
189 454 225 494 115)
235 454 260 484 De
267 454 282 484 S.
289 453 389 490 Euhengoda:
399 452 415 480 iu
421 450 509 489 martilogio
515 449 550 479 1011.
557 449 619 488 Anglici
627 448 653 487 (ct.
661 448 705 477 Narr.
711 447 728 476 in
735 445 793 485 Sexb.).

255 523 265 539 ‚‚
290 499 383 537 Walburga:
395 508 413 527 ex
421 496 509 536 martilogio
516 495 588 526 Iohannis
596 497 635 534 (abr.
643 494 764 534 transendit).

254 569 265 586 „
289 543 612 583 Wlthilda:inmartilog.Ioh.Anglici(
639 564 649 581 ,‚
712 562 722 580 „
753 542 766 579 ).

234 593 306 633 Epistola
315 593 333 622 B.
341 591 422 631 Augustini
432 600 456 630 ep.
464 592 484 621 ad
493 591 565 621 Cirillum
574 600 598 630 ep.
605 592 652 621 leros.
660 590 680 619 de
689 589 735 619 laude
744 589 759 618 S.
766 587 840 617 leronimi

256 638 386 678 (¹Gloriosissime
396 637 432 667 fidei
444 637 500 675 xpiane
511 637 568 667 athlete
581 638 597 668 S.
607 637 660 667 matris
670 636 733 666 ecclesie
742 634 782 673 lapis
792 643 840 673 angu-

255 684 350 724 laris,'&c.).

234 733 305 773 Epistola
311 732 336 762 vel
343 731 432 771 rescriptum
439 729 490 761 Cirilli
497 740 522 770 ep.
529 730 577 760 leros.
584 730 604 760 ad
611 730 627 762 S.
634 730 675 768 Aug.
683 738 707 768 ep.
714 729 734 759 de
743 726 840 758 suscitatione

255 781 301 811 trium
308 784 402 809 mortuorum
408 788 436 817 per
443 787 504 807 saccum
509 787 540 816 quo
547 777 563 807 S.
568 778 639 807 utebatur
646 776 731 806 Ieronimns
738 777 749 816 (⁴
753 775 840 805 Venerabili

256 828 290 858 viro
296 827 404 866 episcoporum
410 824 467 855 eximio
474 825 522 864 Augu
529 824 603 863 Yponum
610 823 666 865 presuli
674 822 746 861 Cirillus,'
755 823 796 862 dte).

182 874 226 915 (120)
237 877 262 906 De
269 876 284 906 S.
292 875 335 904 Iusto
342 875 408 913 archiep.
415 873 460 903 Cant.
481 873 500 903 Iu
506 872 563 903 martii.
570 872 604 903 Iob.
613 873 651 910 (abr.
659 871 698 901 from
705 870 781 910 Sanctil.).

257 945 268 960 ‚,
292 921 378 952 Deusdedit
384 920 451 958 archiep.
458 920 473 949 in
481 920 542 950 Sanctil.
550 919 583 949 Iob.
592 921 625 959 (not
632 918 678 957 abu).

258 992 268 1008 ,‚
294 967 360 1006 Fiacrio,
367 967 386 998 de
392 967 425 998 vita
431 969 446 996 et
453 966 531 996 miraculis
538 965 562 1005 (=
569 965 637 1003 Sauctil.,
644 976 654 996 a
660 965 700 996 little
708 965 753 1002 aba).

258 1039 268 1054 „
293 1015 378 1045 Hereberto
384 1023 432 1054 puero
440 1018 499 1053 apatre
506 1013 565 1044 occiso:
577 1013 610 1043 Ioh.
617 1014 633 1043 in
643 1013 698 1043 martit.
707 1022 735 1043 suo
742 1012 768 1052 (cf.
775 1012 820 1042 Narr.
826 1012 842 1041 in

309 1062 403 1099 Wenesred).

260 1132 270 1147 „
295 1109 363 1139 Roherto
370 1109 406 1139 abb.
412 1107 429 1137 in
435 1107 515 1145 Martilog.
522 1106 556 1137 Iob.
564 1107 570 1141 (
574 1119 588 1131 =
595 1105 671 1145 Sanctil.).

185 1155 228 1197 (125)
259 1180 269 1195 ,‚
295 1155 366 1187 Walleuo
376 1155 426 1195 priore
436 1154 542 1184 canonicomm
554 1153 573 1184 de
585 1153 661 1184 Kirltham
671 1156 687 1184 et
696 1153 731 1184 abb.
743 1152 762 1184 de
772 1152 842 1184 Meuros:

310 1203 345 1233 Iob.
352 1202 426 1240 Angticus
436 1201 474 1240 (abr.
484 1202 523 1230 from
533 1200 604 1238 Sanctil.;
615 1201 652 1231 ends
662 1201 714 1231 ‘Obiit
723 1204 774 1231 antem
781 1200 804 1230 vit
813 1201 843 1231 Dei

310 1250 335 1278 W.
342 1248 365 1278 iii.
372 1249 413 1277 Non.
421 1247 462 1285 Aug.
469 1255 506 1276 AD.
514 1246 581 1283 mlxiii’;
591 1247 683 1285 whereupon

310 1295 364 1326 ‘Visio
370 1293 453 1325 mirabilis:
464 1295 550 1325 Conuersus
556 1292 629 1332 quidam,'
637 1293 678 1333 δια).

149 1344 201 1383 (Liber
209 1352 232 1380 22,

168 1392 206 1430 Cap.
215 1390 230 1430 1)
262 1414 273 1429 „
297 1390 362 1421 Kenedo
369 1390 416 1420 cont:
428 1389 504 1419 Iohannes
510 1388 585 1428 Anglieus
593 1389 609 1418 in
619 1388 713 1427 Sanctilogio
722 1398 750 1419 suo
759 1389 778 1418 de
785 1388 845 1419 Sanctis

311 1437 369 1468 Wallie
376 1441 391 1467 et
398 1435 448 1467 Scotie
455 1434 473 1475 (l)
482 1435 524 1474 (very
530 1435 570 1466 little
576 1436 621 1475 abu).

263 1507 273 1522 „
297 1484 392 1522 Werburga:
402 1483 436 1512 Ioh.
444 1482 518 1521 Anglicus
524 1483 540 1511 in
547 1482 647 1521 Sanctilogio.

262 1554 272 1570 ‚.
298 1531 350 1561 Ebba:
361 1531 377 1560 in
384 1528 462 1566 Martilog.
469 1528 504 1559 Ioh.
511 1527 578 1567 Anglici.

264 1600 275 1616 ,‚
300 1577 396 1607 Hildelitha:
407 1576 440 1605 Ioh.
447 1576 463 1604 in
470 1575 559 1613 Martilogio
566 1585 599 1607 sno.

199 1624 222 1664 (5)
244 1626 268 1655 De
275 1624 302 1654 SS.
309 1623 403 1661 Kincburga,
411 1622 504 1658 Kineswtda,
512 1626 527 1652 et
534 1622 593 1653 Tibba:
604 1623 680 1653 Iohannes
686 1623 759 1662 Anglicus
766 1623 782 1652 in
792 1622 846 1653 Marti·

263 1671 306 1710 logio
318 1680 345 1701 suo
358 1669 398 1709 (abr.
402 1680 407 1707 ;
420 1669 462 1698 Note
474 1673 490 1698 at
501 1668 541 1698 end:
556 1669 604 1700 ‘Vide
617 1670 691 1700 miracula
705 1670 767 1701 istarum
778 1670 817 1709 virg.
830 1672 847 1701 in

263 1719 336 1757 Legenda
343 1718 362 1747 de
369 1716 429 1747 Sanctis
435 1716 493 1755 Anglie
499 1717 541 1755 apud
548 1716 563 1746 S.
570 1716 668 1747 Edmundum
675 1718 690 1747 in
697 1719 727 1749 vol.
736 1719 751 1748 S.
760 1718 801 1758 146).

244 1767 269 1797 De
276 1766 291 1797 S.
299 1765 381 1795 Eanswida
390 1763 468 1793 abbatissa
475 1762 499 1802 (=
507 1763 580 1800 Sanctil.;
590 1768 607 1794 at
614 1765 639 1794 the
646 1765 676 1794 end
684 1765 698 1794 is
707 1766 767 1795 added:
779 1765 848 1796 ‘Flomit

313 1816 365 1842 autem
371 1812 411 1841 circa
418 1818 434 1840 u.
442 1817 458 1839 n.
465 1810 516 1849 633').

265 1882 274 1898 ‚,
300 1859 376 1889 Mildreda
390 1858 415 1888 uel
430 1858 503 1887 Miltnude
517 1857 600 1887 secundum
613 1858 679 1896 Legend.
694 1857 764 1897 theto)
779 1859 795 1898 (a
807 1859 848 1889 little

265 1906 311 1946 abu).

181 1951 234 1992 (8-50)
248 1954 285 1983 Vita
292 1956 306 1983 et
312 1951 392 1983 Miracula
399 1951 415 1982 S.
421 1950 505 1980 Edmundi
512 1950 614 1988 R.‚ed.‚with
621 1951 642 1980 ull
649 1951 669 1981 its
676 1952 770 1988 accessories,
775 1951 791 1981 ii.
798 1956 827 1990 573
832 1952 848 1983 n.

201 2000 234 2038 (51)
245 1999 303 2038 (Verba
312 2000 327 2028 b.
335 1998 413 2028 Benedicti
420 2001 455 2036 post
461 1997 507 2027 finem
516 1998 573 2036 regule,
580 2008 600 2040 nti
607 1999 663 2036 ettarg.)
670 2009 674 2029 z
685 1999 720 2029 Hec
726 1999 773 2029 verba
780 1998 795 2028 S.
802 2000 849 2037 patris

266 2045 314 2076 nostri
324 2044 401 2074 Benedicti
411 2047 469 2083 reperta
478 2049 512 2074 snut
521 2045 537 2073 in
546 2044 575 2073 fine
582 2045 633 2084 regule
640 2055 686 2084 quam
695 2046 728 2085 ipse
736 2045 807 2075 manibus
814 2055 849 2085 pro·

267 2092 304 2132 priis
317 2091 376 2130 scripsit
388 2094 403 2120 et
415 2090 431 2121 S.
443 2090 498 2121 btuuro
510 2101 544 2121 curn
556 2092 622 2122 eumad
635 2091 695 2122 Gallias
708 2093 774 2122 mitteret
787 2093 850 2123 tradidit

268 2140 279 2178 (⁴
284 2139 366 2170 Nocturnis
377 2138 420 2168 horis
431 2147 465 2168 cum
475 2139 496 2169 ad
506 2148 544 2177 opus
555 2138 623 2169 diuinum
633 2140 713 2170 surrexerit
723 2140 773 2174 trater.
783 2140 850 2179 primum

268 2187 297 2217 sibi
304 2187 364 2224 siguum
371 2186 419 2216 erneis
426 2185 505 2223 imponat,'
512 2185 553 2225 &c.).
588 2187 590 2191 “

204 2232 238 2274 (52)
249 2235 274 2264 De
283 2234 330 2263 modo
338 2233 422 2263 meditandi
429 2232 453 2262 uel
462 2232 574 2272 contemplandi
584 2234 597 2273 (⁴
602 2233 653 2264 Finito
663 2233 710 2272 igitur
720 2237 792 2263 nocturne
802 2233 851 2264 landis

268 2281 318 2311 officio
330 2280 372 2311 dicat
383 2281 452 2311 nouicius
465 2280 481 2311 iu
495 2281 540 2311 corde
553 2282 591 2320 suo‚’
603 2284 637 2318 &c.,
651 2281 720 2311 includes
733 2281 755 2311 St.
768 2281 851 2312 Edmnnd's

268 2337 327 2367 prayer,
335 2326 407 2357 ‘Gratias
415 2327 444 2357 tibi
452 2326 492 2366 ago,’
500 2329 528 2359 tce.
538 2328 583 2367 (trum
590 2328 633 2367 Spee.
640 2326 699 2366 Edu),
705 2327 736 2357 and
743 2327 777 2358 ‘De
783 2329 851 2359 remedio

268 2380 321 2406 contra
328 2374 439 2406 indevotionem
444 2372 460 2412 ’).

249 2423 289 2453 Item
296 2433 315 2452 en
321 2423 374 2452 libello
381 2422 407 2462 qui
414 2421 499 2452 intitulatur
505 2423 530 2452 De
537 2422 598 2461 apibus,
604 2422 673 2452 scribitur
679 2421 698 2452 de
705 2422 772 2461 quodam
779 2423 852 2454 canonico

269 2470 311 2508 apud
317 2470 334 2500 S.
341 2469 419 2500 Victorem
427 2469 499 2506 Parisios,
507 2470 533 2508 qui
541 2474 564 2499 2¹¹¹
571 2469 665 2508 Augustinus
672 2470 683 2500 i.
688 2479 701 2500 e.
710 2473 732 2499 2¹¹¹
739 2471 759 2500 ub
766 2470 852 2508 Augustino

270 2516 286 2544 in
292 2515 354 2546 seientia
360 2516 409 2546 dictus
416 2519 444 2552 est,
451 2515 477 2553 qui
484 2515 513 2545 etsi
519 2514 550 2545 vite
556 2515 602 2545 valde
611 2514 693 2546 laudabilis
699 2516 743 2547 tuerit
750 2520 801 2546 tamen
808 2516 853 2547 disei-

270 2562 329 2600 ptinam
335 2572 366 2593 nou
372 2562 435 2601 accepit,
443 2564 471 2594 &o
