1762 2803
152 135 197 192 be
212 134 312 189 &aaut
329 134 453 187 uuuatm
470 133 628 190 contemtu.
698 150 742 193 339

41 256 158 299 confirmetis,
167 256 266 299 renouetis,
276 262 294 291 et
305 256 409 291 decernatis
413 256 425 291 ¹.
447 256 487 301 Ego
495 267 568 301 quoque
575 267 609 301 pro
617 257 691 291 modulo
701 267 743 291 meo

41 322 104 354 augeo,
116 315 135 345 et
147 311 242 352 confirmo,
256 310 363 344 donationes
378 316 396 344 et
412 310 554 345 consuetudines
567 310 685 354 pecuniarum
698 321 744 354 quas

42 364 96 396 habet
104 368 178 396 sanctus
187 363 253 395 Petrus
260 362 279 395 in
285 362 363 405 Anglia:
375 368 393 395 et
398 362 449 406 ipsas
456 363 544 406 pecunias
552 363 637 397 collectas
645 372 686 396 cum
693 372 744 405 rega-

41 415 88 449 libus
100 414 153 448 donis
164 414 216 448 mitto
225 413 310 456 vobisut
322 414 378 449 oretis
389 425 423 458 pro
434 425 469 456 me,
481 420 499 449 et
510 425 545 458 pro
556 425 601 458 pace
613 414 664 458 regni
677 414 718 456 mei,
727 419 745 448 et

42 467 146 502 continuam
161 478 182 501 ae
193 466 296 501 solemnem
311 467 419 502 memoriam
431 467 529 502 instituatis
539 467 595 502 totius
606 466 666 512 gentis
677 466 763 511 Anglies

42 531 103 555 coram
116 519 222 563 corporibus
232 520 357 563 apostolorum
366 526 470 554 sanctorum
475 521 491 554 ²3
537 514 643 566 Rescripsit
654 526 716 555 autem
727 519 745 554 ei

42 585 91 619 papa
98 573 117 606 in
125 573 174 607 hunc
180 574 254 607 modum
261 585 265 608 :
310 566 341 608 ‘N
343 573 411 608 icolaus
416 573 423 593 ³
429 574 527 618 episcopus
534 586 600 609 seruus
606 585 703 609 seruorum
709 573 745 617 dei,

42 626 174 671 gloriosissimo
180 637 201 660 ac
209 626 291 670 piissimo
299 627 385 671 omnique
393 627 463 661 honore
471 627 584 671 dignissimo,
590 627 664 671 speciali
671 637 745 671 quoque

43 680 80 714 filio
88 684 151 713 nostro
159 679 250 713 Edwardo
259 679 363 723 Anglorum
374 679 418 724 regi,
426 679 548 715 visitationem
559 680 689 721 omnimodam,
696 679 745 714 salu·

43 738 80 767 tem
95 732 207 774 mellifluam,
221 738 239 766 et
254 732 400 767 benedictionem
415 733 538 777 apostolicam.
569 732 694 777 Omnipotenti
710 733 745 767 deo
753 741 774 764 ro

43 785 139 820 referimus
147 790 214 828 grates,
222 784 253 829 qui
260 790 341 820 vestram
348 785 510 829 prudentissimam
518 786 646 820 excellentiam
656 786 675 820 in
686 785 745 820 omni·

43 840 77 872 bus
85 837 157 872 ornauit
165 843 183 872 et
191 838 288 880 decorauit,
296 849 340 882 erga
345 839 420 873 beatum
427 839 502 873 Petrum
508 840 631 883 apostolorum
638 838 746 883 principem,

44 897 61 925 et
67 891 162 924 nobiscum
170 891 238 925 habere
246 892 366 933 dilectionem,
373 898 391 926 et
398 892 428 925 in⁴
437 893 522 927 omnibus
529 893 633 937 apostolicis
641 892 746 926 consentire

43 943 131 978 censuris.
157 943 236 978 Litteras
247 944 302 987 igitur
312 950 374 979 vestre
385 945 472 979 nobilitati
484 945 629 987 transmittimus,
641 950 658 979 et
669 954 704 988 per
714 955 747 979 eas

44 996 149 1030 societatem
157 1002 261 1030 sanctorum
270 997 393 1040 apostolorum
399 997 410 1039 ³,
419 1002 437 1031 et
445 1002 525 1032 nostram
533 997 586 1032 vobis
594 999 664 1039 damus,
672 1002 746 1032 orantes
755 1004 773 1036 15

44 1048 187 1083 misericordiam
195 1049 243 1084 illius
250 1050 282 1093 qui
289 1055 318 1084 est
322 1050 408 1084 dominus
414 1050 496 1084 omnium
501 1056 519 1085 et
525 1061 558 1085 rex
563 1050 685 1095 superomnia
691 1050 747 1091 solus,

44 1108 63 1135 vt
70 1101 110 1146 ipse
117 1114 151 1136 vos
159 1102 266 1147 participem
274 1103 327 1137 faciat
335 1115 358 1137 ex
365 1103 455 1145 omnibus,
461 1103 476 1137 si
485 1115 520 1148 qua
528 1110 571 1138 sunt
578 1115 640 1138 coram
648 1105 688 1145 deo,
693 1103 747 1138 bonis

44 1155 130 1199 operibus
135 1155 208 1198 nostris,
214 1162 232 1191 et
236 1156 301 1191 tratres
308 1167 342 1191 nos
347 1162 365 1191 et
370 1156 376 1173 ⁸
382 1156 441 1191 socios
446 1156 465 1191 in
471 1156 617 1192 suatdilectione
622 1156 719 1192 constituat
728 1156 746 1192 in

45 1209 94 1242 omni
105 1214 188 1253 ternpore
196 1209 280 1253 amplius,
288 1221 309 1244 ae
317 1221 354 1244 non
362 1209 452 1244 minorem
460 1215 531 1254 partem
539 1210 621 1254 obsequii
629 1210 687 1244 nostri
694 1209 747 1244 vobis

44 1262 63 1296 in
75 1272 108 1295 suo
119 1272 177 1306 regno
188 1262 309 1307 reconsignet,
320 1273 375 1307 quarn
387 1263 533 1307 nobismet·ipsis
545 1263 643 1308 prouenire
656 1268 746 1308 optamus.
755 1270 775 1292 ²0

46 1315 119 1348 Erimus
127 1315 182 1349 etiarn
190 1315 278 1359 deinceps
287 1327 321 1359 pro
329 1316 382 1349 vobis
391 1316 432 1350 sine
441 1316 496 1349 dubio
505 1321 579 1350 orantes
589 1316 668 1357 assidue,
675 1321 694 1349 vt
706 1315 746 1359 ipse

45 1368 91 1401 deus
98 1367 164 1411 [vobis]
171 1368 253 1402 subiiciat
259 1369 322 1402 hostes
328 1374 346 1402 et
352 1368 436 1402 inimicos
442 1369 472 1412 qui
480 1375 543 1403 contra
549 1379 582 1403 vos
590 1368 681 1403 voluerint
686 1368 747 1403 insur-

45 1430 94 1463 gere,
101 1425 119 1454 et
125 1420 221 1454 confirmet
228 1431 262 1455 vos
269 1420 288 1455 in
296 1426 373 1464 paterno
380 1420 426 1455 solio
434 1426 452 1455 et
459 1421 534 1465 propria
542 1421 648 1462 hereditate,
654 1431 674 1455 ae
682 1421 747 1455 beatus

46 1471 112 1507 Petrus
120 1472 143 1507 sit
151 1473 203 1508 vobis
211 1479 273 1507 custos
282 1479 300 1507 et
308 1473 379 1507 adiutor
386 1472 404 1507 in
414 1473 464 1507 omni
474 1473 594 1508 tribulatione.
603 1500 607 1508 .
615 1499 619 1507 .
628 1473 747 1508 Renouamus

46 1537 89 1570 ergo
101 1533 119 1561 et
131 1528 261 1561 confirmamus
269 1527 299 1561 et⁸
309 1538 398 1571 augemus
405 1527 458 1561 vobis
469 1527 564 1571 priuilegia
573 1533 639 1568 vestra,
650 1526 719 1561 scilicet
728 1532 748 1561 vt
757 1534 775 1564 ²5

46 1580 139 1615 absolutus
147 1580 187 1615 sitis
194 1581 217 1615 ab
225 1581 255 1616 illo
262 1586 305 1616 voto
313 1581 361 1625 quod
369 1580 466 1622 timebatis,
471 1585 489 1615 et
497 1581 520 1615 ab
528 1580 613 1616 omnibus
620 1580 661 1615 aliis
669 1579 749 1625 peccatis

47 1638 65 1666 et
76 1632 200 1677 iniquitatibus
207 1634 280 1676 vestris,
290 1634 395 1668 auctoritate
406 1634 455 1668 illius
463 1634 494 1678 qui
506 1644 541 1676 me,
549 1634 591 1668 licet
602 1634 703 1678 indignum,
715 1644 749 1668 sue

47 1692 109 1720 sancte
119 1698 196 1731 preesse
206 1687 262 1721 voluit
274 1687 356 1721 ecclesie.
384 1687 470 1721 Preterea
479 1687 504 1720 illi
513 1687 553 1721 loco
564 1698 619 1731 quem
628 1688 663 1720 sub
674 1687 749 1720 nomine

47 1745 109 1773 sancte
117 1740 218 1782 penitentie
225 1741 368 1774 construendum
377 1745 395 1773 et
401 1740 533 1773 meliorandum
539 1740 651 1783 suscepistis,
658 1740 749 1783 quoniam,

46 1795 65 1823 vt
77 1791 139 1833 fertur,
151 1792 229 1835 primam
242 1791 341 1835 antiquitus
353 1791 508 1825 consecrationem
520 1802 530 1824 a
541 1792 595 1825 beato
608 1791 662 1825 Petro
673 1791 748 1835 accepit,
757 1797 778 1826 ³0

47 1844 103 1886 cuius,
111 1845 153 1879 licet
163 1845 238 1890 indigni,
245 1845 308 1879 vicarii
318 1856 387 1886 sumus,
396 1850 414 1878 et
423 1844 465 1888 quia
477 1844 527 1888 regia
538 1844 637 1889 antiquitus
649 1845 703 1878 sedes
715 1851 749 1885 est,

49 1906 72 1930 ex
85 1898 192 1933 auctoritate
205 1898 235 1932 dei
250 1904 268 1932 et
283 1903 387 1932 sanctorum
400 1897 530 1941 apostolorum,
541 1903 595 1941 atque
606 1897 660 1932 huius
672 1908 748 1931 romane

48 1949 97 1984 sedis
105 1956 123 1984 et
131 1956 199 1993 nostra,
207 1950 330 1991 concedimus,
338 1949 466 1994 permittimus,
471 1955 489 1984 et
497 1949 606 1984 solidissime
612 1950 748 1990 confirmamus,

47 2007 66 2036 vt
76 2005 155 2048 amplius
165 2005 185 2039 in
195 2010 305 2049 perpetuum
314 2004 363 2048 regie
374 2004 506 2038 constitutionis
518 2004 568 2038 locus
579 2004 603 2037 sit
614 2008 667 2048 atque
679 2003 749 2048 reposi-

48 2056 113 2091 torium
125 2058 214 2101 regalium
225 2058 330 2101 insignium,
342 2063 360 2091 et
371 2056 457 2091 habitatio
470 2062 560 2101 perpetua
572 2056 704 2091 monachorum
717 2058 748 2100 qui
758 2060 777 2092 35

48 2108 92 2142 nulli
105 2110 180 2144 omnino
192 2121 272 2155 persone
287 2109 323 2144 nisi
338 2109 376 2154 regi
391 2110 498 2151 subdantur,
509 2110 624 2153 habeantque
639 2114 749 2153 potestatem

49 2164 149 2197 secundum
161 2164 243 2208 regulam
255 2163 313 2199 sancti
326 2163 419 2198 Benedicti
431 2173 465 2207 per
475 2162 604 2197 successores⁸
616 2162 684 2206 eligere
695 2173 749 2197 exse

48 2215 130 2256 ydoneos
137 2218 217 2259 abbates,
223 2228 283 2260 neque
291 2217 415 2250 introducatur
422 2227 456 2259 per
460 2216 565 2250 violentiam
572 2221 659 2249 extranea
664 2225 749 2259 persona,

48 2265 83 2300 nisi
91 2278 146 2310 quam
156 2279 233 2303 concors
243 2268 359 2312 congregatio
369 2279 411 2302 esse
419 2267 544 2311 preelegeritl.
566 2267 686 2301 Absoluimus
694 2267 749 2301 etiam

49 2330 91 2353 eum
101 2321 161 2356 locum
172 2323 195 2356 ab
205 2322 255 2356 omni
265 2322 339 2356 seruitio
347 2328 365 2355 et
373 2321 494 2355 dominatione
502 2320 606 2365 episcopali,
613 2327 633 2354 vt
640 2320 702 2355 nullus
712 2321 749 2365 epl-
758 2325 779 2356 40

49 2381 116 2417 scopus
131 2376 173 2410 illuc
187 2377 265 2410 introeat
280 2376 396 2410 ordinaturus
411 2380 441 2409 aut
456 2380 576 2418 preceptums
591 2373 663 2418 aliquid,
676 2375 712 2409 nisi
727 2385 750 2410 ex

50 2426 138 2468 petitione
148 2434 166 2463 et
176 2440 268 2463 consensu
277 2429 347 2463 abbatis
358 2434 376 2462 et
388 2428 529 2462 monachorum:
541 2433 559 2462 et
568 2427 634 2462 habeat
642 2427 693 2463 idem
700 2429 752 2464 locus

70 2519 75 2536 ¹
85 2520 120 2551 Tw.
127 2526 144 2552 et
151 2522 167 2552 in
174 2527 268 2561 perpetuum
276 2522 377 2551 immutabilia
383 2526 426 2551 stare
433 2522 526 2551 decernatis.
580 2521 587 2539 ²
596 2521 631 2552 Tw.
639 2522 656 2553 S.
663 2528 753 2554 sauctorum

50 2560 162 2596 apostolorum.
230 2562 350 2593 ³E.Nicalaus.
418 2560 538 2592 ‘ominBoll
600 2561 747 2602 *scarponnae

50 2597 113 2631 ⁶S.ac.
163 2601 277 2633 ⁷omin'lur.
326 2601 480 2633 'ssuccessiones
530 2587 752 2642 'Tmpreesseelegerit'

387 2661 417 2684 22
