1762 2803
271 111 317 165 Da
332 109 431 163 &auctu
447 110 552 168 natatu.
714 114 758 166 463

58 242 120 277 pugne
132 236 150 265 et
161 231 299 265 vociferantium
311 230 438 265 demoniorum
449 231 467 265 in
481 242 555 266 omnem
569 236 637 266 terram
649 229 713 264 audiri.
736 229 759 264 Et

59 287 148 319 demones
158 286 254 318 dixerunt:
267 284 355 318 ‘Ociosos
367 295 464 318 sermones
475 295 520 328 sepe
531 285 610 327 protulit,
619 290 637 317 et
644 284 686 317 idco
697 283 760 316 illesus

59 338 95 372 vita
107 337 160 371 beata
170 336 239 382 perimi
252 347 289 370 non
304 336 369 371 debet!
392 336 476 381 Angelus
488 337 523 372 ait:
536 336 587 371 ‘Nisi
599 336 706 382 principalia
717 335 760 371 vitia

60 396 122 425 contra
133 401 175 424 eum
188 390 306 433 protuleritis,
314 396 391 434 propter
401 390 476 424 minima
485 400 522 424 non
536 391 611 435 peribit.¹
635 391 658 424 Et
670 389 760 424 demon¹:

60 444 96 479 “Si
113 455 151 478 non
166 443 274 478 remiseritis
289 442 394 477 hominibus
409 448 483 488 peccata
499 454 569 486 eorum,
584 455 619 479 nec
634 449 686 488 pater
698 448 778 484 vesters

60 497 133 531 celestis
141 497 219 531 dimittet
224 498 277 531 vobis
284 501 359 540 peccata
363 497 439 530 vestra.¹’
458 496 543 541 Angelus
552 496 587 531 ait:
600 497 646 531 ‘Vbi
654 507 675 530 se
679 496 761 530 vindica-

59 551 91 593 uit,
98 551 128 584 vel
140 553 169 584 cui
179 550 264 584 iniuriam
273 549 337 584 seciti’
362 549 385 583 Et
395 550 474 583 demon:
487 549 538 583 ‘Non
548 555 577 584 est
587 551 686 594 scriptum:
698 550 761 582 sinon

60 603 167 644 vindicetis;
184 603 217 637 sed
233 603 249 637 si
267 613 305 637 non
321 602 429 636 remiseritis
444 603 467 636 dc
483 602 568 636 cordibus
583 603 674 637 vestrist’
697 602 720 636 Et
737 602 761 636 ait

61 656 147 699 angelus:
167 655 282 690 ‘iudicemur
302 660 344 688 ante
368 655 472 688 dominum.⁵
500 654 565 689 Victus
587 656 677 696 inimicus,
696 656 762 690 iterum

60 719 132 743 venena
141 714 236 750 restaurat,
244 710 320 743 dicens:
333 708 363 742 ‘Si
374 708 433 742 iustus
444 712 472 742 est
484 708 536 749 deus,
544 708 599 743 homo
610 709 645 743 iste
655 709 674 743 in
684 717 762 753 regnum
771 720 790 742 ιο

61 763 141 797 celorum
150 773 187 797 non
195 763 272 797 intrabit
297 762 390 805 Scriptum
398 766 426 796 est
435 762 495 796 enim:
508 762 563 796 “Nisi
571 763 656 797 conuersi
664 762 735 796 fueritis
744 767 762 795 et

61 815 165 849 efficiamini
179 816 225 849 sicut
237 815 314 859 paruuli,
327 826 364 849 non
377 814 468 848 intrabitis
479 816 498 848 in
510 825 587 859 regnum
601 816 698 849 celorum.”
721 815 762 849 Hoc

62 869 138 902 verbum
147 869 223 902 minime
229 868 322 912 impleuit.¹
345 868 441 912 ³Angelus
449 879 541 902 excusans
549 868 605 903 dixit:
618 869 763 912 ‘indulgentiam

62 923 81 955 in
94 921 149 955 corde
163 921 230 963 habuit,
242 922 276 955 sed
289 921 422 955 consuetudine
436 921 516 955 humana
529 921 626 955 continuit.¹
649 921 673 954 Et
684 922 763 955 demon:

63 974 123 1008 ‘Sicut
138 974 209 1017 accepit
224 974 292 1007 malum
310 985 333 1007 ex
351 974 490 1016 consuetudine,
505 975 531 1007 ita
546 975 621 1019 accipiat
636 975 734 1008 vindictam
753 983 791 1013 a15

62 1038 143 1071 superno
153 1027 213 1061 iudice
217 1027 234 1062 ³)
258 1027 379 1068 ‘ludicemur,
386 1027 445 1071 inquit
451 1028 533 1071 angelus,
542 1033 584 1061 ante
592 1028 697 1061 dominum?
720 1027 764 1062 Pre-

63 1080 117 1114 liante
123 1082 189 1124 angelo
195 1085 213 1114 et
219 1080 301 1114 contritis
307 1080 423 1121 aduersariis,
428 1080 473 1114 dixit
479 1080 556 1124 angelus
563 1092 566 1114 :
576 1080 666 1124 ‘Respice
672 1080 706 1124 [in]
713 1091 764 1115 mun-

63 1133 118 1167 dum?
141 1133 165 1167 Et
172 1134 217 1167 vidit
225 1133 292 1167 vallem
300 1133 417 1167 tenebrosam
428 1133 463 1167 sub
470 1143 491 1167 se
500 1133 517 1167 in
526 1134 563 1168 imo
570 1133 655 1177 positam,
662 1139 680 1168 et
688 1139 766 1178 quatuor

63 1188 116 1230 ignes
133 1186 152 1220 in
168 1197 210 1220 aere
227 1186 301 1220 incendi
317 1185 408 1229 aliquibus
424 1187 491 1230 spaciis
509 1197 520 1220 a
536 1197 557 1221 se
576 1188 670 1221 distantes.
698 1187 721 1220 Et
740 1187 764 1221 ait

63 1236 140 1282 angelus
148 1252 151 1273 :
164 1240 207 1273 ‘Hii
220 1245 263 1273 sunt
273 1245 351 1282 quatuor
358 1240 411 1283 ignes
418 1240 449 1282 qui
457 1239 546 1273 mundum
554 1241 679 1274 succendunt:
692 1239 765 1274 Primus
774 1251 793 1272 πο

63 1298 91 1326 est
99 1292 195 1334 mendacii,
202 1302 244 1326 cum
253 1292 287 1326 hoc
295 1292 344 1336 quod
352 1292 484 1326 abrenunciare
492 1292 564 1327 diabolo
571 1299 589 1327 et
597 1292 683 1328 omnibus
691 1292 766 1338 pompis

64 1347 103 1379 eius
115 1347 134 1380 in
146 1346 237 1390 baptismo
249 1356 314 1380 omnes
325 1344 454 1389 promiserunt,
466 1345 553 1380 minime⁴
563 1345 645 1390 implent.
667 1346 765 1381 Secundus

64 1398 172 1442 cupiditatis,
182 1409 223 1433 curn
235 1398 298 1432 mundi
308 1398 380 1432 diuitias
390 1399 447 1432 amori
459 1398 553 1433 celestium
563 1405 674 1444 preponunt.
691 1399 766 1433 Tertius

64 1457 92 1486 est
109 1453 233 1493 dissentionis,
248 1462 290 1485 cum
308 1452 379 1486 animos
398 1453 523 1496 proximorum
539 1453 558 1486 in
574 1452 693 1497 superuacuis
710 1454 766 1487 rebus

65 1510 83 1539 et
96 1506 137 1540 sine
151 1515 205 1539 causa
220 1504 315 1539 offendere
330 1516 367 1538 non
382 1504 487 1539 formidant.
510 1505 590 1547 Quartus
605 1506 709 1549 impietatis,
724 1516 766 1539 cum
775 1513 795 1544 ¹5

65 1557 161 1592 inferiores
170 1557 263 1602 expoliare
271 1563 289 1591 et
297 1557 324 1591 eis
329 1557 412 1591 fraudem
417 1557 477 1592 sacere
483 1563 500 1591 et
508 1558 619 1602 opprimere,
627 1558 725 1602 potentes³
733 1569 767 1603 pro

66 1611 123 1644 nihilo
140 1611 214 1644 ducunt.
237 1610 369 1653 Vnusquisque
384 1609 432 1654 ignis
447 1610 528 1644 incendit
543 1611 604 1653 alium,
620 1612 662 1655 quia
676 1621 710 1656 per
725 1621 768 1655 aug-

66 1663 140 1698 menta⁸
157 1664 252 1705 malorum,
264 1668 339 1708 peccata
353 1674 377 1697 ex
389 1663 448 1706 culpis
463 1666 559 1699 crescunt!
583 1665 606 1699 Et
619 1676 660 1699 cum
672 1665 725 1709 ignes
739 1666 768 1699 isti

66 1717 118 1762 quasi
132 1717 150 1751 in
162 1728 219 1751 vnum
231 1716 328 1761 glomerari
340 1717 453 1760 viderentur,
463 1718 538 1763 expauit
549 1718 564 1752 F
565 1729 630 1754 urseus
642 1724 659 1753 et
672 1719 768 1753 clamauit:

66 1773 161 1813 ‘Domine,
176 1772 225 1814 ignis
240 1772 284 1805 mihi
298 1771 443 1815 appropinquat!
466 1771 500 1805 Cui
512 1772 599 1816 angelus:
612 1773 676 1815 ‘Quod
690 1783 727 1806 non
741 1773 768 1806 in·
778 1786 797 1815 3⁰

66 1825 150 1864 cendisti‚
164 1835 201 1857 non
216 1823 287 1857 ardebit
299 1825 318 1857 in
331 1829 355 1856 te.
386 1824 437 1856 Licet
449 1825 498 1857 enim
514 1824 600 1857 terribilis
615 1831 633 1857 et
646 1824 721 1868 grandis
734 1830 768 1864 est,

66 1883 128 1911 tamen
142 1877 242 1911 secundum
257 1875 321 1910 merita
334 1886 411 1921 operum
423 1877 504 1920 singulos
520 1877 617 1912 examinat.
640 1878 690 1913 Sicut
702 1888 769 1922 corpus

67 1932 118 1964 ardet
133 1941 167 1974 per
182 1930 262 1964 illicitam
275 1930 393 1973 voluptatem,
406 1930 431 1963 ita
445 1935 463 1963 et
479 1930 540 1964 anima
555 1931 624 1964 ardebit
640 1941 674 1974 per
688 1931 768 1964 debitam

67 1984 145 2027 penam.¹
157 1984 209 2017 Tunc
215 1983 292 2027 angelus
297 1983 399 2027 precedens
408 1981 469 2017 diuisit
477 1982 537 2027 ignem
543 1983 617 2018 ssamme
626 1984 644 2018 in
653 1984 699 2018 duos
706 1994 769 2018 muros

66 2043 144 2081 viroque
155 2038 217 2079 latere,
229 2042 247 2071 et
260 2036 297 2080 [alii
309 2036 353 2080 duo]
364 2037 387 2071 ab
398 2036 440 2080 igne
453 2036 576 2071 defendebant
587 2048 635 2071 eum.
657 2037 710 2072 Tunc
721 2049 770 2072 vnus
778 2051 797 2081 35

68 2092 168 2124 demonum
180 2091 211 2133 qui
226 2092 245 2123 in
257 2091 300 2134 igne
311 2090 388 2130 volabat,
402 2089 459 2123 dixit:
472 2090 554 2123 ‘Seruus
566 2091 597 2133 qui
611 2090 643 2124 scit
657 2090 769 2125 voluntatem

68 2143 137 2177 domini
154 2143 188 2185 sui,
204 2149 223 2177 et
239 2154 276 2178 non
295 2143 342 2185 lacit,
357 2143 417 2188 plagis
431 2142 524 2187 vapulabit
540 2143 613 2178 multis!
635 2143 719 2187 Angelus
734 2144 769 2179 ait:

68 2190 127 2237 ‘Quid
136 2197 186 2230 enim
193 2197 228 2231 iste
237 2198 260 2230 de
268 2197 361 2231 voluntate
369 2196 438 2230 domini
447 2197 474 2230 sui
483 2207 519 2229 non
530 2197 613 2238 impleuit
620 2198 636 2230 ?'
659 2197 682 2230 Et
690 2197 769 2231 demon:

68 2249 173 2292 ‘Scriptum
185 2254 224 2283 est:
240 2250 251 2265 “
258 2249 311 2282 Dona
321 2249 425 2293 iniquorum
435 2249 521 2292 reprobat
529 2248 629 2282 altissimus
634 2249 668 2283 ⁷.''‘
691 2248 725 2283 Cui
738 2260 771 2284 an-

69 2301 133 2345 gelus:
156 2301 255 2336 ‘Credidit'
271 2302 321 2336 enim
344 2302 392 2346 quod
414 2301 541 2345 vnusquisque
563 2313 627 2336 eorum
650 2303 770 2345 penitentiam
779 2315 800 2346 40

70 2356 147 2398 egisset)
171 2355 194 2388 Et
204 2356 245 2389 ille:
259 2355 319 2389 ‘Ante
331 2356 393 2389 debuit
406 2356 484 2399 probare
497 2355 597 2398 penitentie
608 2357 771 2398 perseuerantiam,

69 2413 87 2442 et
95 2408 121 2441 sic
130 2407 208 2442 fructum
216 2409 315 2452 suscipere.
339 2408 417 2443 Munera
426 2408 475 2442 enim
486 2413 573 2442 excecant
582 2409 645 2442 oculos
654 2409 772 2453 sapientium,

70 2466 88 2495 et
96 2466 203 2505 peruertunt
211 2462 267 2496 verba
275 2461 374 2496 iustorum.¹
397 2462 481 2505 Angelus
489 2462 512 2496 ait
520 2472 524 2495 :
537 2462 541 2479 ‘
549 2461 653 2496 Iudicemus
662 2468 705 2497 ante
713 2463 772 2498 domi-

70 2517 124 2549 num.¹
145 2515 232 2549 Diabolus
240 2516 368 2557 succumbens,
374 2516 393 2548 in
401 2515 525 2559 blasphemias
533 2520 596 2549 contra
604 2522 697 2551 auctorem
706 2517 772 2562 erupit,

90 2572 95 2589 ¹
106 2574 125 2603 al.
133 2574 164 2603 add
172 2574 250 2611 Scriptum
258 2578 287 2603 cst.
358 2574 364 2591 ²
374 2573 394 2604 al.
403 2574 441 2603 here
449 2573 511 2604 follows
518 2573 545 2603 U.
612 2574 618 2591 ⁴
629 2574 646 2605 T.
656 2575 673 2604 E.
681 2580 697 2605 ct
704 2576 772 2606 minime

69 2612 75 2629 ⁸
85 2618 101 2643 et
109 2624 123 2644 ο.
132 2623 147 2651 p.
155 2614 175 2644 nl.
183 2624 213 2645 om.
253 2612 259 2630 ⁵
270 2613 287 2643 Ε.
295 2619 382 2644 aucmenta.
427 2612 432 2630 ¹
444 2615 464 2644 al.
472 2615 514 2644 add:
525 2614 554 2644 istc
562 2614 604 2645 dona
612 2615 700 2652 iniquorum
708 2616 773 2653 recepit.
