1762 2803
121 152 164 208 338
190 198 191 202 ,
312 128 391 203 nona
407 146 523 211 lteram
539 147 631 211 turtio

120 271 202 307 nitudine
210 271 298 315 precellit,
305 270 375 305 Mellito
383 281 407 304 ex
415 280 456 304 mea
464 276 516 315 parte
524 270 594 314 piscem
602 270 664 304 defer¹
672 270 764 315 episcopo.
788 269 824 304 Pro

120 324 248 360 nautica²uero
253 323 445 365 mercede,ceteratibi
450 324 498 358 tolle.
510 323 581 358 ³Huius
587 323 661 367 generis
666 324 718 368 copia
723 323 824 358 abundabis

120 378 138 410 in
150 377 187 410 vita
197 382 233 417 tua,
243 382 261 409 et
272 376 325 418 longo
335 381 418 418 tempore
429 381 471 418 post
480 382 499 409 te
508 376 607 419 progenies
615 381 657 408 tua:
669 380 739 409 tantum
747 387 771 408 ne
778 376 825 408 vltra

120 428 186 472 piscari
194 427 275 462 audeatis
283 427 302 460 in
310 427 416 461 celebritate
423 427 515 461 dominica
521 428 532 460 ³.
552 427 592 471 Ego
600 438 641 461 sum
650 427 716 462 Petrus
722 427 752 471 qui
761 428 825 470 loquor

103 493 111 523 5
119 487 185 522 tecum,
191 480 222 524 qui
230 491 272 514 cum
279 479 326 514 meis
332 479 438 514 conciuibus
444 484 567 514 constructam
573 480 592 514 in
600 491 642 514 meo
649 480 723 513 nomine
731 479 825 513 basilicam

120 534 202 567 dedicaui
211 533 370 577 episcopalemque
378 532 526 567 benedictionem
539 544 581 567 mee
590 532 739 567 sanctificationis
747 532 825 566 auctori-

120 593 157 621 tate
164 586 246 630 preueni.
270 586 304 620 Dic
312 597 356 630 ergo
364 585 447 629 pontifici
455 597 491 629 que
498 585 560 620 vidisti
567 592 585 620 et
591 586 662 628 audisti,
668 592 736 630 tuoque
742 584 825 620 sermoni
868 612 870 615 .

121 640 173 683 signa
188 639 289 682 parietibus
301 639 393 683 impressa
405 638 530 672 testimonium
544 639 673 682 perhibebunt.
701 639 826 682 Supersedeat

120 692 175 736 igitur
186 691 317 726 dedicationit:
334 692 419 735 suppleat
433 692 482 734 quod
498 690 598 732 omisimus,
611 691 697 725 dominici
710 690 792 734 corporis
808 696 826 724 et

93 759 112 781 ιο
121 744 215 788 sanguinis
223 750 339 779 sacrosancta
347 743 440 778 misteria:
452 744 578 788 populumque
587 755 673 779 sermone
681 744 773 785 erudiens,
780 743 826 777 noti·

121 799 163 832 ficet
176 798 261 831 omnibus
273 798 322 831 hunc
335 798 395 831 locum
407 807 437 830 me
451 798 515 831 crebro
528 796 649 838 visitaturum,
661 797 691 830 hic
702 807 733 830 me
745 796 826 830 fidelium

120 850 168 885 votis
179 856 197 884 et
207 851 293 894 precibus
303 850 406 892 affuturum,
415 850 476 884 sobrie
486 860 536 890 vero,
545 849 580 893 pie,
589 856 607 884 et
618 849 665 883 iuste
677 850 695 883 in
707 850 741 883 hoc
753 849 826 883 secu10⁵

120 904 224 938 uiuentibus
233 904 267 938 celi
274 904 347 937 ianuam
355 905 490 937 reseraturum!
514 903 556 937 Hiis
565 903 623 942 dictis,
631 902 728 937 confestim
736 902 759 936 ab
769 902 826 936 oculis

122 957 161 991 eius
173 956 267 1000 disparuit.
290 956 345 991 Mane
354 962 416 990 autern
428 955 480 998 sacto,
490 956 577 999 episcopo
589 955 658 989 Mellito
670 957 693 990 ad
705 956 826 989 dedicandam

95 1022 112 1054 1⁵
122 1009 218 1044 ecclesiam
227 1008 340 1053 procedenti,
348 1019 390 1042 curn
398 1008 448 1052 pisce
458 1008 538 1052 piscator
549 1008 632 1049 occurrit,
642 1013 660 1042 et
672 1008 733 1042 omnia
744 1018 781 1051 que
792 1007 827 1041 sibi

122 1063 208 1096 mandata
214 1062 285 1096 fuerant
290 1061 358 1104 pandit.
382 1061 448 1104 Stupet
454 1061 536 1103 antistes,
545 1060 668 1104 reseratisque
676 1061 754 1095 ecclesie
762 1060 827 1101 ualuis,

121 1115 171 1149 videt
180 1114 305 1157 pauimentum
313 1114 408 1156 Vtriusque
419 1113 512 1156 alphabeti
523 1113 653 1157 inscriptione⁶
663 1113 760 1157 signatum,
768 1113 827 1156 parie-

121 1173 160 1202 tem
175 1166 203 1200 bis
217 1166 267 1201 senis
280 1166 299 1200 in
312 1166 356 1200 locis
369 1165 517 1200 sanctificationis
533 1166 573 1201 oleo
589 1166 665 1208 linitum,
677 1166 714 1201 totl
730 1176 826 1201 cereorum

122 1219 208 1263 reliquias
221 1219 310 1253 duodenis
323 1220 407 1253 crucibus
422 1219 512 1261 inherere,
525 1224 543 1253 et
557 1219 609 1263 quasi
624 1220 694 1254 recenti
709 1219 827 1263 respersione

95 1286 114 1307 20
122 1273 181 1307 adhuc
191 1278 255 1306 cuncta
267 1273 378 1306 madescere.
402 1272 455 1314 Quod
466 1272 532 1307 videns
544 1273 648 1316 episcopus,
659 1283 696 1307 vna
707 1283 748 1307 curn
760 1273 827 1315 populo

123 1327 177 1360 deum
189 1325 314 1367 benedicebat,
328 1331 346 1359 et
358 1325 384 1358 illi
397 1325 464 1368 gratias
477 1325 573 1359 referebat.
618 1319 658 1359 Dat
671 1326 727 1359 fidem
741 1324 828 1359 miraculo

122 1377 218 1423 piscatoris
226 1378 274 1412 illius
282 1384 320 1411 tota
327 1378 425 1420 successio,
431 1389 467 1421 que
475 1378 521 1412 sicut
529 1389 540 1411 a
547 1383 600 1421 patre
608 1384 709 1422 acceperat,
715 1378 770 1412 totius
779 1389 827 1412 emo-

123 1430 253 1474 lumentiquod
259 1441 289 1465 ars
297 1430 328 1464 illa
334 1431 422 1474 deinceps
427 1430 444 1464 ei
449 1430 541 1464 conferret
547 1430 558 1471 ⁸,
564 1432 617 1465 beato
624 1431 678 1465 Petro
684 1431 737 1475 eique
745 1431 827 1465 seruien-

123 1484 172 1517 tibus
178 1482 258 1517 decimas
263 1483 355 1517 offerebat.
366 1483 420 1517 Vnus
427 1487 488 1517 tamen
494 1483 552 1517 semel
557 1483 640 1517 fraudem
646 1493 701 1518 ausus
706 1483 778 1524 inferre,
784 1493 828 1517 mox

97 1549 114 1579 25
124 1536 193 1571 tamdiu
208 1537 252 1570 artis
268 1536 324 1570 caruit
339 1535 434 1578 beneficio,
448 1538 506 1570 donec
519 1536 615 1570 confessus
628 1542 704 1579 reatum,
716 1542 734 1570 et
748 1536 828 1571 ablatum

124 1588 228 1624 restitueret
243 1595 261 1624 et
274 1588 390 1634 promitteret
405 1589 542 1624 correctionem.
592 1582 637 1625 Hec
650 1601 691 1624 cum
704 1595 778 1625 sanctus
791 1591 827 1625 Ed-

123 1643 197 1677 wardus
206 1643 293 1676 relatione
301 1654 321 1676 ac
330 1643 402 1686 scriptis
410 1648 494 1676 veterum
502 1643 600 1686 didicisset,
608 1644 631 1676 ad
642 1644 773 1677 monasterium
783 1643 827 1678 illud

124 1695 203 1737 edifitiis,
218 1695 373 1739 possessionibus,
386 1701 404 1729 et
417 1695 535 1739 dignitatibus
551 1696 604 1730 altius
619 1696 744 1730 extollendum
759 1698 828 1732 exarsit

124 1748 196 1782 animus
208 1748 252 1790 eius,
264 1754 283 1782 et
295 1759 329 1791 pro
341 1748 442 1792 priuilegiis
453 1749 502 1782 illius
513 1748 553 1790 loci,
565 1749 668 1792 ceterisque
680 1749 739 1783 causis
751 1751 827 1785 nuncios

96 1799 196 1840 30Rome⁹
209 1799 315 1840 transmisit,
329 1801 384 1834 talem
399 1800 494 1843 epistolam
510 1811 558 1843 pape
575 1800 684 1834 deserentes.
737 1795 828 1836 ‘Summo

123 1851 232 1887 uniuersalis
240 1852 317 1887 ecclesie
324 1852 371 1897 patri
380 1853 460 1895 Nicolao‚
467 1853 570 1888 Edwardus
576 1853 634 1897 gratia
642 1852 672 1887 dei
679 1854 782 1898 Anglorum
789 1867 828 1899 rex,

124 1906 204 1941 debitam
218 1912 236 1940 et
248 1906 380 1941 subiectionem
393 1912 411 1940 et
424 1907 552 1940 obedientiam,
580 1907 708 1941 Glorificamus
719 1909 774 1941 deum
786 1910 828 1953 quia

124 1969 187 1993 curam
193 1959 248 1993 habet
256 1970 289 1993 sue
296 1959 354 1994 electe
362 1959 445 2000 ecclesie,
453 1959 540 2003 quoniam
545 1959 558 1978 ¹⁰
566 1960 585 1993 in
592 1960 631 1994 loco
639 1960 683 1993 boni
691 1961 828 2004 predecessoris

124 2023 157 2048 vos
165 2012 254 2056 optimum
262 2024 388 2048 successorem
396 2013 495 2048 constituit.
519 2013 636 2058 Quapropter
643 2013 712 2048 iustum
721 2013 828 2057 iudicamus,

97 2077 115 2106 35
124 2067 173 2111 apud
180 2076 219 2106 voS,
227 2067 277 2101 uelut
287 2067 310 2100 ad
321 2067 398 2100 solidam
410 2071 487 2109 petram,
495 2077 562 2101 acuere
574 2072 592 2101 et
603 2067 682 2110 probare
693 2078 759 2102 omnes
770 2068 829 2103 bonas

125 2118 206 2153 actiones
212 2123 289 2159 nostras,
296 2123 314 2152 et
319 2124 400 2153 vestram
407 2118 489 2153 notitiam
498 2124 552 2162 atque
560 2119 666 2153 societatem
674 2119 693 2153 in
699 2120 748 2154 bono
754 2120 828 2163 habere,

125 2171 210 2217 quatinus
218 2182 250 2205 eas
258 2171 365 2205 donationes
374 2177 392 2205 et
400 2172 500 2217 preuilegia
508 2183 544 2216 que
552 2172 665 2217 optinuimus
673 2174 722 2218 apud
730 2174 829 2218 predeces-

125 2235 187 2259 sorem
201 2230 288 2266 vestrum,
300 2225 392 2258 renouetis
408 2230 426 2257 et
438 2225 520 2269 augeatis
535 2226 594 2268 nobis,
607 2225 693 2260 videlicet
704 2232 723 2260 vt
736 2228 785 2270 quod
798 2228 829 2261 ille

125 2276 228 2310 iniunxerat
237 2276 289 2309 nobis
298 2276 331 2309 sub
340 2276 414 2310 nomine
423 2277 525 2311 obedientie
534 2282 552 2310 et
563 2277 669 2320 penitentie,
679 2284 755 2321 propter
765 2284 828 2313 votum

97 2345 116 2374 40
125 2331 174 2375 quod
183 2341 271 2364 uoueram
282 2329 309 2363 ire
322 2329 407 2371 Romam,
416 2335 434 2363 et
445 2330 464 2364 in
476 2329 605 2365 remissionem
617 2330 703 2373 omnium
711 2337 829 2375 peccatorum

125 2394 214 2426 meorum,
223 2389 329 2417 construere
337 2383 433 2418 cenobium
441 2385 573 2418 monachorum
581 2384 600 2418 in
609 2384 679 2418 honore
687 2385 764 2429 apostoli
773 2385 830 2428 Petri,

125 2442 185 2471 ratum
193 2436 268 2479 faciatis,
276 2442 295 2470 et
302 2436 398 2480 priuilegia
405 2437 544 2480 possessionum
554 2443 572 2471 et
582 2437 689 2481 dignitatum
701 2437 784 2472 eiusdem
796 2438 830 2473 loci

146 2532 301 2569 ¹S.deserpiscem.
341 2532 391 2563 ²Tw.
399 2532 465 2563 naulica.
506 2533 638 2564 ³·³0m.inTw.
682 2533 717 2564 ιΕ.
725 2534 829 2565 dedicatione.

126 2571 398 2647 iffffichfa'ndgE'in⁵⁰¹ip⁵i⁰ne'
430 2571 538 2605 ⁷S.totidem.
565 2572 690 2605 ”Tmcontulit
719 2573 830 2606 ⁹S.Romam,
