<?xml version="1.0" encoding="UTF-8"?>
<!DOCTYPE html PUBLIC "-//W3C//DTD XHTML 1.0 Transitional//EN"
    "http://www.w3.org/TR/xhtml1/DTD/xhtml1-transitional.dtd">
<html xmlns="http://www.w3.org/1999/xhtml" xml:lang="en" lang="en">
 <head>
  <title>
</title>
<meta http-equiv="Content-Type" content="text/html;charset=utf-8" />
  <meta name='ocr-system' content='tesseract 3.04.00' />
  <meta name='ocr-capabilities' content='ocr_page ocr_carea ocr_par ocr_line ocrx_word'/>
</head>
<body>
  <div class='ocr_page' id='page_1' title='image "./MN5111ucmf_0/MN5111ucmf_0_0976.png"; bbox 0 0 1762 2803; ppageno 0'>
   <div class='ocr_carea' id='block_1_1' title="bbox 88 115 600 194">
    <p class='ocr_par' dir='ltr' id='par_1_1' title="bbox 88 115 600 194">
     <span class='ocr_line' id='line_1_1' title="bbox 88 115 600 194; baseline 0.006 -23"><span class='ocrx_word' id='word_1_1' title='bbox 88 115 135 182; x_wconf 78' lang='lat'>360&#39;</span> <span class='ocrx_word' id='word_1_2' title='bbox 234 191 235 194; x_wconf 8' lang='grc' dir='ltr'><strong>Ἴ</strong></span> <span class='ocrx_word' id='word_1_3' title='bbox 281 124 361 177; x_wconf 74' lang='lat' dir='ltr'>tatto</span> <span class='ocrx_word' id='word_1_4' title='bbox 377 122 493 184; x_wconf 68' lang='lat' dir='ltr'>dopmno</span> <span class='ocrx_word' id='word_1_5' title='bbox 508 121 600 185; x_wconf 65' lang='lat' dir='ltr'>finctio.</span> 
     </span>
    </p>
   </div>
   <div class='ocr_carea' id='block_1_2' title="bbox 65 239 805 2462">
    <p class='ocr_par' dir='ltr' id='par_1_2' title="bbox 65 239 805 2462">
     <span class='ocr_line' id='line_1_2' title="bbox 90 239 792 290; baseline -0.003 -9"><span class='ocrx_word' id='word_1_6' title='bbox 90 239 164 282; x_wconf 84' lang='lat' dir='ltr'>Eadem</span> <span class='ocrx_word' id='word_1_7' title='bbox 182 245 212 281; x_wconf 89' lang='lat' dir='ltr'>die</span> <span class='ocrx_word' id='word_1_8' title='bbox 231 255 309 290; x_wconf 87' lang='lat' dir='ltr'>puerum</span> <span class='ocrx_word' id='word_1_9' title='bbox 324 255 336 279; x_wconf 87' lang='lat' dir='ltr'>a</span> <span class='ocrx_word' id='word_1_10' title='bbox 350 244 445 279; x_wconf 85' lang='lat' dir='ltr'>natiuitate</span> <span class='ocrx_word' id='word_1_11' title='bbox 462 245 570 280; x_wconf 89' lang='lat' dir='ltr'>mirabiliter</span> <span class='ocrx_word' id='word_1_12' title='bbox 584 249 695 280; x_wconf 86' lang='lat' dir='ltr'>contractum</span> <span class='ocrx_word' id='word_1_13' title='bbox 711 244 792 287; x_wconf 88' lang='lat' dir='ltr'>curauit;</span> 
     </span>
     <span class='ocr_line' id='line_1_3' title="bbox 88 297 793 343; baseline -0.001 -9"><span class='ocrx_word' id='word_1_14' title='bbox 88 301 147 334; x_wconf 91' lang='lat' dir='ltr'>tribus</span> <span class='ocrx_word' id='word_1_15' title='bbox 157 299 265 334; x_wconf 90' lang='lat' dir='ltr'>mulieribus</span> <span class='ocrx_word' id='word_1_16' title='bbox 274 298 368 333; x_wconf 89' lang='lat' dir='ltr'>oculorum</span> <span class='ocrx_word' id='word_1_17' title='bbox 378 298 449 332; x_wconf 90' lang='lat' dir='ltr'>lumine</span> <span class='ocrx_word' id='word_1_18' title='bbox 458 299 536 343; x_wconf 89' lang='lat' dir='ltr'>priuatis</span> <span class='ocrx_word' id='word_1_19' title='bbox 543 298 603 333; x_wconf 89' lang='lat' dir='ltr'>visum</span> <span class='ocrx_word' id='word_1_20' title='bbox 611 297 701 341; x_wconf 87' lang='lat' dir='ltr'>reddidit;</span> <span class='ocrx_word' id='word_1_21' title='bbox 714 298 793 333; x_wconf 82' lang='lat' dir='ltr'>nexibus</span> 
     </span>
     <span class='ocr_line' id='line_1_4' title="bbox 89 351 793 396; baseline -0.006 -7"><span class='ocrx_word' id='word_1_22' title='bbox 89 353 155 389; x_wconf 82' lang='lat' dir='ltr'>ferreis</span> <span class='ocrx_word' id='word_1_23' title='bbox 170 352 265 389; x_wconf 88' lang='lat' dir='ltr'>mulierem</span> <span class='ocrx_word' id='word_1_24' title='bbox 279 352 378 396; x_wconf 85' lang='lat' dir='ltr'>(quoque)l</span> <span class='ocrx_word' id='word_1_25' title='bbox 389 352 408 386; x_wconf 92' lang='lat' dir='ltr'>in</span> <span class='ocrx_word' id='word_1_26' title='bbox 420 363 494 387; x_wconf 88' lang='lat' dir='ltr'>carcere</span> <span class='ocrx_word' id='word_1_27' title='bbox 505 352 633 395; x_wconf 87' lang='lat' dir='ltr'>compeditam,</span> <span class='ocrx_word' id='word_1_28' title='bbox 645 351 703 396; x_wconf 88' lang='lat' dir='ltr'>ruptis</span> <span class='ocrx_word' id='word_1_29' title='bbox 714 351 793 386; x_wconf 81' lang='lat' dir='ltr'>vinculis</span> 
     </span>
     <span class='ocr_line' id='line_1_5' title="bbox 90 404 793 449; baseline -0.001 -10"><span class='ocrx_word' id='word_1_30' title='bbox 90 406 183 449; x_wconf 69' lang='lat' dir='ltr'>liberauit,</span> <span class='ocrx_word' id='word_1_31' title='bbox 196 404 310 449; x_wconf 79' lang='lat' dir='ltr'><strong>paraliticum</strong></span> <span class='ocrx_word' id='word_1_32' title='bbox 316 405 397 447; x_wconf 81' lang='lat' dir='ltr'>sanauit3</span> <span class='ocrx_word' id='word_1_33' title='bbox 410 410 512 439; x_wconf 87' lang='lat' dir='ltr'>matronam</span> <span class='ocrx_word' id='word_1_34' title='bbox 519 404 598 439; x_wconf 89' lang='lat' dir='ltr'>nobilem</span> <span class='ocrx_word' id='word_1_35' title='bbox 605 405 679 438; x_wconf 85' lang='lat' dir='ltr'>cecitate</span> <span class='ocrx_word' id='word_1_36' title='bbox 685 413 793 448; x_wconf 84' lang='lat' dir='ltr'>percussam</span> 
     </span>
     <span class='ocr_line' id='line_1_6' title="bbox 72 456 794 502; baseline -0.003 -9"><span class='ocrx_word' id='word_1_37' title='bbox 72 458 211 500; x_wconf 75' lang='lat' dir='ltr'>sillummautt;</span> <span class='ocrx_word' id='word_1_38' title='bbox 227 457 372 502; x_wconf 84' lang='lat' dir='ltr'>vigintiquinque</span> <span class='ocrx_word' id='word_1_39' title='bbox 384 457 468 492; x_wconf 90' lang='lat' dir='ltr'>infirmos</span> <span class='ocrx_word' id='word_1_40' title='bbox 478 457 533 492; x_wconf 86' lang='lat' dir='ltr'>van&#39;is</span> <span class='ocrx_word' id='word_1_41' title='bbox 544 456 613 491; x_wconf 89' lang='lat' dir='ltr'>morbis</span> <span class='ocrx_word' id='word_1_42' title='bbox 622 462 703 498; x_wconf 83' lang='lat' dir='ltr'>vexatos,</span> <span class='ocrx_word' id='word_1_43' title='bbox 715 456 794 492; x_wconf 90' lang='lat' dir='ltr'>diuersis</span> 
     </span>
     <span class='ocr_line' id='line_1_7' title="bbox 90 502 794 555; baseline -0.001 -9"><span class='ocrx_word' id='word_1_44' title='bbox 90 523 101 547; x_wconf 90' lang='lat' dir='ltr'>e</span> <span class='ocrx_word' id='word_1_45' title='bbox 109 512 153 547; x_wconf 90' lang='lat' dir='ltr'>locis</span> <span class='ocrx_word' id='word_1_46' title='bbox 158 510 259 554; x_wconf 85' lang='lat' dir='ltr'>venientes,</span> <span class='ocrx_word' id='word_1_47' title='bbox 263 520 300 545; x_wconf 89' lang='lat' dir='ltr'>vna</span> <span class='ocrx_word' id='word_1_48' title='bbox 306 511 336 545; x_wconf 88' lang='lat' dir='ltr'>die</span> <span class='ocrx_word' id='word_1_49' title='bbox 341 510 423 555; x_wconf 86' lang='lat' dir='ltr'>perfecte</span> <span class='ocrx_word' id='word_1_50' title='bbox 427 510 521 545; x_wconf 87' lang='lat' dir='ltr'>valitudini</span> <span class='ocrx_word' id='word_1_51' title='bbox 529 509 612 545; x_wconf 85' lang='lat' dir='ltr'>reddidit.</span> <span class='ocrx_word' id='word_1_52' title='bbox 650 502 714 547; x_wconf 84' lang='lat' dir='ltr'>Cecus</span> <span class='ocrx_word' id='word_1_53' title='bbox 720 510 794 555; x_wconf 89' lang='lat' dir='ltr'>quidam</span> 
     </span>
     <span class='ocr_line' id='line_1_8' title="bbox 91 563 794 609; baseline -0.001 -10"><span class='ocrx_word' id='word_1_54' title='bbox 91 565 173 599; x_wconf 87' lang='lat' dir='ltr'>sanitatis</span> <span class='ocrx_word' id='word_1_55' title='bbox 180 564 239 609; x_wconf 85' lang='lat' dir='ltr'>gratia</span> <span class='ocrx_word' id='word_1_56' title='bbox 246 565 372 607; x_wconf 88' lang='lat' dir='ltr'>apostolorum</span> <span class='ocrx_word' id='word_1_57' title='bbox 380 564 430 598; x_wconf 87' lang='lat' dir='ltr'>Petri</span> <span class='ocrx_word' id='word_1_58' title='bbox 439 569 457 598; x_wconf 89' lang='lat' dir='ltr'>et</span> <span class='ocrx_word' id='word_1_59' title='bbox 466 563 517 598; x_wconf 86' lang='lat' dir='ltr'>Pauli</span> <span class='ocrx_word' id='word_1_60' title='bbox 527 564 589 598; x_wconf 89' lang='lat' dir='ltr'>limina</span> <span class='ocrx_word' id='word_1_61' title='bbox 596 563 681 606; x_wconf 86' lang='lat' dir='ltr'>visitauit,</span> <span class='ocrx_word' id='word_1_62' title='bbox 688 575 744 608; x_wconf 91' lang='lat' dir='ltr'>quam</span> <span class='ocrx_word' id='word_1_63' title='bbox 752 575 794 598; x_wconf 88' lang='lat' dir='ltr'>curn</span> 
     </span>
     <span class='ocr_line' id='line_1_9' title="bbox 91 617 795 662; baseline -0.003 -9"><span class='ocrx_word' id='word_1_64' title='bbox 91 617 164 662; x_wconf 82' lang='lat' dir='ltr'>assequi</span> <span class='ocrx_word' id='word_1_65' title='bbox 176 628 212 652; x_wconf 91' lang='lat' dir='ltr'>non</span> <span class='ocrx_word' id='word_1_66' title='bbox 224 617 299 659; x_wconf 89' lang='lat' dir='ltr'>valeret,</span> <span class='ocrx_word' id='word_1_67' title='bbox 311 617 370 660; x_wconf 89' lang='lat' dir='ltr'>rediit,</span> <span class='ocrx_word' id='word_1_68' title='bbox 381 623 399 652; x_wconf 92' lang='lat' dir='ltr'>et</span> <span class='ocrx_word' id='word_1_69' title='bbox 410 617 470 661; x_wconf 90' lang='lat' dir='ltr'>prima</span> <span class='ocrx_word' id='word_1_70' title='bbox 481 617 570 651; x_wconf 87' lang='lat' dir='ltr'>aduentus</span> <span class='ocrx_word' id='word_1_71' title='bbox 582 617 610 651; x_wconf 92' lang='lat' dir='ltr'>sui</span> <span class='ocrx_word' id='word_1_72' title='bbox 623 622 675 652; x_wconf 90' lang='lat' dir='ltr'>nocte</span> <span class='ocrx_word' id='word_1_73' title='bbox 687 617 705 651; x_wconf 91' lang='lat' dir='ltr'>in</span> <span class='ocrx_word' id='word_1_74' title='bbox 717 617 795 651; x_wconf 85' lang='lat' dir='ltr'>ecclesia</span> 
     </span>
     <span class='ocr_line' id='line_1_10' title="bbox 91 669 795 713; baseline -0.001 -8"><span class='ocrx_word' id='word_1_75' title='bbox 91 671 149 705; x_wconf 88' lang='lat' dir='ltr'>sancti</span> <span class='ocrx_word' id='word_1_76' title='bbox 158 669 334 713; x_wconf 75' lang='lat' dir='ltr'>Switlh]unilumen</span> <span class='ocrx_word' id='word_1_77' title='bbox 342 671 436 705; x_wconf 89' lang='lat' dir='ltr'>oculorum</span> <span class='ocrx_word' id='word_1_78' title='bbox 444 670 518 713; x_wconf 85' lang='lat' dir='ltr'>recepit.</span> <span class='ocrx_word' id='word_1_79' title='bbox 531 669 618 703; x_wconf 88' lang='lat' dir='ltr'>Mulieres</span> <span class='ocrx_word' id='word_1_80' title='bbox 624 671 670 704; x_wconf 87' lang='lat' dir='ltr'>duas</span> <span class='ocrx_word' id='word_1_81' title='bbox 676 681 734 712; x_wconf 69' lang='lat' dir='ltr'>cecus</span> <span class='ocrx_word' id='word_1_82' title='bbox 741 671 795 704; x_wconf 89' lang='lat' dir='ltr'>duas·</span> 
     </span>
     <span class='ocr_line' id='line_1_11' title="bbox 65 721 795 767; baseline -0.003 -10"><span class='ocrx_word' id='word_1_83' title='bbox 65 730 83 751; x_wconf 87' lang='lat'>¹0</span> <span class='ocrx_word' id='word_1_84' title='bbox 91 734 127 767; x_wconf 91' lang='lat' dir='ltr'>que</span> <span class='ocrx_word' id='word_1_85' title='bbox 140 728 243 757; x_wconf 85' lang='lat' dir='ltr'>contractas</span> <span class='ocrx_word' id='word_1_86' title='bbox 254 732 292 756; x_wconf 88' lang='lat' dir='ltr'>vna</span> <span class='ocrx_word' id='word_1_87' title='bbox 305 723 335 756; x_wconf 90' lang='lat' dir='ltr'>die</span> <span class='ocrx_word' id='word_1_88' title='bbox 348 722 423 756; x_wconf 87' lang='lat' dir='ltr'>curauit.</span> <span class='ocrx_word' id='word_1_89' title='bbox 444 721 527 765; x_wconf 81' lang='lat' dir='ltr'>Triginta</span> <span class='ocrx_word' id='word_1_90' title='bbox 542 727 560 755; x_wconf 89' lang='lat' dir='ltr'>et</span> <span class='ocrx_word' id='word_1_91' title='bbox 576 731 615 763; x_wconf 81' lang='lat' dir='ltr'>sex,</span> <span class='ocrx_word' id='word_1_92' title='bbox 628 727 666 756; x_wconf 89' lang='lat' dir='ltr'>tam</span> <span class='ocrx_word' id='word_1_93' title='bbox 680 722 704 756; x_wconf 90' lang='lat' dir='ltr'>de</span> <span class='ocrx_word' id='word_1_94' title='bbox 717 721 795 755; x_wconf 89' lang='lat' dir='ltr'>diuersis</span> 
     </span>
     <span class='ocr_line' id='line_1_12' title="bbox 92 773 796 821; baseline -0.003 -10"><span class='ocrx_word' id='word_1_95' title='bbox 92 775 179 820; x_wconf 86' lang='lat' dir='ltr'>partibus,</span> <span class='ocrx_word' id='word_1_96' title='bbox 189 785 245 821; x_wconf 86' lang='lat' dir='ltr'>quarn</span> <span class='ocrx_word' id='word_1_97' title='bbox 256 774 312 809; x_wconf 93' lang='lat' dir='ltr'>variis</span> <span class='ocrx_word' id='word_1_98' title='bbox 323 774 384 809; x_wconf 87' lang='lat' dir='ltr'>afflicti</span> <span class='ocrx_word' id='word_1_99' title='bbox 396 774 494 817; x_wconf 87' lang='lat' dir='ltr'>doloribus,</span> <span class='ocrx_word' id='word_1_100' title='bbox 505 773 654 819; x_wconf 65' lang='lat' dir='ltr'>infralspaeium</span> <span class='ocrx_word' id='word_1_101' title='bbox 661 773 716 809; x_wconf 87' lang='lat' dir='ltr'>trium</span> <span class='ocrx_word' id='word_1_102' title='bbox 724 774 796 810; x_wconf 84' lang='lat' dir='ltr'>dierum</span> 
     </span>
     <span class='ocr_line' id='line_1_13' title="bbox 93 828 795 873; baseline 0 -10"><span class='ocrx_word' id='word_1_103' title='bbox 93 829 150 864; x_wconf 87' lang='lat' dir='ltr'>sancti</span> <span class='ocrx_word' id='word_1_104' title='bbox 157 828 193 864; x_wconf 90' lang='lat' dir='ltr'>viri</span> <span class='ocrx_word' id='word_1_105' title='bbox 201 828 271 864; x_wconf 89' lang='lat' dir='ltr'>meritis</span> <span class='ocrx_word' id='word_1_106' title='bbox 279 829 357 864; x_wconf 89' lang='lat' dir='ltr'>salutem</span> <span class='ocrx_word' id='word_1_107' title='bbox 368 834 449 873; x_wconf 86' lang='lat' dir='ltr'>optatam</span> <span class='ocrx_word' id='word_1_108' title='bbox 457 828 563 872; x_wconf 87' lang='lat' dir='ltr'>consequuti</span> <span class='ocrx_word' id='word_1_109' title='bbox 571 833 619 863; x_wconf 90' lang='lat' dir='ltr'>sunt.</span> <span class='ocrx_word' id='word_1_110' title='bbox 642 828 681 864; x_wconf 91' lang='lat' dir='ltr'>Nec</span> <span class='ocrx_word' id='word_1_111' title='bbox 688 829 745 863; x_wconf 87' lang='lat' dir='ltr'>multo</span> <span class='ocrx_word' id='word_1_112' title='bbox 753 834 795 873; x_wconf 88' lang='lat' dir='ltr'>post</span> 
     </span>
     <span class='ocr_line' id='line_1_14' title="bbox 93 881 796 927; baseline -0.003 -10"><span class='ocrx_word' id='word_1_113' title='bbox 93 889 168 918; x_wconf 89' lang='lat' dir='ltr'>centum</span> <span class='ocrx_word' id='word_1_114' title='bbox 176 882 319 927; x_wconf 84' lang='lat' dir='ltr'>vigintiquatuor</span> <span class='ocrx_word' id='word_1_115' title='bbox 327 881 373 916; x_wconf 83' lang='lat' dir='ltr'>infra</span> <span class='ocrx_word' id='word_1_116' title='bbox 379 882 385 901; x_wconf 78' lang='lat'><strong>²</strong></span> <span class='ocrx_word' id='word_1_117' title='bbox 392 882 432 917; x_wconf 90' lang='lat' dir='ltr'>dies</span> <span class='ocrx_word' id='word_1_118' title='bbox 440 881 576 926; x_wconf 89' lang='lat' dir='ltr'>quatuordecim</span> <span class='ocrx_word' id='word_1_119' title='bbox 588 893 599 916; x_wconf 91' lang='lat' dir='ltr'>a</span> <span class='ocrx_word' id='word_1_120' title='bbox 610 882 648 916; x_wconf 85' lang='lat' dir='ltr'>suis</span> <span class='ocrx_word' id='word_1_121' title='bbox 659 881 796 916; x_wconf 85' lang='lat' dir='ltr'>infirmitatibus</span> 
     </span>
     <span class='ocr_line' id='line_1_15' title="bbox 93 928 796 980; baseline -0.001 -9"><span class='ocrx_word' id='word_1_122' title='bbox 93 936 164 971; x_wconf 87' lang='lat' dir='ltr'>liberati</span> <span class='ocrx_word' id='word_1_123' title='bbox 180 941 228 971; x_wconf 91' lang='lat' dir='ltr'>sunt.</span> <span class='ocrx_word' id='word_1_124' title='bbox 291 928 336 970; x_wconf 82' lang='lat' dir='ltr'>Rex</span> <span class='ocrx_word' id='word_1_125' title='bbox 351 936 435 980; x_wconf 82' lang='lat' dir='ltr'>Edgarus</span> <span class='ocrx_word' id='word_1_126' title='bbox 450 936 472 970; x_wconf 88' lang='lat' dir='ltr'>ad</span> <span class='ocrx_word' id='word_1_127' title='bbox 487 935 587 970; x_wconf 88' lang='lat' dir='ltr'>arcendum</span> <span class='ocrx_word' id='word_1_128' title='bbox 601 935 695 970; x_wconf 89' lang='lat' dir='ltr'>latrocinia</span> <span class='ocrx_word' id='word_1_129' title='bbox 709 935 796 978; x_wconf 88' lang='lat' dir='ltr'>solicitus,</span> 
     </span>
     <span class='ocr_line' id='line_1_16' title="bbox 66 988 796 1032; baseline 0.001 -12"><span class='ocrx_word' id='word_1_130' title='bbox 66 999 84 1029; x_wconf 76' lang='lat'>¹5</span> <span class='ocrx_word' id='word_1_131' title='bbox 94 991 154 1032; x_wconf 83' lang='lat' dir='ltr'>legem</span> <span class='ocrx_word' id='word_1_132' title='bbox 169 989 232 1023; x_wconf 85' lang='lat' dir='ltr'>statuit</span> <span class='ocrx_word' id='word_1_133' title='bbox 246 994 266 1023; x_wconf 86' lang='lat' dir='ltr'>vt</span> <span class='ocrx_word' id='word_1_134' title='bbox 281 989 300 1022; x_wconf 91' lang='lat' dir='ltr'>in</span> <span class='ocrx_word' id='word_1_135' title='bbox 315 990 363 1022; x_wconf 88' lang='lat' dir='ltr'>furto</span> <span class='ocrx_word' id='word_1_136' title='bbox 379 989 505 1031; x_wconf 87' lang='lat' dir='ltr'>deprehensus</span> <span class='ocrx_word' id='word_1_137' title='bbox 520 989 577 1021; x_wconf 92' lang='lat' dir='ltr'>oculis</span> <span class='ocrx_word' id='word_1_138' title='bbox 592 988 701 1031; x_wconf 88' lang='lat' dir='ltr'>priuaretur‚</span> <span class='ocrx_word' id='word_1_139' title='bbox 716 988 796 1029; x_wconf 85' lang='lat' dir='ltr'>auribus,</span> 
     </span>
     <span class='ocr_line' id='line_1_17' title="bbox 94 1040 796 1086; baseline 0.001 -11"><span class='ocrx_word' id='word_1_140' title='bbox 94 1042 178 1075; x_wconf 88' lang='lat' dir='ltr'>manibus</span> <span class='ocrx_word' id='word_1_141' title='bbox 192 1041 306 1086; x_wconf 86' lang='lat' dir='ltr'>pedibusque</span> <span class='ocrx_word' id='word_1_142' title='bbox 320 1040 397 1085; x_wconf 87' lang='lat' dir='ltr'>precisis</span> <span class='ocrx_word' id='word_1_143' title='bbox 402 1041 414 1084; x_wconf 84' lang='lat'>³,</span> <span class='ocrx_word' id='word_1_144' title='bbox 425 1047 466 1075; x_wconf 86' lang='lat' dir='ltr'>oute</span> <span class='ocrx_word' id='word_1_145' title='bbox 479 1040 543 1085; x_wconf 88' lang='lat' dir='ltr'>capitis</span> <span class='ocrx_word' id='word_1_146' title='bbox 556 1046 658 1083; x_wconf 83' lang='lat' dir='ltr'>exueretur,</span> <span class='ocrx_word' id='word_1_147' title='bbox 671 1045 688 1076; x_wconf 93' lang='lat' dir='ltr'>et</span> <span class='ocrx_word' id='word_1_148' title='bbox 701 1041 735 1076; x_wconf 85' lang='lat' dir='ltr'>hac</span> <span class='ocrx_word' id='word_1_149' title='bbox 748 1051 796 1085; x_wconf 89' lang='lat' dir='ltr'>pena</span> 
     </span>
     <span class='ocr_line' id='line_1_18' title="bbox 94 1093 796 1138; baseline -0.001 -9"><span class='ocrx_word' id='word_1_150' title='bbox 94 1095 181 1129; x_wconf 87' lang='lat' dir='ltr'>multatus</span> <span class='ocrx_word' id='word_1_151' title='bbox 194 1094 238 1128; x_wconf 83' lang='lat' dir='ltr'>feris</span> <span class='ocrx_word' id='word_1_152' title='bbox 254 1098 272 1128; x_wconf 88' lang='lat' dir='ltr'>et</span> <span class='ocrx_word' id='word_1_153' title='bbox 287 1094 352 1129; x_wconf 92' lang='lat' dir='ltr'>auibus</span> <span class='ocrx_word' id='word_1_154' title='bbox 367 1093 463 1128; x_wconf 87' lang='lat' dir='ltr'>laniandus</span> <span class='ocrx_word' id='word_1_155' title='bbox 478 1093 586 1127; x_wconf 76' lang='lat' dir='ltr'>traderetur,</span> <span class='ocrx_word' id='word_1_156' title='bbox 609 1093 692 1138; x_wconf 87' lang='lat' dir='ltr'>Cumque</span> <span class='ocrx_word' id='word_1_157' title='bbox 707 1094 796 1128; x_wconf 86' lang='lat' dir='ltr'>innocens</span> 
     </span>
     <span class='ocr_line' id='line_1_19' title="bbox 94 1146 797 1193; baseline 0 -12"><span class='ocrx_word' id='word_1_158' title='bbox 94 1147 169 1193; x_wconf 90' lang='lat' dir='ltr'>quidam</span> <span class='ocrx_word' id='word_1_159' title='bbox 179 1147 245 1182; x_wconf 87' lang='lat' dir='ltr'>eodem</span> <span class='ocrx_word' id='word_1_160' title='bbox 255 1146 318 1181; x_wconf 89' lang='lat' dir='ltr'>iuditio</span> <span class='ocrx_word' id='word_1_161' title='bbox 327 1148 464 1191; x_wconf 84' lang='lat' dir='ltr'>dampnaretur,</span> <span class='ocrx_word' id='word_1_162' title='bbox 472 1146 582 1181; x_wconf 84' lang='lat' dir='ltr'>effodiuntur</span> <span class='ocrx_word' id='word_1_163' title='bbox 592 1147 631 1181; x_wconf 90' lang='lat' dir='ltr'>eius</span> <span class='ocrx_word' id='word_1_164' title='bbox 642 1146 694 1190; x_wconf 86' lang='lat' dir='ltr'>oculi,</span> <span class='ocrx_word' id='word_1_165' title='bbox 703 1157 768 1181; x_wconf 89' lang='lat' dir='ltr'>manus</span> <span class='ocrx_word' id='word_1_166' title='bbox 779 1152 797 1182; x_wconf 90' lang='lat' dir='ltr'>et</span> 
     </span>
     <span class='ocr_line' id='line_1_20' title="bbox 94 1199 797 1246; baseline 0 -11"><span class='ocrx_word' id='word_1_167' title='bbox 94 1212 149 1235; x_wconf 88' lang='lat' dir='ltr'>nares</span> <span class='ocrx_word' id='word_1_168' title='bbox 164 1204 286 1246; x_wconf 82' lang='lat' dir='ltr'>amputantur,</span> <span class='ocrx_word' id='word_1_169' title='bbox 302 1200 377 1234; x_wconf 90' lang='lat' dir='ltr'>auribus</span> <span class='ocrx_word' id='word_1_170' title='bbox 392 1199 471 1235; x_wconf 67' lang='lat' dir='ltr'>excisis*</span> <span class='ocrx_word' id='word_1_171' title='bbox 486 1199 574 1234; x_wconf 83' lang='lat' dir='ltr'>foramina</span> <span class='ocrx_word' id='word_1_172' title='bbox 588 1199 674 1235; x_wconf 88' lang='lat' dir='ltr'>audiendi</span> <span class='ocrx_word' id='word_1_173' title='bbox 689 1211 743 1235; x_wconf 88' lang='lat' dir='ltr'>cruor</span> <span class='ocrx_word' id='word_1_174' title='bbox 757 1200 797 1235; x_wconf 83' lang='lat' dir='ltr'>sere</span> 
     </span>
     <span class='ocr_line' id='line_1_21' title="bbox 67 1252 797 1296; baseline -0.005 -7"><span class='ocrx_word' id='word_1_175' title='bbox 67 1269 86 1290; x_wconf 76' lang='lat' dir='ltr'>ao</span> <span class='ocrx_word' id='word_1_176' title='bbox 95 1255 185 1288; x_wconf 84' lang='lat' dir='ltr'>obstruxit</span> <span class='ocrx_word' id='word_1_177' title='bbox 200 1253 277 1287; x_wconf 81' lang='lat' dir='ltr'>infusus.</span> <span class='ocrx_word' id='word_1_178' title='bbox 300 1253 350 1286; x_wconf 92' lang='lat' dir='ltr'>Dum</span> <span class='ocrx_word' id='word_1_179' title='bbox 365 1259 426 1287; x_wconf 90' lang='lat' dir='ltr'>autem</span> <span class='ocrx_word' id='word_1_180' title='bbox 441 1253 572 1296; x_wconf 88' lang='lat' dir='ltr'>aparentibus</span> <span class='ocrx_word' id='word_1_181' title='bbox 587 1254 610 1286; x_wconf 90' lang='lat' dir='ltr'>ad</span> <span class='ocrx_word' id='word_1_182' title='bbox 625 1254 724 1287; x_wconf 86' lang='lat' dir='ltr'>oratorium</span> <span class='ocrx_word' id='word_1_183' title='bbox 739 1252 797 1287; x_wconf 84' lang='lat' dir='ltr'>sancti</span> 
     </span>
     <span class='ocr_line' id='line_1_22' title="bbox 95 1304 798 1350; baseline 0 -10"><span class='ocrx_word' id='word_1_184' title='bbox 95 1305 201 1350; x_wconf 88' lang='lat' dir='ltr'>Swit[h]uni</span> <span class='ocrx_word' id='word_1_185' title='bbox 209 1305 280 1339; x_wconf 87' lang='lat' dir='ltr'>delatus</span> <span class='ocrx_word' id='word_1_186' title='bbox 288 1304 358 1349; x_wconf 83' lang='lat' dir='ltr'>fuisset,</span> <span class='ocrx_word' id='word_1_187' title='bbox 363 1310 383 1338; x_wconf 93' lang='lat' dir='ltr'>vt</span> <span class='ocrx_word' id='word_1_188' title='bbox 388 1304 423 1339; x_wconf 93' lang='lat' dir='ltr'>sibi</span> <span class='ocrx_word' id='word_1_189' title='bbox 431 1305 496 1339; x_wconf 88' lang='lat' dir='ltr'>melius</span> <span class='ocrx_word' id='word_1_190' title='bbox 504 1304 567 1339; x_wconf 71' lang='lat' dir='ltr'>solust</span> <span class='ocrx_word' id='word_1_191' title='bbox 574 1306 683 1341; x_wconf 88' lang='lat' dir='ltr'>redderetur</span> <span class='ocrx_word' id='word_1_192' title='bbox 690 1305 762 1340; x_wconf 92' lang='lat' dir='ltr'>auditus</span> <span class='ocrx_word' id='word_1_193' title='bbox 769 1318 773 1341; x_wconf 88' lang='lat'>:</span> <span class='ocrx_word' id='word_1_194' title='bbox 779 1310 798 1341; x_wconf 88' lang='lat' dir='ltr'>et</span> 
     </span>
     <span class='ocr_line' id='line_1_23' title="bbox 94 1358 798 1405; baseline 0 -11"><span class='ocrx_word' id='word_1_195' title='bbox 94 1360 157 1394; x_wconf 87' lang='lat' dir='ltr'>statim</span> <span class='ocrx_word' id='word_1_196' title='bbox 165 1360 214 1405; x_wconf 90' lang='lat' dir='ltr'>quod</span> <span class='ocrx_word' id='word_1_197' title='bbox 225 1358 278 1403; x_wconf 91' lang='lat' dir='ltr'>petiit</span> <span class='ocrx_word' id='word_1_198' title='bbox 289 1359 372 1393; x_wconf 90' lang='lat' dir='ltr'>obtinere</span> <span class='ocrx_word' id='word_1_199' title='bbox 384 1358 456 1402; x_wconf 88' lang='lat' dir='ltr'>meruit,</span> <span class='ocrx_word' id='word_1_200' title='bbox 464 1359 496 1393; x_wconf 92' lang='lat' dir='ltr'>sed</span> <span class='ocrx_word' id='word_1_201' title='bbox 505 1363 523 1393; x_wconf 87' lang='lat' dir='ltr'>et</span> <span class='ocrx_word' id='word_1_202' title='bbox 530 1359 578 1403; x_wconf 91' lang='lat' dir='ltr'>quod</span> <span class='ocrx_word' id='word_1_203' title='bbox 590 1369 627 1393; x_wconf 91' lang='lat' dir='ltr'>non</span> <span class='ocrx_word' id='word_1_204' title='bbox 635 1359 706 1404; x_wconf 83' lang='lat' dir='ltr'>rogauit</span> <span class='ocrx_word' id='word_1_205' title='bbox 716 1359 798 1402; x_wconf 87' lang='lat' dir='ltr'>obtinuit,</span> 
     </span>
     <span class='ocr_line' id='line_1_24' title="bbox 95 1411 798 1456; baseline -0.001 -9"><span class='ocrx_word' id='word_1_206' title='bbox 95 1414 145 1455; x_wconf 90' lang='lat' dir='ltr'>dum,</span> <span class='ocrx_word' id='word_1_207' title='bbox 153 1413 211 1447; x_wconf 89' lang='lat' dir='ltr'>oculis</span> <span class='ocrx_word' id='word_1_208' title='bbox 220 1412 251 1455; x_wconf 92' lang='lat' dir='ltr'>qui</span> <span class='ocrx_word' id='word_1_209' title='bbox 263 1411 298 1446; x_wconf 85' lang='lat' dir='ltr'>sibi</span> <span class='ocrx_word' id='word_1_210' title='bbox 308 1411 372 1446; x_wconf 81' lang='lat' dir='ltr'>effossi</span> <span class='ocrx_word' id='word_1_211' title='bbox 383 1412 455 1446; x_wconf 80' lang='lat' dir='ltr'>fuerant</span> <span class='ocrx_word' id='word_1_212' title='bbox 466 1411 553 1446; x_wconf 89' lang='lat' dir='ltr'>restitutis</span> <span class='ocrx_word' id='word_1_213' title='bbox 564 1417 582 1446; x_wconf 90' lang='lat' dir='ltr'>et</span> <span class='ocrx_word' id='word_1_214' title='bbox 594 1412 668 1446; x_wconf 86' lang='lat' dir='ltr'>naribus</span> <span class='ocrx_word' id='word_1_215' title='bbox 680 1413 798 1456; x_wconf 85' lang='lat' dir='ltr'>recuperatis,</span> 
     </span>
     <span class='ocr_line' id='line_1_25' title="bbox 95 1456 799 1509; baseline -0.001 -9"><span class='ocrx_word' id='word_1_216' title='bbox 95 1465 157 1500; x_wconf 90' lang='lat' dir='ltr'>visum</span> <span class='ocrx_word' id='word_1_217' title='bbox 165 1464 240 1500; x_wconf 91' lang='lat' dir='ltr'>domino</span> <span class='ocrx_word' id='word_1_218' title='bbox 247 1465 347 1499; x_wconf 87' lang='lat' dir='ltr'>miserante</span> <span class='ocrx_word' id='word_1_219' title='bbox 355 1465 429 1508; x_wconf 92' lang='lat' dir='ltr'>recepit.</span> <span class='ocrx_word' id='word_1_220' title='bbox 469 1456 492 1499; x_wconf 91' lang='lat' dir='ltr'>In</span> <span class='ocrx_word' id='word_1_221' title='bbox 498 1465 541 1499; x_wconf 90' lang='lat' dir='ltr'>villa</span> <span class='ocrx_word' id='word_1_222' title='bbox 548 1466 626 1509; x_wconf 89' lang='lat' dir='ltr'>quadam</span> <span class='ocrx_word' id='word_1_223' title='bbox 633 1465 699 1500; x_wconf 89' lang='lat' dir='ltr'>ciuitati</span> <span class='ocrx_word' id='word_1_224' title='bbox 704 1465 799 1500; x_wconf 90' lang='lat' dir='ltr'>Wintonie</span> 
     </span>
     <span class='ocr_line' id='line_1_26' title="bbox 69 1517 799 1563; baseline -0.001 -10"><span class='ocrx_word' id='word_1_225' title='bbox 69 1535 88 1563; x_wconf 79' lang='lat'>²5</span> <span class='ocrx_word' id='word_1_226' title='bbox 97 1518 211 1553; x_wconf 87' lang='lat' dir='ltr'>contermina</span> <span class='ocrx_word' id='word_1_227' title='bbox 226 1517 292 1551; x_wconf 91' lang='lat' dir='ltr'>mulier</span> <span class='ocrx_word' id='word_1_228' title='bbox 307 1519 386 1560; x_wconf 90' lang='lat' dir='ltr'>quedam</span> <span class='ocrx_word' id='word_1_229' title='bbox 400 1518 483 1560; x_wconf 65' lang='lat' dir='ltr'>longeua</span> <span class='ocrx_word' id='word_1_230' title='bbox 496 1519 532 1551; x_wconf 88' lang='lat' dir='ltr'>iam</span> <span class='ocrx_word' id='word_1_231' title='bbox 546 1523 640 1552; x_wconf 87' lang='lat' dir='ltr'>senectute</span> <span class='ocrx_word' id='word_1_232' title='bbox 655 1518 742 1560; x_wconf 84' lang='lat' dir='ltr'>conlecta,</span> <span class='ocrx_word' id='word_1_233' title='bbox 755 1519 799 1552; x_wconf 89' lang='lat' dir='ltr'>dum</span> 
     </span>
     <span class='ocr_line' id='line_1_27' title="bbox 97 1569 799 1615; baseline 0.001 -11"><span class='ocrx_word' id='word_1_234' title='bbox 97 1576 151 1604; x_wconf 89' lang='lat' dir='ltr'>nocte</span> <span class='ocrx_word' id='word_1_235' title='bbox 162 1571 242 1615; x_wconf 88' lang='lat' dir='ltr'>quadam</span> <span class='ocrx_word' id='word_1_236' title='bbox 254 1570 277 1603; x_wconf 89' lang='lat' dir='ltr'>ad</span> <span class='ocrx_word' id='word_1_237' title='bbox 288 1569 356 1603; x_wconf 85' lang='lat' dir='ltr'>lecturn</span> <span class='ocrx_word' id='word_1_238' title='bbox 367 1569 468 1604; x_wconf 87' lang='lat' dir='ltr'>dormitura</span> <span class='ocrx_word' id='word_1_239' title='bbox 479 1570 604 1612; x_wconf 87' lang='lat' dir='ltr'>descenderet,</span> <span class='ocrx_word' id='word_1_240' title='bbox 612 1570 679 1604; x_wconf 89' lang='lat' dir='ltr'>ostium</span> <span class='ocrx_word' id='word_1_241' title='bbox 690 1571 799 1605; x_wconf 86' lang='lat' dir='ltr'>domuncule</span> 
     </span>
     <span class='ocr_line' id='line_1_28' title="bbox 97 1620 800 1668; baseline 0 -10"><span class='ocrx_word' id='word_1_242' title='bbox 97 1634 131 1658; x_wconf 92' lang='lat' dir='ltr'>sue</span> <span class='ocrx_word' id='word_1_243' title='bbox 143 1634 201 1668; x_wconf 87' lang='lat' dir='ltr'>super</span> <span class='ocrx_word' id='word_1_244' title='bbox 213 1633 233 1657; x_wconf 92' lang='lat' dir='ltr'>se</span> <span class='ocrx_word' id='word_1_245' title='bbox 247 1622 332 1657; x_wconf 79' lang='lat' dir='ltr'>claudere</span> <span class='ocrx_word' id='word_1_246' title='bbox 345 1622 400 1656; x_wconf 88' lang='lat' dir='ltr'>oblita</span> <span class='ocrx_word' id='word_1_247' title='bbox 412 1624 445 1656; x_wconf 82' lang='lat' dir='ltr'>e&#39;st.</span> <span class='ocrx_word' id='word_1_248' title='bbox 468 1620 547 1667; x_wconf 85' lang='lat' dir='ltr'>Contigit</span> <span class='ocrx_word' id='word_1_249' title='bbox 562 1628 622 1658; x_wconf 88' lang='lat' dir='ltr'>autem</span> <span class='ocrx_word' id='word_1_250' title='bbox 639 1624 702 1667; x_wconf 90' lang='lat' dir='ltr'>lupum</span> <span class='ocrx_word' id='word_1_251' title='bbox 715 1624 738 1659; x_wconf 89' lang='lat' dir='ltr'>de</span> <span class='ocrx_word' id='word_1_252' title='bbox 753 1623 800 1658; x_wconf 87' lang='lat' dir='ltr'>silua</span> 
     </span>
     <span class='ocr_line' id='line_1_29' title="bbox 98 1676 800 1722; baseline -0.001 -10"><span class='ocrx_word' id='word_1_253' title='bbox 98 1688 196 1722; x_wconf 86' lang='lat' dir='ltr'>egressum</span> <span class='ocrx_word' id='word_1_254' title='bbox 210 1678 285 1710; x_wconf 89' lang='lat' dir='ltr'>domum</span> <span class='ocrx_word' id='word_1_255' title='bbox 297 1676 346 1710; x_wconf 90' lang='lat' dir='ltr'>iilius</span> <span class='ocrx_word' id='word_1_256' title='bbox 360 1676 494 1720; x_wconf 85' lang='lat' dir='ltr'>ingredientem</span> <span class='ocrx_word' id='word_1_257' title='bbox 506 1676 573 1719; x_wconf 89' lang='lat' dir='ltr'>vbique</span> <span class='ocrx_word' id='word_1_258' title='bbox 586 1677 681 1711; x_wconf 91' lang='lat' dir='ltr'>lustrando</span> <span class='ocrx_word' id='word_1_259' title='bbox 692 1688 800 1722; x_wconf 79' lang='lat' dir='ltr'>pemagare,</span> 
     </span>
     <span class='ocr_line' id='line_1_30' title="bbox 98 1728 800 1775; baseline -0.001 -9"><span class='ocrx_word' id='word_1_260' title='bbox 98 1741 176 1775; x_wconf 88' lang='lat' dir='ltr'>eamque</span> <span class='ocrx_word' id='word_1_261' title='bbox 180 1730 199 1765; x_wconf 91' lang='lat' dir='ltr'>in</span> <span class='ocrx_word' id='word_1_262' title='bbox 204 1729 251 1764; x_wconf 90' lang='lat' dir='ltr'>lecto</span> <span class='ocrx_word' id='word_1_263' title='bbox 256 1730 382 1774; x_wconf 91' lang='lat' dir='ltr'>quiescentem</span> <span class='ocrx_word' id='word_1_264' title='bbox 388 1728 461 1763; x_wconf 85' lang='lat' dir='ltr'>fortuitu</span> <span class='ocrx_word' id='word_1_265' title='bbox 469 1729 556 1773; x_wconf 88' lang='lat' dir='ltr'>reperire.</span> <span class='ocrx_word' id='word_1_266' title='bbox 568 1728 627 1771; x_wconf 81' lang='lat' dir='ltr'>Quam</span> <span class='ocrx_word' id='word_1_267' title='bbox 632 1729 679 1764; x_wconf 94' lang='lat' dir='ltr'>illico</span> <span class='ocrx_word' id='word_1_268' title='bbox 685 1730 800 1775; x_wconf 82' lang='lat' dir='ltr'>correptam⁸</span> 
     </span>
     <span class='ocr_line' id='line_1_31' title="bbox 70 1782 801 1828; baseline -0.004 -8"><span class='ocrx_word' id='word_1_269' title='bbox 70 1799 90 1828; x_wconf 74' lang='lat'>30</span> <span class='ocrx_word' id='word_1_270' title='bbox 97 1795 132 1828; x_wconf 84' lang='lat' dir='ltr'>per</span> <span class='ocrx_word' id='word_1_271' title='bbox 144 1783 239 1819; x_wconf 88' lang='lat' dir='ltr'>brachium</span> <span class='ocrx_word' id='word_1_272' title='bbox 250 1783 299 1825; x_wconf 92' lang='lat' dir='ltr'>quod</span> <span class='ocrx_word' id='word_1_273' title='bbox 308 1787 360 1816; x_wconf 81' lang='lat' dir='ltr'>extra</span> <span class='ocrx_word' id='word_1_274' title='bbox 372 1782 439 1816; x_wconf 91' lang='lat' dir='ltr'>lectum</span> <span class='ocrx_word' id='word_1_275' title='bbox 450 1792 517 1825; x_wconf 90' lang='lat' dir='ltr'>sopore</span> <span class='ocrx_word' id='word_1_276' title='bbox 528 1784 616 1825; x_wconf 87' lang='lat' dir='ltr'>depressa</span> <span class='ocrx_word' id='word_1_277' title='bbox 626 1783 726 1826; x_wconf 87' lang='lat' dir='ltr'>pendulum</span> <span class='ocrx_word' id='word_1_278' title='bbox 736 1789 801 1817; x_wconf 84' lang='lat' dir='ltr'>exten-</span> 
     </span>
     <span class='ocr_line' id='line_1_32' title="bbox 97 1834 801 1879; baseline -0.001 -8"><span class='ocrx_word' id='word_1_279' title='bbox 97 1838 155 1879; x_wconf 87' lang='lat' dir='ltr'>derat,</span> <span class='ocrx_word' id='word_1_280' title='bbox 163 1847 201 1870; x_wconf 90' lang='lat' dir='ltr'>non</span> <span class='ocrx_word' id='word_1_281' title='bbox 211 1836 288 1869; x_wconf 83' lang='lat' dir='ltr'>multum</span> <span class='ocrx_word' id='word_1_282' title='bbox 297 1836 417 1869; x_wconf 85' lang='lat' dir='ltr'>reluctantem</span> <span class='ocrx_word' id='word_1_283' title='bbox 427 1845 490 1869; x_wconf 85' lang='lat' dir='ltr'>seeum</span> <span class='ocrx_word' id='word_1_284' title='bbox 500 1834 519 1868; x_wconf 84' lang='lat' dir='ltr'>in</span> <span class='ocrx_word' id='word_1_285' title='bbox 530 1835 595 1869; x_wconf 87' lang='lat' dir='ltr'>siluam</span> <span class='ocrx_word' id='word_1_286' title='bbox 605 1834 714 1871; x_wconf 87' lang='lat' dir='ltr'>semiuiuam</span> <span class='ocrx_word' id='word_1_287' title='bbox 722 1837 801 1878; x_wconf 89' lang='lat' dir='ltr'>abducit,</span> 
     </span>
     <span class='ocr_line' id='line_1_33' title="bbox 98 1887 801 1934; baseline -0.001 -9"><span class='ocrx_word' id='word_1_288' title='bbox 98 1896 116 1925; x_wconf 92' lang='lat' dir='ltr'>et</span> <span class='ocrx_word' id='word_1_289' title='bbox 126 1890 163 1924; x_wconf 86' lang='lat' dir='ltr'>iam</span> <span class='ocrx_word' id='word_1_290' title='bbox 171 1899 229 1934; x_wconf 92' lang='lat' dir='ltr'>prope</span> <span class='ocrx_word' id='word_1_291' title='bbox 238 1888 343 1923; x_wconf 76' lang='lat' dir='ltr'>defunctam</span> <span class='ocrx_word' id='word_1_292' title='bbox 351 1893 388 1922; x_wconf 90' lang='lat' dir='ltr'>tam</span> <span class='ocrx_word' id='word_1_293' title='bbox 398 1887 506 1923; x_wconf 87' lang='lat' dir='ltr'>lassitudine</span> <span class='ocrx_word' id='word_1_294' title='bbox 514 1899 569 1932; x_wconf 90' lang='lat' dir='ltr'>quam</span> <span class='ocrx_word' id='word_1_295' title='bbox 577 1899 650 1932; x_wconf 85' lang='lat' dir='ltr'>pauore,</span> <span class='ocrx_word' id='word_1_296' title='bbox 659 1889 748 1933; x_wconf 86' lang='lat' dir='ltr'>deposuit.</span> <span class='ocrx_word' id='word_1_297' title='bbox 770 1890 801 1924; x_wconf 90' lang='lat' dir='ltr'>Ad</span> 
     </span>
     <span class='ocr_line' id='line_1_34' title="bbox 98 1940 802 1986; baseline -0.003 -8"><span class='ocrx_word' id='word_1_298' title='bbox 98 1944 186 1978; x_wconf 83' lang='lat' dir='ltr'>ululatum</span> <span class='ocrx_word' id='word_1_299' title='bbox 194 1943 234 1977; x_wconf 90' lang='lat' dir='ltr'>eius</span> <span class='ocrx_word' id='word_1_300' title='bbox 242 1952 309 1976; x_wconf 86' lang='lat' dir='ltr'>nemus</span> <span class='ocrx_word' id='word_1_301' title='bbox 317 1952 372 1976; x_wconf 90' lang='lat' dir='ltr'>omne</span> <span class='ocrx_word' id='word_1_302' title='bbox 380 1940 516 1984; x_wconf 89' lang='lat' dir='ltr'>circumiacens‚</span> <span class='ocrx_word' id='word_1_303' title='bbox 525 1940 565 1975; x_wconf 87' lang='lat' dir='ltr'>aliis</span> <span class='ocrx_word' id='word_1_304' title='bbox 572 1942 732 1986; x_wconf 89' lang='lat' dir='ltr'>respondentibus,</span> <span class='ocrx_word' id='word_1_305' title='bbox 741 1944 802 1978; x_wconf 90' lang='lat' dir='ltr'>multi-</span> 
     </span>
     <span class='ocr_line' id='line_1_35' title="bbox 98 1995 802 2041; baseline -0.001 -10"><span class='ocrx_word' id='word_1_306' title='bbox 98 1996 142 2041; x_wconf 90' lang='lat' dir='ltr'>plici</span> <span class='ocrx_word' id='word_1_307' title='bbox 153 2002 171 2030; x_wconf 93' lang='lat' dir='ltr'>et</span> <span class='ocrx_word' id='word_1_308' title='bbox 182 1995 282 2030; x_wconf 89' lang='lat' dir='ltr'>miserabili</span> <span class='ocrx_word' id='word_1_309' title='bbox 289 1995 359 2028; x_wconf 83' lang='lat' dir='ltr'>ululatu</span> <span class='ocrx_word' id='word_1_310' title='bbox 370 2000 482 2039; x_wconf 86' lang='lat' dir='ltr'>personante</span> <span class='ocrx_word' id='word_1_311' title='bbox 493 1995 606 2029; x_wconf 87' lang='lat' dir='ltr'>contremuit.</span> <span class='ocrx_word' id='word_1_312' title='bbox 630 1995 663 2030; x_wconf 93' lang='lat' dir='ltr'>llla</span> <span class='ocrx_word' id='word_1_313' title='bbox 671 1996 714 2040; x_wconf 90' lang='lat' dir='ltr'>quid</span> <span class='ocrx_word' id='word_1_314' title='bbox 722 1996 802 2031; x_wconf 76' lang='lat' dir='ltr'>laceret?</span> 
     </span>
     <span class='ocr_line' id='line_1_36' title="bbox 71 2046 802 2095; baseline -0.001 -11"><span class='ocrx_word' id='word_1_315' title='bbox 71 2061 90 2095; x_wconf 76' lang='lat'>35</span> <span class='ocrx_word' id='word_1_316' title='bbox 100 2049 163 2084; x_wconf 90' lang='lat' dir='ltr'>Inedia</span> <span class='ocrx_word' id='word_1_317' title='bbox 171 2053 189 2084; x_wconf 93' lang='lat' dir='ltr'>et</span> <span class='ocrx_word' id='word_1_318' title='bbox 197 2053 245 2084; x_wconf 90' lang='lat' dir='ltr'>etate</span> <span class='ocrx_word' id='word_1_319' title='bbox 253 2047 319 2082; x_wconf 91' lang='lat' dir='ltr'>debilis</span> <span class='ocrx_word' id='word_1_320' title='bbox 327 2053 371 2090; x_wconf 86' lang='lat' dir='ltr'>erat,</span> <span class='ocrx_word' id='word_1_321' title='bbox 380 2052 467 2082; x_wconf 90' lang='lat' dir='ltr'>cruentus</span> <span class='ocrx_word' id='word_1_322' title='bbox 477 2046 540 2089; x_wconf 89' lang='lat' dir='ltr'>hostis,</span> <span class='ocrx_word' id='word_1_323' title='bbox 548 2053 610 2092; x_wconf 89' lang='lat' dir='ltr'>raptor</span> <span class='ocrx_word' id='word_1_324' title='bbox 618 2048 709 2092; x_wconf 88' lang='lat' dir='ltr'>immanis,</span> <span class='ocrx_word' id='word_1_325' title='bbox 717 2049 748 2084; x_wconf 87' lang='lat' dir='ltr'>illa</span> <span class='ocrx_word' id='word_1_326' title='bbox 758 2050 802 2092; x_wconf 85' lang='lat' dir='ltr'>sola,</span> 
     </span>
     <span class='ocr_line' id='line_1_37' title="bbox 100 2100 802 2145; baseline -0.001 -10"><span class='ocrx_word' id='word_1_327' title='bbox 100 2103 163 2136; x_wconf 91' lang='lat' dir='ltr'>hostes</span> <span class='ocrx_word' id='word_1_328' title='bbox 173 2102 237 2145; x_wconf 88' lang='lat' dir='ltr'>plures</span> <span class='ocrx_word' id='word_1_329' title='bbox 248 2102 315 2134; x_wconf 86' lang='lat' dir='ltr'>adesse</span> <span class='ocrx_word' id='word_1_330' title='bbox 326 2101 419 2134; x_wconf 79' lang='lat' dir='ltr'>festinant.</span> <span class='ocrx_word' id='word_1_331' title='bbox 442 2100 525 2143; x_wconf 88' lang='lat' dir='ltr'>Cumque</span> <span class='ocrx_word' id='word_1_332' title='bbox 535 2101 558 2134; x_wconf 91' lang='lat' dir='ltr'>ad</span> <span class='ocrx_word' id='word_1_333' title='bbox 570 2101 625 2134; x_wconf 89' lang='lat' dir='ltr'>deum</span> <span class='ocrx_word' id='word_1_334' title='bbox 636 2105 654 2134; x_wconf 92' lang='lat' dir='ltr'>et</span> <span class='ocrx_word' id='word_1_335' title='bbox 664 2107 747 2135; x_wconf 88' lang='lat' dir='ltr'>sanctum</span> <span class='ocrx_word' id='word_1_336' title='bbox 755 2102 802 2136; x_wconf 88' lang='lat' dir='ltr'>Swi-</span> 
     </span>
     <span class='ocr_line' id='line_1_38' title="bbox 100 2152 803 2199; baseline 0 -11"><span class='ocrx_word' id='word_1_337' title='bbox 100 2155 178 2188; x_wconf 90' lang='lat' dir='ltr'>thunum</span> <span class='ocrx_word' id='word_1_338' title='bbox 193 2164 258 2198; x_wconf 87' lang='lat' dir='ltr'>preces</span> <span class='ocrx_word' id='word_1_339' title='bbox 275 2153 341 2186; x_wconf 90' lang='lat' dir='ltr'>deuote</span> <span class='ocrx_word' id='word_1_340' title='bbox 357 2152 439 2195; x_wconf 81' lang='lat' dir='ltr'>fudisset,</span> <span class='ocrx_word' id='word_1_341' title='bbox 457 2153 518 2186; x_wconf 88' lang='lat' dir='ltr'>audito</span> <span class='ocrx_word' id='word_1_342' title='bbox 533 2152 608 2188; x_wconf 89' lang='lat' dir='ltr'>nomine</span> <span class='ocrx_word' id='word_1_343' title='bbox 624 2153 730 2198; x_wconf 75' lang='lat' dir='ltr'>Snit[h]uni</span> <span class='ocrx_word' id='word_1_344' title='bbox 747 2154 803 2199; x_wconf 92' lang='lat' dir='ltr'>lupus</span> 
     </span>
     <span class='ocr_line' id='line_1_39' title="bbox 100 2205 803 2252; baseline 0.001 -10"><span class='ocrx_word' id='word_1_345' title='bbox 100 2206 180 2242; x_wconf 88' lang='lat' dir='ltr'>dormire</span> <span class='ocrx_word' id='word_1_346' title='bbox 186 2206 240 2251; x_wconf 87' lang='lat' dir='ltr'>cepit.</span> <span class='ocrx_word' id='word_1_347' title='bbox 256 2206 309 2252; x_wconf 86' lang='lat' dir='ltr'>Fugit</span> <span class='ocrx_word' id='word_1_348' title='bbox 315 2207 345 2241; x_wconf 89' lang='lat' dir='ltr'>illa</span> <span class='ocrx_word' id='word_1_349' title='bbox 351 2206 431 2242; x_wconf 87' lang='lat' dir='ltr'>etaloco</span> <span class='ocrx_word' id='word_1_350' title='bbox 437 2205 530 2241; x_wconf 88' lang='lat' dir='ltr'>declinare</span> <span class='ocrx_word' id='word_1_351' title='bbox 536 2205 614 2250; x_wconf 81' lang='lat' dir='ltr'>festinat,</span> <span class='ocrx_word' id='word_1_352' title='bbox 620 2207 675 2243; x_wconf 85' lang='lat' dir='ltr'>currit</span> <span class='ocrx_word' id='word_1_353' title='bbox 681 2218 718 2242; x_wconf 91' lang='lat' dir='ltr'>non</span> <span class='ocrx_word' id='word_1_354' title='bbox 725 2208 803 2251; x_wconf 89' lang='lat' dir='ltr'>pedibus</span> 
     </span>
     <span class='ocr_line' id='line_1_40' title="bbox 100 2257 803 2305; baseline 0 -11"><span class='ocrx_word' id='word_1_355' title='bbox 100 2260 191 2302; x_wconf 87' lang='lat' dir='ltr'>humanis,</span> <span class='ocrx_word' id='word_1_356' title='bbox 199 2260 232 2295; x_wconf 91' lang='lat' dir='ltr'>sed</span> <span class='ocrx_word' id='word_1_357' title='bbox 242 2260 344 2295; x_wconf 89' lang='lat' dir='ltr'>leuamine⁷</span> <span class='ocrx_word' id='word_1_358' title='bbox 352 2264 370 2295; x_wconf 93' lang='lat' dir='ltr'>et</span> <span class='ocrx_word' id='word_1_359' title='bbox 381 2258 448 2294; x_wconf 86' lang='lat' dir='ltr'>auxilio</span> <span class='ocrx_word' id='word_1_360' title='bbox 460 2257 525 2293; x_wconf 84' lang='lat' dir='ltr'>diuine&#39;</span> <span class='ocrx_word' id='word_1_361' title='bbox 534 2259 665 2295; x_wconf 82' lang='lat' dir='ltr'>subuentionis.</span> <span class='ocrx_word' id='word_1_362' title='bbox 688 2260 751 2305; x_wconf 89' lang='lat' dir='ltr'>Lupus</span> <span class='ocrx_word' id='word_1_363' title='bbox 759 2272 803 2296; x_wconf 91' lang='lat' dir='ltr'>vero</span> 
     </span>
     <span class='ocr_line' id='line_1_41' title="bbox 72 2312 803 2364; baseline 0.001 -16"><span class='ocrx_word' id='word_1_364' title='bbox 72 2333 93 2364; x_wconf 79' lang='lat'>40</span> <span class='ocrx_word' id='word_1_365' title='bbox 101 2313 195 2358; x_wconf 83' lang='lat' dir='ltr'>euigilans,</span> <span class='ocrx_word' id='word_1_366' title='bbox 201 2323 243 2348; x_wconf 91' lang='lat' dir='ltr'>cum</span> <span class='ocrx_word' id='word_1_367' title='bbox 249 2312 289 2347; x_wconf 86' lang='lat' dir='ltr'>aliis</span> <span class='ocrx_word' id='word_1_368' title='bbox 297 2312 335 2346; x_wconf 92' lang='lat' dir='ltr'>suis</span> <span class='ocrx_word' id='word_1_369' title='bbox 341 2312 396 2347; x_wconf 89' lang='lat' dir='ltr'>sociis</span> <span class='ocrx_word' id='word_1_370' title='bbox 402 2323 490 2356; x_wconf 86' lang='lat' dir='ltr'>magnum</span> <span class='ocrx_word' id='word_1_371' title='bbox 496 2312 594 2347; x_wconf 90' lang='lat' dir='ltr'>clamorem</span> <span class='ocrx_word' id='word_1_372' title='bbox 600 2313 686 2348; x_wconf 90' lang='lat' dir='ltr'>emittens</span> <span class='ocrx_word' id='word_1_373' title='bbox 692 2314 803 2359; x_wconf 89' lang='lat' dir='ltr'>insequitur:</span> 
     </span>
     <span class='ocr_line' id='line_1_42' title="bbox 101 2365 804 2411; baseline -0.001 -11"><span class='ocrx_word' id='word_1_374' title='bbox 101 2368 134 2401; x_wconf 94' lang='lat' dir='ltr'>sed</span> <span class='ocrx_word' id='word_1_375' title='bbox 144 2367 205 2400; x_wconf 91' lang='lat' dir='ltr'>nullus</span> <span class='ocrx_word' id='word_1_376' title='bbox 215 2376 279 2399; x_wconf 89' lang='lat' dir='ltr'>eorum</span> <span class='ocrx_word' id='word_1_377' title='bbox 289 2365 361 2399; x_wconf 91' lang='lat' dir='ltr'>mulieri</span> <span class='ocrx_word' id='word_1_378' title='bbox 369 2376 436 2399; x_wconf 89' lang='lat' dir='ltr'>nocere</span> <span class='ocrx_word' id='word_1_379' title='bbox 446 2365 509 2408; x_wconf 86' lang='lat' dir='ltr'>potuit,</span> <span class='ocrx_word' id='word_1_380' title='bbox 518 2376 573 2408; x_wconf 90' lang='lat' dir='ltr'>quam</span> <span class='ocrx_word' id='word_1_381' title='bbox 583 2366 613 2400; x_wconf 93' lang='lat' dir='ltr'>dei</span> <span class='ocrx_word' id='word_1_382' title='bbox 624 2373 642 2401; x_wconf 88' lang='lat' dir='ltr'>et</span> <span class='ocrx_word' id='word_1_383' title='bbox 654 2368 702 2401; x_wconf 90' lang='lat' dir='ltr'>beati</span> <span class='ocrx_word' id='word_1_384' title='bbox 713 2367 804 2411; x_wconf 89' lang='lat' dir='ltr'>pontificis</span> 
     </span>
     <span class='ocr_line' id='line_1_43' title="bbox 101 2410 805 2462; baseline 0 -9"><span class='ocrx_word' id='word_1_385' title='bbox 101 2417 226 2453; x_wconf 87' lang='lat' dir='ltr'>misericordia</span> <span class='ocrx_word' id='word_1_386' title='bbox 237 2417 315 2451; x_wconf 86' lang='lat' dir='ltr'>liberare</span> <span class='ocrx_word' id='word_1_387' title='bbox 326 2419 402 2451; x_wconf 87' lang='lat' dir='ltr'>curauit.</span> <span class='ocrx_word' id='word_1_388' title='bbox 447 2410 533 2453; x_wconf 86' lang='lat' dir='ltr'>Statuam</span> <span class='ocrx_word' id='word_1_389' title='bbox 544 2419 636 2462; x_wconf 87' lang='lat' dir='ltr'>quandam</span> <span class='ocrx_word' id='word_1_390' title='bbox 648 2419 706 2454; x_wconf 91' lang='lat' dir='ltr'>sancti</span> <span class='ocrx_word' id='word_1_391' title='bbox 714 2419 805 2455; x_wconf 89' lang='lat' dir='ltr'>Swithuni</span> 
     </span>
    </p>
   </div>
   <div class='ocr_carea' id='block_1_3' title="bbox 101 2542 818 2622">
    <p class='ocr_par' dir='ltr' id='par_1_3' title="bbox 101 2542 818 2622">
     <span class='ocr_line' id='line_1_44' title="bbox 121 2542 805 2581; baseline 0 -6"><span class='ocrx_word' id='word_1_392' title='bbox 121 2544 217 2575; x_wconf 86' lang='lat' dir='ltr'>¹orn.inT.</span> <span class='ocrx_word' id='word_1_393' title='bbox 267 2542 387 2573; x_wconf 44' lang='lat' dir='ltr'>²Vit.intra.v</span> <span class='ocrx_word' id='word_1_394' title='bbox 418 2543 539 2581; x_wconf 79' lang='lat' dir='ltr'>³T.prescisis.</span> <span class='ocrx_word' id='word_1_395' title='bbox 592 2543 706 2576; x_wconf 77' lang='lat' dir='ltr'>·T.exscisis.</span> <span class='ocrx_word' id='word_1_396' title='bbox 757 2544 805 2575; x_wconf 67' lang='lat' dir='ltr'>‘Vin</span> 
     </span>
     <span class='ocr_line' id='line_1_45' title="bbox 101 2582 818 2622; baseline -0.004 -7"><span class='ocrx_word' id='word_1_397' title='bbox 101 2585 207 2616; x_wconf 80' lang='lat' dir='ltr'>meliusculus.</span> <span class='ocrx_word' id='word_1_398' title='bbox 248 2582 375 2622; x_wconf 76' lang='lat' dir='ltr'>⁰E.coreptam.</span> <span class='ocrx_word' id='word_1_399' title='bbox 417 2582 541 2614; x_wconf 74' lang='lat' dir='ltr'>&#39;T.lauamine.</span> <span class='ocrx_word' id='word_1_400' title='bbox 714 2601 715 2605; x_wconf 61' lang='lat'><em>=</em></span> <span class='ocrx_word' id='word_1_401' title='bbox 817 2584 818 2588; x_wconf 79' lang='grc'>’</span> 
     </span>
    </p>
   </div>
   <div class='ocr_carea' id='block_1_4' title="bbox 0 0 901 2803">
    <p class='ocr_par' dir='ltr' id='par_1_4' title="bbox 0 0 901 2803">
     <span class='ocr_line' id='line_1_46' title="bbox 0 0 901 2803; baseline 0 0"><span class='ocrx_word' id='word_1_402' title='bbox 0 0 901 2803; x_wconf 95' lang='lat' dir='ltr'> </span> 
     </span>
    </p>
   </div>
  </div>
 </body>
</html>
