1762 2803
56 130 58 135 -
112 102 156 153 696
364 95 494 157 ‘2111thst
511 98 556 142 ΙΙΙ,

111 218 194 262 temporis
209 218 256 253 aliud
271 218 289 252 in
303 218 368 260 Anglia
383 229 418 252 non
437 217 560 257 inueniebatur,
574 218 602 251 dei
618 218 706 252 uoluntate
721 217 754 251 sub
769 221 814 250 terra
833 260 835 263 Α

112 272 199 305 delossum
212 270 301 304 inueniret.
322 271 373 305 Vnde
386 270 442 313 primo
455 271 542 314 dubitans,
554 276 571 305 et
584 271 682 314 sompnium
694 270 771 311 credens,
783 269 815 304 iter

112 321 183 362 distulit,
194 321 235 364 quia
246 321 268 355 de
280 320 366 363 promisso
378 321 455 355 nondum
467 328 523 354 certus
535 322 596 354 extitit.
619 321 700 364 Sequenti
712 330 753 353 uero
764 324 815 352 nocte

112 372 168 405 eidem
176 376 216 404 ante
224 372 333 413 sepulchrum
343 369 405 405 iacenti
413 381 447 404 uox
454 371 518 405 similia
525 371 621 415 precipiens
629 370 714 404 insonuit:
727 371 763 410 sed,
771 369 815 403 sicut

96 420 165 465 5prius,
177 421 201 454 ita
212 427 229 454 et
242 427 283 454 tunc
296 421 358 454 dubius
371 421 436 454 ibidem
449 422 549 465 permansit,
560 431 593 455 nec
605 421 662 455 minas
675 420 691 455 ei
704 420 759 455 iactas
773 419 816 454 satis

113 471 192 515 expauit;
207 470 299 515 pecuniam
310 477 369 506 tamen
380 472 433 515 precii
443 473 502 515 magni
512 472 545 506 sibi
555 472 630 515 promitti
642 471 714 515 putauit.
737 472 760 504 Et
771 470 815 508 ideo,

114 523 154 566 quia
167 522 190 556 ibi
205 522 270 555 diucius
284 522 397 565 perendinare
410 523 505 565 proposuit,
516 533 548 566 pro
559 523 628 556 incertis
641 522 673 556 iter
684 521 734 555 eitius
745 519 816 562 aggredi

113 572 173 607 noluit.
196 571 230 605 Dei
238 582 279 605 uero
290 573 397 606 uoluntatem
406 583 427 606 ex
439 574 490 607 corde
502 573 601 616 perquirens
611 572 679 614 rogauit
690 572 762 605 sollicite
772 576 790 603 ut
801 570 816 602 si

114 634 135 656 er
147 623 236 655 uoluntate
249 622 309 655 diuina
321 622 411 665 responsio
425 623 454 656 illa
467 623 573 665 procederet,
586 622 639 655 tercio
654 621 670 654 ei
683 621 774 664 promissio
788 620 817 653 illa

87 683 106 705 10
114 673 168 706 fieret.
193 671 256 705 Tereia
275 672 333 715 itaque
350 677 401 706 nocte
417 673 433 705 ei
451 671 540 705 nisibiliter
556 673 628 715 angelus
643 671 726 715 apparuit,
744 679 817 713 eumque

113 721 184 757 nomine
196 732 227 756 suo
237 722 357 756 Ethelbertum
366 721 440 763 uocauit,
448 722 505 755 minas
515 722 572 756 intulit
583 729 601 755 et
612 733 644 765 pro
656 722 775 756 incredulitate
786 730 817 754 sua

114 773 172 807 taliter
187 773 292 815 increpauit:
308 772 313 789 ¹
317 773 383 815 thuid
396 772 424 805 dei
438 773 532 806 iussionem
545 774 621 807 secundo
632 772 663 806 tibi
675 772 769 806 exhibitam
781 780 817 803 non

115 823 202 865 implesti?
223 823 289 864 thuid
299 822 336 855 uoci
348 833 386 855 mee
396 823 480 855 hactenus
490 823 560 855 credere
571 822 682 854 detractasti?
704 823 759 863 Perge
768 821 818 853 uelox

81 912 83 916 λ
115 874 138 905 ad
149 872 227 914 patriam,
238 878 261 911 et,
272 877 291 904 ut
304 871 335 904 tibi
349 871 420 913 predixi,
432 872 488 905 locum
501 882 552 914 quere
564 872 655 913 prelatum,
667 871 725 913 ibique
739 871 818 903 arborem

88 933 106 964 ¹5
115 920 173 956 salicis
191 931 254 962 magne
271 921 355 963 inuenies,
369 927 387 955 et
405 922 437 955 sub
454 921 520 955 arboris
539 921 597 955 radice
614 922 722 964 sepulchrum
739 919 818 963 precioso

115 973 195 1006 thesauro
210 970 255 1004 intus
270 971 371 1004 decoratum
384 971 461 1013 effodies,
475 970 493 1005 in
506 982 541 1016 quo
554 982 616 1015 corpus
629 971 732 1006 sanctissimi
745 970 819 1003 martiris

115 1022 209 1056 Fremundi
220 1033 251 1064 pro
263 1021 333 1055 Christo
344 1022 443 1056 innocenter
454 1022 506 1057 occisi
519 1022 605 1065 reperies3
618 1027 635 1055 et
647 1029 665 1056 ut
676 1021 756 1065 promissi
768 1021 819 1054 huius

115 1078 172 1107 certus
182 1071 254 1114 existas,
270 1073 302 1106 sub
317 1073 395 1106 eiusdem
410 1073 485 1106 martiris
500 1074 591 1115 sepulchro
606 1073 698 1114 scropham
713 1082 765 1105 vnam
780 1081 819 1103 cum

82 1165 84 1168 .
116 1122 208 1156 tresdecim
223 1122 286 1154 fetibus
302 1121 385 1162 inuenierr,
400 1132 433 1155 nec
449 1128 508 1156 tamen
525 1123 587 1155 borum
602 1122 698 1164 ingressum
712 1122 740 1155 uel
755 1120 819 1154 exitum

89 1184 108 1206 20
116 1170 194 1215 reperies.
218 1172 263 1213 Quia
274 1182 315 1205 uero
326 1172 434 1215 promissioni
446 1182 485 1206 mee
497 1171 594 1207 incredulus
606 1172 689 1206 hactenus
701 1171 776 1213 extitisti,
786 1181 819 1205 nec

116 1221 200 1256 uoluntati
211 1222 270 1256 diuine
279 1223 349 1256 obedire
359 1222 434 1264 uoluisti,
444 1222 491 1255 hanc
501 1223 620 1255 inobediencie
630 1228 659 1256 tue
669 1232 732 1265 penam
741 1220 819 1263 recipies,

116 1280 134 1307 et
146 1283 178 1317 per
189 1271 265 1316 corporis
278 1274 358 1315 penalem
369 1273 473 1306 sententiam
486 1273 564 1316 angelico
577 1273 638 1307 iterum
651 1274 720 1306 oraculo
732 1282 766 1306 non
779 1281 820 1305 con-

116 1324 168 1357 traire
176 1322 238 1356 talibus
249 1323 353 1357 ammonitus
364 1323 440 1358 disces¹:
454 1324 483 1357 Ad
492 1335 532 1358 eum
543 1323 591 1366 quasi
602 1323 743 1364 iratusaccessit,
754 1320 820 1355 brachii

116 1373 170 1407 dextri
178 1373 273 1405 iuncturam
281 1385 292 1405 a
303 1374 373 1419 scapula
383 1372 466 1406 diuellens
476 1373 559 1414 distraxit,
567 1378 585 1405 et
595 1372 650 1414 ipsam
662 1372 698 1405 eius
709 1373 787 1405 dextram
797 1371 820 1404 ad

89 1436 108 1466 25
117 1422 163 1456 dorsi
177 1422 245 1464 spinam
260 1422 347 1463 distorsit,
368 1433 401 1455 nec
415 1428 456 1456 ante
470 1422 546 1465 eorporis
561 1423 634 1456 salutem
649 1432 753 1465 recuperare,
769 1431 820 1464 quam

117 1473 171 1515 ipsius
182 1473 256 1506 martiris
268 1483 329 1514 corpus
341 1472 429 1512 inueniret,
437 1478 454 1506 et
465 1472 518 1506 etiam
530 1483 561 1515 per
572 1472 625 1515 ipsius
637 1472 718 1515 suffragia
729 1476 820 1513 curaretur,

117 1522 194 1556 ueritatis
209 1521 281 1555 nuncius
296 1522 406 1557 asseuerauit.
429 1521 469 1555 Hiis
484 1523 537 1556 etiam
550 1523 583 1556 ista
597 1523 664 1556 addidit
677 1529 694 1556 et
709 1524 732 1556 ad
746 1521 821 1556 martiris

118 1573 191 1616 insignis
201 1574 262 1607 merita
271 1574 381 1615 declaranda,
392 1575 461 1615 magnis
472 1574 539 1607 maiora
550 1574 623 1608 adiecit:
636 1573 666 1607 Ait
676 1573 732 1607 enirn:
745 1573 821 1607 ‘Omnes

119 1624 148 1667 qui
156 1624 179 1656 ad
186 1623 251 1656 domini
260 1625 328 1657 laudem
336 1625 386 1656 huius
394 1624 469 1656 martiris
479 1623 534 1656 sancti
542 1634 561 1656 se
570 1623 649 1665 precibus
658 1621 821 1663 commendauerint,

92 1687 111 1716 50
119 1679 136 1706 et
148 1674 165 1706 in
176 1672 213 1705 eius
224 1672 307 1715 obsequio
318 1673 421 1705 celebrando
433 1672 490 1706 deuoti
503 1672 593 1714 extiterint,
603 1683 615 1706 a
625 1673 696 1706 domino
705 1671 755 1707 huius
766 1671 822 1706 sancti

119 1722 193 1757 martiris
206 1722 285 1766 precibus
298 1722 364 1765 premia
376 1722 442 1756 meritis
456 1723 541 1766 condigna
553 1723 650 1766 suscipient,
664 1729 682 1757 et
695 1734 713 1757 se
727 1722 823 1757 sanctitatis

119 1774 183 1808 meritis
199 1774 292 1816 profecisse
305 1774 410 1816 intelligent!
432 1774 504 1808 [salibus
519 1773 628 1814 ammonitus,
641 1779 658 1807 et
671 1773 748 1817 corporis
763 1774 823 1806 dolore

120 1824 226 1865 constrictus,
234 1824 312 1866 angelico
319 1824 400 1870 uaticinio
407 1823 441 1856 hiis
448 1824 513 1857 cercior
520 1823 596 1864 effectus,
603 1825 626 1857 ab
634 1824 676 1857 urbe
684 1823 823 1857 lerosolimorum

121 1885 151 1917 spe
159 1878 215 1906 certus
223 1873 325 1914 egreditur¹‚
332 1880 350 1905 et
357 1873 380 1905 ad
388 1873 482 1915 apostolice
490 1873 537 1906 sedis
547 1883 634 1906 summum
645 1873 734 1915 presulem
742 1872 823 1906 festinare

92 1939 111 1969 35
120 1931 196 1960 conatur.
218 1926 247 1959 Ad
259 1926 296 1959 eius
308 1925 417 1960 discretionis
427 1925 552 1968 auctoritatem,
563 1936 596 1970 que
607 1926 622 1960 ei
632 1926 713 1960 diuinitus
723 1932 824 1970 preostensa

119 1979 187 2011 fuerant
197 1977 259 2010 referre
269 1976 362 2018 contendit,
373 1983 390 2010 er
400 1987 434 2019 que
444 1976 482 2020 ipse
492 1977 560 2020 agenda
571 1978 697 2020 approbauerit,
705 1977 742 2011 eius
751 1975 823 2011 consilio

120 2028 198 2062 uniuersa
208 2026 300 2061 terminare
310 2026 391 2070 disponit.
413 2028 453 2071 Quo
462 2029 570 2071 perueniens,
577 2039 598 2062 ex
608 2028 669 2062 ordine
677 2028 744 2070 singula
751 2027 823 2070 pandit:

120 2080 192 2113 miratur
202 2079 261 2120 presul
271 2078 295 2110 ad
308 2077 372 2111 Christi
382 2088 434 2120 opera
447 2078 526 2111 miranda
536 2089 570 2120 que
579 2079 632 2119 audit,
642 2078 660 2110 in
669 2078 776 2111 mirabilibus
788 2077 824 2110 suis

121 2130 172 2161 deum
187 2128 283 2168 collaudat;
301 2132 318 2160 et
332 2127 430 2161 huiusmodi
446 2127 518 2161 consilia
532 2127 548 2161 ei
563 2139 584 2161 ex
598 2129 666 2162 racione
683 2128 771 2171 prebenda
785 2138 824 2171 per-

93 2193 113 2226 40
121 2182 194 2211 tractat:
207 2177 270 2217 ‘Vade,
279 2176 339 2220 inquit,
347 2177 365 2211 in
376 2177 450 2220 patriam
460 2184 477 2212 et
487 2189 521 2222 que
532 2177 563 2212 tibi
574 2185 673 2220 preostenso
684 2184 724 2212 sunt
734 2179 825 2220 diligenter

121 2228 195 2270 inquire3
212 2232 229 2260 et
240 2227 254 2259 si
266 2227 293 2260 dei
305 2228 380 2269 gratuita
392 2229 469 2261 bonitate
482 2230 507 2261 ita
520 2238 559 2262 esse
572 2228 663 2270 inueneris,
674 2228 780 2270 parochiano
791 2227 825 2261 loci

121 2278 166 2311 illius
178 2276 260 2320 episcopo
273 2276 367 2311 litterarum
380 2289 457 2312 mearum
470 2278 548 2321 apicibus
563 2279 650 2312 annotatis
663 2285 680 2312 et
693 2285 750 2312 tecum
763 2279 825 2312 delatis

121 2328 188 2363 iubebis
201 2333 220 2360 ut
233 2327 307 2360 martiris
320 2328 430 2369 sepulchrum
443 2329 464 2361 de
478 2335 524 2361 terra
536 2330 597 2369 eleuet,
609 2334 626 2361 et
639 2327 712 2371 proximi
726 2328 825 2361 monasterii

120 2380 158 2411 loco
166 2382 207 2419 apto
217 2383 316 2419 componat,
325 2387 412 2420 quousque
422 2378 445 2410 ad
455 2388 487 2411 nos
494 2378 557 2411 ueniat
568 2383 585 2411 et
595 2377 620 2411 rei
632 2378 722 2423 ueritatem
734 2390 755 2412 ex
766 2377 825 2412 ordine

93 2439 112 2471 45
121 2427 197 2471 pandat!
220 2426 343 2461 Benedictione
352 2426 403 2470 igitur
411 2433 493 2471 percepta
503 2428 526 2461 ad
537 2427 611 2471 patriam
621 2429 686 2471 pergit3
698 2430 754 2463 locum
762 2429 825 2462 diutius

122 2489 201 2523 querens,
210 2477 274 2512 itineris
282 2478 389 2521 longitudine
397 2479 474 2512 defessus
485 2480 556 2513 tandem
568 2479 638 2523 inuenit,
647 2486 664 2515 et
673 2481 706 2514 deo
717 2481 784 2513 ductori
795 2490 826 2513 suo

399 2540 405 2558 ¹
415 2541 449 2573 Ms.
456 2541 547 2581 aggreditur.
