1762 2803
234 110 280 166 bu
295 108 395 163 scotto
411 109 511 162 ultano.
697 125 725 168 33

21 231 413 275 terrasubitinerantiumpedibusvreretur.
428 232 511 276 Cumque
517 231 726 275 iterageretur,tandem

22 285 119 320 adssumen
124 284 261 328 rapidissimum
269 290 404 328 peruenerunt;
417 290 435 318 et
442 286 486 319 dum
494 284 535 319 sine
542 284 607 319 ordine
615 290 675 326 ruunt,
681 285 724 319 dum

21 340 68 373 alter
75 338 153 371 alterum
160 337 258 381 preuenire
266 337 365 378 contendit,
371 342 423 371 vasto
431 337 501 371 ssumini
510 347 530 371 se
538 337 636 371 credentes
643 337 666 370 ab
674 336 727 381 aquis

21 389 161 426 vehementibus
169 390 264 434 intercepti
272 390 372 434 perierunt.
396 390 449 431 Quod
456 389 522 424 videns
531 389 621 431 Albanus
633 389 727 434 ingemuit,

22 450 39 478 et
49 442 114 487 positis
124 442 142 476 in
153 447 222 476 terram
229 442 316 487 genibus¹
326 443 381 477 deum
389 443 471 477 exorauit
482 442 557 478 dicens:
569 443 659 477 ‘Domine
671 443 745 480 ihesus

23 496 99 537 Christe,
108 497 131 529 de
139 496 190 530 cuius
196 496 312 531 sanctissimo
318 496 374 531 latere
381 496 490 540 sanguinem
495 496 550 531 simul
556 502 575 531 et
580 507 646 541 aquam
652 506 728 530 manare

22 549 115 592 conspexi,
128 549 156 583 sac
168 560 225 594 queso
238 555 258 584 vt
269 550 384 584 minorentur
394 561 447 594 aque,
458 549 527 584 fluenta
538 551 630 592 recedant,
642 549 728 594 quatinus

22 603 51 637 hic
59 602 120 636 omnis
127 602 207 646 populus
215 614 271 637 sanus
278 609 297 637 et
305 603 402 638 incolumis
411 614 452 637 mee
463 603 544 647 passioni
555 603 614 638 valeat
625 604 727 637 interesse.¹

23 655 70 690 Mira
78 666 108 690 res
115 659 118 690 t
143 656 188 690 Cum
196 667 257 700 genua
264 662 347 691 curuaret
354 657 444 698 Albanus,
451 656 515 691 alueus
522 656 553 691 ille
561 662 637 700 repente
648 655 727 690 desicca-

23 715 60 751 tur;
69 708 135 741 Albani
142 709 235 753 lachryme
241 711 285 743 dum
291 709 395 750 funduntur,
402 709 482 752 aquasin
487 709 562 743 ssumine
568 720 606 743 non
611 709 727 753 relinquunt:
737 715 756 737 10

23 760 115 796 Orationis
122 761 180 796 virtus
188 762 256 796 flumen
265 762 354 802 exhausit,
362 768 380 796 et
387 762 436 795 inter
443 762 502 795 vndas
509 761 558 796 viam
563 762 631 805 populo
637 761 727 806 patefecit-

23 815 74 857 Quos
82 819 124 848 ante
132 814 213 849 fluminis
221 815 301 858 impetus
309 826 371 849 secum
379 814 444 858 rapuit,
450 814 526 848 inuoluit
533 825 554 848 ac
562 814 646 858 perdidit,
654 814 672 847 hi
679 825 728 848 nunc

23 867 93 901 inuenti
101 867 170 901 suntin
178 867 269 911 profundo
279 867 335 901 nichil
346 868 436 901 habentes
446 867 522 901 lesionis
532 877 566 900 nec
575 867 647 910 signum
655 866 728 908 aliquod

23 919 88 952 mortis
99 918 119 952 in
131 929 151 953 se
163 920 284 963 preferentes.
306 919 359 953 Tunc
370 920 424 953 miles
434 918 465 953 ille
475 918 506 963 qui
514 918 607 953 Albanum
615 918 698 953 trahebat
705 918 728 952 ad

23 971 139 1015 supplicium,
155 973 230 1006 tandem
245 984 280 1016 per
294 972 387 1006 Albanum
404 973 503 1016 peruenire
519 972 585 1006 meruit
602 973 625 1006 ad
640 972 728 1006 salutem:
739 978 756 1009 15

23 1024 73 1057 Visis
81 1036 160 1068 namque
168 1025 261 1059 miraculis
270 1036 333 1059 ensem
340 1025 450 1070 proiecittet
458 1026 481 1060 ad
490 1025 547 1069 pedes
556 1024 614 1059 sancti
621 1030 729 1070 prostratus

23 1077 96 1112 veniam
103 1079 217 1122 deprecatur.
240 1079 294 1120 Quod
299 1079 365 1113 videns
371 1079 455 1123 populus,
461 1078 556 1112 hominem
562 1078 657 1122 arripiunt,
664 1079 729 1113 dentes

24 1130 118 1165 excutiunt
125 1137 143 1165 et
151 1143 172 1166 os
180 1132 220 1166 eius
228 1142 300 1166 sacrum
309 1131 413 1172 dilacerant,
420 1136 438 1166 et
444 1131 505 1166 omnia
513 1131 552 1166 eius
560 1142 603 1165 ossa
609 1130 731 1175 confringunt·

24 1184 112 1216 Sanctum
119 1195 164 1217 vero
172 1184 265 1218 Albanum
273 1195 308 1228 per
315 1185 361 1218 dura
368 1185 449 1228 lapidum
458 1184 503 1225 loca,
513 1193 548 1227 per
556 1194 624 1227 vepres
634 1189 652 1217 et
663 1193 729 1227 aspera

23 1246 96 1279 queque
108 1238 176 1271 ducunt
187 1243 206 1271 et
217 1237 317 1279 reducunt3
329 1237 383 1281 spine
391 1248 463 1281 quoque
471 1242 489 1270 et
497 1236 568 1270 radices
578 1237 663 1270 arborum
674 1236 728 1271 etiam
738 1244 758 1267 10

24 1289 47 1322 de
55 1290 133 1332 pedibus
141 1290 205 1323 auulsa
212 1300 275 1323 secum
282 1290 339 1323 frusta
347 1289 439 1333 diripiunt.
462 1289 546 1332 Cumque
554 1289 633 1333 populus
640 1289 658 1322 in
667 1295 729 1323 monte

24 1340 53 1375 siti
66 1341 161 1384 laboraret,
173 1347 247 1377 sanctus
257 1342 340 1376 Albanus
350 1342 415 1386 positis
426 1341 445 1376 in
456 1348 524 1376 terram
537 1341 624 1386 genibus¹
634 1342 729 1376 dominum

24 1394 112 1436 exorauit,
121 1395 194 1429 dicens:
209 1395 269 1429 ‘Deus
277 1395 308 1439 qui
315 1395 409 1429 hominem
417 1397 440 1429 de
448 1395 491 1433 limo
499 1400 548 1429 terre
559 1395 631 1437 creasti,
639 1406 663 1429 ne
674 1395 729 1436 sinas,
772 1429 779 1443 ,

25 1449 87 1491 queso,
98 1454 199 1482 creaturam
210 1454 260 1483 tuam
272 1449 309 1482 mei
321 1459 376 1482 causa
387 1448 539 1492 qualemcumque
551 1448 619 1482 sentire
631 1447 730 1482 iacturam?

26 1500 48 1534 Et
59 1511 102 1534 ecce
111 1501 171 1534 subito
181 1501 222 1536 fons
233 1503 342 1546 antepedes
353 1501 392 1535 eius
403 1501 468 1545 erupit,
478 1506 497 1535 et
508 1501 571 1545 rapido
582 1512 636 1535 cursu
645 1500 696 1535 riuus
708 1502 731 1536 ad
739 1510 759 1541 ¹5

25 1553 111 1588 inferiora
122 1555 222 1596 descendit,
230 1560 248 1590 et
258 1555 337 1599 populus
348 1554 400 1598 aquis
410 1553 520 1588 refocillatus
531 1553 571 1588 sitis
582 1555 653 1588 cladem
668 1554 732 1588 euasit.

26 1606 118 1640 Christum
130 1612 191 1641 tamen
203 1608 359 1651 blasphemantes,
371 1607 434 1640 laudes
446 1607 481 1640 deo
495 1616 562 1650 magno
574 1606 618 1647 Soli,
629 1605 660 1650 qui
671 1606 732 1641 seruis

26 1658 64 1691 suis
72 1658 90 1692 in
99 1665 138 1692 arto
146 1659 210 1703 positis
218 1660 320 1694 remedium
329 1659 427 1702 prouidere
435 1659 549 1702 dignabatur,
555 1659 665 1692 unanimiter
673 1660 732 1692 accla-

26 1711 104 1744 mabant.
127 1711 213 1745 Carnifex
223 1718 284 1746 autem
294 1712 363 1745 electus
373 1722 410 1745 vno
418 1711 454 1746 ictu
463 1717 517 1755 caput
525 1711 583 1745 sancti
591 1712 702 1754 amputauit:
714 1717 732 1745 et

26 1764 92 1806 statim,
100 1764 199 1798 luminibus
207 1765 247 1799 eius
254 1765 273 1799 in
281 1769 349 1799 terram
357 1763 469 1804 cadentibus,
477 1769 526 1797 totus
533 1762 612 1798 efficitur
617 1764 731 1798 tenebrosus.
740 1775 760 1804 30

27 1815 81 1851 Miles
87 1823 148 1852 autem
153 1818 227 1852 nomine
234 1817 345 1859 Heraclius³,
350 1823 403 1851 antea
407 1822 426 1851 vt
431 1816 541 1860 premittitur
546 1816 647 1851 semiuiuus
653 1817 732 1858 relictus,

26 1870 92 1903 annisu
108 1881 143 1914 quo
154 1871 211 1914 potuit
222 1875 303 1905 montem
312 1870 395 1904 manibus
403 1869 493 1914 reptando
501 1869 612 1903 conscendit.
635 1868 668 1903 Cui
676 1869 731 1905 iudex

26 1921 61 1957 ait:
74 1923 129 1967 ‘Eya
139 1935 187 1958 nunc
197 1924 262 1958 debilis
271 1925 348 1958 obsecra
358 1929 409 1957 tuum
418 1923 511 1957 Albanum
522 1928 541 1957 vt
552 1933 595 1957 ossa
606 1927 636 1957 tua
647 1923 733 1967 dIgnetur

26 1975 45 2009 in
54 1982 121 2010 statum
129 1977 226 2020 pristinum
236 1978 341 2011 reformare.
365 1977 428 2016 Curre,
436 1976 506 2017 festina,
514 1976 584 2019 reliquo
595 1975 666 2019 corpori
678 1982 732 2020 caput

27 2038 99 2072 appone
107 2029 204 2074 statimque
212 2030 286 2073 plenam
294 2029 347 2063 abeo
355 2029 456 2063 mereberis
464 2028 551 2072 consequi
559 2028 660 2062 sanitatem.
684 2028 731 2070 Quid
741 2040 760 2072 35

27 2082 115 2116 moraris?
143 2082 206 2126 Sepeli
215 2088 312 2122 mortuum,
325 2092 359 2115 nec
370 2082 444 2115 dubium
455 2082 499 2124 quin
511 2081 530 2114 in
543 2081 593 2114 serui
606 2080 634 2114 sui
647 2081 732 2114 manibus

27 2133 106 2167 celerem
122 2134 203 2167 conferat
216 2134 335 2167 medicinam!
363 2135 388 2166 At
401 2134 432 2167 ille
444 2133 552 2177 respondit:
564 2133 614 2177 ‘Ego
626 2133 733 2168 firmissime

27 2187 82 2219 credo
97 2188 146 2230 quod
161 2192 236 2221 sanctus
250 2186 334 2220 Albanus
346 2186 417 2220 meritis
432 2186 471 2220 suis
483 2186 572 2229 integram
585 2184 639 2219 michi
655 2186 733 2220 reddere

28 2239 94 2281 poterit
106 2240 209 2274 sanitatem.
233 2238 292 2273 Facile
302 2238 357 2278 enim,
365 2239 414 2283 quod
423 2249 457 2273 vos
465 2238 559 2272 irridendo
567 2249 615 2271 nune
623 2237 688 2280 dicitis,
698 2250 735 2282 per

28 2302 70 2326 eunt
80 2292 128 2327 circa
139 2303 168 2327 me
178 2292 244 2337 poterit
255 2292 360 2336 adimpleri?
385 2292 407 2326 Et
418 2292 479 2326 statim
489 2296 542 2335 caput
553 2290 639 2334 martyris
650 2291 731 2335 amplee-
741 2304 762 2334 40

28 2349 69 2380 tens
80 2346 188 2390 corporique
199 2356 300 2390 apponens,
310 2345 383 2379 sanitati
392 2345 463 2388 integre
474 2344 580 2378 restituitur.
603 2343 657 2386 Quod
666 2345 733 2389 pagani

28 2397 117 2441 videntes,
130 2399 170 2433 zelo
182 2399 251 2433 inuidie
264 2398 328 2443 repleti
340 2398 435 2432 dicebant:
448 2397 507 2439 ‘Quid
520 2397 620 2432 faciemus?
632 2397 688 2432 homo
699 2398 734 2433 iste

28 2450 76 2484 ferro
96 2463 133 2485 non
152 2458 213 2496 potest
227 2452 314 2494 interire3
333 2461 399 2495 corpus
415 2450 454 2484 eius
471 2449 591 2484 contriuimus
606 2455 625 2485 et
639 2461 682 2486 ecce
697 2451 734 2486 iam

29 2504 115 2548 pristinas
126 2505 176 2539 vires
187 2505 267 2549 recepit.¹
291 2505 314 2539 Et
325 2504 486 2549 apprehendentes
498 2514 540 2538 eum
552 2503 630 2538 vinculis
641 2509 706 2547 artant,
716 2510 735 2539 et

68 2562 102 2593 1Ε.
109 2564 190 2600 genubus3
200 2564 217 2592 T.
225 2564 296 2600 genibus.
351 2562 399 2592 'Vin
407 2562 474 2598 proiicit.
528 2561 695 2591 'NameominVit

377 2620 389 2643 1>
