1762 2803
239 134 285 189 bt
300 132 400 185 &aaut
416 132 536 184 autumo.
712 145 739 191 73

39 254 82 298 quid
90 254 114 289 de
124 254 206 299 reliquiis
216 254 256 289 istis
266 259 315 289 certa
326 254 363 289 fide
373 259 474 289 teneamus.
496 254 556 289 Tante
564 254 654 297 siquidem
662 253 741 298 pietatis,

38 313 89 342 tante
101 308 177 351 virtutis,
190 314 319 351 tantorumque
331 306 438 342 meritorum
449 307 542 342 credimus
553 317 595 341 esse
607 312 691 341 sanctum
702 306 741 341 Au-

39 360 124 402 doenum,
132 367 156 404 vt,
165 362 180 395 si
188 362 228 405 ipse
236 372 280 396 vere
288 366 316 396 est
324 361 391 405 dequo
399 360 475 404 agimus,
484 371 517 395 sua
525 360 578 395 nobis
586 360 667 395 bonitate
676 371 697 394 ea
705 371 741 404 que

38 423 72 456 pro
84 413 141 457 gloria
151 414 181 449 dei
191 420 209 449 et
221 425 254 448 sua
264 413 370 448 ostensione
381 413 474 448 humiliter
484 414 597 458 petierimus,
607 424 644 448 non
657 412 741 457 negabit.¹

38 465 135 499 Adductus
143 473 172 500 est
179 467 234 510 igitur
241 468 315 511 quidam
324 466 342 499 in
353 466 433 500 medium
444 467 518 500 horrida
528 467 610 511 corporis
619 466 694 501 feditate
702 476 741 499 cor·
750 472 759 504 5

39 523 110 562 ruptus.
133 519 193 561 Quem
205 519 288 564 pontifex
296 519 337 554 Odo
348 529 389 554 cum
400 530 436 553 vno
447 520 470 554 de
480 520 553 555 ossibus
566 518 626 554 allatis
636 519 655 553 in
666 520 741 553 modum

39 571 99 605 crucis
105 572 159 605 tertio
165 572 279 615 consignans,
286 572 311 606 ita
317 583 360 606 mox
366 572 416 605 omni
422 572 543 616 corruptionis
550 573 626 607 horrore
632 573 711 615 deterso,
718 573 741 607 ad

38 623 173 658 inuocationem
181 625 260 660 nominis
268 625 326 660 sancti
334 625 419 660 Audoeni
427 625 504 669 sanauit,
512 631 531 661 vt
539 625 584 660 tanti
593 625 635 660 mali
643 625 741 670 vestigium

39 677 58 711 in
67 677 141 712 homine
149 678 219 713 nullum
227 678 301 724 penitus
310 678 405 713 resideret.
427 678 500 714 Allatus
508 684 536 714 est
547 679 602 715 etiam
611 678 630 713 in
639 678 686 714 lecto
694 679 742 713 alter

39 736 119 774 egrotus,
137 732 231 775 paralisis¹
247 733 310 766 morbo
328 738 366 766 toto
384 742 460 776 corpore
479 732 584 774 dissolutus,
600 732 664 766 mortis
679 732 740 776 potius
750 740 769 762 1⁰

40 794 95 827 quam
105 784 142 818 vite
152 784 251 829 imaginem
263 785 282 819 in
293 796 313 820 se
321 785 378 826 vultu,
385 796 435 827 voce,
444 791 462 820 et
472 786 597 820 membrorum
608 785 690 819 omnium
702 791 740 819 stu·

39 847 85 880 pore
98 839 216 881 pretendens.
240 838 325 873 Pontifex
338 849 382 882 ergo
396 838 478 881 ipsarum
491 838 609 881 reliquiarum
623 842 677 881 caput
689 848 741 872 assu-

39 900 99 932 mens,
112 901 169 935 super
181 901 249 934 corpus
262 891 298 925 iarn
311 902 359 935 pene
372 891 473 926 extinctum
485 890 552 935 posuit,
564 896 582 925 et
596 890 650 924 flexis
663 889 741 934 genibus

39 953 110 986 pronus
123 944 182 977 orauit
195 943 280 988 quatinus
293 945 317 978 ob
329 944 394 979 merita
408 950 426 979 et
439 943 582 979 intercessiones
595 943 643 978 beati
656 943 741 977 Audoeni

40 997 119 1039 pristine
131 998 203 1031 sanitati
214 998 319 1040 paraliticus
330 999 443 1038 redderetur,
453 997 469 1030 si
480 997 541 1040 ipsum
551 998 626 1039 quidem
637 1002 692 1039 caput
702 996 741 1029 eius
751 1006 769 1037 15

40 1047 74 1082 fuit
81 1050 125 1083 dum
133 1049 151 1083 in
160 1049 194 1083 hac
202 1049 306 1084 transitoria
313 1049 351 1084 vita
359 1051 442 1095 degebat.
465 1050 512 1085 Mira
520 1050 549 1085 dei
558 1050 623 1093 pietas,
631 1055 649 1085 et
659 1048 742 1094 potentia

39 1110 84 1134 vere
97 1101 191 1136 miranda!
219 1100 321 1137 Confestim
339 1102 362 1137 ad
379 1106 447 1137 tactum
464 1100 527 1146 capitis
548 1100 595 1137 sacri
613 1100 667 1136 homo
685 1112 742 1137 sanus

40 1154 121 1198 erigitur,
129 1160 147 1188 et
155 1156 238 1198 gaudens
246 1160 301 1199 atque
309 1155 394 1190 exultans
402 1155 420 1190 in
428 1166 473 1190 voce
483 1154 543 1189 laudis
551 1160 569 1189 et
579 1153 635 1189 iubilo
647 1153 708 1189 cordis
718 1155 742 1189 ad

40 1218 74 1240 sua
88 1207 196 1251 regreditur.
242 1201 318 1242 Patrata
333 1213 375 1243 sunt
390 1208 445 1243 etiam
459 1218 494 1253 per
509 1209 584 1243 easdem
599 1208 686 1252 reliquias
700 1207 742 1252 ipso

40 1267 124 1305 tempore
137 1267 156 1296 et
168 1261 202 1296 alia
215 1261 302 1296 miracula
314 1273 351 1296 non
364 1273 434 1306 pauca;
451 1273 487 1305 que
500 1262 594 1296 breuitatis
608 1273 662 1295 causa
676 1261 741 1295 transi·
751 1274 770 1294 ao

40 1314 107 1356 uimus,
123 1314 193 1347 nullum
208 1313 227 1348 in
240 1314 375 1358 prolixitatibus
388 1325 465 1358 grauare
477 1314 566 1349 volentes.
589 1313 625 1348 His
640 1314 665 1348 ita
677 1314 741 1358 gestis,

40 1377 79 1409 rex,
86 1367 176 1400 antistites
182 1373 200 1400 et
206 1367 237 1411 qui
246 1368 327 1410 aderant,
332 1368 386 1402 valde
394 1367 495 1410 exhilarati,
500 1368 555 1402 deum
562 1367 580 1402 in
587 1373 670 1402 sanctum
676 1368 742 1402 suum²

40 1420 172 1464 glorificabant.
194 1421 246 1454 Tunc
257 1431 291 1455 rex
301 1432 342 1456 cum
349 1421 437 1465 pontifice
445 1421 506 1455 habito
514 1421 606 1462 concilio³,
615 1421 690 1455 clericos
698 1431 742 1455 con-

40 1474 97 1518 uenit,
111 1479 130 1508 et
144 1473 188 1518 quid
202 1474 229 1508 eis
243 1484 278 1519 pro
293 1475 391 1520 adeptione
406 1485 550 1519 sacrorumque
565 1474 667 1510 detulerant
682 1474 742 1509 facere

40 1529 122 1569 deberet,
130 1529 228 1572 diligenter
235 1528 314 1571 inquirit.
338 1529 428 1562 Referunt
439 1529 475 1573 ipsi
484 1529 518 1562 hoc
529 1534 547 1561 et
558 1528 641 1572 ipsorum
649 1527 743 1562 voluntati.
752 1537 770 1567 ²5

40 1580 92 1614 Tunc
101 1580 151 1623 regis
161 1581 290 1623 munificentia,
301 1591 358 1624 supra
370 1581 388 1614 id
399 1582 448 1624 quod
458 1580 550 1624 petebant,
560 1579 631 1625 copiam
643 1590 677 1613 sue
688 1578 743 1623 lorgi·

40 1634 83 1668 tatis
96 1634 184 1677 extendit,
197 1634 315 1679 pontificique
328 1634 362 1670 ait:
381 1634 438 1669 ‘Cum
454 1639 549 1679 respectus
563 1634 621 1679 gratie
634 1633 663 1668 dei
677 1644 711 1668 nos
725 1639 743 1668 et

40 1696 118 1729 regnum
132 1686 235 1729 Anglorum
246 1686 292 1720 tanti
306 1686 360 1720 amici
373 1685 402 1719 sui
416 1686 510 1730 presentia
526 1685 657 1726 sublimauerit,
671 1686 744 1719 videtur

41 1738 140 1772 conuenire
151 1744 171 1772 vt
182 1744 200 1772 et
211 1749 246 1772 nos
258 1738 294 1782 ipsi
306 1745 369 1773 sancto
381 1739 412 1782 qui
424 1740 446 1772 ad
458 1750 493 1773 nos
503 1739 568 1773 venire
580 1739 666 1782 dignatus
677 1744 711 1779 est,
723 1737 743 1772 in

41 1790 105 1825 maiori
117 1796 135 1826 et
148 1790 226 1835 digniori
240 1791 280 1825 loco
292 1791 348 1826 totius
361 1791 413 1836 regni
426 1797 535 1836 perpetuam
549 1791 664 1826 mansionem
677 1802 743 1836 procu·
752 1802 772 1832 30

41 1854 103 1877 remus
112 1845 221 1878 condonare.
237 1845 360 1888 Quapropter,
366 1845 468 1878 reuerende
476 1849 533 1887 pater,
540 1844 563 1877 ad
569 1845 665 1878 ecclesiam
673 1845 701 1878 cui
708 1846 743 1879 deo

41 1901 115 1930 auctore
124 1897 214 1939 presides,
222 1897 256 1931 has
264 1903 338 1931 sanctas
348 1897 434 1941 reliquias
443 1896 533 1940 condigna
544 1897 648 1931 reuerentia
657 1898 742 1939 transfer,

41 1954 59 1983 et
68 1949 107 1984 eius
115 1949 215 1993 patrocinio
223 1954 277 1994 atque
287 1949 370 1984 tutamini
378 1950 437 1993 ipsam
445 1948 542 1984 ecclesiam
550 1954 568 1984 et
576 1949 661 1993 quicquid
669 1950 692 1983 ad
701 1961 743 1983 eam

41 2002 125 2044 pertinet,
136 2002 255 2035 commenda.¹
278 2001 332 2043 Quod
343 2012 384 2035 cum
395 2001 493 2045 episcopus
502 2001 581 2044 fecisset,
589 2001 624 2045 ipsi
635 2001 696 2035 clerici
707 2002 742 2036 loci

41 2054 148 2099 dignitatem
166 2054 304 2089 considerantes
322 2060 340 2088 et
358 2055 490 2089 monachorum
507 2054 621 2099 religionem,
639 2054 680 2089 facti
699 2061 742 2089 sunt
751 2065 770 2095 35

41 2108 125 2141 monachi
133 2107 182 2142 inter
189 2118 227 2148 eos,
236 2107 280 2141 etin
288 2106 363 2141 seruitio
371 2107 402 2141 dei
411 2112 430 2142 et
440 2107 488 2142 beati
496 2107 581 2142 Audoeni
589 2118 647 2152 usque
655 2108 678 2141 ad
686 2107 742 2142 finem

40 2159 78 2194 vite
93 2172 127 2195 sue
142 2160 208 2204 iugiter
222 2166 368 2204 permanserunt.
392 2160 468 2194 Factum
482 2166 510 2195 est
523 2166 584 2195 autern
598 2160 687 2194 scrinium
700 2171 742 2204 pre-

41 2213 116 2256 ciosum,
132 2213 151 2247 in
166 2224 202 2258 quo
218 2224 260 2248 ossa
277 2223 334 2256 sacra,
350 2213 429 2248 diuersis
447 2213 578 2248 inuolumentis
595 2213 685 2255 obuoluta,
701 2224 742 2249 eum

41 2266 111 2300 honore
119 2271 162 2300 sunt
170 2267 232 2301 locata.
275 2259 326 2301 Cum
334 2266 434 2300 monachus
442 2267 517 2309 quidam
525 2266 658 2300 cantuariensis
665 2266 743 2301 ecclesie

41 2319 127 2353 demonio
136 2324 240 2361 vexaretur,
248 2320 318 2360 fratres,
329 2319 405 2353 consilio
417 2319 483 2359 habito,
491 2318 578 2362 reliquias
588 2318 646 2353 sancti
656 2318 743 2354 Audoeni
751 2331 772 2361 40

41 2378 141 2414 sumentes
150 2373 173 2407 ad
185 2372 279 2407 infirmum
287 2371 362 2406 fratrem
370 2372 479 2406 detulerunt.
503 2371 586 2407 Necdum
598 2373 666 2407 ostium
676 2374 743 2409 domus

41 2425 60 2459 in
75 2436 111 2469 qua
125 2425 197 2460 vinctus
212 2426 261 2460 ferro
276 2426 378 2467 tenebatur,
391 2426 516 2460 intrauerant:
533 2430 552 2458 et
565 2436 608 2459 ecce
623 2425 654 2460 ille
670 2426 744 2462 deintus

41 2478 122 2512 clamosa
130 2490 175 2512 voce
183 2480 311 2523 perstrepebat
319 2479 392 2513 dicens:
409 2478 467 2519 ‘Quid
475 2481 514 2511 est?
525 2488 562 2521 quo
572 2478 660 2513 tenditis?
683 2479 744 2514 Nichil

41 2531 96 2565 michi
110 2536 128 2566 et
141 2537 205 2566 sancto
218 2532 309 2567 Audoeno
322 2542 419 2566 commune
433 2543 474 2566 esse
488 2530 556 2575 sciatis,
569 2543 604 2566 nec
619 2543 649 2567 me
663 2533 689 2568 illi
702 2545 744 2579 pre-

100 2593 106 2610 1
117 2592 134 2623 E.
142 2593 218 2632 peralisis.
316 2594 322 2610 ²
331 2604 343 2624 r.
351 2594 366 2623 in
374 2596 427 2623 sancto
435 2602 469 2624 suo.
569 2594 575 2611 ³
586 2594 606 2626 E.
612 2595 683 2626 consilio.
