1762 2803
288 114 333 171 br
348 113 448 168 &euno
465 113 543 167 ticon
722 120 763 175 183

63 235 164 271 habitacula
175 236 270 271 hominum
281 236 338 271 fuisse
349 236 463 271 videbantur.
486 236 568 271 Studens
580 242 642 271 autem
653 236 682 272 vir
695 236 764 272 domini

63 295 159 334 acceptum
174 290 279 326 monasterii
296 290 357 325 locum
371 289 431 333 primo
446 290 565 333 precibusne
580 290 653 325 ieiuniis
665 300 676 325 a
688 290 765 335 pristina

63 342 173 387 flagitiorum
181 345 235 378 sorde
243 354 328 389 purgare,
336 348 354 378 et
363 343 416 378 sicin
424 353 446 377 eo
454 344 560 379 monasterii
568 344 687 378 fundamenta
694 344 764 386 iacere;

63 396 133 430 cunctis
139 397 355 440 quadragesimediebus,
361 401 439 440 excepta
445 396 661 440 domirdca,ieiuniumad
667 406 765 440 vesperam

63 448 114 482 iuxta
127 459 198 484 morem
212 449 312 493 protelans,
325 458 393 494 panem
406 449 532 493 permodicum
545 455 563 484 et
575 460 632 484 vnum
646 459 701 483 ouum
714 448 784 494 galli-5

63 500 153 535 naccum¹
168 513 210 535 cum
225 513 282 546 paruo
298 501 344 536 lacte
357 513 405 545 aqua
417 501 475 536 mixto
488 502 605 547 percipiebat.
628 502 704 537 Dicebat
715 502 765 536 enim

64 554 111 588 hanc
122 565 165 589 esse
176 555 327 591 consuetudinem
339 566 402 590 eorum
413 556 500 599 aquibus
511 566 595 591 normam
606 555 702 601 discipline
711 565 766 600 regu·

64 608 108 642 laris
123 608 215 651 didicerat,
230 614 250 644 vt
265 615 339 654 accepta
354 619 414 654 nuper
428 608 468 643 loca
481 610 504 643 ad
517 608 620 644 faciendum
634 609 765 644 monasterium

63 661 93 695 vel
101 661 204 704 ecclesiam,
214 663 266 705 prius
276 662 387 697 orationibus
395 673 416 696 ac
423 662 496 697 ieiuniis
505 662 580 697 domino
591 668 704 697 consecrent.
728 661 765 696 Ex·

64 714 113 756 pleto
123 719 183 748 autem
193 715 302 749 ieiuniorum
313 715 378 756 studio,
386 716 517 749 monasterium
529 715 634 758 Lestingeia
643 715 711 750 dictum
721 725 765 749 con·
774 729 793 750 xo

64 765 136 809 struxit,
154 772 172 801 et
190 766 280 812 religiosis
299 766 381 801 moribus
399 767 449 801 iuxta
467 768 513 802 ritus
532 767 716 810 Lindisiarnensium,
734 766 765 802 vbi

64 821 151 854 educatus
162 826 206 863 erat,
219 821 301 855 instituit.
346 813 397 855 Cum
409 826 471 855 autem
480 820 533 855 annis
545 821 607 855 multis
616 822 635 854 in
645 821 765 855 Orientalium

64 872 159 907 Saxonum
167 873 262 917 prouincia
270 874 397 917 episcopatum
405 874 558 914 administrasset,
567 879 584 907 et
591 873 646 908 huius
655 874 766 916 monasterii,

64 927 136 959 statutis
146 925 251 969 prepositis,
262 936 326 959 euram
336 931 420 969 gereret3
431 926 455 959 ad
467 927 528 970 ipsum
541 927 672 960 monasterium
683 932 767 970 tempore

64 978 178 1013 mortalitatis
185 979 292 1020 adueniens
301 982 360 1013 tactus
368 978 436 1013 ibidem
444 978 550 1013 infirmitate
558 979 581 1012 ad
589 978 683 1013 dominum
691 978 767 1013 feliciter
776 991 794 1021 15

64 1032 151 1075 perrexit.
174 1032 229 1066 Dedit
240 1037 302 1066 autem
312 1033 341 1066 vir
352 1037 427 1066 sanctus
438 1032 540 1077 regendum
551 1039 594 1077 post
604 1043 624 1067 se
635 1032 766 1067 monasterium

63 1081 114 1116 fratri
126 1093 159 1116 suo
171 1082 239 1125 Cedde‚
251 1082 282 1126 qui
293 1087 363 1126 postea,
372 1088 392 1116 vt
402 1083 421 1116 in
430 1083 467 1117 vita
478 1093 511 1117 sua
523 1082 584 1127 liquet,
597 1083 696 1127 episcopus
709 1083 767 1117 sactus

65 1141 98 1169 est.
121 1135 204 1177 Quatuor
211 1136 261 1169 enim
270 1135 334 1169 erant¹
343 1135 415 1178 fratres,
423 1135 492 1170 scilicet
503 1135 553 1170 Cedd
563 1142 581 1170 et
592 1135 704 1179 Cimbitlus³‚
715 1136 766 1170 Celin

64 1192 83 1222 et
96 1188 169 1232 Ccdda;
184 1199 249 1224 omnes
262 1190 369 1224 sacerdotes
387 1187 456 1223 domini
472 1188 523 1223 suere
540 1189 624 1234 preclari,
639 1200 718 1234 quorum
730 1189 767 1223 duo

64 1242 164 1285 episcopali
182 1242 240 1285 gradu
258 1242 277 1275 in
294 1252 361 1285 magna
375 1242 413 1276 vite
427 1243 522 1277 sanctitate
533 1243 590 1276 suncti
603 1248 651 1277 sunt.
695 1235 766 1277 Audita
775 1256 795 1277 πο

64 1299 125 1328 autem
139 1299 198 1328 morte
211 1293 256 1335 eius,
269 1293 335 1328 fratres
347 1294 371 1327 de
383 1294 494 1328 monasterio
506 1295 526 1327 in
538 1294 631 1338 prouincia
645 1294 765 1329 Orientalium

65 1347 160 1381 Saxonum
176 1352 267 1381 venerunt
286 1346 358 1381 circiter
376 1347 454 1391 triginta,
469 1346 565 1391 cupientes
584 1349 606 1382 ad
626 1358 693 1392 corpus
708 1350 767 1392 patris

64 1401 93 1434 sui
108 1404 138 1434 aut
152 1400 221 1442 viuere,
237 1400 252 1434 si
267 1399 302 1433 deo
317 1399 403 1445 placeret,
419 1405 449 1433 aut
466 1400 566 1435 morientes
581 1399 605 1435 ibi
621 1399 701 1445 sepeliri.
724 1400 766 1443 Qui,

64 1451 168 1497 pestilentie
179 1453 321 1496 superueniente
332 1457 398 1497 postea
409 1452 466 1497 clade,
477 1464 514 1488 vno
525 1458 604 1498 excepto
616 1464 674 1498 puero
686 1453 767 1488 defuncti

64 1511 112 1548 sunt,
122 1516 177 1549 quern
187 1505 244 1549 patris
254 1506 312 1540 sancti
322 1506 435 1540 orationibus
445 1516 456 1539 a
466 1511 526 1540 morte
535 1511 606 1541 constat
616 1517 659 1541 esse
667 1512 767 1542 seruatum.
777 1522 795 1552 ²5

65 1558 113 1593 Nam
126 1569 168 1592 cum
181 1558 238 1592 multo
249 1563 292 1602 post
307 1558 341 1593 hec
356 1564 440 1603 tempore
452 1559 524 1594 uiueret
539 1564 557 1594 et
572 1558 668 1604 scripturis
684 1559 767 1603 legendis

65 1622 140 1654 operam
149 1612 205 1653 daret,
213 1612 288 1645 tandem
296 1611 358 1646 didicit
366 1621 387 1646 se
395 1622 442 1655 aqua
450 1612 611 1656 baptismatisnon
619 1622 662 1647 esse
670 1622 768 1656 regenera-

64 1669 109 1706 tum,
120 1669 138 1698 et
148 1675 192 1698 mox
203 1664 253 1698 sonte
263 1664 331 1699 lauacri
340 1663 413 1699 ablutus
422 1664 513 1706 salutaris,
524 1664 579 1699 etiam
589 1665 613 1699 ad
622 1665 705 1700 ordinem
715 1676 767 1710 pres-

65 1717 118 1752 biteri
125 1717 242 1762 postmodum
250 1723 351 1762 promotus,
360 1717 421 1752 multis
428 1717 447 1751 in
456 1718 533 1753 ecclesia
540 1718 588 1754 vtilis
596 1718 634 1753 fuit.

287 1832 302 1869 ll
313 1831 398 1866 Narrabo
410 1832 528 1876 [adstcatort'o]
533 1832 545 1867 ⁴.

89 1908 194 1950 Palestinus
202 1915 276 1958 quidam
284 1914 359 1949 nomine
366 1914 436 1949 Valens
443 1915 527 1959 pluribus
532 1915 586 1949 annis
594 1914 613 1949 in
620 1915 697 1949 heremo
702 1916 768 1950 viuens
776 1926 796 1956 30

65 1972 84 2001 et
99 1967 178 2002 difficilis
192 1967 228 2002 vite
243 1968 323 2002 studium
338 1973 439 2009 assecutus,
454 1969 477 2001 ad
492 1971 563 2001 tantum
578 1968 665 2012 superbie
680 1978 767 2002 cacumen

66 2020 148 2055 ascendit
157 2025 177 2055 vt
185 2019 298 2064 dyabolicis⁶
307 2019 421 2054 illusionibus
430 2019 534 2063 falleretur,
551 2021 613 2054 nescio
625 2020 668 2064 quid
680 2031 768 2065 magnum

66 2082 87 2107 se
99 2084 141 2108 csse
151 2079 223 2116 putans,
235 2078 322 2116 tanquam
335 2073 442 2116 angelorum
453 2072 524 2108 visione
536 2073 675 2117 ministerioque
687 2073 767 2117 quotidie

66 2125 162 2160 frueretur.
186 2126 269 2169 Quadam
280 2136 353 2170 quoque
364 2126 399 2169 die,
407 2126 451 2160 dum
462 2126 481 2159 in
491 2126 574 2160 tenebris
583 2136 630 2170 opus
640 2125 713 2168 faceret,
723 2136 767 2160 acus

66 2178 89 2221 ei,
100 2191 136 2224 qua
147 2179 249 2224 sportulam
260 2180 366 2221 consuebat,
377 2180 401 2213 de
413 2180 498 2213 manibus
510 2180 578 2213 cecidit.
601 2180 625 2214 Et
637 2180 681 2213 dum
694 2189 735 2213 eam
748 2181 767 2214 in
776 2186 795 2216 35

66 2232 145 2267 obscuro
153 2243 229 2267 cernere
236 2244 273 2267 non
281 2233 345 2276 potuit,
353 2232 438 2276 lampade
446 2231 480 2266 sibi
488 2231 590 2267 ministerio
598 2232 682 2266 demonis
689 2243 769 2267 accensa

66 2286 145 2320 eandem
163 2286 238 2320 inuenit.
266 2285 293 2319 Eo
308 2285 400 2329 igiturex
415 2284 455 2329 ipsa
470 2284 564 2319 inflatione
579 2284 653 2327 refecto,
668 2284 734 2319 accidit
748 2290 768 2321 vt

67 2338 141 2381 quidam
154 2338 197 2372 illuc
210 2337 303 2382 peregrini
318 2337 403 2372 venirent
417 2337 505 2382 variaque
519 2337 632 2381 leguminum
645 2341 664 2371 et
676 2337 768 2373 fructuum

67 2402 136 2435 genera
146 2391 232 2426 fratribus
244 2391 358 2427 exhiberent.
380 2391 459 2426 Sanctus
472 2389 576 2426 Macharius
586 2389 679 2435 presbiter
690 2391 769 2436 singulis

66 2444 152 2480 iratribus
167 2445 255 2490 pugillum
271 2444 325 2488 misit,
340 2444 388 2479 iuter
402 2455 449 2489 quos
463 2450 482 2479 et
494 2443 567 2478 Valenti
579 2449 651 2488 partem
665 2444 769 2480 destinauit.
777 2454 797 2484 40

87 2529 120 2560 1Τ.
128 2529 145 2559 E.
154 2530 252 2567 gallicanum.
303 2528 430 2560 ²om.inBeda.
482 2529 601 2561 ³T.timbillis.
652 2529 770 2562 ⁴FromVinc.

67 2569 107 2600 Bell.
115 2570 167 2601 XVII.
175 2571 199 2602 uo.
239 2570 246 2588 ²
256 2570 274 2601 E.
282 2570 378 2609 dyabolicus.
