1762 2803
219 129 265 185 mo
280 126 380 182 &uncto
395 125 541 188 aaronem.
702 140 731 181 93

125 288 141 323 ἹῘ
154 278 187 321 DE
199 296 270 321 SANCTO
282 279 386 321 IUSTINANO
398 295 482 320 nlnnrine
494 295 517 320 ET
528 283 634 319 niounclto¹.

32 383 138 466 SAnctus
153 385 202 420 enim
218 385 323 420 lustinanus
335 396 359 420 ex
371 382 484 420 nobilissima
497 382 591 418 Britannie
603 381 681 417 Minoris
692 393 733 427 pro-

85 439 137 483 sapia
145 438 234 483 originem
242 438 293 473 duxit
301 451 305 474 :
318 438 349 483 qui
357 449 367 472 a
375 437 453 482 pueritia
460 437 526 472 studiis
538 436 639 471 litterarum
650 436 734 478 traditus

30 498 48 527 et
63 492 142 526 mirabili
157 491 234 526 seientia
249 492 298 526 inter
312 491 425 526 clarissimos
440 491 501 535 gentis
515 501 549 525 sue
564 490 649 525 doctores
664 489 734 524 claruit.

31 547 122 588 Suscepto
133 545 183 579 enim
194 545 291 578 sacerdotii
304 545 361 588 gradu
375 543 458 577 diuinum
470 543 551 576 officium
565 542 643 576 fideliter
655 551 735 585 exeque-

30 598 93 639 batur3
106 601 124 630 et
133 596 169 631 tale
177 597 252 631 tandem
263 596 347 631 diuinum
358 597 451 631 oraculum
463 596 527 630 audire
539 594 617 629 meruit:
630 594 751 637 ‘Egrederet

32 651 55 684 de
62 655 112 684 terra
119 655 150 684 tua
158 655 176 684 et
187 650 210 684 de
221 650 329 694 cognatIone
340 654 371 684 tua
383 654 401 684 et
412 650 436 684 de
448 648 503 683 domo
516 648 574 693 patris
587 647 623 682 tui!
645 646 699 690 Quod
706 646 736 681 vir

31 708 106 738 sanctus
121 701 232 747 intelligens,
244 703 334 738 adiunctis
347 702 381 737 sibi
393 703 501 748 quibusdam
516 701 576 744 sociis,
590 712 657 736 nauem
669 700 736 735 coriis'¹

32 761 136 790 contextam
151 762 169 790 et
184 756 284 789 viminibus
302 755 414 796 conscendit,
429 756 485 788 deum
502 755 569 798 iugiter
583 764 663 787 exorans
678 759 697 787 vt
712 754 735 787 ad

32 813 99 842 terram
114 818 156 842 enm
168 808 269 843 adueheret
282 808 300 842 in
313 819 349 853 qua
359 808 414 842 vitam
427 807 527 842 solitariam
540 808 608 842 ducere
621 811 690 850 posset.
713 805 736 840 Et

32 862 106 895 tandem
113 862 136 895 ad
142 866 211 895 terram
219 861 294 895 nomine
302 861 400 895 Chormei¹
408 860 498 905 applicuit,
504 860 535 893 vbi
541 869 576 903 per
582 859 654 902 aliquod
662 865 736 900 tempus
745 862 764 885 ¹⁰

32 923 103 946 moram
110 913 184 954 iaciens,
191 918 280 956 ceperunt
288 913 325 946 iam
333 912 385 946 multi
393 913 433 946 eius
441 911 527 955 exemplo
535 911 624 945 mundum
632 910 737 954 relinquere

33 971 52 1000 et
62 966 86 999 ad
96 965 154 999 sancti
165 964 200 999 viri
213 965 337 1009 magisterium
351 965 443 999 festinare.
466 964 504 998 Sed
516 965 535 998 in
547 964 605 1006 breui,
618 963 664 997 sicut
676 963 736 1007 prirno

33 1029 44 1052 a
59 1018 94 1052 deo
107 1017 124 1052 ei
136 1019 242 1052 mandatum
257 1018 316 1052 suerat
330 1023 350 1052 vt
365 1019 388 1052 de
403 1024 453 1052 terra
468 1017 498 1051 et⁴
514 1016 621 1061 cognatione
636 1026 670 1051 sua
685 1026 738 1061 egre-

34 1072 113 1113 deretur,
125 1070 210 1106 similiter
221 1072 302 1106 secundo
314 1072 331 1106 ei
342 1072 411 1106 dictum
425 1071 458 1106 suit
468 1075 488 1105 vt
499 1070 550 1105 illam
562 1070 674 1116 relinqueret
686 1080 737 1104 man-

34 1125 110 1159 sionem.
132 1124 185 1158 Tunc
195 1125 299 1159 nauiculam
308 1124 410 1169 ingressus,
418 1124 464 1158 mari
476 1128 494 1159 et
505 1122 578 1158 ventis¹
589 1134 610 1157 se
622 1123 738 1158 committens
747 1125 766 1157 ¹⁵

33 1178 84 1212 venit
99 1178 121 1211 ad
137 1177 215 1212 insulam
230 1188 266 1222 que
283 1182 326 1212 tunc
344 1178 404 1211 insula
419 1176 526 1211 Limeneia¹
539 1177 649 1211 vocabatur:
668 1175 687 1210 in
702 1186 738 1220 qua

34 1230 62 1264 vir
68 1231 103 1263 deo
110 1230 188 1264 deuotus
195 1230 294 1272 Honorius,
301 1230 350 1274 regis
355 1229 460 1264 Thesriauci
466 1229 520 1270 iilius,
525 1228 593 1262 relictis
599 1239 635 1272 que
643 1228 661 1262 in
669 1229 739 1262 mundo

35 1287 82 1322 sunt,
89 1283 124 1314 deo
132 1287 190 1314 totum
197 1292 217 1314 se
223 1281 327 1315 exhibebat.
342 1282 438 1324 Receptus
444 1280 505 1324 itaque
513 1280 592 1324 hospitio
598 1279 683 1324 benigne,
688 1284 739 1314 tanto

36 1333 81 1376 [ille]
92 1333 165 1378 pietatis
177 1334 259 1368 excreuit
271 1334 342 1374 ardore,
349 1338 369 1368 vt
380 1334 441 1368 locum
452 1343 506 1368 suum
517 1338 536 1368 et
548 1332 663 1367 mansionem
675 1338 739 1367 sancto

35 1385 74 1420 viro
82 1387 168 1428 traderet,
175 1387 207 1421 vt⁷
215 1386 308 1421 lucrandis
319 1386 392 1421 Christo
404 1386 499 1421 animabus
510 1385 579 1431 absque
588 1386 625 1420 vllo
636 1385 740 1430 inuigilaret
748 1387 768 1409 ²⁰

36 1439 175 1483 incom[m]odo.
189 1439 261 1474 Videns
269 1440 331 1485 itaque
338 1440 404 1476 beatus
412 1439 518 1475 lustinanus
525 1439 586 1474 locum
596 1439 641 1475 virIs
649 1438 739 1483 religiosis

37 1499 99 1537 aptum
105 1495 112 1510 '⁴
119 1498 137 1527 et
145 1494 168 1527 ab
176 1494 226 1527 omni
238 1493 316 1528 seculari
327 1493 405 1538 strepitu
415 1499 506 1527 remotum
514 1504 518 1527 ι
530 1492 624 1537 ‘petitioni
631 1498 668 1535 tue,
675 1492 740 1537 inquit,

37 1546 151 1587 assentirem,
163 1546 179 1580 si
190 1557 243 1582 soror
254 1552 285 1581 tua
296 1557 338 1581 cunr
350 1557 383 1581 sua
394 1546 519 1590 pedissequa¹¹
532 1546 635 1581 cubiculum
649 1546 716 1581 habeat
729 1557 740 1581 a

37 1599 108 1633 nobis¹⁰
117 1600 218 1633 remotum.¹
242 1599 295 1642 Quod
307 1600 417 1643 quibusdam
427 1599 528 1633 incredulis
540 1599 641 1643 [nonnullis
655 1599 667 1619 ¹¹
681 1606 740 1634 vene-

37 1652 90 1686 batur
102 1652 121 1686 in
134 1653 221 1686 derisum.
244 1652 281 1687 Sed
296 1663 337 1686 cum
352 1651 437 1686 facundia
449 1658 467 1687 et
478 1658 566 1687 venustas
582 1657 645 1687 sancte
657 1652 741 1697 predica·
750 1657 769 1686 ¹5

37 1704 97 1745 tionis,
116 1710 134 1738 et
153 1705 213 1747 fulgor
227 1709 277 1738 tante
292 1705 378 1739 claritatis
394 1704 448 1738 beato
462 1704 502 1738 viro
519 1705 653 1748 complaceret:
673 1705 741 1748 ‘pater,

38 1754 101 1799 inquit,
113 1763 181 1796 sancte,
191 1762 211 1790 vt
222 1762 253 1790 tua
264 1758 312 1790 dulci
323 1763 340 1791 ct
350 1757 428 1791 honesta
440 1756 542 1800 perfruar¹¹
554 1756 646 1797 societate,
658 1767 742 1791 sororem

38 1819 98 1842 meam
106 1808 125 1843 in
133 1809 187 1844 aliam
195 1810 290 1854 regionem
301 1808 437 1844 transmittam:
461 1809 519 1844 Soror
526 1808 588 1853 itaque
599 1809 648 1844 beati
657 1810 742 1850 Honorii,

38 1867 111 1905 sumpta
126 1867 231 1896 sanctorum
246 1862 328 1897 virorum
341 1861 469 1897 benedictione
482 1866 500 1897 et
512 1862 590 1905 licentia,
602 1862 621 1897 in
633 1864 742 1908 longinquas

39 1914 124 1957 regiones
132 1915 241 1957 ab[s]cessit.
258 1915 322 1959 ibique
330 1926 371 1949 curn
379 1917 402 1949 ad
411 1926 453 1949 eum
461 1915 535 1959 plurimi
543 1917 668 1958 conuenirent,
676 1915 742 1950 illumi·
751 1921 771 1950 ³0

39 1967 76 2001 nati
83 1968 140 2002 verbo
151 1967 194 2002 fidei
203 1979 245 2002 cum
255 1968 314 2003 salute
322 1968 424 2003 animarum
432 1968 521 2003 redibant.
567 1961 617 2004 Cum
625 1975 686 2004 autern
694 1969 743 2005 sarna

39 2019 85 2055 tanti
98 2020 133 2056 viri
144 2020 171 2069 'ad
186 2022 260 2055 beatum
276 2021 336 2055 Dauid
352 2022 463 2066 perueniret,
475 2022 555 2056 nouitate
571 2026 589 2056 et
604 2022 683 2057 aduentu
697 2022 742 2057 tanti

39 2073 72 2107 viri
81 2074 198 2115 exhilaratus,
205 2085 240 2118 per
247 2073 324 2108 nuncios
332 2085 374 2108 eum
383 2085 468 2116 euocans,
476 2080 495 2109 vt
503 2075 526 2109 ad
534 2085 555 2109 se
563 2075 627 2109 venire
637 2074 743 2119 dignaretur

40 2126 146 2170 suppliciter
153 2127 246 2161 exorabat.
269 2127 302 2160 llle
310 2138 355 2161 vero
365 2127 494 2170 accelerans,a
505 2128 559 2162 beato
571 2127 631 2163 Dauid
643 2129 744 2163 honorifice

41 2179 150 2223 suscipitur:
169 2180 273 2223 placuitque
290 2185 328 2213 tam
345 2180 399 2213 beato
417 2180 477 2214 Dauid
494 2191 549 2224 quam
569 2187 632 2215 sancto
650 2181 771 2215 iustinan03÷

41 2231 126 2264 societate
137 2236 156 2265 et
167 2232 279 2265 orationibus
290 2232 333 2265 binc
342 2231 386 2265 inde
393 2231 451 2266 fulciri
457 2231 481 2266 ¹¹:
494 2236 512 2266 et
524 2232 604 2277 suscepit
616 2244 658 2268 eum
669 2239 744 2267 sanctus

41 2303 86 2335 bilem
95 2306 174 2336 statuisti:
185 2306 255 2336 concede
265 2305 337 2335 omnibus
348 2306 378 2335 hec
388 2306 428 2336 sesto
438 2306 558 2343 celebrantibus,
569 2307 615 2337 huius
624 2308 674 2338 sancti
684 2308 745 2338 meritis

42 2343 75 2374 dies
82 2355 119 2376 suos
126 2348 143 2376 in
150 2347 192 2376 bono
199 2347 244 2375 finire
251 2350 267 2375 et
274 2350 311 2382 post
318 2347 358 2375 hanc
366 2346 414 2375 uitam
421 2355 474 2375 ueram
482 2351 498 2376 et
504 2348 617 2384 sempiternam
625 2348 702 2384 inuenire,
710 2357 743 2386 per.

61 2385 66 2402 ¹
77 2385 195 2416 Baianos.
205 2385 246 2416 Boii.
256 2395 275 2423 23
286 2385 327 2424 Aug.
337 2385 364 2415 lV.
374 2386 409 2424 635.
430 2386 473 2417 ‘The
484 2386 518 2417 Life
529 2388 568 2418 does
578 2392 606 2418 not
616 2397 676 2426 appear
686 2388 702 2418 in
713 2398 745 2425 any

42 2425 97 2456 author
104 2427 173 2456 anterior
179 2431 196 2456 to
202 2428 246 2463 John
254 2427 272 2456 ol
276 2425 379 2455 Tinemouth'
387 2426 462 2464 (ilardy).
535 2427 542 2445 ²
552 2427 570 2457 E.
578 2428 634 2456 coreis.
708 2427 714 2444 ³
725 2428 743 2457 E.

42 2466 223 2502 cormer3T.ch0nnei.
284 2466 317 2495 ⁴13.
326 2470 341 2495 et
349 2466 446 2500 de;deon1.
456 2465 471 2494 in
479 2465 498 2494 T.
559 2467 650 2495 ¹E.venti.
711 2466 745 2494 ’Β

43 2502 127 2541 1emeneta;
137 2515 175 2535 now
183 2506 253 2543 Ramsey
260 2505 316 2540 island,
323 2505 342 2534 ci.
350 2504 426 2540 Camden,
433 2514 449 2541 p.
456 2504 491 2541 838.
540 2501 547 2520 ¹
556 2504 574 2534 T.
582 2509 603 2535 et.
649 2505 655 2522 ⁸
665 2505 683 2534 T.
691 2510 744 2542 aptum

43 2543 125 2580 religiosis.
166 2544 295 2584 tupenisseea.
336 2544 524 2580 ¹¹E.anobis;T.non.
564 2542 744 2575 ¹¹T.addsnonnullis.

43 2580 53 2598 ¹¹
63 2582 81 2613 E.
89 2585 165 2622 perfruas.
205 2584 308 2615 ”nsuisirt
