1762 2803
266 125 311 181 vr
326 122 427 178 &uncto
443 122 560 177 wlfrico.
726 136 769 182 517

69 252 162 290 assisteret
170 246 262 289 misteriis,
269 244 396 290 dominicaque
402 244 483 280 oratione
490 244 589 289 completa¹
595 244 659 289 (atque
667 244 770 289 persecta)²,

69 307 142 344 suborta
153 307 182 338 est
195 300 212 336 ei
224 299 309 336 hesitatio
321 298 337 334 si
348 309 413 344 aquam
425 298 477 334 calici
488 298 590 334 infudisset.
610 297 668 333 Multa
679 297 697 333 in
709 297 770 333 animo

69 359 173 398 reuoluens,
189 359 228 389 toto
246 353 302 388 corde
321 353 396 387 tandem
414 352 437 387 ad
456 353 511 387 deum
530 362 631 387 conuersus
650 362 691 386 cum
710 352 771 386 cordis

69 412 146 457 puritate
156 410 211 442 deum
222 406 310 441 exorauit.
334 406 429 448 Completa
439 406 527 446 oratione,
534 406 580 440 vidit
591 405 610 439 in
621 404 689 439 calice³
696 415 770 439 roseum

70 462 177 507 sanguinem
182 459 230 494 velut
237 457 279 502 agni
285 457 396 492 immaculati
403 457 458 492 lhesu
464 457 537 500 Christi,
542 467 600 502 vsque
608 457 631 492 ad
636 456 704 491 labium
710 456 771 491 calicis
779 467 788 499 ⁵

70 514 212 555 redundantem
221 517 344 556 perceptoque
352 516 466 545 sacramento
474 511 570 555 [corporis]
578 510 686 554 sanguinem
694 511 771 545 deinde⁴

70 569 114 606 bibit
120 577 156 603 vue
167 563 318 600 meracissimum.
369 556 443 599 Seruus
455 563 484 598 dei
495 563 590 598 ericus⁶
603 563 675 598 cuidam
688 568 738 598 muto
751 563 771 598 in

70 618 152 665 sompnis
160 628 257 663 apparens,
265 616 320 661 digito
328 615 355 651 ori
363 615 402 651 eius
408 616 500 660 imposito,
508 627 529 651 os
537 616 576 651 eius
582 616 683 661 aperuit,et
689 616 771 660 linguam

71 671 164 709 reserauit.
187 669 263 704 Latroni
270 670 365 704 oculorum
373 668 471 703 effossione
479 669 543 713 punito
552 669 616 703 oculos
621 679 681 703 nouos
686 674 704 703 et
711 669 771 703 visum

71 736 103 762 sua
114 735 170 770 prece
181 722 265 757 restituit.
311 715 383 756 Mulier
393 721 485 766 quedam⁶
497 721 543 756 duos
555 732 623 765 pueros
635 732 676 755 cum
687 721 772 766 panibus,
781 737 800 759 10

71 777 156 825 pastellis,
172 782 190 812 et
202 776 273 811 duobus
285 774 335 811 vasis
347 774 385 810 vini
397 775 420 810 ad
432 774 522 810 ericum
535 774 590 810 misit.
620 774 655 817 Qui
668 775 772 819 portionem

71 832 148 876 aliquam
163 841 187 864 ex
201 828 279 874 singulis
293 833 410 863 reseruantes
426 829 475 872 apud
488 838 589 872 pauperem
604 829 697 872 quendam
711 827 772 863 invia

71 887 199 929 deposuerunt.
217 881 255 917 lllis
263 881 317 926 igitur
321 883 344 916 ad
351 881 424 916 ianuam
431 881 552 925 pulsantibus,
558 887 621 915 vocato
627 881 708 915 ericus
713 892 772 926 puero

72 938 106 973 ait:
118 936 179 970 ‘Vade
187 940 205 969 et
213 934 287 978 suscipe
295 936 318 969 de
326 945 381 968 manu
389 934 484 968 hominum
492 933 564 968 illorum
572 944 594 967 ea
602 944 637 978 que
645 935 731 976 tulerunt,
738 935 772 968 sed

72 1000 103 1025 eos
111 990 133 1024 ad
141 998 171 1023 me
178 988 253 1022 introire
261 997 298 1021 non
307 987 401 1031 permittas
408 998 413 1029 ;
425 987 458 1021 sed
467 997 491 1021 ne
499 987 522 1020 de
531 986 566 1020 hiis
574 991 648 1031 gustent
656 997 692 1032 que
699 986 772 1021 delrau-
781 1002 799 1035 15

73 1045 160 1078 dauerunt
168 1047 186 1077 et
194 1047 316 1086 reposuerunt
324 1041 365 1085 sibi,
373 1041 407 1075 sub
415 1040 479 1076 mortis
489 1040 636 1076 interminatione
644 1050 677 1076 eos
684 1041 773 1085 prohibe!

73 1097 112 1138 Quo
122 1095 182 1130 audito
193 1104 234 1129 cunr
245 1094 301 1129 multa
312 1093 419 1129 confusione
427 1093 502 1137 reuersi,
510 1094 572 1129 vinum
579 1093 585 1113 ⁷
592 1094 667 1139 plenum
679 1094 773 1139 genimine

72 1159 156 1183 ranarum
170 1153 301 1181 venenatarum
319 1146 435 1189 inuenerunt,
454 1152 472 1180 et
490 1148 539 1190 quod
554 1148 577 1180 de
592 1157 640 1190 pane
659 1151 678 1181 et
695 1147 773 1190 pastillis

73 1205 217 1241 reseruauerant‚
225 1199 301 1244 plenum
312 1198 421 1243 scaturigine
432 1199 522 1232 vermium
532 1199 622 1233 viderunt.
646 1199 773 1235 Percutientes

73 1263 115 1296 ergo
130 1257 204 1296 pectora
218 1262 258 1293 sua,
273 1252 296 1285 ad
311 1251 370 1285 virum
385 1251 415 1285 dei
430 1251 490 1295 qualia
505 1255 557 1285 erant
571 1250 649 1285 celerius
664 1251 801 1289 detuleruntao

74 1306 142 1348 Quibus
150 1305 235 1339 consessa
242 1304 295 1348 culpa
302 1315 335 1339 sua
342 1304 415 1339 veniam
424 1304 583 1349 consequentibus,
590 1304 672 1340 ericus
679 1314 746 1349 panem
755 1309 774 1340 et

72 1358 133 1393 vinum
147 1369 180 1392 sua
194 1357 321 1392 benedictione
333 1357 391 1391 forme
404 1357 460 1402 priori
472 1357 556 1400 restituit,
568 1363 587 1391 et
598 1362 617 1392 vt
629 1358 712 1402 pauperi,
724 1359 773 1401 apud

74 1421 126 1453 quem
134 1421 156 1443 ea
163 1412 292 1454 deposuerant,
300 1410 368 1443 illibata
378 1414 492 1453 reportarent
500 1410 602 1453 imperauit.
630 1402 716 1443 erico³
724 1410 774 1444 enim

74 1462 165 1497 nocturnis
173 1462 240 1506 vigiliis
247 1461 326 1506 fatigato,
335 1472 376 1497 cum
384 1461 467 1497 membra
475 1461 537 1506 sopori
545 1462 602 1505 daret,
610 1460 654 1496 vidit
662 1461 681 1496 in
690 1462 774 1506 sompnis

74 1516 125 1559 quasi
138 1520 176 1550 tres
190 1527 260 1560 pueros
272 1515 320 1550 vltra
334 1515 391 1550 altare
405 1526 459 1550 suum
474 1526 581 1560 suspensos,
594 1522 612 1550 et
625 1515 695 1560 laqueis
708 1516 775 1561 quibus
783 1530 802 1561 ²5

74 1569 140 1603 astricti
152 1574 204 1603 erant
216 1569 253 1603 iam
268 1568 320 1613 quasi
334 1569 455 1602 suffocandos.
478 1569 561 1611 Quorum
573 1578 621 1603 vnus
633 1569 656 1603 ad
669 1568 719 1603 illum
732 1579 774 1604 con·

74 1631 138 1657 uersus
146 1622 171 1656 ait
178 1635 183 1656 :
195 1623 199 1640 ¹
206 1622 222 1656 0
231 1622 304 1656 domine
312 1622 338 1655 mi
345 1621 432 1664 ericet,
439 1632 472 1655 cur
479 1620 572 1665 pigritaris
579 1632 655 1665 surgere
660 1621 674 1641 ¹⁰
681 1626 700 1656 et
709 1632 775 1656 eruere

75 1683 107 1707 nos
114 1676 129 1707 Γ
152 1674 185 1708 Cui
194 1685 235 1707 cum
242 1674 271 1708 vir
278 1679 358 1715 sanctus,
366 1684 404 1707 non
411 1674 495 1708 inuenire
503 1684 524 1707 se
531 1674 599 1708 diceret
607 1683 686 1716 quonam
694 1674 749 1707 modo
756 1673 775 1708 id

75 1724 145 1767 iaceret,
153 1726 258 1770 respondit:
271 1726 367 1760 ‘Ascende
375 1735 432 1769 super
441 1725 498 1760 altare
508 1725 547 1767 hoc,
556 1730 574 1759 et
582 1731 633 1760 stans
641 1725 692 1759 mitte
700 1736 775 1760 manum

75 1781 127 1819 tuam,
136 1783 153 1813 ct
161 1779 189 1814 ser
196 1790 251 1823 opem
257 1778 360 1814 morituris.¹
378 1777 413 1821 Qui
422 1779 506 1813 continuo
514 1777 632 1823 acquiescens
639 1790 695 1812 manu
702 1785 776 1814 extenta
784 1793 804 1824 30

75 1840 85 1863 a
94 1837 152 1865 morte
162 1843 194 1866 eos
205 1837 223 1866 et
233 1831 333 1876 suspendio
344 1831 433 1866 liberauit.
456 1831 504 1865 Dum
514 1836 599 1865 tractaret
609 1842 672 1866 secum
679 1832 757 1877 vigilans
763 1832 776 1852 ¹¹

76 1883 98 1916 de
108 1885 177 1919 visione
189 1886 228 1926 hac,
238 1889 328 1919 venerunt
340 1886 363 1918 ad
375 1894 417 1918 eum
428 1884 525 1927 presbiteri
533 1889 576 1925 tres,
587 1895 622 1928 pro
633 1885 713 1928 peccatis
724 1884 777 1929 peni-

75 1940 133 1970 tentes
145 1942 163 1971 et
171 1943 272 1981 gementes,
281 1943 298 1971 et
310 1938 333 1971 ab
343 1948 365 1971 eo
375 1941 491 1980 peccatorum
503 1937 576 1970 veniam
588 1942 606 1970 et
617 1937 687 1970 consilii
698 1937 777 1972 sanioris

76 1987 152 2024 sormam
160 1996 268 2036 expetentes
276 1990 393 2035 reportabant
398 1989 416 2025 ¹2.
435 1988 531 2032 Quomodo
539 1994 599 2023 autern
607 1989 633 2024 hii
640 1995 678 2026 tres
686 2000 744 2035 vsque
753 1991 776 2026 ad

76 2045 148 2087 tempus
165 2044 209 2079 illud
223 2046 270 2080 vltra
289 2045 345 2079 altare
360 2044 492 2089 pependerunt,
507 2043 551 2078 dum
570 2042 638 2078 sanctis
657 2054 694 2078 non
713 2050 776 2080 sancte
785 2056 804 2089 35

76 2096 188 2140 assisterent,
195 2098 266 2133 aduerti
274 2098 325 2132 facile
334 2103 368 2131 est.
412 2090 518 2132 Ordinabat
528 2107 561 2130 rex
569 2096 671 2140 Anglorum
683 2097 777 2132 Henricus

76 2148 145 2189 primus
153 2150 285 2193 profectionem
293 2151 312 2185 in
320 2156 383 2193 partes
389 2149 526 2189 transmarinas,
534 2154 552 2182 et
564 2160 606 2182 cum
615 2149 650 2182 boc
661 2150 739 2183 famulus
747 2150 777 2183 dei

76 2201 160 2244 audisset,
172 2203 207 2238 ait:
220 2203 267 2237 ‘lbit
278 2203 358 2247 quidem,
370 2202 403 2235 sed
415 2212 451 2235 non
463 2201 535 2244 redibit,
543 2202 581 2244 sed,
593 2208 612 2235 et
623 2202 639 2235 si
650 2202 730 2245 redierit,
739 2213 777 2237 non

77 2257 193 2291 totustamen
201 2267 235 2292 nec
243 2258 324 2302 integer!
342 2256 451 2290 Nunciatum
460 2260 487 2290 est
495 2255 530 2290 hoc
537 2256 582 2300 regi,
588 2260 605 2290 et
614 2256 659 2290 dure
667 2255 736 2300 accepit
744 2266 778 2291 rex

77 2316 181 2343 sermonem
193 2310 247 2352 hunc,
255 2316 273 2344 et
285 2309 334 2344 misit
345 2311 369 2343 ad
379 2319 421 2343 eum
429 2308 460 2352 qui
468 2315 554 2353 quereret
565 2309 580 2342 si
588 2309 640 2343 verbi
651 2308 705 2343 huius
715 2313 778 2344 auctor
785 2322 806 2354 ⁴⁰

77 2357 115 2401 ipse
129 2361 198 2397 suisset.
221 2363 251 2398 ‘Si
264 2363 307 2405 dixi,
321 2362 350 2406 ait,
363 2373 399 2396 non
412 2372 442 2395 me
454 2361 530 2406 penitet,
542 2360 584 2406 quia
599 2372 622 2396 ex
638 2372 668 2396 me
683 2372 720 2396 non
736 2373 777 2397 sum

96 2446 223 2489 ¹T.complena.
267 2451 465 2490 ²atqueperlom.inT.
508 2450 542 2480 ιΤ.
550 2450 619 2481 calicem.
662 2450 778 2488 ‘E.denique.

77 2484 83 2502 ⁵
93 2486 110 2517 T.
119 2490 198 2520 uulsricus.
226 2491 232 2508 ⁶
242 2501 264 2521 sc.
271 2493 280 2528 J
282 2493 345 2522 ohanna
352 2501 393 2521 uxor
400 2491 471 2521 Durandi
479 2491 499 2521 de
505 2490 570 2527 lllohun,
579 2490 638 2521 domini
646 2490 666 2521 de
673 2489 778 2529 Haselbergia

77 2533 126 2559 soror.
150 2530 318 2569 Bolllllilesquidam.
364 2531 475 2562 'E.v,enim,
512 2530 626 2561 ⁸T.Wlinco.
665 2530 778 2562 vnwunee.

77 2564 89 2582 ¹⁰
99 2567 117 2598 Ε.
124 2578 213 2608 suggerere.
254 2571 266 2589 ¹¹
277 2571 295 2603 E.
302 2571 379 2609 vigilians.
425 2570 439 2590 ¹²
448 2570 480 2601 Vit.
488 2574 504 2601 et
510 2569 611 2609 accipientes.
