1762 2803
88 133 131 186 236
280 127 359 183 mata
375 127 490 191 legana
506 127 598 191 unalia.

87 250 192 293 quantotius
200 250 271 293 fugiens
280 256 433 294 superuenturam
444 251 544 294 piratarum
556 250 625 284 rabiem
636 250 740 292 declinaret,
748 249 788 283 tulit

87 303 137 347 illud,
146 304 247 339 centesimo
261 303 386 339 tertiodecimo
398 314 446 338 anno
458 315 482 339 ex
493 314 529 348 quo
542 304 561 338 in
573 303 695 339 Cuncacestre
710 303 789 337 locatum

88 357 151 399 suerat,
159 358 177 391 in
187 357 266 402 Ripun¹,
273 356 318 401 [vbi]
325 366 359 401 per
364 362 441 401 quatuor
449 367 523 391 menses
531 366 602 391 moram
610 356 670 391 traxit.
690 356 736 391 Cum
744 364 788 391 vero

88 417 172 444 sanctum
180 421 247 454 corpus
254 412 277 443 ad
285 410 366 453 priorem
373 411 434 444 lorum
442 416 562 454 reportarent,
570 415 588 443 et
599 410 636 443 iam
648 411 671 443 ad
683 410 790 443 orientalem

72 464 161 509 5plagam
181 463 272 505 Dunelmi,
288 462 307 496 in
322 463 382 497 locum
397 463 428 507 qui
443 463 560 497 Wardelawe
579 462 649 511 dicitur,
665 462 790 504 deuenissent,

88 517 192 551 vehiculum
206 516 281 550 vlterius
296 516 346 549 nullo
361 516 433 549 moueri
448 521 519 559 poterat
534 515 613 559 ingenio.
647 515 732 557 Precepit
746 525 790 557 ergo

89 567 187 611 episcopus
199 578 264 601 omnes
276 578 310 612 per
318 567 398 601 triduum
410 567 487 611 ieiuniis,
495 567 561 613 vigiliis
573 578 593 601 ac
605 567 691 612 precibus
700 566 791 610 insistere,

89 632 110 654 ac
122 621 152 655 dei
162 621 274 655 voluntatem
286 621 336 654 omni
348 622 434 655 instantia
449 623 515 656 deuote
527 622 625 666 postulare.
649 622 689 664 Quo
700 622 753 662 facto,
762 631 791 655 re-

89 675 169 708 uelatum
182 680 210 707 est
218 674 244 707 eis
252 680 271 708 vt
279 675 297 708 in
307 674 419 708 Dunelmum
429 674 490 716 [illud]
502 675 602 708 transferre
614 673 719 718 ibidemque
731 674 791 707 locum

63 726 218 772 10requiescendi
236 727 326 762 deberent
344 737 449 772 preparare.
478 726 580 772 Episcopus
599 733 660 762 autem
680 727 792 761 Dunelmum

90 781 172 824 veniens,
181 781 242 814 locum
250 781 324 824 quidem
335 786 400 814 natura
411 780 507 821 munitum,
517 782 550 815 sed
562 792 599 815 non
611 781 663 815 facile
675 780 792 815 habitabilem

90 833 167 867 inuenit.
188 833 253 867 Totius
263 843 306 876 crgo
317 833 381 877 populi
392 838 410 867 et
418 833 488 867 comitis
496 832 574 867 Vthredi
583 833 649 867 auxilio
658 839 695 867 tota
703 833 793 877 extirpata

91 886 142 930 silua,
154 885 232 920 ecclesia
244 886 343 929 edificatur,
355 890 372 919 et
384 897 451 930 corpus
463 890 545 920 sanctum
557 887 576 920 in
589 897 611 921 ea
624 886 724 921 honorifice
738 886 793 921 collo-

92 946 148 973 catur.
170 938 188 972 A
200 939 260 983 prima
272 938 326 982 igitur
341 939 453 973 institutione
469 939 518 973 sedis
534 939 682 974 lindisfarnensis
695 950 754 983 vsque
770 939 793 972 ad

66 1007 84 1037 15
93 993 141 1028 hunc
153 1003 227 1034 annum,
239 997 367 1037 computantur
378 993 421 1026 anni
432 992 509 1026 trecenti
520 992 669 1036 sexagintaunus‚
681 998 699 1027 et
711 993 734 1026 ab
745 992 794 1027 obitu

93 1045 151 1078 sancti
160 1045 254 1078 Cuthberti
262 1045 412 1078 trecentinouem.
464 1039 559 1079 Defuncto
566 1056 611 1079 vero
618 1046 693 1079 Alduno
701 1045 793 1088 episcopo,

94 1097 208 1139 Edmundus,
219 1097 247 1131 vir
258 1096 359 1140 religiosus,
371 1098 395 1130 ad
408 1096 533 1141 episcopatum
545 1096 622 1140 eligitur,
634 1108 690 1141 quem
703 1097 794 1141 presbiter

94 1161 135 1185 cum
144 1150 220 1184 diacono
231 1149 266 1183 sibi
278 1150 300 1184 ad
312 1150 369 1184 altare
380 1149 501 1191 ministrante,
509 1149 528 1183 in
538 1150 598 1184 medio
607 1161 681 1192 canone,
689 1161 735 1185 voce
743 1150 795 1194 quasi

94 1204 117 1237 de
125 1204 187 1237 tumba
195 1203 253 1237 sancti
261 1202 323 1247 patris,
332 1209 360 1237 ter
368 1213 410 1236 eum
418 1209 500 1244 vocante,
509 1204 579 1247 prolata
587 1204 694 1247 episcopum
703 1203 795 1247 designari

68 1256 180 1293 zoaudierat.
226 1248 268 1290 Sub
281 1255 316 1289 isto
331 1255 411 1289 antistite
426 1257 512 1290 sacerdos
524 1256 598 1299 quidam
614 1256 688 1291 nomine
704 1255 796 1297 Elfredus,

94 1310 141 1343 bone
146 1308 222 1344 actionis
227 1308 260 1350 vir,
264 1307 325 1342 diuino
331 1308 435 1343 admonitus
442 1308 558 1353 oraculo,per
563 1309 637 1353 antiqua
643 1309 795 1343 monasteriorum

94 1363 134 1396 loca
146 1361 229 1401 cucurrit,
243 1373 286 1395 ossa
298 1368 403 1395 sanctorum
415 1362 438 1394 de
451 1367 502 1394 terra
516 1362 588 1402 leuauit,
601 1362 670 1395 scilicet
683 1362 764 1395 Baltheri
778 1367 796 1394 et

95 1413 166 1447 Bilfridi
181 1413 332 1457 anachoritarum,
347 1412 398 1447 Acce
413 1417 431 1447 et
446 1413 546 1447 Alkmundi
561 1413 695 1458 episcoporum,
711 1418 729 1447 et
748 1412 796 1458 regis

95 1467 171 1510 Oswini,
184 1477 257 1500 necnon
269 1472 287 1500 et
303 1467 355 1500 Ebbe
370 1468 466 1500 abbatisse.
489 1466 518 1500 De
531 1477 608 1510 quorum
623 1467 705 1510 reliquiis
717 1467 796 1510 aliquam

69 1535 87 1565 25
96 1525 172 1563 partem,
181 1529 222 1553 cum
234 1529 310 1564 corpore
322 1519 380 1553 sancti
388 1519 484 1553 Cuthberti
495 1519 566 1553 locauit.
588 1519 637 1554 Ossa
648 1530 720 1564 quoque
729 1518 797 1561 Eoisili,

97 1573 155 1607 sancti
163 1573 257 1607 Cuthberti
265 1572 352 1616 magistri,
360 1572 379 1606 in
387 1572 470 1616 discipuli
478 1573 574 1606 ecclesiam
581 1573 678 1607 transtulit.
694 1574 773 1616 Insuper
780 1578 798 1607 et

97 1637 140 1659 ossa
151 1625 260 1660 venerabilis
273 1625 323 1659 Bede
335 1624 437 1669 presbiteri,
449 1625 498 1668 apud
511 1624 579 1659 Giriuin
591 1625 683 1666 tumulata,
690 1636 749 1668 vsque
761 1626 797 1660 Du·

98 1679 180 1712 nelmum
188 1678 283 1713 transtulit,
327 1671 424 1722 Tempore
434 1684 494 1712 autem
505 1677 584 1721 Egelrici
592 1678 678 1721 episcopi,
687 1678 798 1712 successoris

99 1731 197 1773 Edmundi,
212 1731 302 1775 presbiter
316 1731 390 1775 quidam
404 1731 457 1765 vxori
472 1731 571 1774 copulatus,
586 1731 679 1775 indignam
699 1731 799 1766 sacerdotis

71 1799 91 1827 30
99 1784 159 1818 officio
167 1784 222 1818 vitam
231 1785 312 1817 ducebat.
336 1784 419 1824 Quadam
429 1784 458 1817 die
469 1794 511 1817 cum
523 1795 533 1816 a
544 1783 606 1817 multis
618 1784 694 1817 missam
706 1784 741 1817 illis
753 1785 799 1818 eele-

99 1837 153 1870 brare
165 1841 264 1879 rogaretur,
272 1840 290 1869 et
301 1835 336 1879 ille,
344 1841 407 1880 vtpote
418 1836 449 1880 qui
460 1836 501 1880 ipsa
513 1841 566 1870 nocte
577 1847 619 1870 curn
628 1847 685 1870 vxore
696 1836 799 1880 dormierat,

98 1889 117 1923 id
132 1900 153 1923 se
167 1888 257 1923 facturum
273 1895 353 1932 negaret,
368 1890 442 1922 tandem
458 1888 521 1923 multis
536 1888 621 1933 precibus
636 1889 726 1933 fatigatus,
741 1889 800 1932 magis

99 1942 179 1977 humana
189 1941 301 1977 verecundia
313 1952 369 1986 quarn
381 1942 448 1976 timore
462 1941 525 1976 diuino
539 1942 603 1984 victus,
616 1941 692 1977 missam
707 1942 800 1977 celebrare

99 1996 153 2040 cepit.
183 1995 235 2029 Hora
250 2006 295 2029 vero
310 2006 346 2039 qua
361 2001 477 2030 sacrosancta
493 1995 576 2030 misteria
593 2006 667 2030 sumere
686 1996 766 2038 deberet,
781 1996 800 2030 in

72 2063 90 2093 35
99 2049 174 2083 calicem
190 2048 286 2092 aspiciens,
300 2048 407 2092 particulam
419 2048 505 2082 dominici
517 2048 599 2092 corporis
614 2048 633 2083 in
649 2049 703 2084 calice
719 2049 801 2092 missam,

99 2101 118 2135 in
130 2100 243 2136 teterrimam
256 2101 337 2145 speciem
350 2112 391 2136 cum
406 2102 495 2144 sanguine
507 2102 551 2135 vidit
564 2107 699 2145 commutatam,
712 2107 731 2136 vt
743 2102 801 2145 magis

100 2155 146 2199 picis
162 2154 242 2190 colorem
254 2164 309 2198 quam
318 2153 372 2199 panis
387 2159 405 2189 et
418 2154 456 2189 vini
469 2155 537 2189 habere
547 2154 645 2189 videretur.
668 2155 719 2189 Illico
731 2161 801 2189 reatum

100 2208 210 2251 intelligens,
219 2207 293 2250 pallere,
302 2212 320 2241 et
327 2207 379 2250 quasi
387 2207 423 2241 iam
431 2207 511 2242 flammis
519 2209 619 2242 tradendus
626 2208 725 2249 ultricibus,
733 2219 802 2251 pauere

101 2261 178 2296 nimium
186 2259 240 2303 cepit.
256 2259 371 2293 Exhorrebat
379 2270 452 2303 quoque
461 2259 504 2294 illud
512 2260 562 2294 velut
570 2270 622 2294 suam
631 2265 709 2294 mortem
718 2271 802 2295 sumere:

73 2329 92 2357 40
101 2315 173 2349 volebat
180 2312 199 2346 in
207 2319 275 2347 terram
283 2312 366 2354 fundere,
374 2314 412 2355 sed,
421 2313 507 2356 quoniam
515 2318 642 2348 consecratum
650 2318 693 2355 erat,
700 2313 734 2346 hoc
742 2313 803 2348 facere

101 2368 198 2401 metuebat.
215 2365 299 2399 Tandem
307 2376 374 2408 magno
382 2377 423 2399 cum
431 2371 511 2399 tremore
521 2377 542 2399 ac
553 2366 649 2399 formidine
659 2365 703 2398 illud
713 2366 802 2409 sumpsit;

102 2421 135 2453 sed
143 2423 193 2452 tante
201 2417 326 2451 amaritudinis
334 2417 367 2451 fuit
374 2422 393 2451 vt
401 2417 426 2451 nil
437 2419 459 2451 ad
469 2419 579 2462 gustandum
590 2416 670 2451 amarius
682 2426 724 2450 esse
735 2423 803 2461 posset.

104 2471 179 2505 Peracta
201 2475 261 2504 autem
279 2470 341 2513 missa,
356 2472 379 2504 ad
395 2471 503 2515 episcopum
521 2471 615 2510 festinans,
631 2469 707 2513 eiusque
726 2471 804 2514 pedibus

104 2528 211 2568 prostratus,
230 2524 256 2557 rei
274 2524 358 2558 ordinem
377 2524 474 2564 enarrant,
493 2529 512 2557 et
529 2523 597 2557 indicta
615 2522 721 2567 penitentia,
740 2534 804 2558 secun·

406 2587 412 2605 ¹
422 2587 439 2617 E.
449 2587 499 2626 n'pim.
