1762 2803
129 168 170 210 128
213 124 215 127 ’
317 166 397 218 aaut
412 163 529 225 aecana
544 162 637 225 anate.

127 287 230 331 precipitet.
260 286 280 320 Si
299 297 343 330 ergo
362 291 427 330 gentes
446 287 501 320 deum
519 287 625 330 ignorantes
644 286 704 320 zelum
723 286 833 321 castimonie

127 341 200 384 habent,
214 339 256 384 quid
273 339 305 374 tibi
322 339 413 381 conuenit,
429 339 455 373 fili
470 340 583 382 charissime,
598 339 629 383 qui
644 339 753 374 christianus
771 351 796 381 es,
813 345 831 374 et

127 398 172 429 rex?
196 395 252 428 Parce
260 404 304 436 ergo
312 393 372 426 anime
381 398 417 434 tue,
425 403 481 436 parce
490 393 600 428 multitudini
606 393 674 437 populi,
680 393 718 427 tui¹
726 393 832 437 pereuntis²

127 449 218 491 exemplo,
230 447 253 479 de
264 456 341 489 quornm
353 446 449 479 animabus
460 447 549 480 rationem
563 446 667 480 redditurus
684 457 710 480 es.
738 446 832 490 Recogita,

110 511 191 544 squeso,
210 510 264 543 quam
283 498 383 532 terribilem
401 498 499 533 vindictam
518 501 564 534 deus
582 499 601 532 in
620 499 759 533 antecessoresB
777 510 831 542 reges

128 552 213 593 exercuit,
223 550 262 583 eius
274 551 327 593 culpe
338 561 393 593 quam
404 550 423 583 in
432 556 451 584 te
460 552 553 594 arguimus
562 552 651 585 conscios.
674 552 722 585 Nam
734 551 832 585 Colredum

128 605 280 647 predecessorem
293 607 350 642 tuum,
364 607 487 645 stupratorem
505 603 675 646 sanctimonialium,
686 609 705 637 et
722 603 831 637 ecclesiasti-

128 667 190 689 corum
209 654 358 700 priuilegiorum⁴
377 655 479 698 fractorem,
499 655 596 699 splendide
615 667 656 690 cum
677 656 715 691 suis
737 656 833 691 comitibus

127 710 232 753 epulantem
244 707 319 751 spiritus
330 707 407 751 arripuit
418 708 515 752 malignus,
526 715 544 743 et
555 708 596 742 sine
607 709 723 744 confessione
733 714 752 743 et
761 709 832 751 viatico,

101 773 120 792 ro
128 773 169 795 cum
181 761 259 805 dyabolo
271 760 400 794 sermocinanti
412 765 431 793 et
442 761 502 803 legem
514 762 543 795 dei
553 761 651 795 detestanti
661 762 741 795 animam
751 762 833 796 extorsit.

128 814 221 848 Osredum
231 824 303 856 quoque
313 823 376 856 regern
387 812 485 847 Deirorum
497 819 515 847 et
527 813 658 854 Berniciorum,
669 815 769 848 earundem
781 825 833 849 reum

128 868 227 910 culparum,
238 865 263 898 ita
275 866 364 899 effrenem
375 865 417 910 egit,
428 871 448 899 vt
459 876 537 910 regnum
553 871 572 900 et
589 866 688 900 iuuenilem
706 873 773 901 etatem
790 878 833 901 con-

128 919 224 963 temptibili
236 923 294 951 morte
305 918 400 952 amitteret.
428 918 547 953 Obtestamur
558 924 576 952 et
587 920 705 954 obsecramus
716 925 735 954 te
745 925 765 954 vt
774 930 833 954 recor-

129 973 179 1007 deris
190 983 245 1017 quam
256 971 331 1015 fugitiua
346 972 369 1005 sit
384 983 462 1015 presens
479 972 521 1015 vita,
537 979 555 1007 et
572 973 667 1007 delectatio
684 984 751 1016 spurce
768 973 833 1014 carnis,

103 1036 121 1065 15
129 1037 163 1069 per
178 1035 232 1069 quam
244 1024 302 1057 eterni
314 1025 403 1058 cruciatus
415 1030 510 1066 emuntur3
529 1031 547 1058 et
558 1035 613 1067 quam
624 1025 765 1069 ignominiosum
778 1026 800 1059 sit
815 1032 834 1060 vt

129 1079 191 1113 breuis
203 1078 239 1113 vite
254 1077 308 1110 huius
321 1077 369 1111 mala
384 1077 470 1120 exempla
482 1077 618 1122 imperpetuum
634 1078 713 1121 posteris
730 1077 833 1122 relinquas?

130 1124 162 1165 Ex
183 1131 212 1165 his
233 1130 322 1173 perpendi
341 1134 402 1173 potest
419 1130 472 1163 huius
491 1131 539 1164 beati
557 1131 590 1163 viri
609 1131 706 1173 prudentia
723 1135 740 1165 et
759 1128 834 1165 libertas

129 1183 204 1227 spiritus
224 1183 243 1216 in
264 1187 339 1225 peccata
359 1192 424 1225 regum
442 1187 460 1215 et
477 1182 580 1226 principum
597 1183 669 1226 publice
686 1184 784 1227 arguendo,
801 1194 835 1227 per

129 1248 183 1280 quam
203 1246 244 1270 cum
263 1234 355 1278 presentis
373 1235 410 1269 vite
429 1235 549 1269 sanctimonia
567 1236 590 1268 ad
609 1236 685 1279 gloriam
706 1242 724 1270 et
747 1247 833 1271 coronam

102 1299 121 1320 20
129 1287 300 1332 martyriifelieiter
308 1287 399 1330 peruenit.
423 1287 542 1320 Ethelbaldus
553 1292 614 1321 autem
626 1298 660 1321 rex
670 1289 786 1331 Merciorum,
796 1290 834 1323 suis

129 1342 244 1385 exigentibus
259 1339 345 1383 peccatis,
363 1350 373 1373 a
390 1339 485 1373 Bornredo
500 1345 579 1383 tyranno
595 1340 630 1374 cito
647 1341 738 1383 occiditur,
751 1346 769 1375 et
786 1343 834 1386 apud

129 1392 257 1438 Rependoun⁵
272 1393 365 1435 sepelitur.
415 1385 469 1425 ³Hic
484 1404 557 1436 quoque
573 1399 647 1427 sanctus
659 1394 762 1427 Bonisacius
774 1396 835 1428 nobile

129 1445 260 1480 monasterium
275 1445 365 1487 fuldense,
378 1450 397 1478 vt
412 1445 528 1488 premittitur,
543 1445 594 1479 iuxta
609 1445 737 1489 Magunciam⁷
750 1447 769 1479 in
784 1447 835 1480 Thu-

129 1499 188 1543 ringia
200 1497 307 1537 construxit,
319 1497 337 1530 in
350 1508 385 1540 quo
398 1496 445 1530 circa
460 1508 528 1531 annum
541 1498 610 1531 domini
621 1498 740 1532 millesimum
750 1499 834 1533 ‘centesi-

103 1562 121 1591 ²5
130 1555 266 1595 mumquartum
277 1549 313 1583 tale
324 1549 428 1593 prodigium
440 1550 519 1593 contigit.
542 1550 627 1583 Exicialis
639 1550 688 1584 enim
700 1551 740 1584 lues
752 1557 835 1594 grassata

129 1605 181 1648 prius
193 1604 278 1638 abbatem
289 1601 380 1646 corripuit,
392 1607 410 1635 et
422 1612 465 1635 mox
475 1603 542 1636 multos
552 1603 651 1637 monachos
662 1603 744 1637 extinxit.
767 1604 835 1648 Super-

130 1658 182 1691 stites
193 1663 236 1691 tunc
248 1656 307 1698 primo
319 1655 354 1688 sibi
365 1655 443 1698 quique⁸
454 1656 552 1698 prouidere
557 1656 568 1696 ⁰,
576 1655 668 1689 orationes
674 1656 687 1675 ¹⁰
697 1662 715 1690 et
725 1656 835 1691 elemosinas

130 1710 219 1752 largiores
236 1707 296 1740 facere
312 1712 406 1750 ceperunt,
424 1708 457 1740 sed
473 1718 562 1750 processu
577 1708 672 1751 temporis,
687 1714 707 1742 vt
725 1713 753 1743 est
771 1714 835 1744 natura

130 1762 217 1803 omniurn,
236 1759 349 1804 pedetentim
356 1760 369 1779 ¹¹
387 1765 436 1793 metu
458 1761 600 1804 dempto-bona
619 1761 713 1805 omittere3
737 1763 835 1805 presertim

103 1825 123 1854 30
131 1815 229 1848 celerarius
235 1813 253 1854 ¹²,
269 1813 299 1856 qui
315 1813 376 1856 palam
398 1813 500 1846 clamitabat
519 1824 555 1846 non
571 1823 626 1856 posse
641 1825 690 1858 penu
707 1819 733 1848 tot
749 1816 836 1859 expensis

130 1868 226 1908 sufficere3
242 1876 328 1909 sperasse
340 1877 361 1899 se
372 1876 447 1908 semper
458 1866 531 1909 aliquod
544 1866 692 1909 alleuiamentum
707 1878 741 1910 pro
757 1873 783 1901 tot
799 1869 836 1902 ela-

129 1921 208 1954 tionibus
221 1918 318 1960 funerum;
330 1918 386 1952 nichil
397 1918 444 1952 vltra
455 1918 495 1962 spei
507 1929 553 1960 esse,
567 1919 582 1952 si
594 1920 643 1962 quod
648 1918 661 1938 ¹³
673 1919 710 1954 viui
722 1920 835 1962 nequissent,

130 1974 196 2006 mortui
206 1976 340 2006 consumerent.
363 1971 427 2013 ltaque
439 1982 481 2004 curn
493 1972 572 2014 quadam
583 1975 636 2004 nocte
645 1977 722 2015 propter
731 1973 836 2006 necessaria

118 2026 161 2059 ‚diu
173 2033 260 2069 soporem
272 2023 378 2065 distulisset,
390 2024 464 2056 tandem
476 2023 495 2056 in
506 2023 633 2057 dormitorium
644 2025 737 2068 pergebat.
761 2024 783 2058 Et
793 2036 836 2060 ecce

103 2078 192 2118 afividit¹⁴
209 2077 227 2111 in
245 2076 323 2119 capitulo
340 2077 425 2110 abbatem
441 2081 459 2109 et
475 2086 540 2110 omnes
557 2076 588 2120 qui
604 2076 687 2111 obierant
702 2077 733 2111 illo
748 2087 802 2120 anno,
814 2089 836 2112 eo

130 2142 166 2174 quo
180 2132 298 2164 decesserant
311 2129 375 2162 ordine
389 2130 460 2162 sedere.
483 2129 506 2162 Et
519 2134 607 2171 tremens,
620 2140 641 2163 ac
653 2130 735 2173 effugere
748 2132 836 2173 gestiens,

130 2183 148 2217 vi
163 2187 252 2217 retractus
267 2186 301 2223 est,
313 2186 399 2214 etmore
415 2183 516 2215 monastico
533 2181 640 2225 flagellatus.
671 2182 747 2216 Audiuit
766 2183 836 2217 abbatis
878 2216 880 2219 .

130 2236 186 2271 verba
205 2236 224 2269 in
243 2234 290 2268 hanc
310 2234 420 2268 sententiam
436 2234 554 2278 prorupisse:
574 2234 665 2268 ‘Stultum
683 2241 711 2269 est
724 2235 747 2269 de
762 2235 836 2271 alterius

131 2294 190 2323 morte
201 2287 325 2323 emolumento
339 2286 415 2328 inhiare,
427 2297 469 2320 curn
482 2298 523 2321 sors
532 2287 621 2330 cuiusque
634 2288 668 2321 sub
682 2289 747 2321 eodem
757 2290 837 2331 pendeat

104 2342 173 2381 4olato.
196 2341 312 2384 lmpiumque
331 2339 384 2382 est¹⁵,
399 2350 441 2372 cum
460 2340 561 2374 monachus
579 2350 654 2373 omnem
672 2340 728 2374 vitam
747 2351 800 2376 suam
818 2341 837 2376 in

132 2395 209 2428 ecclesie
228 2392 342 2435 consumpsit
360 2393 453 2434 obsequio,
469 2397 489 2425 vt
506 2397 567 2426 careat
583 2393 648 2425 saltem
666 2393 720 2426 vnius
739 2394 782 2426 anni
795 2400 837 2437 post

132 2452 209 2479 mortem
228 2443 325 2487 stipendio.
355 2444 405 2477 Scito
424 2455 468 2487 ergo
483 2449 501 2477 te
516 2443 604 2478 citissime
619 2445 720 2479 obiturum:
740 2446 773 2479 sed
789 2447 837 2490 quic·

152 2503 251 2534 ¹Vlnc.tuo.
271 2503 306 2533 zE.
313 2508 403 2540 pereuntes.
425 2502 583 2533 ³Vinc.anteriores.
607 2500 775 2540 ⁴E.preuilegiorum.
800 2504 835 2536 ᾖΕ.

133 2544 220 2580 repodoun.
250 2541 256 2559 ⁶
267 2542 292 2572 On
299 2543 326 2571 the
334 2543 394 2579 margin
401 2543 417 2571 in
425 2543 442 2572 T.
449 2553 452 2572 :
462 2542 557 2572 Vincencius
564 2542 580 2570 in
588 2542 657 2578 speculo.
677 2543 750 2573 Cf.Vinc.
756 2554 793 2581 xxv,
803 2554 836 2581 1⁰7·

133 2582 270 2619 txmagonciam.
299 2582 514 2619 ⁸E.quinque;V.quisque.
541 2580 572 2609 ⁹V.
581 2581 640 2609 timere.
668 2580 772 2613 ¹⁰T.01nnes.
801 2583 837 2614 υΤ.

132 2622 234 2660 pedetimtim.
259 2619 299 2650 12Ε.
312 2621 381 2651 celarius.
410 2620 574 2658 ¹³T,E.sedsiquid.
601 2619 697 2653 l*lbvidet
725 2621 837 2654 ¹⁵T.E.esse.
