1762 2803
101 111 104 120 ’
128 121 172 186 '190
228 202 229 205 Ἴ
319 128 399 181 atoue
413 125 529 189 tremus
545 126 639 190 anglie.

128 250 214 293 clauiger,
222 250 273 283 cuius
284 250 366 291 potentia
376 248 483 283 liberabaris
489 249 500 290 ¹,
509 248 556 282 sicut
564 248 597 282 tibi
605 248 683 290 videtur,
693 249 715 282 de
725 250 783 285 beluis
793 258 829 288 tam

128 301 189 335 efferis
200 306 218 335 et
229 301 330 343 voracibus,
338 301 404 335 ianitor
414 306 443 335 est
452 306 470 334 et
481 302 567 345 princeps
578 302 630 343 regni
639 301 719 341 celestis,
727 307 745 336 et
754 303 773 336 in
783 308 831 340 terra

129 354 197 389 Christi
209 354 304 388 saluatoris
318 355 382 388 mundi
396 354 480 388 vicarius.
504 355 565 388 Clauis
581 354 630 387 enim
645 365 701 387 aurea
715 356 788 389 celestis
803 365 831 393 est

128 407 210 453 potentia
224 418 259 451 qua
273 406 357 451 quicquid
371 407 412 451 ipse
425 407 468 451 ligat
480 407 550 451 ligatur,
562 407 647 452 quicquid
660 407 725 441 liberat
740 400 831 447 liberatur.

111 472 119 500 5
129 461 162 495 Cui
172 466 191 495 tu
203 462 277 494 domum
288 460 381 494 edificabis
393 460 412 494 in
425 471 482 504 regno
492 466 523 494 tuo
533 462 556 494 ad
567 462 648 504 agendas
660 461 724 495 laudes
736 467 753 495 et
765 464 831 505 gratias

129 515 158 548 die
171 519 259 557 nocteque
272 514 312 557 regi
325 524 412 557 superno,
426 513 445 547 in
457 524 513 557 quem
525 519 545 547 tu
558 514 612 548 corde
630 515 714 557 credens,
730 526 785 559 quem
800 529 831 552 ore

128 567 223 605 confitens,
235 566 286 600 cuius
298 578 371 609 quoque
382 567 468 609 baptismi
479 573 551 601 vestem
562 567 646 609 induens,
658 578 700 601 cum
711 567 748 601 vite
759 571 831 611 gentilis

128 618 246 653 demoniacos
259 618 373 652 abdicaueris
385 618 436 661 ritus,
449 624 467 652 et
482 619 571 663 ydolatrie
586 619 693 663 prophanos
708 619 832 657 abiurauerts²

128 672 284 717 cultus,³superni
292 672 345 717 regni
353 672 428 706 sedibus
437 672 554 717 merelbe]ris
560 672 600 706 fieri
610 672 692 706 idoneus.
715 672 772 707 Cuius
780 676 831 720 regni

102 739 120 760 ro
128 727 215 769 frequens
224 730 241 758 et
249 726 302 759 beata
309 725 374 768 leticia,
383 726 464 761 defectus
473 731 491 760 et
501 726 565 760 mortis
574 731 602 760 est
614 727 686 769 nescia;
698 726 750 761 cuius
759 732 778 761 tu
789 729 831 764 felix

129 785 146 814 et
158 778 245 823 perennis
257 779 312 813 heres
324 778 365 820 eris,
374 790 415 813 cum
427 780 527 812 decanum
540 779 624 813 dentibus
635 779 723 813 liberatus
732 779 789 814 fueris
799 793 832 826 per

129 831 265 876 susceptionem
277 837 339 866 sancte
351 832 393 866 fidei
403 832 452 866 beati
463 832 512 866 Petri
522 832 624 866 liberatoris
634 831 665 874 tui,
674 833 705 876 qui
715 833 831 870 confessione

130 885 199 918 Christi
209 884 242 917 filii
253 885 283 918 dei
293 885 331 917 viui
342 885 404 918 claues
414 885 481 918 meruit
491 890 509 918 et
520 885 642 928 principatum
653 885 742 927 paradisi.¹
766 886 807 921 Hiis
815 895 832 921 et

130 936 242 972 multimodis
260 936 303 971 fidei
319 936 427 971 rudimentis
445 936 533 971 Edfridus
550 937 589 981 regi
608 937 700 972 Christum
718 945 831 982 preconator,

104 1001 121 1032 15
131 990 203 1025 Christo
219 1001 282 1034 regem
295 989 405 1024 conformari
417 990 534 1033 preconando
548 994 628 1024 conatur.
651 989 723 1032 Quibus
736 990 832 1035 diligenter

130 1042 200 1086 auditis,
209 1042 233 1077 ait
245 1054 287 1077 rex:
300 1043 401 1087 ‘Quicquid
413 1047 444 1076 tua
455 1053 485 1076 me
497 1043 595 1077 christiana
607 1044 689 1077 docuerit
700 1044 783 1087 eruditio,
791 1056 832 1082 mea

130 1102 204 1141 paratur
219 1096 312 1141 suscipere
327 1097 394 1130 deuota
408 1095 502 1139 subiectio,
518 1097 603 1140 quatinus
619 1097 698 1131 euadere
714 1108 779 1141 queam
795 1105 831 1133 tam

130 1149 221 1184 horribilis
233 1149 291 1184 bestie
303 1149 381 1183 laniatus
392 1155 410 1183 et
419 1149 486 1183 rictus)
509 1149 574 1183 Statim
586 1160 619 1183 rex
631 1150 693 1184 cinere
703 1161 815 1195 conspersus
821 1153 831 1195 ⁴,

130 1202 187 1237 cilicio
199 1202 285 1243 induitur,
299 1202 353 1243 dolet,
366 1202 423 1246 gemit
436 1207 454 1235 et
469 1206 517 1236 totus
532 1202 551 1236 in
566 1203 685 1246 penitentiam
700 1205 832 1248 compungitur,

103 1269 123 1289 20
131 1256 188 1290 sancti
199 1255 278 1299 pedibus
289 1254 397 1297 aduoluitur‚
407 1254 536 1299 paganismum
545 1257 650 1297 detestatur,
659 1261 677 1289 et
686 1256 753 1290 cultum
766 1257 832 1291 Christi

131 1310 219 1354 profitens
235 1308 341 1352 baptizatur.
365 1308 404 1342 Iam
421 1319 466 1343 vero
481 1308 539 1343 lustra
553 1307 582 1343 bis
597 1318 642 1343 sena
657 1308 755 1353 sexiesque
769 1308 832 1345 vicena

131 1366 227 1407 peregerat
242 1372 306 1395 cursus
321 1361 412 1394 dominice
427 1361 561 1403 incarnationis¹
577 1362 650 1405 quando
669 1362 781 1396 Merwaldus
800 1374 832 1396 rex

131 1414 241 1448 Merciorum
253 1424 264 1447 a
275 1417 337 1446 sancto
349 1412 451 1455 presbitero
464 1411 538 1446 Edfrido
550 1411 661 1456 baptismum
672 1418 691 1447 et
702 1413 745 1447 fidei
757 1414 832 1457 gratiam

131 1466 216 1510 suscepit,
228 1466 262 1501 hoc
274 1470 302 1499 est
314 1476 362 1499 anno
374 1465 431 1509 gratie
443 1465 578 1499 sexcentesimo
591 1466 713 1509 sexagesimo.
741 1466 788 1500 Ecce
800 1477 832 1501 rex

104 1532 123 1562 ²5
132 1520 221 1553 hactenus
228 1524 247 1551 vt
256 1519 284 1550 leo
292 1518 414 1561 prefiguratus
422 1517 475 1550 leone
483 1517 568 1560 superius
576 1523 683 1558 memorato,
691 1518 727 1551 iam
736 1530 772 1551 non
781 1518 832 1552 ferox

132 1577 150 1607 vt
158 1572 192 1613 leo,
201 1571 234 1605 sed
242 1570 303 1604 mitior
310 1581 363 1614 agno,
371 1571 439 1604 erroris
447 1569 475 1603 sui
483 1571 506 1604 de
514 1570 554 1603 luco
562 1582 583 1603 se
591 1581 642 1604 reum
652 1570 725 1604 fatendo
735 1571 808 1616 prodiit,
816 1577 833 1604 et

132 1623 213 1659 veritatis
223 1623 285 1665 fidem,
293 1624 329 1656 vite
339 1632 406 1666 panem
417 1624 439 1655 ab
450 1622 489 1655 eius
500 1623 578 1656 conuiua
587 1628 605 1656 et
616 1624 653 1657 vite
664 1625 737 1658 doctore
749 1624 833 1668 suscepit.

134 1671 220 1712 Fundata
230 1682 290 1710 autem
300 1677 319 1709 in
327 1676 397 1709 honore
406 1675 464 1709 sancti
475 1675 524 1709 Petri
534 1676 611 1710 ecclesia
619 1677 674 1710 rebus
684 1681 701 1710 et
712 1677 833 1720 possessioni-

132 1733 167 1764 bus
180 1730 276 1773 opulenter
288 1730 361 1770 ditatur,
374 1734 392 1761 et
407 1729 471 1762 beatus
487 1728 573 1763 Edsridus
588 1728 614 1763 illi
629 1729 728 1772 preficitur.
750 1730 833 1763 Tandem

105 1796 125 1826 50
133 1782 244 1816 Merwaldus
259 1786 277 1814 et
292 1780 402 1823 Dompneua
417 1785 479 1812 mutuo
490 1791 582 1813 consensu
595 1780 614 1813 in
626 1782 708 1814 castitate
718 1782 755 1814 vite
767 1781 833 1815 finem⁶

133 1836 228 1870 dederunt.
252 1834 361 1877 Dompneua
373 1838 433 1866 autem
445 1832 464 1866 in
478 1833 561 1867 Thaneto
573 1833 637 1875 insula,
648 1834 723 1868 fundato
735 1836 753 1868 in
765 1835 834 1868 honore

133 1891 185 1922 beate
201 1887 259 1920 Marie
274 1886 391 1927 monasterio,
406 1886 487 1928 virgines
502 1886 623 1929 congregauit,
639 1892 657 1920 et
675 1887 711 1921 illis
730 1887 833 1930 exemplum

132 1941 187 1977 totius
195 1939 294 1975 sanctitatis
302 1940 382 1985 prebens
393 1939 469 1983 prefuit;
481 1939 509 1973 cui
520 1939 557 1974 filia
567 1950 600 1974 sua
609 1939 699 1975 Mildreda
709 1951 751 1975 cum
762 1945 834 1984 septua-

132 1997 181 2040 ginta
195 1993 297 2038 virginibus
311 1993 351 2029 vice
366 1998 450 2028 materna
464 1992 541 2028 feliciter
552 1993 697 2029 successit—⁰
707 1986 767 2030 Beata
781 1993 835 2039 igitur

106 2061 124 2091 35
134 2049 229 2091 Milburga,
242 2047 287 2081 sicut
299 2046 338 2081 suis
351 2045 497 2090 progenitoribus
510 2046 546 2090 piis
560 2046 672 2082 Merwald0⁷
685 2052 703 2081 et
719 2047 833 2091 Dompneue,

134 2101 244 2135 Merciorum
256 2100 340 2138 dominis,
351 2099 383 2132 lux
394 2098 516 2142 primogenita
527 2099 590 2141 extitit,
599 2101 625 2133 sic
637 2100 656 2132 in
667 2111 724 2143 regno
736 2105 833 2144 parentum

133 2155 168 2187 deo
176 2152 251 2186 sacratis
258 2151 360 2194 virginibus
367 2150 463 2194 viduisque
470 2151 508 2185 dux
513 2151 617 2194 primiceria
622 2151 659 2186 vite
666 2152 739 2187 celestis
745 2151 834 2195 prefulsit.

134 2206 244 2240 Constructo
252 2203 328 2238 enimin
337 2203 376 2236 loco
388 2202 419 2246 qui
430 2202 542 2237 Wimnicas⁸
550 2204 648 2247 antiquitus
659 2205 753 2239 dicebatur
763 2212 834 2238 monas·

134 2258 197 2302 teriol,
210 2258 271 2302 (modo
286 2256 334 2291 dicto
349 2256 463 2300 wentoket)
475 2256 575 2301 virginibus
590 2257 704 2302 congregatis
716 2256 784 2303 prefuit
796 2256 835 2301 ipsa

106 2325 126 2353 4⁰
134 2318 194 2347 mater
209 2317 227 2345 et
241 2312 278 2345 vite
293 2310 382 2354 regularis
397 2310 489 2354 magistra.
519 2311 549 2345 Ab
565 2311 640 2346 ineunte
658 2312 707 2346 enim
723 2318 771 2346 etate
786 2308 835 2351 omni

134 2365 194 2401 studio
206 2365 241 2399 deo
252 2362 323 2398 seruire
336 2362 410 2405 curauit,
423 2368 441 2397 et
451 2369 526 2398 ornatus
537 2366 581 2407 eius,
593 2370 656 2409 preter
665 2366 712 2410 quod
723 2370 761 2399 erat
771 2362 835 2397 intrin-

154 2471 160 2488 ²
170 2470 187 2501 T.
195 2469 270 2499 liberaris.
365 2468 372 2484 ²
382 2468 400 2497 Ε,
409 2468 510 2498 adiuraueris.
606 2469 612 2485 ³
622 2469 640 2498 T.
648 2469 666 2498 E.
673 2474 690 2498 vt
697 2478 721 2498 s..
730 2490 734 2498 .
742 2490 745 2497 .
753 2465 832 2496 merearis.

134 2511 140 2529 t
151 2511 168 2540 T.
177 2510 194 2541 E.
203 2516 303 2548 consparsust
377 2508 383 2525 ⁵
393 2507 411 2537 Ε.
419 2508 455 2538 line.
533 2507 539 2523 ⁵
550 2509 596 2537 From
603 2508 643 2537 here
649 2509 666 2537 in
673 2509 692 2538 Α.
701 2508 730 2539 SS.
738 2507 780 2537 Boll.
788 2506 831 2535 Febr.

134 2551 229 2622 9113.ἱὲξρ
300 2547 306 2566 ⁷
318 2547 335 2579 E.
343 2548 431 2579 melwaldo.
502 2547 507 2565 ⁶
518 2557 536 2578 so
543 2548 571 2586 T.;
583 2549 601 2578 Ε.
607 2548 703 2586 wimmicas;
714 2548 731 2579 L.
740 2546 831 2586 wynwicns·
