1762 2803
82 103 184 188 '588'
303 146 304 149 =
391 123 515 183 annunti
532 126 563 170 11.

128 253 154 281 est
172 253 230 281 autem
248 258 287 281 cum
304 257 325 280 eo
344 257 401 280 comes
419 246 464 280 illius
478 246 577 279 indiuiduus
597 246 710 279 Hunberthus
726 246 827 285 elmanensis

128 297 206 339 antistes,
218 298 247 340 qui
257 298 322 330 eumin
334 297 381 339 regni
390 297 478 339 fastigium
491 297 618 338 sublimauerat,
631 303 647 329 et
661 296 758 329 constancia
770 297 827 334 inuicti

128 348 173 390 regis
188 349 210 381 ad
225 348 320 381 martirium
334 348 425 390 animatus,
440 359 480 381 cum
497 348 535 391 ipso
554 347 602 390 regni
617 347 684 381 celestis
700 357 789 390 possessor
803 358 827 385 est

127 398 204 431 effectus.

155 476 169 513 ii
178 478 209 510 DE
216 485 348 511 ABSCONSIONE
356 485 380 510 ET
388 485 511 512 INUENCIONE
519 485 591 512 CAPITlS
599 485 667 511 SANCTI
676 477 772 510 EDMUNDI
780 486 805 512 ET

143 536 289 562 CONIUNCCIONE
301 537 363 562 ILLIUS
374 537 401 562 nt>
413 537 492 571 CORPUS,
504 538 529 562 ET
540 537 566 562 DE
576 536 689 562 SEPULTURA
700 536 815 568 VTRIUSQUE.

113 617 122 647 5
151 619 199 652 Ab„
206 620 278 653 Floria,
351 599 384 632 Ani
397 600 447 641 igitur
459 610 520 641 corpus
532 598 587 632 sancti
599 598 673 631 martiris
687 598 712 631 ita
723 604 802 632 truncum
813 607 829 634 et

277 644 281 653 ’
373 650 436 682 aculeis
443 650 527 681 hirsutum
534 654 551 681 et
558 648 644 691 hispidum
649 648 769 691 relinquentes,
776 652 830 692 capud

131 700 167 732 eius
173 699 301 732 sanctissimum
308 700 325 732 in
332 699 393 732 siluam
398 699 477 740 vicinam,
483 699 510 731 cui
518 708 581 731 nomen
589 704 615 730 est
621 698 726 741 Heylesdun,
732 699 830 734 recedentes

131 755 267 792 asportauerunt,
278 761 299 783 ac
309 749 353 783 inter
364 749 419 782 densa
427 749 504 792 veprium
514 749 585 782 frutecta
595 748 662 790 longius
672 748 767 791 proiectum
777 752 830 783 occul·

131 806 223 840 tauerunt;
234 800 252 833 id
263 801 309 834 omni
321 800 414 842 sagacitate
425 801 533 833 elaborantes
545 810 567 832 ne
578 811 589 833 a
601 798 703 833 Christianis
714 809 757 841 quos
769 810 830 841 paucos

105 863 124 883 10
132 851 241 892 reliquerant,
250 851 384 884 sacratissimum
392 861 453 892 corpus
459 861 497 883 cum
504 850 560 892 capite
566 851 638 882 honeste
643 850 831 891 traderetur-sepulture.

132 900 233 933 Didicerunt
246 901 291 933 enim
303 903 371 942 lngtvar
377 906 394 933 et
402 901 453 933 Vbba
463 900 517 942 pirate
526 899 631 941 nequissimi,
641 900 756 932 Lothbrocum
767 905 831 941 patrem

132 960 182 984 suum
189 951 232 983 falsa
240 950 349 993 suggestione
358 950 409 983 Bemi
418 950 503 983 venatoris
511 950 566 983 sancti
575 949 662 982 Edmundi
671 949 688 982 in
696 948 739 981 silua
747 949 831 983 demedio

132 1001 218 1033 sublatum
233 1001 290 1040 fuisse,
305 1002 350 1033 vnde
365 1001 446 1033 talionem
461 1001 533 1033 reddere
548 1000 636 1043 cupientes
651 1000 668 1032 in
684 1000 727 1032 silua
740 999 832 1033 iamdicta

132 1050 189 1091 capud
196 1050 232 1083 eius
240 1050 299 1083 bestiis
307 1057 324 1083 et
331 1051 391 1083 auibus
402 1050 519 1083 deuorandum
528 1050 642 1092 ignominiose
653 1050 765 1092 proiecerunt.
786 1051 832 1083 Atto

115 1101 207 1139 5Floriac.
229 1100 244 1136 il
256 1101 323 1141 Quibus
338 1101 408 1133 tandem
421 1100 543 1142 aliquantisper
554 1100 657 1132 abeuntibus
672 1106 689 1132 et
704 1100 832 1141 depopulacioni

132 1159 201 1192 quoquo
212 1149 287 1181 locorum
296 1160 366 1192 operam
376 1150 468 1182 dantibus:
480 1155 562 1192 ceperunt
574 1149 667 1182 Christiani
676 1149 697 1182 de
709 1149 783 1181 latibulis
795 1160 832 1182 con-

133 1209 206 1240 surgere,
218 1200 294 1242 diligenti
307 1200 364 1232 animo
377 1205 474 1240 satagentes
487 1205 505 1232 vt
517 1199 607 1232 dominum
619 1209 669 1231 suum
680 1209 739 1241 regern
751 1199 833 1241 condigne

133 1249 229 1292 sepelirent.
257 1252 323 1293 Corpus
338 1250 389 1292 igitur
403 1250 447 1292 regis
462 1249 565 1283 sanctissimi
580 1250 637 1282 adhuc
652 1250 684 1283 sub
700 1250 740 1282 diuo
755 1249 833 1292 positum,

133 1299 207 1333 facitime
218 1307 244 1333 est
255 1307 341 1342 repertum
351 1300 369 1333 in
380 1301 441 1333 eodem
451 1311 512 1342 campo
522 1300 551 1333 vbi
562 1311 591 1333 rex
600 1300 691 1333 occubuit:
704 1306 729 1333 set
737 1301 793 1342 capud
800 1311 833 1332 non

108 1360 126 1380 zo
134 1349 246 1390 inuenientes,
260 1350 368 1391 suspendunt
383 1350 492 1391 sepulturam,
505 1350 560 1382 donec
573 1349 668 1382 solliciciori
681 1349 763 1391 indagine
775 1350 833 1391 depre-

134 1399 212 1432 hendant
227 1410 260 1441 quo
273 1400 329 1442 capud
342 1399 435 1432 dcuenerit.
466 1399 586 1443 Warengfhrd.
605 1398 618 1434 ii
632 1399 704 1432 Volente
720 1399 778 1443 itaque
792 1400 833 1432 deo:

135 1451 176 1483 dum
192 1456 260 1483 sanctus
275 1461 305 1483 rex
319 1456 405 1491 pateretur
420 1450 489 1491 quidam
506 1450 600 1483 catholicus
617 1450 713 1483 subtractus
731 1460 834 1492 paganorum

136 1499 198 1542 gladiis
205 1500 281 1542 deprope
289 1500 354 1533 delituit
365 1506 382 1533 et
394 1500 452 1532 omnia
462 1510 495 1542 que
506 1500 602 1542 agebantur
613 1500 642 1542 pia
652 1500 749 1534 curiositate
757 1499 833 1542 signauit.

137 1551 193 1590 Quem
204 1550 276 1591 contigit
287 1550 348 1583 adesse
360 1551 401 1583 dum
413 1550 460 1583 fieret
472 1550 538 1592 questio
550 1550 572 1584 de
583 1550 630 1591 regio
641 1550 709 1592 capite:
725 1562 757 1584 nec
772 1550 834 1584 distulit

109 1610 128 1639 ²5
136 1599 198 1631 referre
211 1600 257 1641 qnod
268 1600 330 1631 Danos
343 1599 386 1632 vidit
398 1600 482 1641 precisum
495 1600 551 1641 capud
564 1600 582 1632 in
594 1600 655 1632 siluam
666 1601 767 1642 Heylesdun
779 1609 835 1633 secum

137 1648 212 1690 deferre3
231 1654 257 1682 set
272 1659 306 1692 quo
321 1649 432 1692 reposuerint,
448 1660 483 1682 non
497 1649 637 1692 deprehendisse.
665 1651 704 1693 Quo
720 1651 788 1684 audito:
808 1648 834 1693 qui

136 1699 209 1733 aderant
223 1699 285 1732 siluam
300 1700 402 1742 perlustrare
416 1700 503 1740 festinant,
518 1711 549 1743 pro
562 1706 608 1734 certo
621 1701 710 1734 credentes
723 1701 769 1745 quod
782 1700 835 1734 aliene

137 1755 183 1783 secte
191 1749 269 1789 cultores,
278 1749 372 1782 inuidendo
380 1757 438 1783 nostre
448 1750 494 1791 fidei,
502 1750 610 1783 sustulissent
620 1752 677 1793 capud
686 1751 759 1784 martiris
770 1757 787 1784 et
795 1751 836 1784 infra

137 1799 239 1833 densitatem
249 1801 303 1833 saltus
317 1800 448 1833 abscondissent
461 1807 490 1833 aut
501 1800 530 1833 vili
541 1800 605 1843 cespite
615 1802 700 1842 obrutum,
708 1808 738 1834 aut
749 1802 809 1834 auibus
820 1805 835 1832 et

110 1860 129 1890 3⁰
137 1849 176 1882 letis
188 1849 310 1882 deuorandum.
334 1850 412 1892 Initoque
424 1849 501 1889 consilio,
513 1851 624 1883 decreuerunt
638 1851 717 1893 quatinus
729 1850 836 1883 circumcirca

137 1903 256 1941 peruagantes‚
271 1898 342 1931 vocibus
357 1904 386 1931 aut
402 1899 482 1931 tubarum
500 1899 589 1932 ductilium
606 1900 633 1932 vel
650 1911 753 1932 cornuorum
768 1898 836 1941 strepitu

137 1954 197 1981 mutuo
205 1948 237 1980 sibi
245 1948 345 1982 innuerent:
358 1960 380 1982 ne
387 1956 416 1983 aut
424 1949 496 1982 lustrata
502 1955 604 1992 repeterent,
612 1956 641 1983 aut
649 1961 684 1983 non
692 1950 764 1984 lustrata
771 1950 837 1983 desere·

137 2004 180 2031 rent.
207 1999 327 2042 Wareagsbrd.
349 1999 450 2042 iiCumque
458 2000 476 2032 in
486 2001 532 2032 hunc
540 2001 610 2032 modum
618 2001 661 2033 silue
669 2000 837 2042 deuiaperuagaren-

138 2055 170 2089 tur,
178 2053 195 2081 et
203 2048 279 2090 singulus
287 2050 310 2081 ad
318 2049 403 2091 singulum
411 2056 469 2092 vtpote
477 2050 534 2082 socius
542 2050 565 2082 ad
575 2050 640 2082 socium
648 2051 745 2083 alternatim
753 2049 837 2092 queritans

112 2110 130 2140 55
139 2097 203 2131 diceret
215 2098 254 2130 ‘vbi
265 2109 289 2140 es,
297 2099 325 2131 vbi
337 2099 384 2140 es?'‚
397 2100 453 2142 capud
464 2100 519 2132 sancti
529 2099 602 2132 martiris
612 2099 680 2142 longius
691 2106 776 2133 remotum
787 2109 797 2131 a
808 2105 837 2129 suo

139 2157 210 2189 corpore
218 2148 316 2190 respondit:
329 2149 375 2190 ‘her,
383 2149 419 2190 her,
426 2150 466 2191 her,’
474 2149 521 2192 quod
529 2149 659 2191 interpretatur:
672 2149 705 2191 hic,
711 2149 744 2190 hic,
749 2149 781 2183 hic.
802 2148 838 2181 Nec

139 2196 204 2230 destitit
211 2198 272 2230 eadem
280 2198 332 2231 verba
340 2204 422 2241 repetere,
430 2199 485 2232 donec
493 2210 553 2232 omnes
561 2199 589 2242 qui
597 2199 686 2233 lustrando
694 2199 766 2243 dispersi
774 2199 838 2232 fuerant

139 2257 170 2291 per
178 2247 220 2280 silue
228 2248 283 2289 deuia,
292 2250 315 2282 ad
323 2259 341 2282 se
350 2256 465 2292 congregaret.
481 2252 496 2284 0
504 2261 541 2284 rem
548 2261 559 2284 a
567 2251 628 2284 seculis
636 2251 731 2284 inauditam
739 2256 756 2284 et
764 2244 838 2283 miraculi

140 2296 258 2336 singularitate
266 2299 379 2338 stupendam!
403 2301 418 2331 Ο
427 2300 470 2332 mira
478 2300 505 2332 dei
517 2300 609 2341 magnalia,
617 2300 646 2343 qui
654 2311 722 2343 semper
729 2307 746 2333 et
753 2300 814 2340 vbique
821 2296 838 2328 in

112 2361 133 2391 40
140 2345 204 2380 sanctis
212 2346 247 2378 suis
255 2346 337 2379 mirabilis
346 2352 363 2379 et
373 2348 456 2388 gloriosus
466 2351 502 2382 est!
529 2349 577 2382 Voce
588 2349 639 2392 igitur
649 2349 728 2391 ducente,
740 2352 838 2392 peruentum

141 2402 167 2430 est
182 2397 205 2428 ab
218 2396 297 2428 omnibus
309 2398 332 2429 ad
345 2398 402 2429 locum
415 2399 443 2430 vbi
455 2400 511 2440 capud
522 2399 650 2432 sanctissimum
661 2400 716 2433 luerat
727 2400 838 2432 occultatum:

140 2446 190 2480 arida
204 2446 263 2487 lingua
278 2447 315 2479 visa
327 2452 353 2479 est
368 2447 451 2490 palpitare
463 2454 480 2481 et
492 2448 615 2491 intelligibilem
627 2450 700 2482 formare
715 2444 839 2482 vocem-itlius

141 2496 211 2540 quidem
218 2496 283 2538 agitata
290 2496 351 2530 virtute
356 2497 385 2540 qui
391 2498 467 2531 humana
473 2499 525 2533 verba
531 2499 610 2533 formauit
618 2499 635 2532 in
642 2509 671 2534 ore
678 2499 726 2533 asine
734 2505 751 2532 vt
759 2497 839 2541 prophete

141 2546 229 2579 vesaniam
244 2546 344 2589 increparet.
367 2549 397 2580 Set
412 2553 429 2580 et
446 2548 480 2581 hoc
494 2548 596 2582 miraculum
612 2550 646 2582 alio
662 2549 731 2582 fulcitur
748 2545 838 2581 miraculo:
