1762 2803
126 125 170 180 408
201 157 203 164 ,
319 122 398 175 muna
414 119 529 182 treenta
545 119 637 182 unalia.

128 256 169 280 cum
185 250 294 289 oportunum
309 243 384 286 videret,
398 249 497 288 peccantes
512 242 606 278 coercuit1.
635 243 659 277 Et
674 253 715 277 cum
730 246 828 287 operantes

128 300 193 333 fratres
205 298 294 342 reperiret
306 297 335 331 vel
348 298 416 331 arando
427 297 456 331 vel
468 297 589 332 ventilabrum
602 307 657 330 manu
670 296 789 330 concutiendo
799 296 829 329 vel

128 351 195 396 aliquid
203 352 239 384 tale
250 351 336 394 gerendo,
345 362 365 383 se
375 350 402 383 eis
413 350 431 382 in
441 361 497 393 opere
507 350 617 393 coniungere
628 350 703 383 solebat.
726 349 770 382 Erat
779 347 829 382 enim

128 410 147 439 et
158 403 227 439 viribus
239 403 295 443 fortis,
304 402 336 445 [et]
349 402 411 446 lingua
422 402 490 444 suauis,
502 402 574 436 animo²
585 402 653 444 hilaris,
665 401 755 435 beneficio
768 401 830 444 largus

112 468 120 498 5
129 464 146 492 et
154 461 230 500 aspectu
238 457 332 489 honestus.
355 456 426 489 Eodem
434 465 470 498 quo
482 455 547 488 fratres
559 454 604 496 cibo,
615 455 681 489 eadem
691 454 800 487 vescebatur
811 453 829 487 in

129 512 193 552 domo;
207 508 298 543 communi
314 508 415 543 dormiebat
430 508 449 541 in
464 509 509 543 loco.
532 508 578 542 Cum
594 513 654 542 autem
668 506 707 541 dies
720 506 779 541 obitus
791 506 830 541 eius

128 562 289 608 appropinquaret,
297 563 359 596 accitis
369 563 392 595 ad
403 563 423 595 se
433 562 519 596 fratribus
530 562 581 605 pacis
591 562 673 596 osculum
684 560 711 594 eis
719 559 774 602 dedit,
783 560 830 593 salu·

128 617 198 651 taribus
203 616 276 650 monitis
285 626 317 649 eos
326 615 424 650 instruxit:
437 619 455 648 et
464 615 517 649 nonis
526 614 585 648 martii
593 614 674 649 seculum
682 612 759 658 reliquit.
783 612 830 648 Nam

129 682 163 713 per
178 675 242 703 cuncta
256 674 352 712 grassante
367 668 475 712 pestilentia,
491 679 532 702 curn
551 668 608 702 multa
626 668 702 701 fratrum
720 673 793 701 caterua
808 667 831 700 ad

103 733 122 755 ιο
130 721 223 756 dominum
231 721 321 764 migrauit.

151 780 199 824 [MS.
207 780 228 814 T.
236 781 291 814 adds:
429 779 514 813 Narratio
518 779 531 814 ³.

152 826 217 867 Taisis
233 832 320 867 meretrix
336 837 385 867 tante
401 832 527 876 pulcritudinis
543 831 580 874 suit,
596 837 616 866 ut
631 831 683 865 multi
698 836 776 874 propter
790 840 831 864 eam

130 885 210 920 uenditis
216 885 325 920 substanciis
331 887 354 919 ad
360 885 442 919 ultimam
448 891 574 929 paupertatem
581 885 698 926 deuenirent3
707 890 735 918 set
741 888 832 918 amatores

131 939 165 981 sui,
174 938 235 973 litibus
246 939 294 972 inter
305 949 325 972 se
336 938 431 978 consertis,
441 938 546 981 frequenter
558 939 618 981 puelle
631 937 693 971 limina
706 936 794 980 sanguine
804 947 832 970 re·

132 992 211 1036 plebant.
233 991 273 1033 Quo
282 992 348 1034 audito,
356 992 413 1025 abbas
421 991 516 1032 Panucius,
524 995 597 1034 sumpto
605 990 667 1024 babitu
676 989 753 1024 seculari
761 990 783 1023 ad
792 999 833 1022 eam

106 1058 124 1088 15
132 1043 216 1086 ueniens,
237 1044 288 1078 dedit
308 1045 325 1077 ei
346 1044 425 1078 solidum
444 1044 496 1087 quasi
517 1054 550 1087 pro
572 1044 656 1078 mercede
677 1042 770 1087 peccandi.
801 1042 833 1075 Illa

111 1134 113 1136 ,
132 1103 206 1141 accepto
223 1097 285 1141 precio
300 1097 400 1131 introduxit
417 1096 468 1130 illum
484 1096 503 1130 in
516 1097 592 1131 interius
611 1096 730 1130 cubiculum‘.
753 1095 776 1129 Et
791 1094 832 1129 itte:

132 1151 164 1185 ‘Si
183 1155 212 1183 est
231 1151 307 1184 interius
326 1150 434 1192 cubiculum,
453 1160 517 1183 eamus
537 1149 555 1182 in
575 1149 646 1193 ipsum.¹
670 1149 704 1182 Illa
721 1155 783 1183 autem
798 1148 833 1181 ait:

132 1204 176 1237 ‘Est
191 1204 283 1246 quoddam
296 1202 399 1236 cubiculum
411 1202 442 1236 ubi
454 1203 515 1236 nullus
528 1202 639 1246 ingreditur3
655 1204 671 1236 si
683 1213 727 1236 uero
740 1202 834 1236 dominum

133 1256 193 1296 times,
201 1266 239 1288 non
249 1260 278 1288 est
285 1255 336 1288 locus
344 1255 375 1298 qui
383 1254 471 1287 diuinitati
479 1255 518 1288 eius
526 1256 656 1288 abscondatur!
679 1254 712 1287 Cui
720 1265 788 1288 senex:
802 1253 835 1286 ‘Et

107 1324 126 1344 zo
134 1309 170 1342 scis
186 1318 228 1341 esse
243 1308 323 1341 deum?'
350 1307 433 1350 Cumque
451 1306 481 1340 illa
500 1306 628 1350 respondisset
645 1318 666 1341 se
682 1307 729 1341 scire
745 1307 805 1348 deum,
817 1311 835 1339 et

135 1371 213 1407 regnum
222 1361 276 1396 iuturi
288 1360 350 1404 seculi,
358 1371 429 1395 necnon
441 1365 459 1395 et
468 1366 559 1396 tormenta
569 1366 696 1404 peccatorum;
709 1361 754 1396 dixit
762 1361 790 1396 ei:
804 1359 835 1395 ‘Si

134 1426 178 1459 ergo
190 1417 243 1457 nosti,
256 1426 288 1448 cur
299 1419 359 1448 tantas
369 1415 440 1447 animas
451 1416 560 1457 perdidisti?
571 1420 589 1447 et
601 1426 637 1448 non
648 1415 708 1448 solum
718 1426 751 1458 pro
763 1420 799 1456 tua,
807 1420 835 1447 set

134 1479 168 1513 pro
179 1467 252 1502 illorum
263 1467 356 1502 redditura
367 1467 486 1512 racione[m]⁵
495 1467 634 1512 dampnaberis.’
660 1467 693 1502 llla
706 1467 740 1503 hoc
753 1466 835 1508 audiens,

135 1521 268 1566 prouolutaad
278 1522 336 1564 pedes
346 1524 385 1555 eius
397 1532 439 1554 cum
450 1521 530 1554 lacrimis
542 1522 629 1555 exorabat
641 1521 716 1555 dicens:
729 1521 783 1555 ‘Scio
794 1531 837 1555 esse

108 1592 126 1621 25
135 1575 263 1618 penitenciam,
271 1579 328 1617 pater,
337 1580 355 1608 et
362 1575 434 1608 confido
442 1575 571 1608 remissionem
579 1579 597 1608 te
605 1580 668 1608 orante
676 1575 741 1608 sortiri.
756 1575 835 1607 Tantum

136 1632 179 1670 peto
187 1626 241 1659 trium
249 1627 320 1659 dierum
327 1626 333 1646 ⁵
340 1627 428 1668 inducias,
433 1631 451 1659 et
459 1632 500 1669 post
508 1627 542 1660 hec
549 1637 584 1669 quo
591 1628 680 1669 (iusseris)
685 1628 715 1660 ibo
723 1632 741 1660 et
750 1628 836 1670 (quecun-

137 1690 173 1723 que
187 1679 293 1722 preceperis
308 1678 396 1722 saciam').
425 1678 448 1711 Et
463 1679 544 1712 collectis
563 1679 654 1721 (omnibus
672 1690 708 1722 que
723 1690 747 1713 ex
762 1683 837 1722 peccato

137 1733 205 1767 lucrata
218 1731 282 1775 suerat)
295 1731 406 1776 perlatisque
418 1732 437 1764 in
450 1733 529 1765 mediam
542 1731 645 1775 (ciuitatem,
656 1732 724 1775 populo
735 1731 837 1776 spectante)

137 1787 179 1830 igne
191 1784 296 1827 combussit,
305 1784 398 1820 clamans:
411 1784 501 1819 ‘Venite⁷
511 1786 616 1830 omnesqui
627 1786 718 1830 peccastis
730 1795 807 1828 mecum,
819 1789 837 1819 et

109 1854 128 1883 30
137 1839 198 1873 uidete
215 1838 306 1882 quomodo
324 1849 346 1872 ea
361 1850 397 1882 que
412 1839 467 1873 michi
482 1839 582 1873 contulistis
597 1840 684 1873 exuram'
714 1840 757 1873 Erat
776 1843 837 1872 autem

137 1891 234 1937 [precium]
247 1891 286 1925 auri
300 1892 388 1926 librarum
403 1892 584 1937 quadringentarum.
613 1893 657 1927 Post
672 1892 706 1926 hec
722 1892 799 1927 ueniens
815 1892 838 1926 ad

137 1945 226 1986 abbatem,
238 1946 257 1978 in
269 1946 380 1979 monasterio
391 1945 484 1989 uirginum
499 1945 518 1979 in
529 1945 575 1979 cella
589 1957 646 1990 parua
659 1945 762 1988 includitur,
776 1945 838 1979 relicta

137 2008 196 2042 parua
206 1996 287 2030 fenestra
296 2008 393 2041 perquam
403 1998 420 2031 ei
428 1997 487 2031 uictus
497 1999 580 2030 modicus
591 1998 693 2031 inferretur.
716 1998 813 2040 lussitque,
822 1998 839 2030 ei

139 2050 224 2085 omnibus
234 2048 298 2083 diebus
309 2060 374 2094 parum
384 2050 437 2094 panis
449 2055 467 2084 et
476 2050 570 2095 paululum
580 2060 627 2094 aque
638 2061 648 2084 a
659 2049 724 2084 ceteris
734 2049 839 2084 ministrari.

110 2113 128 2143 55
138 2102 198 2137 Taisis
213 2107 275 2136 autem
287 2102 323 2136 ait:
339 2103 391 2144 ‘Quo
402 2103 460 2144 iubes
471 2108 529 2146 pater,
540 2108 560 2136 ut
571 2113 595 2137 ex
608 2103 686 2137 naturali
700 2109 761 2137 meatu
773 2112 839 2146 aquam

139 2166 200 2191 meam
206 2156 299 2189 effundam
306 2157 322 2190 ?¹
335 2155 358 2190 Et
365 2157 407 2190 ille:
420 2156 451 2189 ‘In
459 2157 510 2199 cella,
517 2156 563 2190 sicut
571 2157 626 2200 digna
633 2157 664 2190 es!
678 2156 761 2200 Cumque
767 2157 842 2197 iterum,

138 2210 231 2255 quomodo
242 2210 317 2243 deberet
328 2210 384 2244 deum
394 2220 446 2245 orare
457 2210 563 2254 inquireret,
572 2211 678 2255 respondit:
691 2210 743 2244 ‘Non
753 2221 773 2244 es
785 2211 840 2254 digna

142 2263 239 2297 nominare
251 2264 307 2296 deum
318 2273 379 2306 neque
389 2263 407 2296 in
418 2263 470 2297 labiis
479 2263 515 2297 tuis
527 2273 595 2297 nomen
607 2263 693 2296 trinitatis
704 2264 801 2306 adducere,
812 2268 840 2297 set

139 2326 174 2350 nee
182 2316 205 2348 ad
214 2316 274 2349 celum
286 2326 352 2350 manus
364 2317 476 2350 extendere:
488 2315 575 2359 quoniam
586 2316 633 2350 labia
642 2321 672 2350 tua
682 2316 778 2360 iniquitate
785 2316 840 2359 plena

111 2383 131 2412 40
139 2374 187 2410 sunt,
195 2373 214 2400 et
224 2379 290 2401 manus
301 2374 332 2401 tue
344 2369 429 2402 sordibus
441 2368 543 2413 inquinate3
556 2374 584 2402 set
595 2369 721 2403 tantummodo
732 2368 840 2402 incumbens

140 2426 204 2455 contra
216 2422 306 2454 orientem
317 2423 394 2465 respice,
406 2423 455 2455 hunc
467 2432 572 2455 sermonem
581 2422 687 2465 frequenter
696 2423 775 2456 iterans:
788 2423 798 2438 “
805 2420 841 2463 Qui

159 2499 165 2516 ³
176 2499 193 2529 T.
204 2500 287 2530 cohercuit.
329 2499 335 2516 ²
345 2501 362 2530 E.
370 2501 426 2531 anima.
464 2501 470 2518 ³
480 2501 526 2530 From
537 2501 574 2537 Leg.
581 2501 634 2531 Aurea
644 2510 659 2538 p.
670 2502 709 2538 677t
721 2501 740 2531 cf.
747 2501 791 2532 Vine.
801 2500 842 2530 Boll.

141 2538 184 2568 XIV.
194 2548 217 2575 77,
228 2539 259 2567 Vit.
266 2540 306 2568 Patr.
313 2549 328 2576 p.
333 2540 367 2570 661.
436 2539 445 2576 ⁴,
452 2540 484 2570 LA
492 2542 508 2569 in
515 2549 591 2569 cameram
599 2550 603 2577 ς
610 2550 622 2570 r.
629 2541 699 2570 exterius
703 2543 724 2570 c?
792 2541 798 2557 ⁵
809 2540 840 2571 LA.

141 2578 263 2614 rationem3VP.
269 2579 330 2608 reddita
335 2580 400 2609 ratione.
441 2578 447 2595 ⁶
457 2588 475 2610 so
480 2580 518 2619 VB.,
527 2580 546 2610 nl.
554 2580 631 2611 horarum.
678 2578 683 2595 ⁷
694 2580 711 2610 T.
719 2580 779 2610 Videte.
