1762 2803
144 160 185 211 148
333 158 412 210 uacua
428 155 543 218 berenna
559 154 651 217 uratia
697 120 699 124 V

144 277 202 312 disset
218 277 295 322 ungulas
313 278 336 311 ad
355 288 419 312 seruos
439 277 468 312 dei
483 278 588 323 capiendos,
606 276 662 312 ecce¹
678 277 738 311 subito
754 277 793 310 auis
806 287 842 321 que

143 342 215 366 ramum
226 342 267 366 cum
279 331 366 365 fructibus
377 331 412 365 illis
424 332 518 374 detulerat,
530 331 594 375 grisam
606 330 678 374 penitus
690 330 778 373 extinxit3
791 332 842 365 cuius

143 386 222 419 cadauer
233 394 294 418 coram
305 384 389 418 fratribus
399 385 418 417 in
430 395 482 418 mare
493 362 674 434 ceciditsfiderunt
685 389 746 417 autem
755 389 798 427 post
809 384 842 417 hec

144 448 195 472 mare
206 439 231 472 ita
242 438 315 477 clarum,
327 441 347 470 vt
358 442 435 480 possent
444 437 508 472 videre
519 437 604 481 quicquid
616 436 680 471 subtus
691 441 735 470 erat.
759 436 842 478 Quadam

125 490 172 530 5die
184 491 268 534 apparuit
281 490 316 523 illis
328 489 426 533 columpna
438 490 457 523 in
472 491 523 533 mari,
536 501 572 534 que
587 490 642 524 alcior
654 500 696 523 aere
709 489 811 531 videbatur,
825 494 843 523 et

142 548 227 585 cooperta
237 546 275 574 erat
286 552 328 575 raro
337 552 424 584 canopeo,
432 543 463 585 qui
471 543 490 575 in
498 547 569 576 tantum
581 553 632 576 rarus
641 547 680 576 erat
688 535 707 576 vt
718 543 771 575 nauis
780 548 843 585 posset

142 594 219 628 transire
227 603 261 638 per
267 593 357 627 foramina
364 593 417 627 illius.
433 594 518 628 Colorem
526 595 604 628 habebat
612 600 724 638 argenteum,
730 595 763 628 sed
771 594 843 627 tamen²

142 648 205 680 durior
213 657 304 680 marmore
311 648 416 689 videbatur3
429 652 447 680 et
459 647 557 690 columpna
564 648 588 681 de
596 647 698 681 clarissimo
708 647 787 680 cristallo
799 652 842 680 erat

142 699 225 742 Cumque
236 709 271 742 per
278 699 361 733 foramen
368 709 425 733 vnum
435 699 482 733 illius
490 700 567 743 canopei
574 700 689 742 transissent,
698 700 782 743 apparuit
792 709 843 733 mare

114 762 132 784 ro
141 752 193 795 quasi
208 752 286 787 vitreum
302 762 335 795 pre
350 751 435 795 claritate,
450 752 508 786 itaut
523 752 632 796 omniaque
647 752 712 786 subtus
727 756 779 786 erant
795 752 843 786 clare

141 805 204 839 videre
219 810 300 849 possent.
324 805 360 839 Per
372 811 429 839 totum
442 805 491 839 diem
503 805 614 848 nauigabant
626 806 677 839 iuxta
691 805 738 839 latus
753 805 801 839 illius
813 815 843 838 co-

141 858 228 902 lumpne:
241 868 276 902 que
284 858 363 892 habebat
372 869 406 901 per
414 857 485 902 singula
492 858 550 892 latera
557 858 607 892 mille
615 858 758 902 quadringentos
767 857 842 892 cubitus.

142 910 210 953 Quarto
218 915 279 946 autem
287 911 316 945 die
324 912 434 945 inuenerunt
445 911 519 945 calicem
527 911 550 944 de
560 921 628 955 genere
639 911 719 955 canopei,
728 915 746 943 et
756 915 842 954 patenam

142 965 165 998 de
172 965 231 999 colore
238 965 340 1009 columpne,
345 964 436 998 iacentem
442 965 460 998 in
467 966 546 1009 quadam
553 964 634 999 fenestra
641 964 660 999 in
668 964 725 998 latere
732 964 843 1008 columpnc³.

115 1027 133 1058 15
143 1017 183 1059 Que
192 1028 236 1052 vasa
246 1018 274 1052 vir
282 1019 312 1052 dei
323 1018 420 1062 accipiens,
429 1018 484 1052 dixit:
497 1018 597 1052 ‘Dominus
608 1023 672 1052 noster
682 1017 747 1052 ihesus
759 1018 843 1053 Christus

142 1071 222 1104 ostendit
233 1070 286 1104 nobis
298 1071 332 1104 hoc
344 1071 456 1111 miraculum,
465 1076 483 1104 et
494 1071 549 1104 michi
557 1072 643 1105 vniuersa
650 1072 685 1104 ista
693 1054 843 1135 deditlsb'lapsis

143 1127 183 1157 octo
191 1122 350 1165 dicbus‚viderunt
358 1123 436 1156 insulam
442 1124 495 1156 valde
503 1134 594 1164 saxosam,
600 1124 640 1156 sine
648 1123 744 1157 arboribus
752 1128 770 1156 et
776 1123 843 1165 herbis,

142 1175 216 1219 plenam
228 1175 306 1210 officinis
318 1176 423 1218 fabrorum
436 1181 454 1210 et
465 1176 490 1210 ait
502 1176 622 1211 Brendanus:
635 1174 721 1210 ‘Videte⁴
732 1175 804 1219 fratres,
812 1186 843 1210 an-

141 1229 201 1271 gustia
209 1233 237 1262 est
248 1228 302 1261 michi
310 1229 333 1261 de
342 1229 376 1262 hac
386 1229 451 1270 insula,
459 1229 512 1272 quia⁶
520 1230 563 1263 nolo
572 1229 591 1262 in
600 1229 650 1262 illam
659 1231 685 1262 ire
696 1234 727 1263 aut
735 1229 769 1262 sibi
777 1239 843 1272 appro-

114 1281 241 1324 aopinquare:
258 1282 291 1313 sed
303 1286 369 1314 ventus
384 1279 426 1313 illuc
442 1281 531 1314 subtrahit
543 1291 577 1314 nos
590 1286 640 1314 recto
653 1283 717 1314 cursu.¹
739 1281 843 1315 Audierunt

141 1337 202 1367 autem
210 1332 289 1368 sonitum
298 1332 366 1367 follium
377 1333 489 1368 sufflantium
497 1335 549 1378 quasi
556 1334 661 1376 tonitruum,
671 1338 725 1378 atque
736 1333 844 1367 malleorum

141 1385 261 1421 collisionest.
284 1386 319 1420 His
332 1385 403 1428 auditis,
413 1386 442 1420 vir
456 1386 486 1421 dei
499 1387 576 1421 armauit
589 1397 610 1420 se
623 1387 675 1430 signo
689 1387 753 1429 crucis,
767 1387 842 1421 dicens:

142 1439 231 1474 ‘Domine
242 1439 297 1473 lhesu
309 1439 387 1482 Christe,
395 1440 452 1473 libera
463 1451 497 1474 nos
509 1440 532 1474 de
544 1440 578 1474 hac
585 1439 655 1474 insula!
679 1439 702 1474 Et
712 1450 755 1474 ecce
762 1448 810 1474 unus
820 1441 843 1474 de

142 1492 272 1526 habitatoribus
288 1493 371 1526 eiusdem
386 1492 446 1526 insule
461 1503 548 1536 egressus
562 1498 590 1527 est
602 1493 656 1535 foras,
669 1493 721 1536 quasi
734 1493 757 1526 ad
771 1493 843 1536 aliquod

115 1554 133 1583 25
143 1555 189 1587 opus
195 1546 331 1588 peragendum
344 1551 363 1578 et
368 1551 406 1578 erat
413 1545 497 1588 hispidus
502 1546 561 1585 valde,
566 1551 585 1579 et
592 1546 657 1588 igneus
665 1550 719 1588 atque
725 1546 843 1579 tenebrosus!

143 1596 226 1640 Cumque
240 1597 316 1630 famulos
330 1598 359 1630 del
371 1597 452 1639 vidisset,
463 1608 550 1632 reuersus
563 1602 591 1631 est
604 1596 687 1631 insuam
700 1597 798 1631 officinam.
821 1597 844 1632 Et

143 1650 168 1682 ait
175 1650 203 1683 vir
211 1649 251 1683 dei:
264 1649 352 1683 ‘Tendite
363 1650 428 1683 fratres
439 1650 480 1683 vela
491 1651 510 1683 in
522 1650 583 1692 altum,
591 1655 610 1683 et
621 1651 729 1693 nauigamus
737 1651 843 1693 quantocius

143 1701 166 1734 ab
179 1701 238 1735 insula
251 1701 295 1735 hac.¹
318 1702 341 1734 Et
353 1712 395 1735 ecce
408 1703 502 1745 predictus
515 1703 603 1736 barbarus
617 1702 694 1735 occurrit
705 1702 741 1735 illis
753 1704 776 1736 ad
789 1703 843 1746 littus,

143 1759 219 1797 portans
235 1753 322 1798 forcipem
337 1755 356 1789 in
372 1755 456 1789 manibus
472 1765 513 1789 cum
529 1765 590 1789 massa
604 1754 658 1799 ignea
670 1755 760 1789 immense
776 1757 844 1800 magni·

115 1818 135 1849 30
143 1808 211 1842 tudinis
222 1812 276 1852 atque
288 1808 370 1851 feruoris,
379 1814 397 1843 et
409 1808 509 1852 predictam
521 1819 601 1843 massam
613 1808 685 1843 iactauit
696 1819 753 1854 super
766 1809 844 1845 famulos

143 1861 220 1904 Christi3
233 1862 266 1895 scd
277 1860 312 1895 illis
322 1872 359 1895 non
370 1862 441 1896 nocuit:
454 1861 546 1896 Transiuit
554 1864 603 1896 enim
611 1863 651 1896 illos
660 1862 711 1906 quasi
719 1873 754 1906 per
761 1864 843 1907 spacium

142 1914 195 1948 vuius
204 1914 261 1948 stadii.
281 1914 304 1947 Et
311 1915 342 1948 vbi
350 1915 414 1948 cecidit
422 1915 441 1948 in
449 1925 505 1957 mare,
514 1916 562 1959 cepit
570 1915 648 1956 feruere,
656 1914 708 1958 quasi
716 1915 768 1950 ruina
776 1917 844 1951 montis

142 1966 191 2009 ignei
201 1967 266 2000 fuisset
275 1966 310 2009 ibi;
323 1972 341 2000 et
351 1967 461 2001 ascendebat
471 1967 532 2001 fumus
539 1968 562 2000 de
572 1968 619 2000 mari
626 1968 673 2001 sicut
680 1969 704 2001 de
712 1968 782 2001 elibano
791 1968 843 2012 ignis.

143 2019 166 2051 Et
174 2029 239 2053 omnes
247 2019 278 2062 qui
286 2019 304 2052 in
312 2020 372 2052 insula
380 2024 437 2061 erant,
446 2025 564 2053 accurrerunt
572 2020 595 2053 ad
605 2020 660 2062 littus,
669 2025 763 2063 portantes
777 2020 844 2064 singuli

114 2082 133 2112 35
142 2081 185 2105 suas
200 2081 277 2105 massas.
299 2071 336 2104 Alii
349 2072 439 2105 iactabant
454 2077 496 2115 post
508 2072 586 2106 famulos
602 2062 670 2106 Christi
684 2082 727 2106 suas
739 2082 811 2107 massas
825 2074 844 2106 in

143 2135 199 2168 mare,
208 2131 226 2159 et
237 2126 284 2158 alter
291 2136 348 2169 super
355 2126 432 2158 alterum
442 2126 519 2159 iactabat
531 2136 583 2159 suam
595 2136 681 2166 massam,
689 2125 774 2169 semperl
783 2136 844 2159 reuer-

142 2183 203 2214 tentes
212 2180 231 2213 in
239 2178 312 2213 illorum
320 2178 407 2221 officinas,
416 2179 445 2212 et⁸
453 2178 574 2213 incenderunt
582 2188 619 2222 eas,
627 2183 645 2213 et
655 2179 738 2223 apparuit
746 2178 798 2222 quasi
807 2183 844 2213 tota

142 2232 215 2266 arderet
223 2231 260 2275 *illa
274 2232 334 2266 insula
346 2232 392 2266 sicut
405 2232 492 2266 clibanus.
515 2232 538 2266 Et
551 2242 602 2266 mare
614 2232 697 2267 estuabat
709 2232 755 2266 sicut
767 2233 844 2267 cacabus

142 2285 210 2329 plenus
222 2285 307 2318 carnibus
318 2289 399 2327 estuans,
411 2286 483 2328 quando
495 2285 608 2319 ministratur
620 2285 642 2319 ab
654 2286 702 2328 igne.
725 2284 748 2317 Et
760 2287 844 2327 peruenit

114 2347 135 2377 40
143 2338 166 2371 ad
181 2348 235 2372 aures
250 2337 327 2371 fratrum
342 2338 419 2371 vlulatus
435 2338 554 2372 habitantium
570 2338 588 2371 in
604 2337 669 2379 insula,
681 2342 735 2380 atque
751 2338 773 2371 ad
790 2348 844 2372 nares

143 2390 208 2431 ingens
221 2390 273 2423 fetor.
297 2391 319 2423 Et
333 2390 357 2424 ait
370 2391 490 2424 Brendanus:
508 2391 536 2423 ‘0
550 2390 617 2424 milites
629 2390 703 2430 Christi,
717 2389 844 2425 confortamini

143 2441 162 2473 in
174 2442 210 2475 fide
221 2453 259 2476 non
268 2443 310 2476 fieta
320 2448 339 2477 et
350 2443 368 2476 in
379 2443 435 2478 armis
446 2443 570 2487 spiritalibus:
582 2443 624 2487 quia
636 2454 700 2477 sumus
711 2443 729 2477 in
742 2445 844 2480 confinibus

144 2494 267 2538 infernorum3
283 2501 382 2540 propterea
393 2496 467 2540 vigilate
482 2502 500 2530 et
515 2497 564 2540 agite
577 2496 664 2530 viriliter?
687 2497 751 2531 Altera
767 2498 797 2531 die
812 2509 844 2542 ap·

167 2557 198 2588 ¹T.
206 2558 224 2589 E.
232 2562 296 2590 eteccc.
341 2559 377 2590 2ul.
386 2565 406 2591 et.
448 2559 712 2599 ³iacentcm-columpnealom.
753 2559 842 2594 ⁴ul.Vere.

143 2599 216 2630 ⁵atom.
257 2599 391 2631 ⁶E.collitiones.
434 2600 618 2632 ⁷atP0sthecautem.
659 2601 733 2633 tatum.
