1762 2803
65 178 66 181 Ἴ
111 95 154 169 rao
230 179 231 182 Ἴ
301 114 381 167 mona
396 111 513 175 tramae
528 112 620 175 tantia

110 236 178 270 domini
192 235 289 270 millesimo
302 235 386 279 septimo,
400 240 488 279 regnante
502 246 546 280 rege
561 235 636 276 Canuto,
649 235 743 269 Elfstanus
755 235 814 271 abbas'

111 290 169 324 sancti
181 289 279 334 Augustini
290 300 332 323 cnm
343 299 410 333 corpus
422 293 484 323 sancte
495 288 571 333 virginis
582 289 605 322 ad
615 289 746 322 monasterium
757 298 811 323 suum

110 343 211 376 transferre
219 342 309 385 cogitaret,
317 347 370 375 nocte
378 343 457 384 quadam
465 343 549 385 apparuit
557 341 574 374 ci
582 341 656 384 quidam
664 342 714 375 vultu
723 346 741 375 et
749 341 811 375 habitu

111 393 229 435 lucidissimo,
241 393 315 429 dicens:
332 393 393 428 ‘Scias
408 404 438 427 me
453 398 534 438 optatum
550 393 583 427 tibi
598 394 685 427 nuncium
701 394 778 435 adesse3
794 399 812 427 et

94 447 135 489 ,ade
150 446 228 492 preciosi
245 447 326 492 corporis
344 451 406 482 sancte
425 446 515 481 Mildrede
531 447 651 481 translatione
666 446 778 481 desiderium
795 452 812 481 et

111 506 174 535 votum
185 505 236 534 tuum
244 501 363 544 consequeris
371 506 389 534 et
398 500 517 544 adimpletum
525 500 601 535 videbis.
629 501 660 535 Sic
668 500 718 535 enim
726 499 812 545 placitum

112 559 130 586 et
141 558 233 588 secretum
245 559 273 587 est
285 554 342 596 gratie
354 553 389 594 dei,
398 553 464 588 dilecte
475 564 544 596 sponse
555 564 589 587 sue
600 552 666 587 honori
678 553 813 597 multorumque

112 605 165 639 saluti
177 605 305 649 prospicienti?
328 607 430 650 Assumpto
442 611 503 639 autem
518 616 595 649 corpore
610 610 672 639 sancto
685 606 704 638 in
717 605 813 648 puluerem

111 658 197 699 resoluto,
205 658 228 691 ad
236 657 332 693 ecclesiam
340 669 392 693 suam
400 659 464 693 detulit
472 664 490 692 et
498 658 516 693 in
525 659 591 692 feretro
602 658 686 702 precioso
694 668 736 692 cum
744 658 814 693 honore

85 722 104 745 ro
112 711 157 745 illud
172 711 270 745 collocauit.
320 704 420 756 Regnantc
439 712 529 746 Eduardo
544 716 606 746 sancto
622 710 733 753 confessore,
749 710 814 746 Emma

112 771 171 799 mater
178 765 223 808 eius,
232 770 316 800 accusata
324 776 387 810 regem
396 766 545 810 Norreganorum
553 765 576 799 ad
584 764 720 799 inuadendum¹
728 764 814 809 Angliam

113 818 214 852 concitasse
226 818 369 862 thezaurumquc
382 819 485 853 infinitum²
497 818 522 852 illi
536 819 613 860 misisse,
624 818 710 852 vniuersa
722 818 761 852 eius
773 818 814 852 sub-

113 870 180 904 stantia
194 869 233 914 regi
248 870 355 913 proscripta,
368 870 463 905 Wintonie
477 872 586 913 morabatur,
600 871 680 905 omnium
696 876 782 914 aspectus
797 876 815 905 et

114 923 203 968 colloquia
209 924 293 967 fugiebat.
316 923 398 966 Quadam
407 929 467 957 autem
476 929 529 958 nocte
537 928 618 957 mentem
625 923 714 967 angustiis
721 923 789 958 lessam
798 929 815 958 et

87 986 105 1016 15
114 986 181 1019 sopore
195 977 307 1019 depressam,
319 977 379 1020 puella
393 977 470 1020 quedam
476 976 488 1019 ³,
502 986 553 1011 sacro
565 977 656 1010 velamine
670 977 759 1017 decorata,
773 987 815 1010 con-

114 1030 172 1064 solata
185 1034 213 1063 est
226 1029 301 1063 dicens:
319 1030 396 1071 ‘Quare
408 1029 471 1074 inquit,
483 1040 556 1064 merore
568 1029 695 1064 consumeris?
712 1040 746 1073 pro
760 1030 815 1064 rebus

114 1082 200 1125 perituris
208 1092 241 1115 cur
248 1087 266 1115 te
274 1081 349 1125 perdis?
372 1082 463 1123 Quoniam
471 1083 515 1116 nihil
524 1083 561 1117 sint
568 1088 640 1116 terrene
649 1082 716 1125 diuitie,
722 1084 815 1126 pereundo

114 1140 132 1167 te
146 1135 252 1176 docuerunt,
266 1145 302 1177 que
315 1145 326 1166 a
339 1139 411 1177 tecum
426 1135 537 1168 amatoribus
549 1136 588 1168 suis
603 1135 715 1169 defecerunt.
738 1135 816 1168 Proinde

114 1186 184 1222 bonum
199 1191 228 1220 est
243 1197 319 1230 sperare
334 1187 353 1221 in
368 1186 443 1221 domino
459 1197 514 1232 quarn
529 1187 548 1220 in
563 1186 677 1231 principibus
692 1191 710 1220 et
724 1186 816 1220 thezauris

87 1251 107 1273 20
115 1238 198 1282 pecunie.
220 1238 269 1273 Audi
280 1244 342 1274 tamen
354 1239 450 1274 consilium
462 1250 528 1280 meum,
537 1245 555 1274 et
565 1241 618 1274 beate
629 1240 720 1273 Mildrede
730 1238 816 1273 auxilium

115 1292 178 1327 missis
186 1291 292 1327 muneribus
300 1292 383 1338 implora,
392 1293 443 1328 cuius
451 1293 524 1327 suffulta
535 1293 626 1338 suffragiis
637 1293 701 1327 honori
709 1298 727 1327 et
735 1292 816 1337 dignitati

115 1346 203 1387 restituta,
216 1356 280 1379 omnes
292 1351 435 1390 persequutores
449 1351 491 1381 tuos
506 1346 638 1390 indulgentiam
653 1346 760 1391 suppliciter
774 1357 785 1380 a
798 1351 816 1380 te

115 1398 197 1442 flagitare
208 1398 284 1432 videbis,
307 1399 346 1442 Ego
358 1410 405 1441 sum,
419 1399 483 1442 inquit,
497 1399 587 1432 Mildreda
599 1398 667 1432 Christi
680 1399 752 1440 famula,
766 1399 816 1432 cuius

116 1461 171 1494 opem
183 1455 200 1484 te
212 1461 313 1494 exposcere
324 1451 404 1485 suadeo:
417 1462 460 1486 ecce
471 1451 575 1485 interuentu
587 1461 628 1485 meo
640 1450 701 1484 diuina
711 1451 744 1484 tibi
754 1456 817 1495 presto

90 1514 108 1544 ²5
118 1509 160 1537 sunt
169 1503 243 1538 solatia?
266 1503 349 1547 Cumque
359 1504 427 1547 regina,
438 1509 457 1538 vt
468 1503 539 1538 iussum
548 1504 612 1545 suerat,
620 1504 681 1538 omnia
692 1504 758 1539 deuote
768 1513 817 1537 com-

117 1557 192 1600 plesset,
200 1566 233 1590 rex
241 1561 343 1590 maternam
351 1557 435 1591 iniuriam
447 1567 491 1601 egre
502 1557 568 1597 ferens,
577 1557 595 1590 in
607 1557 701 1601 pristinam
712 1557 817 1600 dignitatem

117 1620 159 1644 eam
171 1615 248 1652 reuocat,
260 1615 278 1644 ct
288 1611 361 1645 veniam
373 1611 451 1655 supplex
462 1609 514 1655 petit.
559 1603 582 1645 Iu
594 1611 640 1645 sesto
653 1616 715 1645 sancte
729 1609 817 1645 Mildrede

118 1662 191 1705 quidam
206 1672 305 1706 campanas
320 1663 431 1706 pulsantium
446 1667 488 1696 ante
503 1664 558 1696 altare
573 1670 636 1697 sancte
653 1664 730 1708 virgInis
745 1664 817 1701 sedens,

118 1714 198 1749 dormire
206 1715 259 1758 cepit.
282 1715 305 1749 Et
317 1726 360 1749 ecce
370 1715 421 1759 virgo
433 1720 502 1757 sancta,
510 1716 627 1750 inestimabili
637 1717 703 1751 decore
714 1716 787 1760 fulgida,
795 1716 817 1749 de

89 1775 109 1806 30
117 1766 180 1801 tumba
188 1766 294 1810 procedens,
303 1766 374 1811 sibique
382 1766 477 1800 minaciter
488 1767 583 1809 accedens,
591 1766 639 1800 elata
650 1766 711 1811 palma
722 1766 793 1810 alapam
802 1763 818 1798 ei

118 1819 172 1859 dedit,
187 1820 255 1853 docens
270 1829 317 1860 eum,
333 1821 438 1861 oratorium,
450 1830 487 1853 non
503 1819 629 1853 dormitorium
645 1821 670 1853 ibi
686 1832 733 1854 esse.
760 1819 793 1853 llle
808 1829 818 1851 a

118 1881 196 1916 sompno
215 1871 298 1913 exiliens,
317 1871 362 1906 sicut
381 1871 433 1916 prius
452 1872 545 1906 dormiens
563 1872 634 1906 viderat
653 1874 779 1917 prodeuntem,
794 1871 819 1905 ita

117 1935 194 1968 prorsus
208 1924 285 1968 vigilans
300 1926 408 1959 redeuntem
422 1924 467 1959 vidit
481 1918 600 1970 tumbamque
612 1926 727 1960 subeuntem.
769 1917 817 1959 Cum

119 1977 196 2010 ecclesia
210 1977 288 2020 pristine
303 1978 421 2020 requietionis
435 1989 468 2010 sue
484 1978 565 2020 reparari
581 1979 661 2018 deberet,
676 1984 694 2012 et
707 1979 730 2012 de
745 1982 818 2019 sumptu

91 2039 109 2071 35
118 2027 252 2064 solicitarentur
259 2029 316 2072 multi,
324 2029 352 2063 vir
359 2030 433 2073 quidam
441 2028 493 2063 diues
501 2030 546 2064 vidit
554 2030 573 2063 in
584 2029 668 2074 sompnis
676 2035 733 2064 totum
741 2025 819 2063 Thaneti

118 2081 206 2126 populum
219 2081 318 2121 collectum,
330 2082 409 2116 inuicem
424 2083 447 2116 de
459 2088 533 2127 sumptu
547 2083 630 2117 conferre
646 2089 665 2117 et
677 2094 720 2117 ecce
732 2082 787 2116 astitit
800 2081 818 2114 in

119 2132 179 2169 medio
187 2133 248 2177 puella
256 2134 334 2178 quedam
342 2136 408 2169 decora
416 2135 476 2175 nimis,
484 2135 558 2170 dicens:
571 2135 651 2170 ‘Audite
658 2141 750 2170 amatores
758 2134 819 2172 seculi,

119 2192 138 2221 et
152 2187 295 2230 corruptibilium
310 2188 413 2222 facultatum
429 2189 514 2223 custodes
529 2200 550 2223 ac
566 2188 620 2223 serui.
643 2188 682 2223 Vos
697 2199 754 2233 graue
769 2186 819 2221 fertis

120 2249 226 2273 succurrere
237 2239 307 2273 edificio
319 2241 384 2273 domus
396 2241 436 2282 dei3
448 2241 467 2274 in
478 2241 565 2284 perituris
577 2241 674 2283 confiditis,
685 2242 704 2275 in
716 2241 769 2274 bonis
779 2249 819 2283 per-

91 2302 111 2332 40
120 2290 211 2326 mansuris
225 2301 262 2324 non
274 2291 364 2335 speratis;
381 2292 415 2326 sed
430 2303 465 2336 que
481 2293 568 2335 retinetis,
581 2293 672 2336 peribunt,
685 2304 721 2338 que
736 2291 819 2335 erogatis,

120 2344 224 2379 eternaliter
236 2344 355 2388 multiplicata
368 2346 472 2379 manebunt.
496 2345 543 2379 Ecce
557 2356 596 2389 ego,
609 2347 655 2393 plus.
663 2346 748 2380 omnibus
763 2344 819 2382 vobis,

119 2398 161 2434 huic
170 2402 260 2433 structure
268 2397 366 2442 proficiam,
374 2398 416 2443 plus
424 2409 465 2432 mea
473 2398 540 2433 valebit
547 2398 609 2443 inopia
617 2410 672 2443 quarn
680 2398 740 2434 omnis
751 2398 820 2433 habun-

179 2557 185 2575 ¹
195 2559 213 2590 T.
221 2560 239 2591 a.
247 2560 356 2590 inuadendum.
410 2560 416 2577 ²
426 2560 444 2590 a.
452 2560 534 2593 infinitam„
585 2560 619 2593 er.
627 2544 679 2598 ,lna
686 2560 758 2599 paenam.
