1762 2803
151 182 206 227 372·
342 167 661 231 moturemoture.

150 290 202 335 ligari
216 295 234 325 et
247 290 332 332 reserari,
344 290 440 334 ipsamque
456 290 526 324 clauem
540 290 558 324 in
572 290 648 325 fluuium
661 289 746 333 (Abbona
761 295 851 332 vocatum,

150 344 220 387 anglice
226 344 239 387 ¹)
254 344 326 386 Auem,
340 344 421 387 proiecit,
437 349 455 377 et
470 355 536 378 versus
549 343 628 377 Romam
643 343 669 377 ire
685 343 738 387 cepit.
761 343 777 377 Ο
793 344 853 378 virum

151 398 220 432 cunctis
239 396 346 438 mirabilem,
366 407 400 430 nec
419 397 521 431 terroribus
540 407 655 438 concussum,
671 407 705 430 neo
722 396 853 431 blandimentis

151 451 251 490 seductum,
267 461 301 482 uec
316 449 408 483 laboribus
420 451 493 489 victum,
507 450 538 493 qui
553 449 602 483 inter
615 450 697 494 corporis
712 450 741 484 sui
756 460 853 492 pressuras

134 512 142 542 5
151 508 169 536 et
177 502 289 535 abiectiones
297 513 332 535 nec
342 502 445 535 mundanas
456 502 520 536 laudes
531 500 610 545 captauit
619 512 653 536 nee
662 506 749 545 aspectus
759 501 854 536 hominum

151 555 252 590 recusauit!
276 554 420 589 Osortissimum
430 556 519 589 victorem
530 555 618 596 laborum,
629 559 776 599 contemptorem
786 565 853 600 expro-

150 608 258 651 brationum,
274 608 344 653 angelis
360 613 378 642 et
393 608 497 643 hominibus
516 608 644 643 admirandum
659 614 678 643 et
691 613 717 643 tot
734 608 808 653 populis
823 608 854 644 et³

150 662 236 706 gentibus
254 662 378 706 spectaculum
394 661 472 695 iactuml
501 662 568 705 Sicque
587 662 606 695 in
625 667 724 705 conspectu
743 662 853 706 populorum

151 715 216 750 vinctis
222 715 229 734 ¹
236 714 284 749 ferro
294 714 372 758 pedibus
381 715 460 749 Romam
468 715 574 759 ingreditur,
583 719 601 748 et
608 714 627 748 in
636 714 713 749 ecclesia
721 715 771 749 Petri
781 720 853 759 aposto-

125 769 210 802 lolorum
229 768 317 811 principis
336 769 359 802 ad
378 767 479 801 orationem
499 768 626 811 prosternitur.
656 768 708 809 *Qua
727 778 768 802 cum
787 778 854 813 magna

151 819 256 864 prolixitate
274 819 370 863 completa,
389 821 412 853 ad
431 829 483 852 sacra
504 820 586 853 misteria
605 820 714 853 celebranda
734 821 853 854 solemniterG

151 871 275 918 preparaturl.
298 872 375 906 Interim
391 883 470 916 namque
487 872 549 906 famuli
568 872 596 907 sui
615 883 649 916 pro
668 871 712 908 cibis
731 872 815 908 emendis
830 873 853 908 ad

151 926 227 961 fluuium
243 932 332 970 pergunt:
349 931 367 959 et
384 931 446 969 empto
461 926 540 969 quodam
555 924 606 969 pisce
622 936 694 969 magno,
709 930 727 960 et
742 931 853 967 exenterato,

151 980 261 1023 compedum
273 979 361 1013 clauicula
372 979 438 1023 quibus
448 984 522 1013 sanctus
531 980 589 1022 pedes
600 979 715 1019 astrinxerat,
723 978 742 1012 in
752 979 854 1013 visceribus

125 1048 143 1079 15
151 1032 249 1075 inuenitur,
261 1032 366 1077 ferrumque
383 1033 432 1076 quod
444 1031 516 1076 anglica
526 1031 593 1066 Auena
604 1032 729 1074 absorbuerat,
745 1042 820 1066 romana
832 1034 853 1075 ll)

151 1086 223 1120 Tiberis
235 1086 301 1119 exalat.
323 1085 384 1119 Allata
399 1086 467 1119 famulo
479 1085 508 1119 dei
523 1085 615 1126 clauicula,
626 1085 715 1119 voluntati
730 1085 759 1119 dei
775 1097 795 1120 se
811 1087 853 1120 sub-

151 1139 220 1180 iiciens
235 1149 296 1172 coram
315 1138 385 1173 cunctis
404 1138 474 1172 clauem
489 1138 559 1182 accepit
574 1143 592 1171 et
607 1137 679 1172 vincula
698 1149 731 1172 sua
746 1138 835 1173 reserauit
842 1139 854 1174 ⁷.

151 1192 206 1226 Tanti
225 1191 307 1224 miraculi
325 1192 396 1224 nouitas
415 1191 434 1224 in
454 1202 518 1225 omnes
537 1191 603 1234 erupit,
621 1190 702 1225 Romam
721 1191 789 1235 implet.
818 1192 853 1234 Qui

151 1243 260 1277 miserabilis
269 1248 287 1277 et
294 1244 361 1277 noxius
370 1244 473 1286 putabatur,
481 1248 555 1277 sanctus
563 1248 581 1277 et
589 1244 699 1278 venerabilis
710 1245 853 1279 commendatur.

124 1311 143 1333 20
152 1297 197 1339 Quis
209 1297 260 1330 illum
272 1297 335 1331 uidere
347 1307 384 1330 non
396 1297 488 1331 certabat?
502 1295 542 1340 quis
556 1296 578 1330 ab
593 1307 614 1330 eo
630 1295 713 1331 benedici
728 1307 765 1330 non
779 1296 854 1331 festina·

151 1349 206 1384 batli
229 1349 272 1394 lpse
286 1348 340 1384 etiam
354 1349 469 1383 reuerendus
482 1359 535 1393 papa,
549 1349 621 1393 cognito
637 1350 695 1383 sancti
709 1349 769 1393 [νίῑί]θ
782 1350 854 1393 ngini

151 1403 236 1443 aduentu,
250 1402 316 1436 auditis
331 1402 423 1435 laboribus
435 1407 453 1435 et
465 1401 554 1446 angustiis
568 1403 587 1436 in
599 1402 664 1437 itinere
677 1403 700 1437 ab
716 1414 738 1438 eo
754 1405 854 1447 perpessis,

151 1461 170 1491 et
183 1456 260 1500 qualiter
273 1455 390 1499 omnipotens
402 1456 487 1490 dominus
501 1465 543 1490 eum
557 1466 567 1490 a
581 1455 659 1490 nexibus
670 1456 797 1498 absoluerat¹⁰‚
811 1467 854 1492 eum

152 1510 237 1544 accersiri
245 1509 298 1543 fecit:
311 1514 329 1542 et
336 1509 429 1543 volentem
440 1509 475 1542 sibi
484 1510 575 1551 prosterni
587 1509 642 1552 digna
652 1511 755 1544 reuerentia
766 1511 853 1553 detinuit3

125 1575 143 1606 ²5
152 1573 207 1606 quem
226 1563 336 1597 benedicere
355 1563 448 1603 debuerat,
464 1562 486 1594 ab
504 1573 525 1595 eo
544 1561 628 1595 benedici
644 1567 662 1596 et
677 1563 747 1596 absolui
766 1563 822 1606 petiit,
836 1570 855 1598 et

153 1615 187 1649 sibi
206 1615 302 1649 considere
317 1615 364 1648 fecit.
391 1614 442 1648 Ante
456 1614 526 1648 illum¹¹
541 1614 638 1648 missarum
654 1615 743 1649 solemnia
761 1616 854 1651 celebrare

153 1668 222 1711 coegit3
237 1669 260 1701 ad
275 1668 314 1701 eius
329 1667 422 1710 singulare
435 1666 545 1710 colloquium
559 1672 577 1701 et
592 1667 688 1701 consilium
703 1668 810 1712 frequenter
823 1671 854 1704 ad-

153 1721 227 1763 missus,
232 1720 310 1764 gratiose
318 1719 394 1754 audituri
417 1720 546 1754 Controuersie
554 1730 588 1754 sue
596 1726 614 1753 et
621 1719 692 1754 itineris
700 1722 772 1755 causa¹²
780 1723 854 1757 tandem

153 1785 215 1808 coram
223 1784 296 1807 summo
303 1773 390 1816 pontifice
398 1773 477 1815 recitata,
486 1773 569 1807 discussa
574 1772 586 1791 ¹³¹
595 1778 613 1807 et
624 1774 729 1808 omnimoda
736 1774 854 1810 ventilatione

125 1841 145 1870 30
153 1827 176 1859 ad
186 1831 249 1860 votum
259 1826 341 1866 diffinita,
352 1836 394 1859 oum
405 1825 504 1868 apostolica
513 1825 641 1859 benedictione
652 1831 670 1859 et
681 1827 746 1861 litteris
756 1829 779 1862 ad
790 1830 854 1863 sedem

152 1878 247 1922 propriam
257 1888 354 1921 regressus
366 1883 399 1911 est.
422 1877 495 1911 Auditis
507 1882 567 1911 autem
579 1889 613 1912 rex
624 1878 716 1912 miraculis
728 1885 746 1913 et
757 1881 854 1915 virtutibus

152 1943 187 1975 per
199 1937 282 1964 sanctum
297 1931 356 1963 virum
372 1930 454 1973 patratis,
470 1930 569 1973 plurimum
583 1931 684 1974 gratulatus
699 1931 718 1966 in
733 1933 808 1975 propria
821 1943 855 1968 sua

152 1985 197 2018 sede
210 1983 289 2018 restituit
301 1994 354 2018 cum:
371 1982 402 2016 ⁵et
417 1994 454 2016 non
467 1982 526 2016 solum
539 1988 591 2027 pater
603 1982 708 2027 spiritualis,
719 1994 784 2018 verum
799 1985 854 2020 etiam

152 2036 201 2071 circa
215 2036 263 2070 filios
279 2036 318 2070 eius
337 2042 432 2080 compater
446 2036 504 2070 factus
521 2036 563 2079 [est]
569 2035 582 2054 ¹⁴
597 2036 681 2079 carnalis,
697 2037 732 2070 et¹⁵
748 2037 796 2072 filios
811 2049 855 2072 suos

126 2099 144 2130 55
153 2089 217 2123 litteris
230 2095 248 2122 et
261 2089 343 2122 moribus
355 2088 480 2122 informandos
492 2098 527 2122 rex
540 2090 669 2123 commendare
685 2089 769 2123 curauitt.
815 2084 855 2126 Illis

153 2143 218 2176 diebus
237 2143 287 2175 loeus
304 2147 343 2175 erat
361 2142 380 2174 in
398 2140 489 2174 territorio
506 2140 632 2184 Wigoruiensi
651 2141 711 2175 dumis
730 2147 749 2175 et
766 2143 854 2186 vepribus

153 2194 253 2229 condensis
266 2194 351 2235 incultus,
365 2193 396 2237 qui
410 2205 420 2227 a
435 2194 529 2228 modernis
542 2193 726 2228 Eoueshammium1¹
739 2196 853 2240 appellatur:

153 2247 209 2294 Hunc
228 2247 292 2280 beatus
308 2246 396 2288 Egiuinus
411 2256 422 2278 a
437 2256 481 2288 rege
497 2246 607 2280 Marciorum
627 2247 726 2281 Ethelredo
745 2248 821 2292 expetiit
837 2254 855 2283 et

153 2298 236 2334 obtinuit.
259 2298 320 2343 Super
332 2298 381 2331 illam
392 2308 465 2341 quoque
478 2297 544 2331 siluam
558 2302 635 2341 quatuor
646 2303 688 2342 past
688 2309 730 2333 ores
741 2310 819 2343 gregum
832 2301 855 2335 ad

125 2365 145 2393 40
153 2353 237 2387 victualia
245 2362 341 2386 seruorum
349 2350 379 2384 dei
387 2355 419 2384 nut
413 2350 484 2384 trienda
492 2362 536 2385 cons
538 2351 595 2386 tituit:
608 2362 632 2386 ex
641 2351 707 2396 quibus
715 2363 767 2394 unus¹
777 2352 856 2388 Eoues¹⁷

172 2465 336 2502 ¹Abbona—auglice
343 2475 373 2494 om.
381 2465 397 2493 in
404 2464 458 2494 T.Vit.
495 2463 597 2495 ¹T.Auene.
635 2464 692 2495 tuoni
701 2475 724 2496 ac.
763 2465 855 2497 ⁴E.vintis.

152 2504 177 2523 ⁵·¹
188 2515 218 2534 om.
225 2506 242 2534 in
250 2505 270 2535 R.
305 2505 311 2522 ὓ
321 2505 361 2535 Bon
370 2505 390 2534 ad
397 2513 441 2534 sacra
448 2504 531 2534 Missurum
539 2504 616 2534 solemnia
625 2504 724 2536 celebranda.
763 2505 769 2523 ⁷
779 2506 797 2536 Ε.
805 2516 855 2536 reser-

154 2544 200 2574 uauit.
251 2544 286 2574 8Ε.
296 2544 403 2575 festinabatur.
454 2544 495 2573 ⁹So
506 2543 533 2578 i'.;
547 2553 577 2574 orn.
588 2545 604 2573 in
614 2545 631 2574 E.
683 2545 694 2561 ¹⁰
705 2545 723 2574 T.
733 2545 751 2575 E.
761 2545 855 2575 absolueret.

152 2584 163 2602 ¹¹
174 2584 214 2613 Boii
221 2594 243 2613 se.
281 2584 292 2602 ¹¹
302 2585 320 2615 T.
328 2594 395 2614 causam.
434 2583 445 2603 ¹³
457 2584 476 2614 R.
484 2588 500 2614 et
507 2593 548 2614 omn.
556 2593 570 2614 v.
579 2585 667 2615 examinata
675 2587 695 2615 et.
735 2583 746 2602 ¹¹
757 2584 779 2615 So
786 2585 814 2623 T.,·
824 2595 854 2616 om.

152 2623 280 2655 inE.andBoll.
322 2625 333 2642 ¹⁵
345 2624 385 2656 Boll.
394 2624 414 2654 ei.
455 2623 641 2656 ¹⁰'i¹.E0uesnamium.,
669 2624 680 2643 ¹¹
691 2624 709 2655 E.
718 2635 772 2655 eones.
