1762 2803
116 103 145 147 50
305 91 384 144 niune
400 88 516 151 lienam
532 87 625 151 unalia

115 210 208 255 Albanus;
221 221 277 256 surge
288 211 374 245 velociter
385 216 403 245 et
414 221 493 255 sequere
504 210 545 245 me)
568 209 604 253 Qui
616 209 677 244 statim
689 219 772 254 surgens,
784 220 818 254 per

116 265 150 299 tria
161 265 238 299 miliaria
247 275 305 308 nsque
313 266 335 298 ad
343 265 404 299 villam
413 264 487 298 nomine
496 265 597 298 Redburna
608 264 719 307 sequebatur
729 268 817 297 sanctum.

116 318 168 353 Tunc
184 324 257 353 sauctus
270 317 354 352 Albanus
369 317 463 361 paululum
475 328 486 351 a
499 317 528 352 via
541 316 640 358 declinans,
652 316 769 360 apprehensa
783 315 818 350 viri

116 381 172 404 manu
184 370 238 405 dixit:
251 370 283 403 ‘ln
295 370 329 404 hoc
341 371 381 403 loco
392 370 452 404 iacent
463 370 540 413 reliquie
548 369 654 413 Amphibali
666 369 748 412 magistri
760 369 817 403 mei':

99 423 140 461 5Et
153 422 218 466 pollice
228 422 262 456 viri
275 427 342 455 terram
354 423 377 455 ad
390 422 448 455 instar
461 422 519 455 crucis
532 422 614 465 aperuit:
631 427 649 455 et
664 432 730 455 euersa
743 421 818 463 cespitis

116 475 187 508 modica
198 475 287 517 portione,
301 474 354 517 quasi
367 476 459 516 quoddam
475 474 563 508 scrinium
578 474 684 517 apparebat,
700 474 751 507 cuius
767 484 818 507 resu-

116 528 178 571 pinato
188 526 273 570 operculo
283 526 371 570 splendor
379 527 447 559 nimius
456 527 521 560 exiens
529 527 593 560 orbem
601 526 715 560 illuminauit,
739 525 819 559 Reclusa

115 590 159 614 vero
174 590 234 622 capsa,
249 584 267 613 et
282 580 363 622 reposito
378 580 453 623 cespite,
470 579 515 613 dixit
530 579 625 613 Albanus:
642 579 709 623 ‘Signa
721 579 818 622 diligenter

115 633 180 673 locum,
195 638 212 666 et
227 643 290 666 eamus
306 632 349 666 hinc
361 637 379 666 et
394 633 417 666 ad
433 632 493 665 locum
506 632 555 665 vnde
569 632 680 665 recessimus
693 632 818 666 reuertamur!

86 695 108 714 ·10
116 685 215 729 Regressis
222 684 263 726 illis,
272 691 346 719 sanctus
355 685 451 719 ecclesiam
462 696 515 718 suam
525 684 605 726 intrauit,
613 690 631 718 et
642 685 697 718 homo
705 685 736 718 ille
743 684 818 728 proprio

115 750 136 772 se
148 739 194 772 lecto
206 737 280 782 recepit.
304 737 377 782 Elapsis
389 743 431 782 post
442 738 476 771 hec
488 738 559 772 duobus
571 737 630 780 annis,
638 737 687 771 idem
695 738 723 771 vir
731 737 818 771 diuinitus

116 790 225 832 admonitus,
240 789 301 823 abbati
312 790 396 823 ordinem
407 790 434 823 rei
447 796 499 833 geste
513 790 618 830 deuudauit,
630 795 648 823 et
659 790 718 823 locum
733 789 818 822 fratribus

116 843 201 877 ostendit.
224 843 260 885 Qui
272 848 339 877 terram
354 843 465 887 aperientes,
477 848 560 877 sanctum
569 842 702 886 Amphibalum
712 843 761 876 inter
771 853 819 876 mar-

116 902 167 940 tyres
179 897 225 929 duos
237 896 323 938 medium,
336 902 354 930 et
365 897 453 930 ambobus
465 897 593 937 collateralem,
605 896 658 930 tertio
672 901 753 939 martyre
766 896 819 938 quasi

91 959 108 989 15
117 960 140 982 ex
152 954 257 982 transuerso
271 953 289 982 et
302 948 385 993 opposito
397 949 457 982 locum
470 948 570 983 solitarium
584 954 689 992 occupante,
703 948 819 982 inuenerunt.

117 1002 168 1035 Inter
181 1001 267 1045 martyris
283 1001 369 1045 reliquias
384 1002 452 1036 cultelli
467 1003 503 1035 duo
514 1002 587 1044 reperti
603 1007 655 1044 sunt3
672 1002 780 1045 nullumque
795 1013 819 1035 ex

116 1054 188 1088 ossibus
200 1053 239 1088 eius
250 1054 342 1097 integrum
353 1055 458 1098 apparebat,
468 1065 510 1088 cum
521 1053 598 1088 aliorum
610 1059 715 1088 sanctorum
727 1065 769 1088 ossa
780 1054 819 1088 iere

116 1106 168 1140 illesa
176 1107 313 1150 perdurassent.
336 1107 437 1151 Lapidibus
448 1107 498 1141 euim
512 1112 644 1151 conquassatus
655 1107 743 1149 occubuit,
752 1112 770 1140 et
777 1112 819 1150 post

116 1159 156 1193 eius
171 1164 249 1192 mortem
262 1165 401 1202 persecutorum
416 1160 521 1193 immanitas
535 1159 620 1193 exanima
635 1160 717 1193 membra
732 1170 819 1193 saxorum

89 1222 107 1243 ao
116 1211 181 1245 ictibus
192 1211 252 1245 obruit
264 1216 282 1244 et
293 1212 387 1255 confregit.
433 1204 483 1246 Cum
492 1212 541 1245 enim
553 1211 625 1245 siccitas
635 1222 702 1255 magna
709 1211 745 1244 illis
754 1211 819 1245 diebus

116 1264 241 1307 perdurasset,
255 1264 330 1299 eleuatis
343 1265 366 1298 de
379 1268 428 1298 terra
443 1264 524 1308 reliquiis
540 1264 613 1306 sanctis,
624 1269 674 1298 tauta
688 1264 750 1308 pluuie
765 1264 819 1299 inun-

116 1317 164 1349 datio
172 1317 219 1349 facta
226 1322 260 1358 est,
266 1323 290 1358 vt,
298 1322 347 1350 terra
354 1317 428 1350 vberius
437 1317 495 1350 imbre
503 1316 583 1360 perfusa,
591 1317 688 1360 desperate
695 1316 758 1359 fruges
766 1328 819 1359 spem

115 1369 198 1403 letiorem
212 1369 365 1413 repromitterent.
388 1370 447 1403 Multa
459 1380 531 1414 quoque
546 1369 639 1409 miracula,
654 1369 749 1403 breuitatis
764 1380 820 1403 causa

116 1423 151 1455 hoc
162 1421 181 1455 in
193 1422 232 1455 loco
244 1422 369 1465 pretermissa,
377 1423 401 1456 ad
412 1423 485 1456 laudem
495 1427 514 1456 et
524 1422 601 1465 gloriam
611 1422 639 1457 sui
649 1422 729 1457 nominis
740 1422 820 1457 saluator

90 1487 108 1515 ²5
117 1479 180 1509 noster
187 1485 221 1518 pro
229 1479 310 1518 martyre
319 1485 352 1508 suo
360 1475 440 1518 glorioso
448 1476 546 1508 ostendere
554 1475 638 1518 dignatus
647 1480 679 1508 est.

141 1595 187 1637 [MS.
196 1594 236 1628 Tib.
244 1595 300 1628 adds:
415 1595 529 1628 incidenda!

139 1665 175 1706 Vir
188 1671 262 1716 quidam
275 1672 329 1717 longe
342 1672 457 1716 profecturus
471 1672 539 1706 sanctis
553 1672 657 1707 martiribus
671 1673 738 1707 Cosme
752 1679 770 1707 et
784 1674 819 1717 Da·

118 1725 179 1760 miano
195 1736 272 1760 uxorem
288 1736 340 1760 suam
356 1726 496 1768 commendauit,
512 1727 559 1760 dans
573 1726 590 1760 ei
603 1726 676 1770 signum
692 1727 721 1761 cui
736 1727 819 1771 protinus

118 1779 193 1813 deberet
207 1789 294 1819 annuere,
307 1779 322 1813 si
338 1779 435 1822 aliquando
449 1790 490 1814 eam
502 1784 581 1814 uocaret.
604 1779 648 1814 Post
662 1780 696 1813 hec
708 1786 769 1814 autem
783 1781 819 1815 dia-

116 1832 174 1874 bolus,
188 1831 261 1874 signum
278 1833 327 1874 quod
342 1831 418 1866 maritus
432 1832 507 1866 dederat
522 1843 642 1876 cognoscens,
655 1843 675 1866 se
691 1832 710 1866 in
725 1833 819 1867 hominem

90 1885 253 1927 sotransfignrauit
268 1890 286 1918 et
301 1884 354 1918 uxori
372 1884 445 1928 signum
460 1885 495 1918 uiri
511 1885 590 1919 offerens
605 1884 662 1919 dixit:
681 1885 724 1918 ‘Vir
739 1890 781 1919 tuus
797 1887 819 1919 ab

116 1938 147 1973 illa
162 1937 235 1971 ciuitate
250 1948 280 1971 me
297 1937 346 1971 misit
361 1938 384 1971 ad
399 1943 423 1980 te,
438 1942 458 1971 ut
474 1939 539 1972 ducam
554 1943 573 1972 te
588 1938 611 1972 ad
627 1939 680 1973 eum!
703 1938 728 1972 At
744 1938 779 1979 illa,
793 1938 819 1973 ire

116 1991 221 2032 formidans,
237 1990 272 2024 ait:
289 1990 376 2034 ‘Signum
390 1991 464 2034 quidem
478 2001 568 2034 agnosco3
586 1996 614 2025 set
630 1991 672 2035 quia
687 1991 756 2025 sanctis
771 2003 819 2026 mar-

116 2043 181 2078 tiribus
197 2043 264 2077 Cosme
279 2047 298 2077 et
310 2043 400 2077 Damiano
416 2045 543 2077 commendata
556 2055 602 2086 sum,
616 2055 672 2088 super
685 2055 750 2078 eorum
763 2044 819 2078 altare

117 2096 172 2131 michi
184 2096 223 2130 iura
236 2096 284 2140 quod
297 2106 381 2130 securam
394 2107 425 2131 me
438 2097 505 2132 duces:
522 2101 540 2131 et
552 2102 595 2131 tunc
609 2097 693 2140 protinus
705 2102 765 2131 tecum
778 2108 820 2140 pro-

90 2149 197 2190 35ficiscar.’
225 2148 259 2181 Ille
277 2153 339 2180 autem
358 2149 448 2189 continuo,
467 2155 487 2181 ut
505 2149 582 2189 dixerat,
601 2149 636 2181 sibi
654 2149 725 2181 iurauit.
753 2150 820 2182 Secuta

117 2200 171 2245 igitur
185 2211 226 2235 eum
242 2211 284 2235 cum
297 2201 320 2234 ad
334 2201 425 2244 quendam
439 2200 499 2235 locum
510 2206 601 2235 secretum
613 2201 700 2242 uenisset,
710 2201 767 2235 uoluit
779 2212 819 2235 eam

118 2254 201 2288 diabolus
216 2253 239 2287 de
258 2253 339 2287 iumento
358 2253 471 2296 precipitare,
487 2258 506 2288 ut
525 2253 585 2296 ipsam
604 2253 699 2287 occideret.
722 2254 775 2295 Quod
790 2255 820 2288 illa

118 2307 208 2346 senciens,
224 2307 327 2340 exclamare
343 2305 400 2348 cepit:
420 2306 483 2340 ‘Deus
496 2311 600 2339 sanctorum
616 2305 684 2339 Cosme
697 2312 715 2339 et
729 2306 820 2347 Damiani,

118 2358 184 2393 adiuua
196 2370 240 2394 me:
258 2358 316 2393 Vobis
332 2358 381 2393 enim
397 2358 466 2393 credidi
481 2364 499 2393 et
512 2364 575 2393 secuta
588 2368 629 2392 sum
642 2360 695 2393 euml
719 2359 819 2394 Confestim

91 2427 111 2455 40
119 2417 179 2445 autern
188 2412 245 2446 sancti
253 2423 295 2445 cum
307 2412 421 2446 multitudine
430 2412 555 2446 dealbatorum
567 2411 635 2445 ibidem
647 2412 738 2447 affuerunt
750 2418 768 2447 et
779 2424 820 2447 eam

119 2465 223 2498 liberarunt.
246 2465 333 2499 Diabolus
349 2465 398 2499 enim
414 2465 475 2499 statim
490 2465 569 2498 euanuit.
593 2464 617 2497 Et
632 2465 717 2500 dixerunt
736 2466 819 2500 mulieri:

285 2538 290 2556 ¹
301 2539 324 2570 Cs.
334 2540 409 2578 Legenda
415 2539 474 2576 Aurea,
482 2539 507 2569 ed,
515 2538 588 2576 Graesse,
596 2548 610 2577 p.
618 2539 652 2577 638.
