1762 2803
185 107 230 162 Ba
245 105 345 159 &aneto
362 104 495 156 armanno
511 103 642 166 aristam.
721 117 765 162 317

64 239 106 263 cere
118 228 230 272 desperaret,
242 227 267 262 ait
279 226 296 262 ei
308 232 366 261 mater
377 236 421 261 sua:
434 226 475 268 ‘fi1i‚
486 231 505 260 vt
516 226 599 269 arbitror,
610 226 713 260 inordinata
724 232 765 261 ton-

65 293 108 317 sura
120 281 188 315 doloris
200 287 228 315 est
240 291 295 314 causa
306 290 362 325 quem
372 279 451 324 pateris.¹
475 280 588 314 clericaliter
599 279 666 314 deinde
677 285 766 320 attonsus,

64 334 132 369 doloris
147 334 280 377 inc0m[m]odo
294 344 410 377 nequaquam
426 338 455 367 est
469 338 552 367 vexatus.
596 326 672 367 Accidit
684 332 734 367 enim
746 338 766 367 vt

65 388 117 423 cum¹
125 387 144 421 in
152 392 205 432 prato
213 387 299 431 quodam,
308 385 381 421 Oronie
387 385 452 428 vicino,
461 385 563 430 spatiandil
570 395 625 420 eausa
633 395 717 421 seorsum
725 384 766 427 iret,

65 439 149 485 apparuit
162 451 209 484 puer
223 439 324 484 speciosus,
336 439 362 473 sic
376 439 474 483 inquiens:
487 439 558 480 ¹Salue,
570 438 636 474 dilecte
648 439 696 474 mil'
719 438 783 477 Sub-5

64 493 170 536 iunxitque:
183 492 251 527 ‘Miror
258 492 311 527 valde
319 492 368 537 quod
378 492 411 526 tibi
419 503 460 526 sum
468 492 493 526 ita
500 492 609 537 incognitus,
617 492 714 537 presertim
724 502 766 526 cum

65 548 88 580 ad
101 547 149 578 latus
162 552 214 579 tuum
226 546 245 579 in
259 546 314 579 scolis
328 546 414 588 quotidie,
428 550 446 579 et
458 545 506 587 alibi,
519 556 581 580 comes
596 545 702 580 indiuiduus
717 546 766 579 exis·

64 604 107 632 tam.
131 597 211 641 Respice
221 597 276 641 igitur
283 596 302 631 in
313 597 378 631 faciem
388 607 459 631 meam:
472 603 490 630 et
498 597 546 641 quod
556 596 581 630 ibi
593 597 681 641 scriptum
691 596 766 637 videris,

65 649 142 694 singulis
151 649 235 684 noctibus
243 649 298 683 fronti
306 655 338 684 tue
347 649 442 694 imprime!
465 650 509 683 Erat
520 655 581 683 autem
592 650 681 693 scriptum
689 649 766 684 ‘lhesus

64 698 167 738 nazarenus
181 713 214 737 rex
228 702 337 737 Iudeorum.'
368 702 409 737 Hoc
423 703 497 747 quidem
510 703 562 737 titulo
578 702 687 737 Edmundus
702 708 766 737 contra
775 711 794 733 10

65 761 144 790 mortem
157 755 236 790 subitam
249 761 268 790 et
281 762 344 789 contra
357 755 472 790 incursiones
485 756 562 790 hostiles
572 755 638 800 iugiter
649 766 670 790 se
681 755 766 790 muniuit.

65 808 138 842 Extunc
147 808 199 842 duxit
209 807 228 842 in
239 807 396 850 consuetudinem,
404 808 454 842 omni
465 808 510 842 hora
517 808 554 842 diei
562 812 580 842 et
589 807 648 842 noctis
655 808 715 852 aliqua
723 819 766 852 pas-

38 899 40 904 *
66 862 123 896 sionis
138 861 241 897 dominice*¹
255 861 334 906 insignia
349 862 455 897 meditando
469 861 556 897 recolere.
582 861 636 896 Vnde
651 872 693 896 cum
708 861 767 897 semel

65 920 137 948 noctem
146 915 237 959 quandam
246 915 355 958 prepeditus
362 915 433 958 absque
439 914 475 947 vlla
484 914 576 958 passionis
585 914 675 947 dominice
684 915 767 947 recorda·

65 968 114 1002 tione
122 968 225 1008 transisset,
233 978 276 1001 ecce
287 968 335 1001 circa
346 977 430 1001 auroram
441 967 525 1011 apparuit
535 967 621 1010 antiquus
629 967 693 1009 hostis,
700 972 767 1000 vtram-
777 976 794 1005 ¹5

65 1031 101 1063 que
115 1029 189 1053 manum
202 1019 241 1054 eius
251 1019 334 1063 alligans,
345 1029 369 1053 ne
380 1020 454 1063 signare
465 1029 486 1053 se
498 1024 566 1062 posset.
589 1019 626 1054 Sed
639 1019 738 1053 Edmundo
748 1019 767 1054 in

66 1072 131 1116 spiritu
148 1077 218 1114 orante,
234 1072 309 1107 auulsus
328 1072 386 1107 hostis
404 1071 454 1106 inter
469 1070 559 1116 parietem
576 1077 594 1106 et
611 1071 678 1106 lectum
697 1070 768 1106 cecidit.

66 1125 126 1168 Quem
138 1137 172 1169 per
183 1131 246 1169 guttur
256 1125 355 1170 stringens,
363 1124 452 1160 adiurauit
464 1125 482 1159 in
493 1124 560 1160 virtute
571 1123 663 1169 passionis
675 1130 693 1159 et
704 1135 768 1169 asper·

66 1178 123 1212 sionis
134 1178 229 1223 sanguinis
241 1179 314 1221 Christi,
322 1184 341 1213 vt
353 1178 370 1212 ei
380 1178 450 1212 diceret
460 1179 479 1212 in
488 1188 524 1222 quo
533 1178 575 1223 plus
585 1178 644 1213 arceri
651 1184 721 1222 posset.
744 1179 767 1212 Et

65 1231 106 1267 ille:
120 1231 166 1266 ‘Per
173 1232 217 1265 illud
226 1232 274 1277 quod
284 1232 339 1266 modo
347 1225 553 1266 nominasti.'—⁴Alia
560 1230 606 1274 vice,
614 1232 658 1266 dum
665 1231 766 1267 orationem
776 1241 795 1264 πο

66 1285 157 1329 quandam
169 1286 222 1320 beate
234 1284 291 1320 Marie
302 1291 321 1320 et
330 1285 417 1319 Iohannis
429 1284 547 1329 Euangeliste
558 1285 618 1320 dicere
628 1285 727 1328 omisisset,
735 1297 767 1330 ap·

65 1338 125 1381 paruit
140 1338 157 1372 ei
170 1338 189 1371 in
205 1338 275 1371 somnis
287 1338 352 1372 beatus
367 1337 465 1380 Iohannes,
479 1348 520 1372 cum
536 1337 594 1372 ferula
608 1343 705 1382 percutere
718 1349 767 1372 com-

66 1391 150 1424 minatus.
196 1383 299 1433 instigante
314 1390 364 1425 enim
381 1390 456 1433 antiquo
471 1391 530 1431 hoste,
542 1390 579 1424 filia
594 1390 667 1434 hospite
682 1402 715 1425 sue
730 1402 766 1425 non

66 1442 126 1476 solum
137 1441 195 1486 signis
206 1447 224 1476 et
235 1441 326 1485 nutibusl,
335 1441 368 1476 sed
379 1447 397 1476 et
404 1442 466 1476 verbis
475 1441 593 1477 Edmundum
601 1442 624 1476 ad
632 1441 694 1477 illicita
701 1453 768 1487 prouo-

66 1495 124 1535 cabat,
136 1505 171 1529 nec
184 1495 258 1535 destitit,
273 1495 332 1529 donee
347 1495 370 1528 ad
384 1505 475 1529 cameram
488 1495 522 1529 viri
538 1495 568 1529 dei
579 1495 663 1536 veniens,
676 1496 768 1540 expoliata
777 1505 796 1535 ²5

66 1547 194 1591 flagellaretur,
239 1540 327 1592 Cumque
338 1558 373 1591 per
382 1547 462 1592 puellam
470 1547 556 1583 inimicus
563 1547 609 1583 nihil
620 1548 724 1593 proficeret,
735 1560 769 1594 per

67 1601 180 1635 matronam⁰
192 1603 290 1645 quandam,
304 1600 379 1635 donaria
391 1600 499 1635 afferentem
511 1601 563 1646 quasi
577 1602 611 1635 sub
625 1602 708 1647 obsequii
719 1603 769 1637 vela·

66 1654 120 1696 mine,
128 1659 203 1688 conatus
213 1660 242 1689 est
251 1655 369 1689 Edmundum
376 1654 500 1699 supplantare.
523 1654 561 1690 Sed
570 1653 600 1690 ille
608 1654 649 1690 sine
658 1654 717 1690 mariti
725 1667 768 1691 con·

67 1708 143 1741 scientia
150 1708 196 1741 nihil
206 1708 289 1751 recipere
296 1708 366 1748 volens,
374 1708 423 1741 illam
430 1708 541 1742 verecundia
552 1707 578 1742 sic
590 1708 662 1743 delusit.
696 1701 769 1754 Quam-

67 1760 96 1794 uis
111 1760 161 1794 enim
176 1771 214 1795 non
228 1766 277 1796 esset
290 1760 402 1805 promotus⁷‚
413 1759 471 1794 lactus
483 1766 545 1795 tamen
559 1761 646 1806 magister
661 1762 680 1796 in
693 1762 769 1804 artibus,
777 1772 797 1801 30

67 1819 165 1857 antequam
175 1815 249 1858 legeret,
259 1814 335 1848 missam
344 1814 412 1854 audire,
424 1814 479 1847 horas
490 1813 586 1847 canonicas
597 1814 658 1848 dicere
668 1816 768 1850 consueuit.

68 1864 166 1900 Pecuniam
177 1877 187 1900 a
196 1866 296 1900 scolaribus
305 1871 398 1909 acceptam
408 1866 484 1909 puluere
492 1866 578 1909 operiens
586 1865 604 1900 in
613 1866 694 1901 fenestra
702 1868 768 1910 posuit,

67 1917 142 1951 dicens:
162 1919 231 1952 ‘Terra
245 1924 299 1960 terre,
314 1917 375 1962 puluis
392 1918 464 1962 pulueri
481 1919 546 1951 merito
562 1918 617 1952 debet
632 1920 768 1954 commendari!

66 1969 121 2004 Vnde
132 1982 177 2015 sepe
189 1982 199 2005 a
211 1972 265 2006 sociis
275 1972 320 2013 ioco,
328 1976 346 2005 et
354 1982 365 2004 a
373 1972 443 2004 iuribus
451 1971 532 2007 clanculo
540 1971 672 2014 asportabatur.
717 1964 767 2007 Cum

68 2023 200 2059 arithmeticam
211 2025 285 2069 legeret,
295 2024 380 2068 apparuit
390 2024 407 2058 ei
417 2023 435 2057 in
447 2023 517 2058 somnis
529 2029 587 2058 mater
596 2035 629 2059 sua
639 2025 708 2059 dudum
720 2036 768 2060 mor·
777 2036 796 2065 35

68 2080 104 2119 tua,
116 2088 196 2120 querens
209 2077 252 2121 quid
264 2077 339 2121 legeret,
351 2088 410 2121 queve
422 2081 485 2112 essent
497 2077 555 2122 figure
567 2077 597 2112 ille
608 2077 674 2122 quibus
685 2077 769 2114 intendit.

68 2128 182 2173 Respondit:
199 2131 261 2165 ‘Talia
274 2137 317 2165 sunt
331 2136 349 2165 et
362 2131 415 2165 talia!
443 2131 476 2165 llla
485 2141 529 2165 vero
542 2131 625 2174 depinxit
636 2131 654 2165 in
667 2142 722 2166 manu
735 2143 769 2167 sua

68 2183 144 2216 dextera
158 2190 197 2218 tres
215 2185 297 2226 circulos,
316 2190 393 2228 patrem,
408 2183 471 2224 filium,
487 2189 504 2217 et
521 2183 605 2227 spiritum
624 2190 707 2218 sanctum
727 2196 769 2219 con-

68 2234 158 2278 tinentes3
176 2237 227 2278 ‘His¹
240 2236 303 2280 inquit,
317 2236 348 2278 fili,
362 2237 385 2271 de
399 2242 461 2270 cetero
475 2235 551 2270 intende
565 2235 639 2279 figuris!
685 2230 738 2270 Raro
749 2238 768 2272 in

68 2288 146 2322 ecclesia
157 2289 210 2330 sedit,
218 2290 251 2324 sed
262 2294 292 2323 aut
303 2295 355 2324 stans
365 2294 396 2323 aut
407 2299 467 2333 genua
475 2289 552 2323 flectens
560 2288 648 2323 exorauit.
671 2288 716 2324 Pilis
724 2300 769 2333 quo·
777 2300 797 2330 40

68 2350 104 2383 que
116 2342 180 2385 capitis
193 2347 211 2376 et
224 2343 280 2377 barbe
292 2353 326 2387 pre
340 2341 396 2375 nimia
406 2340 516 2375 abstinentia
527 2341 655 2382 defluentibus,
668 2341 716 2376 labia
729 2343 769 2378 eius

68 2392 113 2427 fissa
126 2394 240 2438 videbantur,
255 2396 305 2430 velut
322 2396 398 2429 humore
414 2406 471 2438 egens
488 2394 541 2429 hians
560 2400 614 2429 terra.
637 2394 698 2430 Pridie
713 2407 769 2441 quam

68 2446 172 2490 celebrauit,
185 2454 204 2483 et
219 2448 260 2493 ipso
275 2448 401 2482 celebrationis
417 2448 452 2489 die,
467 2459 532 2482 carnes
551 2458 588 2481 non
605 2449 691 2492 gustauit.
714 2450 769 2484 Carni

88 2526 175 2559 ¹om.inT.
196 2528 316 2567 ²E.spaeiendi.
336 2527 539 2565 ³T.dominicepassionis.
562 2525 770 2568 ⁴Fr0mlligtlen(cs.Dec.

69 2564 125 2604 Seript.
133 2569 184 2608 2432).
193 2582 195 2584 ·
206 2570 212 2587 ³
220 2569 238 2600 E.
247 2568 319 2599 nutubus.
341 2567 371 2599 ⁰T.
380 2573 483 2606 margaretam
490 2568 513 2607 (l).
535 2566 569 2599 'se
577 2568 597 2599 ad
604 2578 658 2599 sacros
663 2569 732 2600 ordines
