1762 2803
269 124 315 180 Dc
330 122 429 175 &aaut
445 122 592 175 tsstcnuunc.
742 139 781 180 151

81 245 202 279 ascenderent
214 247 237 280 de
249 256 301 280 naue,
324 246 347 279 Et
358 245 483 280 osculantibus
495 256 516 281 se
528 245 613 287 inuicem,
621 256 642 279 ac
654 244 783 286 residentibus,

80 298 160 341 propriis
171 299 276 333 nominibus
288 299 371 343 singulos
382 299 486 343 appellauit.
509 300 553 334 Erat
565 304 626 333 autern
638 309 698 334 senex
709 309 783 343 cooper·

80 354 110 383 tus
124 350 193 393 capillis
208 350 247 385 suis
260 357 278 385 et
291 352 352 393 barba,
366 357 384 385 et
396 351 462 385 ceteris
475 351 517 395 pilis
530 352 624 395 usquead
637 351 701 394 pedes,
716 356 734 385 et
745 356 784 385 erat

80 402 169 436 candidus
184 403 232 438 sicut
247 405 284 446 nix,
300 415 334 449 pre
349 403 406 437 nimia
421 410 526 447 senectute,
546 409 616 438 tantum
633 403 689 437 facies
704 408 722 437 et
737 403 783 437 oculi

80 455 128 489 illius
141 457 255 491 videbantur.
278 457 353 491 Nullum
367 457 494 491 indumentum
508 459 591 502 exceptis
604 457 647 502 pilis
663 456 741 490 habebat
753 456 801 502 qui5

80 509 223 551 egrediebantur
235 510 258 545 de
270 521 347 554 corpore
359 522 398 545 suo.
421 510 468 545 Cum
482 511 516 545 hec
525 511 602 545 vidisset
614 510 729 551 Brendanus,
741 520 784 544 con-

80 560 163 596 tristatus
175 567 203 596 est
216 562 263 597 intra
275 574 301 604 se,
314 562 388 598 dicens:
401 563 438 598 ‘Ve
451 563 511 606 michi,
525 563 567 607 qui¹
581 568 634 607 porto
648 562 729 596 habitum
746 572 783 596 mo-

80 614 140 656 nachi,
154 620 172 648 et
187 616 221 649 sub
235 626 264 650 me
277 617 370 651 constituti
385 622 428 651 sunt
441 616 492 651 multi
507 617 542 651 sub
555 617 630 650 nomine
645 615 694 649 illius
707 615 783 657 ordinis,

81 677 122 701 cum
130 666 226 703 videamus
233 667 252 702 in
261 669 342 713 angelico
353 674 400 704 statu
409 669 503 704 hominem
511 670 591 704 incarne
599 669 701 711 sedentem,
709 668 782 703 illesum

80 730 91 752 a
101 720 153 754 viciis
164 721 264 764 corporist'
287 722 321 756 Cui
331 721 355 757 ait
366 722 394 757 vir
404 722 445 757 dei:
462 722 607 757 ‘Ouenerabilis
618 726 675 765 pater,
684 727 752 764 quanta
763 727 782 755 et
792 737 810 759 ιο

80 772 140 814 qualia
148 773 238 807 mirabilia
245 774 325 808 ostendit
333 774 365 808 tibi
373 775 424 816 deus,
432 785 468 818 que
476 775 520 809 nulli
528 780 633 809 sanctorum
641 780 714 817 patrum
724 774 782 807 mani-

80 824 165 860 festauit!
177 831 196 859 et
205 832 225 860 tu
234 826 280 861 dicis
289 826 307 861 in
318 828 372 861 corde
384 832 415 862 tuo
425 839 462 862 non
474 839 517 862 esse
527 832 546 861 te
556 827 633 871 dignum
644 826 728 861 monachi
739 837 782 870 por·

80 881 119 911 tare
131 878 222 913 habitum:
235 890 277 913 curn
288 879 315 913 sis
326 880 384 913 maior
391 890 446 923 quarn
456 880 570 913 monachus?
594 879 696 913 Monachus
703 889 783 923 namque

80 930 142 964 labore
158 942 245 965 mannum
261 942 336 965 suarum
350 932 415 965 aliturfl
430 937 449 965 et
463 933 551 966 vestitur:
568 932 615 966 deus
629 938 691 966 autem
706 932 730 965 de
745 931 783 966 suis

80 984 156 1018 secretis
164 996 198 1028 per
205 990 278 1028 septem
285 995 344 1019 annos
352 984 402 1030 pauit
410 991 434 1027 te,
442 996 484 1020 cum
492 984 559 1020 familia
567 990 598 1019 tua
603 984 615 1019 ³.
638 984 678 1029 Ego
685 995 729 1019 vero
736 984 783 1019 sicut
792 1001 810 1032 ¹⁵

80 1036 120 1070 auis
133 1037 190 1071 miser
204 1038 260 1071 sedeo
273 1037 292 1070 in
304 1037 339 1071 ista
353 1043 406 1082 petra
418 1039 484 1079 nudus,
493 1038 576 1082 exceptis
591 1037 633 1082 pilis
646 1037 703 1072 mcis.¹
730 1037 782 1072 Tunc

80 1096 154 1124 sanctus
163 1090 273 1124 Breudanus
280 1091 399 1135 interrogauit
406 1091 456 1125 illum
465 1092 488 1125 de
497 1102 531 1126 suo
539 1092 625 1132 aduentu,
633 1096 664 1124 aut
671 1091 720 1124 vnde
727 1096 783 1132 esset,

80 1149 111 1177 aut
124 1149 192 1186 quanto
207 1149 291 1187 tempore
306 1144 423 1179 sustinuisset
437 1144 462 1178 ibi
477 1145 533 1178 talem
547 1144 609 1178 vitam.
632 1143 665 1178 Cui
680 1142 720 1178 ille:
739 1143 783 1178 ‘Fui

80 1195 159 1230 nutritus
174 1196 193 1229 in
209 1197 320 1230 monasterio
334 1197 392 1230 sancti
406 1196 479 1231 Patrieii
495 1207 529 1242 per
544 1196 675 1241 quinquaginta
690 1196 783 1241 quinque⁴

80 1258 143 1289 annos,
155 1255 173 1282 et
187 1250 311 1283 custodiebam
324 1249 434 1284 cimiterium
447 1250 528 1284 fratrum.
551 1250 574 1283 Et
585 1250 669 1294 apparuit
683 1248 737 1284 michi
752 1249 781 1284 die
791 1266 810 1287 zo

80 1301 158 1342 quadam
166 1301 195 1334 vir
206 1301 280 1344 quidam
292 1302 405 1344 splendidus,
417 1302 493 1335 dicens:
506 1301 560 1344 “Ego
571 1312 612 1335 sum
625 1301 713 1335 Patricius
724 1302 782 1335 abbas

80 1357 132 1386 tuus:
151 1364 184 1397 ego
194 1353 234 1387 heri
246 1353 422 1397 migrauiaseculo.
444 1353 490 1387 Cras
499 1353 616 1398 proficiscere
625 1353 649 1387 ad
659 1352 710 1387 littus
719 1353 781 1392 maris,

80 1410 98 1439 et
111 1405 186 1440 inuenta
199 1416 251 1447 naue,
264 1406 351 1448 intrabis;
369 1417 404 1451 que
419 1407 473 1441 ducet
484 1411 503 1442 tc
518 1407 541 1441 ad
556 1407 616 1440 locum
628 1406 660 1440 vbi
674 1406 781 1451 expectabis

80 1457 129 1492 diem
142 1458 206 1493 mortis
218 1460 264 1493 tue.’¹
288 1459 343 1493 Mane
355 1459 431 1494 ascendi
443 1459 462 1494 in
476 1459 583 1500 nauiculam,
596 1464 614 1494 et
627 1459 705 1504 septimo
715 1458 745 1494 die
758 1460 781 1494 ad

79 1511 158 1546 insulam
170 1512 224 1546 istam
232 1513 314 1555 veniens,
322 1523 381 1557 vsque
392 1523 441 1547 nunc
452 1513 512 1548 mansi
524 1512 558 1548 hic.
581 1512 634 1547 Circa
642 1512 706 1547 horam
714 1523 781 1547 nonam
791 1528 809 1559 ²5

80 1565 128 1598 luter
139 1567 218 1608 portauit
229 1565 285 1599 michi
296 1566 393 1610 prandium
405 1567 428 1600 de
439 1566 485 1600 mari
490 1565 502 1607 ⁵,
510 1566 528 1600 id
538 1572 566 1600 est
576 1566 646 1609 piscem
654 1576 710 1601 vnum
721 1565 740 1600 in
749 1577 782 1601 ore

80 1627 119 1660 suo,
127 1623 145 1652 et
157 1618 262 1653 fasciculum
272 1620 295 1652 de
307 1619 406 1653 sarmentis
415 1619 438 1652 ad
449 1619 512 1662 ignem
521 1618 630 1659 faciendum,
637 1618 685 1653 inter
696 1629 740 1653 suos
751 1630 782 1653 an-

80 1672 157 1705 teriores
171 1673 235 1715 pedes.
263 1672 302 1716 Ego
317 1682 361 1706 vero
376 1682 418 1705 cum
433 1671 482 1705 ferro
497 1673 520 1705 de
535 1671 585 1705 silice
600 1672 661 1716 ignem
676 1671 782 1713 extrahens,

80 1723 114 1757 feci
122 1724 184 1766 ignem
192 1725 216 1758 de
227 1725 331 1767 sarmentis,
339 1731 358 1759 et
365 1725 429 1769 paraui
439 1724 494 1759 michi
502 1726 526 1759 de
536 1725 568 1759 illo
579 1724 630 1768 pisce
639 1725 695 1758 cibos.
718 1724 782 1768 Itaque

80 1785 115 1818 per
127 1775 200 1819 triginta
215 1787 274 1811 annos
289 1787 364 1821 semper
375 1777 431 1812 tercia
445 1778 475 1811 die
487 1777 536 1812 idem
549 1777 633 1811 minister
643 1787 700 1811 vnum
711 1777 782 1821 piscem
791 1792 811 1821 3⁰

80 1828 139 1862 attulit
149 1828 199 1862 mihi.
222 1829 321 1873 Nunquam
332 1829 425 1871 siciebam,
434 1830 466 1863 sed
477 1830 507 1864 die
516 1829 607 1863 dominico
617 1829 726 1872 egrediebar
733 1829 782 1864 suras

80 1891 182 1925 parumque
192 1892 239 1926 aque
250 1883 274 1915 de
283 1888 335 1925 petra
344 1882 399 1916 eduxi
409 1883 432 1915 ad
444 1893 491 1925 opus
499 1892 586 1915 manuum
594 1892 682 1915 mearum.
705 1882 728 1914 Et
739 1888 782 1924 post

80 1933 154 1979 triginta
169 1945 227 1969 annos
242 1934 305 1969 inueni
321 1934 350 1968 hic
366 1935 412 1968 duas
426 1935 530 1979 speluncas,
546 1940 564 1969 et
583 1934 652 1969 sontem
667 1934 735 1969 viuum.
758 1934 781 1968 Et

80 1993 144 2031 postea
159 1987 196 2022 vixi
211 1988 307 2032 sexaginta
321 1990 375 2022 annis
387 1989 427 2022 sine
441 1988 552 2022 nutrimento
564 1988 639 2022 alicuius
654 1988 694 2029 cibi,
707 1988 742 2022 nisi
757 1989 781 2022 de

80 2040 135 2074 fonte.
158 2041 297 2085 Nonagenarius
304 2041 355 2075 enim
362 2051 404 2075 sum
412 2042 431 2075 in
439 2042 474 2076 ista
482 2042 552 2076 insula:
564 2041 638 2083 triginta
646 2041 699 2075 annis
706 2040 724 2075 in
732 2041 780 2075 victu
790 2056 808 2086 ³5

80 2093 163 2136 piscium,
175 2099 193 2128 et
204 2094 299 2136 sexaginta
309 2093 328 2127 in
340 2100 393 2137 pastu
407 2093 472 2136 sontis;
485 2099 503 2128 et
516 2094 647 2138 quinquaginta
658 2094 712 2127 annis
724 2093 749 2126 lui
761 2094 780 2127 in

80 2157 122 2180 mea
133 2147 197 2190 patria.
213 2147 284 2180 Omnes
293 2146 336 2180 anni
343 2147 380 2180 vite
389 2157 430 2181 mee
440 2152 514 2181 centum
522 2146 642 2190 quadraginta
649 2151 697 2180 sunt.
720 2146 743 2180 Et
752 2146 781 2180 hic

80 2199 139 2232 debeo
150 2200 210 2242 modo,
222 2198 268 2233 sicut
279 2198 312 2232 suit
323 2198 378 2231 michi
389 2198 507 2241 promissum,
519 2204 616 2243 expectare
628 2198 677 2231 diem
689 2199 749 2231 iudicii
762 2199 780 2231 in

80 2250 115 2285 ista
127 2252 193 2286 carne!
238 2245 354 2295 Nauigantes
368 2261 412 2294 crgo
424 2261 458 2295 per
470 2251 589 2295 quadraginta
601 2252 645 2292 dies,
659 2259 701 2285 cum
715 2259 781 2295 appro-

80 2303 190 2348 pinquarent
201 2304 273 2339 cuidam
284 2304 349 2345 insule,
356 2303 428 2347 operuit
438 2315 471 2337 eos
482 2304 538 2347 caligo
546 2303 626 2347 grandis,
635 2303 659 2337 ita
666 2307 685 2337 vt
692 2303 724 2337 vix
735 2304 781 2338 alter
789 2320 810 2349 40

81 2357 158 2392 alterum
167 2358 231 2393 videre
241 2363 309 2403 posset.
333 2357 377 2392 Post
386 2357 468 2402 spacium
476 2362 539 2391 tamen
546 2356 600 2392 vnius
610 2356 655 2390 hore
662 2355 782 2392 circumfulsit

80 2410 121 2446 illos
136 2411 202 2456 ingens
216 2413 254 2447 lux.
277 2412 300 2446 Et
314 2411 436 2446 ascendentes
451 2412 474 2445 de
487 2410 535 2451 naui,
546 2409 643 2444 viderunt³
656 2414 724 2444 terram
740 2421 782 2456 spa·

81 2463 149 2497 ciosam
161 2470 179 2498 et
190 2465 264 2508 plenam
276 2465 371 2498 arboribus
382 2464 481 2507 pomiferis,
489 2464 536 2497 sieut
543 2462 561 2497 in
569 2468 653 2507 tempore
664 2464 782 2507 autumpnali.

100 2532 208 2571 ¹T.E.quia.
248 2533 369 2565 ²T.E.vtitur.
414 2532 525 2564 'aiaddzet
535 2532 590 2564 induit.
631 2532 708 2565 ⁴nl.om.
748 2533 783 2563 ΒΤ.

81 2572 98 2602 E.
107 2582 154 2604 marc,
195 2572 314 2604 “Evideranc
