1762 2803
256 126 301 181 lte
316 125 415 179 &aneto
430 128 581 185 tramenta
720 143 765 188 453

65 251 143 280 mortem
150 256 184 289 pro
193 245 266 280 Christo
273 246 326 281 citius
334 248 446 291 pertulisset,
454 261 509 293 quam
519 250 623 285 resistendo
631 260 704 293 quoquo
712 250 767 283 modo

65 299 169 333 deuitasset.
193 298 224 333 Sic
242 299 297 343 igitur
315 300 358 334 hinc
376 302 420 336 inde
439 303 522 337 discussa
540 303 637 346 sententia,
653 303 676 336 de
693 312 714 336 re
732 301 766 335 sibi

64 353 149 395 ambigua
156 352 247 394 dubitans,
258 353 313 397 elegit
323 353 353 387 dei
360 354 473 389 voluntatem
484 356 596 391 orationibus
606 356 704 400 exquirere
712 365 767 399 quarn

65 416 88 439 ex
103 405 178 448 proprio
190 404 264 439 arbitrio
278 417 312 450 pro
324 406 399 441 incertis
413 410 464 451 quasi
478 415 527 443 certa
540 420 653 453 presumere.
676 408 767 443 Orationi·

65 458 99 491 bus
110 468 154 501 ergo
165 457 223 492 solitis
233 457 348 501 incumbens,
359 465 377 493 et
389 471 413 494 ex
424 461 479 495 corde
491 472 528 496 non
542 473 600 505 suam,
612 463 645 497 sed
659 461 688 496 dci
701 461 784 502 volun-5

64 516 119 544 tatem
135 511 241 554 exquirens,
251 512 338 555 quidnam
347 513 365 546 ei
374 513 393 547 in
405 514 439 548 hoc
451 515 524 558 negotio
535 516 628 559 agendum
640 515 663 550 sit
675 515 766 558 efflagitat,

65 564 158 596 Nocturna
172 569 233 597 autern
248 565 319 598 visione
333 566 410 608 angelus
425 566 442 600 ci
462 577 555 610 apparens
573 570 655 611 precepit
669 574 689 602 vt
704 573 767 601 contra

65 614 106 649 fidei
114 615 177 649 hostes
186 616 234 650 lidel
242 616 330 659 munitus,
340 617 442 652 infidelium
452 619 527 662 rabiem,
535 630 555 653 se
563 619 599 654 illis
611 620 718 662 obiiciendo,
729 630 766 653 non

64 668 164 702 declinaret
171 675 189 703 et
197 669 234 702 fide
245 681 282 703 non
293 670 335 703 ficta
342 670 437 705 victoriam
445 682 456 705 a
464 673 504 713 deo,
512 673 541 706 cui
552 673 597 707 nihil
609 674 722 718 impossibile
733 679 766 714 est,

64 728 153 766 speraret.
176 723 253 757 Addidit
268 724 323 757 etiam
335 725 412 768 angelus
424 730 443 759 vt
459 730 503 769 quot
514 726 574 760 socios
587 737 649 761 secum
662 727 685 761 ad
697 726 765 760 bellum
776 735 796 757 ro

64 775 167 816 adduceret,
175 780 201 809 tot
209 776 273 810 hostes
284 776 334 810 milia
345 788 387 811 eum
400 789 422 812 eo
433 785 536 822 pugnatura
547 785 637 823 putarent.
660 779 705 813 Fide
712 779 767 822 igitur

64 829 145 862 munitus
153 828 279 872 progrediens,
288 840 330 863 cum
338 831 361 864 ad
370 831 447 874 patriam
456 841 509 865 suam
518 831 595 866 festinus
601 833 687 873 venisset,
695 838 766 876 patrem

63 880 103 914 eius
119 891 160 915 cum
176 881 257 915 exercitu
270 882 369 916 christiano
381 882 417 916 iam
429 884 452 917 ab
463 884 547 918 hostibus
558 889 669 928 prostratum
681 884 767 928 repperit.

65 933 154 966 Nunciato
162 933 216 977 igitur
224 934 239 967 F
240 934 324 967 remundi
333 935 419 976 aduentu,
428 935 505 979 Ynguar
513 942 532 970 et
543 936 616 977 Hubba,
624 936 688 970 timore
700 947 766 980 magno

63 986 144 1028 resoluti,
158 986 234 1020 nuncios
247 987 264 1020 ei
278 988 356 1029 mittunt,
369 993 388 1022 vt
401 988 417 1022 si
430 998 471 1022 cum
485 988 512 1023 eis
526 999 591 1033 pacem
604 989 673 1023 habere
683 989 765 1031 voluerit,
776 998 794 1029 15

63 1043 81 1073 et
89 1037 132 1072 fidei
140 1038 239 1073 christiane
247 1040 388 1082 renunciauerit,
396 1052 438 1074 eum
447 1040 465 1075 in
474 1041 552 1076 amicitie
562 1041 639 1085 gratiam
647 1042 766 1086 susciperent,

63 1097 81 1125 et
94 1093 149 1126 totius
156 1092 224 1135 Anglie
235 1092 364 1136 principatum,
371 1093 466 1128 “idolatrie
474 1094 546 1138 legibus
557 1095 649 1129 subditum
654 1095 665 1137 ²,
673 1096 766 1129 traderent

63 1144 83 1178 in
95 1150 205 1189 potestatem
216 1144 262 1179 eius.
285 1145 369 1181 Audiens
380 1151 441 1181 autem
452 1148 481 1181 vir
491 1147 521 1181 dei
532 1147 641 1182 nunciorum
652 1148 713 1190 verba,
724 1159 767 1192 pro-

63 1198 120 1233 missa
135 1198 204 1240 derisit,
217 1209 295 1243 regnum
311 1199 387 1243 spreuit,
401 1200 430 1234 dei
445 1200 517 1244 legibus
532 1211 552 1235 se
568 1201 617 1235 nolle
632 1201 722 1236 contraire
737 1212 766 1236 re-

63 1252 143 1295 spondit.
166 1251 217 1285 Dixit
225 1252 274 1286 enim
283 1263 320 1286 non
328 1263 362 1296 pro
369 1258 444 1287 terreno
452 1264 509 1298 regno
517 1254 536 1288 in
544 1265 625 1298 pugnam
636 1264 656 1288 se
666 1254 765 1298 procedere
775 1264 794 1287 ιο

63 1305 115 1346 velle,
131 1305 164 1338 sed
179 1310 242 1337 eontra
258 1305 287 1338 dei
304 1305 372 1347 hostes,
387 1311 407 1339 vt
425 1316 458 1339 eos
475 1307 554 1350 puniret,
570 1307 661 1341 dimicare.
684 1307 765 1351 Vtroque

62 1357 117 1401 igitur
135 1358 216 1392 exercitu
235 1358 258 1392 ad
277 1368 358 1402 pugnam
377 1364 452 1402 parato;
470 1364 514 1403 quot
532 1360 593 1394 socios
611 1360 639 1394 vir
654 1361 683 1394 dei
702 1371 765 1394 secum

62 1410 143 1452 adduxit,
155 1415 182 1443 tot
195 1410 245 1444 rnilia
258 1410 319 1453 ipsum
334 1411 427 1453 habuisse,
439 1423 552 1455 paganorum
567 1412 654 1446 exercitui
665 1414 765 1446 videbatur.

63 1462 108 1495 Fide
117 1473 161 1508 ergo
172 1462 230 1507 magis
239 1473 294 1508 quam
305 1463 361 1497 armis
368 1463 382 1496 F
383 1465 484 1498 remundus
494 1475 576 1508 securus,
584 1465 647 1499 hostes
654 1465 765 1510 aggreditur,

62 1522 80 1550 et
98 1526 140 1550 eum
155 1517 226 1551 duobus
244 1516 299 1551 sociis
315 1517 354 1552 suis
371 1523 388 1551 et
405 1518 446 1552 aliis
460 1519 505 1552 viris
519 1518 660 1563 vigintiduobus,
675 1520 706 1563 qui
721 1529 764 1553 eum
774 1529 793 1561 25

62 1569 150 1612 quesituri
168 1570 287 1612 aduenerant,
306 1571 426 1614 quadraginta
444 1571 524 1604 hostium
545 1572 595 1605 milia
614 1572 681 1605 Christi
699 1572 765 1605 virtute

62 1622 167 1665 prosternit.
195 1622 259 1666 Neque
279 1622 329 1657 enim
348 1624 371 1658 de
389 1630 443 1666 terra,
462 1625 495 1658 sed
514 1625 537 1659 de
557 1625 596 1659 celo
614 1624 689 1660 victoria
707 1626 765 1660 datur.

63 1675 77 1707 F
78 1677 182 1708 remundus
191 1676 246 1718 igitur
255 1677 312 1710 armis
323 1678 410 1710 continuo
420 1683 491 1717 exutus,
500 1679 576 1711 orationi
587 1679 701 1720 incumbens,
709 1689 766 1721 super

62 1726 97 1761 hiis
113 1738 148 1771 que
167 1727 270 1761 acciderant
289 1728 350 1762 diuine
368 1729 432 1773 pietati
450 1730 550 1773 gratiarum
569 1730 650 1764 actiones
665 1741 686 1764 ac
701 1731 765 1764 laudes

62 1780 162 1814 immensas
176 1781 277 1815 exoluebat.
300 1782 338 1815 Sed
352 1782 395 1825 quid
407 1787 466 1815 tutum
479 1783 528 1826 apud
542 1783 626 1816 homines
639 1794 681 1817 esse
692 1787 764 1827 potest?
774 1799 793 1828 30

63 1832 111 1866 Ecce
122 1833 196 1876 quidam
206 1834 280 1867 nomine
292 1833 349 1875 Oswi,
357 1833 388 1877 qui
400 1834 438 1867 dux
449 1834 541 1868 exercitus
551 1835 600 1878 regis
611 1835 653 1869 Oll'e
661 1836 764 1879 quondam³

62 1885 126 1929 suerat,
137 1891 155 1920 et
167 1886 189 1920 ad
201 1885 284 1921 idolatrie
297 1886 370 1929 cultum,
382 1886 419 1921 fide
430 1887 497 1930 relicta,
508 1887 618 1932 confugerat,
626 1888 655 1923 ”et
666 1900 700 1933 pro
712 1890 763 1933 regni

62 1940 151 1986 regimine
171 1940 205 1975 sibi
223 1940 320 1986 promisso,
339 1940 355 1975 si
373 1940 429 1975 fidem
448 1940 515 1976 Christi
534 1947 614 1987 negaret,
632 1953 673 1977 cum
692 1943 763 1978 eisdem

62 1993 145 2028 hostibus
153 2004 217 2037 pacem
224 1994 265 2028 lecit
271 1995 283 2029 ².
305 1994 382 2028 Timens
389 1995 462 2028 autem³
472 2005 496 2029 ne
504 1995 532 2029 vir
539 1996 574 2038 dei,
580 1996 655 2030 victoria
662 1996 736 2040 potitus,
744 1997 763 2030 in

62 2057 105 2080 eum
113 2048 212 2081 vindictam
220 2047 292 2090 faceret,
303 2047 334 2081 ²et
341 2052 414 2091 sceptra
422 2047 474 2091 regni
486 2049 520 2081 sibi
532 2049 617 2093 promissi
629 2049 651 2082 ab
663 2060 685 2082 eo
696 2055 763 2093 potens
772 2064 791 2094 35

62 2100 163 2143 auferret²;
176 2100 253 2135 latenter
259 2100 335 2135 accessit
343 2106 361 2134 et
368 2100 438 2134 crudeli
444 2101 480 2135 ictu
488 2101 542 2144 gladii
548 2107 601 2146 caput
611 2102 650 2136 eius
656 2104 763 2146 amputauit.

62 2152 146 2196 Cumque
158 2152 210 2186 lictor
222 2153 252 2186 ille
264 2158 318 2196 caput
329 2153 409 2187 martiris
420 2158 537 2196 amputasset,
549 2154 643 2197 sanguinis
654 2160 704 2197 gutte
715 2155 763 2189 deci-

61 2205 127 2239 dentes
135 2217 192 2250 super
200 2217 247 2248 eum,
255 2210 313 2239 totum
324 2217 391 2249 corpus
401 2205 440 2239 eius
450 2205 502 2250 quasi
514 2206 579 2240 ardore
589 2207 637 2251 ignis
647 2207 763 2241 intollerabili

62 2259 146 2302 protinus
156 2260 284 2293 accenderunt.
307 2259 348 2293 Hoc
356 2259 387 2293 ille
394 2270 493 2303 percussus
501 2260 638 2304 incom[m]odo,
646 2266 665 2294 et
673 2266 723 2294 tanto
731 2262 763 2295 ob-

62 2312 174 2356 stupefactus
189 2313 287 2356 miraculo;
303 2313 325 2347 ad
341 2312 420 2346 martiris
435 2313 493 2357 pedes
508 2318 616 2357 prostratus,
628 2314 763 2349 lamentationis
771 2329 792 2360 4⁰

61 2367 118 2399 verba
125 2372 143 2399 et
151 2366 241 2409 singultus
249 2376 290 2399 curn
299 2366 342 2399 fletu
350 2367 430 2399 maximo
441 2366 539 2409 proferens
547 2372 565 2399 et
573 2373 642 2400 reatum
653 2377 763 2410 agnoscens,

61 2417 205 2450 misericordiam
220 2418 329 2462 implorauit,
345 2428 423 2461 eumque
440 2423 523 2451 sanctum
539 2419 649 2461 nomina[t]⁴
665 2425 683 2452 et
695 2420 763 2455 Christi

63 2472 157 2505 martirem
176 2471 230 2516 penis
248 2473 336 2506 obsessus
355 2472 439 2516 appellat.
467 2472 506 2507 Nec
525 2482 581 2515 mora,
600 2474 691 2508 abscisum
709 2481 763 2520 caput

61 2525 183 2567 respondens,
203 2525 237 2559 hac
256 2535 298 2558 eum
316 2535 362 2559 voce
380 2525 469 2560 absoluit:
487 2526 598 2570 ‘Apostolus
617 2526 690 2569 Christi,
705 2530 734 2563 cui
753 2539 764 2563 a

96 2582 130 2613 ¹E.
138 2583 179 2614 fidei.
220 2583 242 2605 U
253 2594 283 2614 orn.
291 2583 306 2613 in
315 2583 332 2615 L.
373 2583 419 2615 lom.
428 2584 444 2614 in
452 2584 469 2615 L.
509 2584 545 2615 ⁴so
552 2585 601 2624 l..,T.
609 2586 627 2616 E.
635 2588 723 2620 nominans.
