1762 2803
77 79 120 132 264
268 75 348 128 haunt
364 73 479 135 uanam
495 73 587 136 annia.

76 195 201 238 delectatione,
210 195 281 240 spiritui
289 206 363 229 carnem
371 195 442 230 seruire
450 197 531 239 cogebat,
537 201 555 230 et
562 195 680 230 ecclesiarum
686 196 779 230 studiosus

76 254 138 284 terens
146 249 214 290 limina,
220 259 242 283 ea
250 259 285 292 que
290 249 313 283 de
320 248 387 282 diuinis
392 248 487 293 scripturis
493 249 582 291 audiebat,
589 248 683 283 ardentius
690 248 779 284 memorie

76 303 220 337 commendabat.
248 301 269 336 In
280 301 363 335 facultate
375 301 474 335 litterarum
486 312 550 345 parum
563 302 661 335 admodum
673 302 778 346 expeditus,

76 360 135 388 totum
152 366 172 388 se
188 354 277 387 sanctitati
293 354 373 394 dederat,
388 359 412 396 et,
428 355 487 398 quoad
501 354 555 396 licuit,
570 359 646 398 propter
664 354 780 388 insolentiam

59 408 178 448 5curialium,
187 407 287 441 contulerat
298 416 319 440 se
331 406 484 449 contemplationi.
507 406 574 440 Melius
586 406 635 441 enim
647 408 713 441 docent
724 418 781 450 opera

77 470 132 503 quarn
141 459 211 501 littera3
224 458 289 492 melius
300 459 439 503 comprehendit
447 458 533 493 sanctitas
541 470 596 504 quam
604 459 712 504 disputatio;
725 466 743 494 et
750 460 781 503 qui

77 513 119 557 plus
127 512 189 556 diligit,
197 512 239 556 plus
247 512 345 556 cognoscit.
368 512 418 546 Sane
426 519 500 546 sanctus
508 512 631 555 Decumanus,
639 513 714 557 spiritus
724 513 781 547 sancti

77 571 177 609 preuentus
185 566 256 606 ardore,
262 565 299 598 iarn
305 565 366 599 statim
374 564 459 599 voluebat
466 565 485 598 in
493 565 554 599 animo
562 566 610 608 quod
618 571 683 609 postea
691 566 755 600 claruit
762 565 781 599 in

78 618 147 651 effectu.
171 617 194 651 Et
200 622 243 651 tunc
250 617 280 661 pio
286 617 360 661 quidem
365 616 433 652 saciem
442 617 523 652 dedisset
529 617 630 653 desiderio:
639 620 672 652 sed
679 618 782 664 expectauit

51 681 69 701 10
77 672 130 705 turbe
140 670 268 706 tumultuantis
277 670 400 713 defluentiam,
409 676 427 704 et
437 681 512 705 suorum
521 671 649 706 contribulium
659 671 783 713 insolentium,

78 735 124 767 quos
130 735 202 759 summo
208 734 264 768 opere
270 725 398 758 detestabatur.
411 726 415 743 ⁶
422 724 481 758 Nemo
488 724 537 758 enim
543 725 634 769 propheta
638 730 724 768 acceptus
729 731 758 759 est
763 724 782 758 in

78 777 137 822 patria
144 779 187 820 sua,'
196 782 214 811 et
223 777 299 811 ‘inimici
308 777 387 812 hominis
396 777 490 812 domestici
499 778 548 812 eius!
571 778 630 812 Cessit
642 777 697 821 igitur
708 783 784 822 propter

78 832 191 870 scandalum,
199 836 217 864 et
229 841 249 865 se
259 835 318 865 totum
328 831 362 865 soli
374 831 409 865 deo
416 830 537 871 committens,
546 832 594 874 quod
602 830 632 873 pie
640 835 784 874 preconceperat

79 883 147 916 distulit
155 884 281 926 imposterum.
304 883 388 916 Tandem
398 887 471 926 tempus
482 883 588 923 obseruans,
599 888 617 916 et
626 883 668 926 fuge
680 882 784 917 secretioris

53 947 70 977 15
80 935 220 979 oportunitatem
232 935 334 976 inueniens,
343 946 393 969 mare
404 936 448 969 adiit
455 935 555 976 sabrinum,
564 935 610 969 clam
618 935 656 969 suis
665 936 756 976 omnibus,
766 941 784 969 et

79 988 167 1031 precipue
177 987 323 1022 familiarioribus
331 992 349 1021 et
358 987 385 1021 eis
395 987 426 1030 qui
437 987 471 1021 sibi
481 987 589 1021 videbantur
599 987 659 1021 studio
667 987 785 1021 humanitatis

80 1040 218 1082 coniunctiores
226 1040 318 1075 Christum
327 1041 386 1074 solum
395 1040 488 1075 conscium
496 1047 514 1076 et
523 1042 588 1075 ducem
596 1041 624 1075 sui
633 1041 703 1076 itineris
709 1042 785 1076 habens.

80 1094 128 1136 Quid
140 1095 205 1138 plura?
228 1094 289 1128 Defuit
301 1094 380 1135 naulum,
389 1094 446 1128 defuit
457 1100 475 1129 et
487 1093 585 1137 nauigium,
596 1099 614 1127 et
625 1095 733 1128 maturanda
745 1100 784 1129 erat

80 1147 122 1190 fuga
132 1146 228 1189 evestigio
240 1146 397 1190 subsequentium.
419 1146 453 1180 Vir
464 1146 500 1189 dei,
512 1147 637 1181 misericordia
648 1148 678 1181 dei
690 1148 785 1182 confidens

53 1211 71 1232 κο
80 1205 98 1234 et
106 1210 221 1245 nequaquam
229 1199 311 1234 hesitans
319 1200 342 1234 de
350 1199 436 1245 potentia,
441 1199 503 1244 virgas
511 1211 565 1235 secus
573 1211 623 1235 mare
631 1201 649 1235 in
657 1201 733 1236 frutecto
739 1212 785 1246 quas

80 1255 161 1298 repperit
173 1258 277 1287 crescentes
289 1252 380 1295 colligauit
391 1253 410 1286 in
422 1253 539 1287 fasciculum:
558 1259 576 1286 et
588 1254 619 1286 tali
630 1259 684 1288 vtens
695 1254 785 1295 vehiculo,

80 1305 129 1339 misit
141 1316 161 1339 se
173 1305 192 1339 in
203 1304 320 1348 profundum.
343 1304 366 1337 Et
377 1304 409 1346 sic,
417 1304 480 1338 diuina
491 1305 604 1348 gubernante
615 1305 735 1349 prouidentia,
743 1316 786 1349 pro-

80 1364 144 1392 uectus
150 1364 178 1392 est
185 1358 207 1391 ad
214 1358 264 1391 littus
273 1356 378 1401 oppositum
387 1367 445 1401 prope
453 1362 533 1391 castrum
539 1358 660 1392 Dorostorum
667 1358 677 1392 ¹.
696 1358 736 1392 Tua
742 1364 785 1392 sunt

80 1411 120 1454 hec,
129 1410 207 1450 Christe,
215 1420 277 1454 opera,
285 1409 316 1453 qui
324 1415 397 1444 sanctos
406 1414 446 1444 tuos
454 1409 479 1444 ita
491 1409 589 1444 mirificas!
612 1410 661 1445 Vere
670 1410 689 1444 in
700 1415 746 1445 mart
757 1411 786 1446 vie

55 1474 72 1503 ²5
81 1469 117 1507 tue,
129 1469 147 1497 et
159 1462 223 1497 semite
235 1469 265 1496 tue
277 1462 296 1496 in
308 1462 360 1506 aquis
371 1463 438 1497 multis.
462 1463 489 1497 Eo
498 1468 582 1506 tempore
593 1475 628 1506 quo
640 1469 715 1498 sanetus
726 1464 787 1498 Decu-

82 1527 148 1551 manus
156 1515 243 1551 diuinitus
252 1516 351 1559 perductus
359 1515 377 1549 in
389 1515 474 1560 Angliam
484 1515 540 1558 venit,
551 1521 589 1551 erat
600 1516 618 1550 in
630 1528 652 1551 eo
664 1517 754 1551 territorio
767 1517 786 1552 in

83 1581 119 1613 quo
132 1568 223 1613 applicuit,
234 1574 287 1602 vasta
298 1568 368 1603 heremi
379 1568 462 1609 solitudo,
473 1568 555 1603 frutectis
567 1574 585 1602 et
595 1569 683 1612 vepribus
694 1569 757 1611 obsita,
769 1575 787 1604 et

83 1622 173 1655 densitate
189 1620 276 1655 siluarum
290 1620 309 1654 in
323 1621 398 1664 longum
410 1626 428 1654 et
439 1620 496 1655 latum
507 1621 590 1664 spatiose
601 1627 689 1664 porrecta,
698 1622 787 1657 montium

83 1674 182 1708 eminentia
188 1683 263 1708 sursum
269 1674 338 1714 educta,
345 1677 363 1707 et
370 1672 482 1707 concauitate
487 1673 562 1707 vallium
569 1673 675 1707 mirabiliter
680 1673 787 1719 interrupta.

56 1736 75 1765 30
84 1727 125 1760 Hec
134 1727 151 1760 ei
159 1728 213 1760 sedes
222 1726 329 1769 complacuit
336 1738 341 1766 ;
354 1726 388 1759 hec
396 1725 427 1769 pio
435 1725 474 1760 eius
482 1727 576 1769 proposito
583 1726 679 1760 videbatur
684 1729 788 1767 accomoda,

83 1780 129 1813 adeo
135 1784 153 1813 ut
160 1790 180 1813 re
184 1779 225 1824 ipsa
230 1778 325 1814 videbatur
330 1778 390 1813 dicere
397 1790 401 1813 :
413 1778 464 1813 ‘Hec
472 1778 546 1822 requies
554 1789 595 1813 mea
602 1779 621 1813 in
630 1780 711 1813 seculum
720 1780 787 1816 seculi:

83 1832 112 1866 hic
118 1833 207 1871 habitabo,
213 1832 299 1875 quoniam
306 1831 353 1875 elegi
359 1833 410 1865 eam.¹
433 1831 464 1865 Sic
469 1831 525 1875 igitur
532 1832 560 1866 vir
568 1837 647 1873 sanctus,
653 1833 730 1876 patriam
738 1844 788 1868 com·

83 1891 156 1919 mutans
163 1884 222 1924 exilio,
229 1890 281 1918 antra
287 1884 355 1917 deserti
363 1895 396 1927 pro
404 1884 452 1917 fastu
460 1884 527 1927 palatii,
533 1884 581 1928 cepit
589 1884 657 1918 ibidem
665 1896 788 1929 commanere,

84 1937 146 1972 herbis
154 1942 172 1973 et
180 1936 271 1973 radicibus
279 1936 365 1979 victitare,
373 1937 446 1971 ieiuniis
454 1943 472 1972 et
480 1937 593 1972 orationibus
601 1938 683 1972 crebrius
691 1938 776 1974 insistere
783 1951 788 1983 3

57 2003 75 2032 55
84 2003 158 2025 carnem
170 1990 227 2025 cilicio
239 1991 321 2032 domans,
333 1990 399 2034 vigiliis
410 2002 441 2034 per
448 1991 501 2024 aliter
512 1991 606 2035 affligens,
621 1996 639 2024 et
651 1996 718 2034 quanto
729 1991 788 2026 rarius

84 2044 172 2078 intererat
180 2043 275 2078 hominum
283 2043 378 2084 consortio,
384 2049 434 2078 tanto
442 2043 555 2088 frequentius
563 2044 670 2088 angelorum
675 2045 789 2080 mulcebatur

84 2103 102 2131 et
113 2098 208 2132 fouebatur
219 2097 297 2141 eloquio,
319 2096 360 2131 Tali
370 2098 404 2131 sub
416 2102 480 2131 tenore
489 2097 546 2131 vitam
555 2097 624 2131 ducens
631 2097 762 2139 heremiticam,
769 2098 789 2132 in

85 2150 121 2185 iam
136 2151 184 2185 dicta
199 2150 296 2184 solitudine
311 2149 373 2184 multis
387 2149 458 2184 vixerat
476 2150 534 2183 annis.
565 2150 630 2184 Fertur
645 2150 699 2184 etiam
714 2162 789 2185 vaccam

85 2204 172 2238 habuisse
181 2203 232 2238 cuius
240 2203 286 2237 lacte
294 2213 328 2247 pro
336 2203 445 2237 necessitate
453 2203 536 2246 corporis
544 2203 609 2237 saltem
620 2202 708 2247 preclaris
720 2202 789 2237 festiui·

58 2269 77 2296 40
85 2257 152 2290 tatibus
166 2256 224 2299 magis
237 2261 371 2288 sustentaretur
386 2267 441 2299 quam
456 2257 541 2295 aleretur,
556 2255 603 2289 sicut
617 2257 640 2289 de
655 2256 709 2288 beato
725 2256 790 2298 Egidio

86 2309 153 2351 legitur
166 2308 214 2351 quod
227 2317 300 2341 ceruam
312 2307 375 2341 habuit
388 2318 423 2352 que
437 2306 472 2340 sibi
485 2306 595 2341 beneficium
606 2305 658 2341 lactis
670 2306 789 2342 ministrabat.

88 2361 125 2395 Nec
135 2361 190 2395 defuit
200 2367 262 2394 sancto
270 2373 338 2405 urgens
349 2367 367 2394 et
376 2361 480 2404 insperata²
488 2361 596 2405 persecutio.
617 2362 688 2394 Omnes
699 2361 748 2394 enim
759 2363 790 2405 qui

87 2414 117 2458 pie
130 2416 192 2450 volunt
205 2414 268 2449 viuere
280 2414 299 2449 in
311 2414 384 2449 Christo
395 2414 542 2459 persecutionem
553 2414 657 2458 patiuntur:
675 2412 728 2448 Hanc
740 2415 789 2449 enim

87 2467 134 2502 viam
142 2467 213 2512 reliquit
220 2468 303 2502 Christus
309 2468 430 2502 coheredibus
436 2468 479 2511 suis,
485 2472 504 2502 vt
510 2467 528 2501 in
534 2465 630 2510 euangelio
636 2466 711 2510 legitur:
724 2467 753 2502 ‘Si
760 2479 790 2503 me

255 2542 260 2559 ¹
271 2544 281 2572 i.
290 2543 360 2572 Dunster
367 2542 425 2572 Castle.
487 2542 493 2559 ⁹
504 2542 521 2571 E.
529 2541 609 2579 inspirata.
