1762 2803
114 109 158 181 '590
216 186 218 191 ‚
379 120 503 182 arnmot
520 122 551 168 11.

111 245 189 285 trahitur,
195 244 328 285 vagusr'erarum
335 253 414 277 excursus
422 249 477 277 tutam
485 244 518 276 sub
526 243 587 276 arbore
595 243 670 285 quietem
678 253 712 276 non
721 244 812 286 pollicetur.

114 295 160 329 Inter
172 295 204 330 hec
216 295 295 337 puerulus
309 293 345 328 ceci
358 294 419 327 ductor
432 293 530 336 contiguam
543 304 553 327 e
566 294 619 327 latere
631 294 702 327 domum
717 294 813 340 aduertens,

114 346 183 379 ‘Euaxl
199 355 226 385 en,
238 345 267 386 ait,
279 345 348 378 modica
360 344 378 377 in
393 345 467 386 presenti
483 344 581 378 discrimine
595 343 658 377 nostris
674 344 732 377 vsibus
747 356 813 381 accom-

114 394 218 437 [m]odatur¹
230 395 283 427 cella)
306 396 329 428 Et
340 405 390 428 cecus
402 394 424 427 ad
435 395 477 428 hec:
492 396 541 427 ‘Deo
552 393 624 435 gracias,
634 394 694 435 inquit,
706 395 814 431 subeundum

96 448 139 478 5est
152 445 200 478 earn?
223 445 279 486 Quam
294 444 372 487 protinus
388 444 465 486 ingressi,
481 444 564 477 tumulum
576 443 623 476 beati
638 443 725 476 Edmundi
740 445 813 480 martiris

113 496 211 534 offendunt3
227 500 248 535 et,
260 501 278 528 vt
288 501 330 536 erat,
342 496 447 536 sepulturam
458 494 481 528 ihi
493 493 568 528 hominis
579 499 693 534 autumantes,
705 493 785 536 primum,
796 503 814 530 vt

112 545 223 579 humanitatis
231 551 263 587 est,
271 545 402 589 horripilacione
410 546 529 588 percelluntur,
537 544 605 586 deinde,
613 549 712 587 presumpta
719 546 814 589 securitate,

113 596 182 630 ianuam
193 596 270 629 obicibus
282 603 344 639 artant,
352 603 482 640 straueruntque
493 596 531 636 sibi,
539 595 598 628 tumba
609 595 683 628 martiris
694 594 750 628 vicem
761 599 814 632 cerui-

114 648 155 679 calis
173 647 287 679 ministrante.
317 647 397 678 Necdum
415 657 456 677 vero
474 647 524 687 plene
542 650 621 686 poterant
639 645 756 678 obdormisse:
776 657 815 680 curn

87 707 105 729 Io
114 696 170 729 subito
178 695 276 729 flammiilue
284 696 375 738 columpne
383 695 464 737 splendor
470 694 562 728 habitaculi
570 693 624 727 tocius
630 694 714 727 ambitum
720 697 814 737 occupauit.

114 747 153 789 Quo
161 752 259 788 comperto:
272 756 318 789 puer,
327 747 356 790 qui
364 745 455 779 solitudine
462 745 542 778 nimirum
552 744 654 777 sollicitante
665 745 746 778 molestas
754 747 815 788 agebat

114 797 189 838 vigilias,
200 797 298 838 pauefactus
310 797 410 838 magistrum
421 807 432 828 a
443 807 515 838 sompno
527 795 607 836 excussit,
619 795 689 828 dicens:
708 796 763 837 ‘Heu,
777 799 814 840 heu,

114 847 156 890 quid
162 845 224 881 accidit
231 846 290 880 nobis!
301 846 397 889 hospicium
403 852 480 879 nostrum
488 846 558 879 flamma
565 845 660 878 consumit!
675 846 698 879 At
706 844 734 878 ille
741 851 814 881 tremen·

114 904 149 929 tem
157 907 227 939 puerum
235 897 298 928 blande
305 907 422 938 compescens,
430 899 434 914 ‘
441 898 492 937 Tace,
501 895 560 938 inquit,
570 902 618 936 tace3
631 906 653 928 ne
663 896 736 928 turberis
744 898 748 928 l
761 897 814 930 fidelis

88 953 106 981 15
114 954 131 978 et
145 947 223 987 ydoneus
238 951 265 977 est
279 947 342 987 hospes
357 951 427 986 noster,
445 945 499 977 nichil
516 945 585 977 aduersi
603 945 731 984 sustinebimus
746 946 815 987 quiesce

115 993 194 1029 securus!
216 993 232 1031 il
244 995 288 1027 Cum
299 1001 357 1028 auteur
369 994 410 1029 solis
422 1000 478 1029 ortum
490 994 619 1038 prenunciasset
630 1005 702 1029 aurora:
718 995 746 1028 lux
757 996 815 1031 celitus

114 1046 178 1079 emissa
185 1045 233 1086 redit,
242 1052 267 1079 set
275 1046 317 1079 lucis
326 1047 374 1088 signa
382 1056 422 1079 ceco
430 1046 501 1088 reliquit.
525 1046 559 1087 Qui
567 1046 612 1079 enim
621 1056 671 1079 cecus
678 1052 754 1087 venerat,
762 1049 816 1081 sancti

114 1094 203 1129 Edmundi
211 1096 271 1127 merito
279 1096 389 1134 illuminatus,
398 1096 463 1128 ductori
476 1106 507 1127 suo
516 1095 550 1128 ait:
563 1096 568 1113 ⁴
573 1095 664 1134 Lucescit;
676 1095 774 1128 adoriamur
786 1097 817 1130 iter

114 1144 202 1178 nostrum)
224 1144 241 1176 A
252 1154 290 1186 quo,
302 1154 332 1186 pre
343 1144 391 1177 verbi
403 1144 479 1177 nouitate
491 1144 591 1186 stupefacto,
603 1144 681 1186 protinus
692 1144 769 1178 audiuit:
783 1146 816 1179 ‘Et

88 1205 107 1225 20
115 1195 159 1228 vnde
174 1193 205 1228 tibi
220 1193 276 1227 lucem
291 1194 388 1235 enunciare,
400 1205 452 1237 quam
464 1205 532 1237 semper
543 1194 597 1227 altero
609 1194 696 1227 mediante
708 1200 763 1227 ortam
778 1207 815 1228 esse

115 1244 211 1279 didiceras?
227 1246 291 1278 Lucem
299 1245 368 1288 quidem
375 1245 469 1287 nominare,
477 1245 555 1288 nunquid
563 1245 617 1278 eciam
625 1245 683 1278 videre
690 1248 815 1279 consueueras?

115 1296 161 1328 Vide
172 1306 233 1329 sanum
244 1296 311 1338 sapias'
335 1296 387 1329 Cuius
398 1307 473 1329 errorem
485 1296 512 1329 ille
524 1296 633 1337 redarguens,
642 1295 702 1329 ‘Tune
712 1306 745 1337 me,
757 1295 816 1338 inquit,

116 1346 188 1378 delirare
202 1346 306 1387 suspicaris?
329 1349 365 1378 Res
379 1347 436 1378 verbis
451 1346 547 1385 concinunt,
561 1346 616 1378 fidelis
631 1352 657 1379 est
670 1348 734 1388 hospes
749 1347 816 1379 noster!

116 1396 159 1428 Vale
166 1397 212 1428 facto
220 1395 271 1436 igitur
278 1396 342 1438 hospiti
350 1405 386 1435 suo,
394 1396 446 1437 digna
454 1397 505 1428 laude
515 1395 606 1428 saluatoris
618 1397 693 1428 referunt
701 1396 816 1429 clemenciam.

89 1455 107 1485 25
117 1445 172 1479 Cecus
187 1443 238 1485 igitur
252 1455 287 1478 non
301 1456 353 1487 egens
368 1444 449 1486 deinceps
465 1445 540 1486 ductore,
556 1455 596 1478 suos
612 1444 643 1479 sibi
663 1445 721 1479 oculos
740 1446 816 1479 sufficere

116 1496 216 1537 gratulatur.
237 1496 287 1528 Tunc
298 1495 353 1539 primo
362 1495 394 1529 sibi
402 1496 450 1529 nasei
459 1502 532 1539 putatur,
540 1508 579 1529 cum
591 1496 697 1530 mundialem
708 1497 816 1539 conspicatus

115 1546 203 1584 fabricam,
212 1545 279 1585 singula
290 1556 358 1588 queque
369 1546 444 1578 miratur.
468 1547 570 1588 Propalatur
579 1547 685 1587 miraculum,
693 1547 753 1580 obuios
765 1557 816 1590 quos-

116 1604 150 1635 que
158 1594 213 1627 reddit
221 1599 306 1635 attentos;
318 1596 394 1627 exultant
402 1595 476 1627 uniuersi
484 1606 543 1636 regem
551 1602 568 1627 et
578 1596 668 1628 dominum
677 1607 728 1629 suum
739 1603 816 1629 sanctum

117 1642 230 1676 Edmundum
237 1643 300 1676 talibus
308 1643 375 1676 indiciis
382 1644 464 1677 virtutum
472 1644 584 1686 magnificari.

116 1725 128 1758 ii
134 1727 235 1769 QUALITER
242 1733 268 1759 DE
274 1727 346 1761 HOXNE
352 1734 415 1766 VSQUE
420 1735 446 1761 AD
453 1728 645 1763 BEDRICESUUORTHE
652 1737 682 1764 SIT
688 1737 816 1772 TRnNsmtTUS,

128 1785 152 1810 ET
160 1784 256 1817 QUOMODO
264 1785 337 1812 CORPUS
346 1786 389 1811 EIUS
397 1786 467 1811 IBlDEhI
475 1787 521 1813 POST
528 1787 590 1812 XXXVI
598 1788 663 1814 ANNOS
671 1788 812 1814 lNCORRUPTUltl

390 1835 424 1861 EST
432 1836 541 1862 INUENTUM.

89 1894 108 1921 30
137 1909 265 1943 &mmmm
273 1911 347 1943 Florida
397 1889 591 1946 Larescentibusnigitur
598 1890 649 1931 longe
656 1888 817 1947 latequenriraculis

417 1945 495 1981 permota
505 1941 598 1972 Orientalrs
609 1941 671 1982 Anglre
681 1940 772 1973 multitudo
783 1949 817 1971 non

116 1987 225 2028 solum‘uuigi
234 1994 260 2021 set
267 1989 323 2022 eciam
330 1989 417 2028 nobilium,
425 1989 570 2032 reminiscensque
578 1989 634 2022 minus
642 1990 732 2023 honestam
740 1990 765 2022 sui
774 1988 818 2030 regis

116 2037 260 2072 tumulacionem:
277 2039 337 2072 habito
352 2040 428 2080 consilio,
444 2040 461 2072 in
476 2040 516 2072 villa
534 2041 582 2082 regia
600 2050 634 2083 que
651 2041 710 2083 lingua
724 2041 818 2082 Anglorum

117 2089 272 2121 Bedricesuuorthe
287 2089 353 2129 dicitur,
368 2090 461 2122 construxit
474 2090 598 2131 permaximam
611 2091 654 2122 miro
669 2091 726 2132 ligneo
741 2090 818 2122 tabulatu

89 2138 212 2178 35ecc1esiam.
235 2138 285 2170 Circa
299 2149 363 2171 annum
379 2149 419 2171 vero
434 2139 499 2171 domini
515 2148 548 2180 900
561 2145 638 2181 tempore
651 2140 695 2181 regis
707 2139 778 2179 Aisredi,
791 2137 817 2170 vel

117 2188 211 2220 secundum
218 2187 261 2219 alios
270 2189 316 2229 quom
326 2195 402 2231 tempore
411 2188 457 2230 regis
469 2188 559 2222 Eduuardi
570 2189 642 2223 senioris
652 2196 692 2224 ante
701 2191 818 2232 Conquestum

117 2237 172 2278 primi,
180 2236 272 2278 episcopus
279 2249 318 2270 cum
327 2241 371 2271 clero
383 2245 400 2271 et
407 2239 464 2281 populi
477 2239 585 2272 multitudine
596 2247 694 2273 reuerenter
703 2239 785 2282 processit
796 2237 818 2269 ad

117 2287 173 2319 locunr
181 2286 236 2320 sancti
242 2287 329 2321 Edmundi
338 2289 429 2331 sepulture.
443 2288 478 2322 Vbi
486 2289 573 2331 dispositis
579 2289 625 2323 circa
630 2290 737 2324 mauseolum
743 2287 818 2322 honesti·

117 2336 175 2369 oribus
183 2336 281 2368 clericorum
290 2339 372 2378 personis,
380 2339 464 2380 thecaque
472 2340 549 2380 preciose
557 2341 648 2380 margarite
656 2346 736 2379 reserata,
744 2341 818 2380 ligneum

82 2398 109 2427 v40
117 2384 230 2419 amonentes²
238 2387 336 2428 operculum
345 2387 469 2429 introspiciunt.
492 2390 522 2422 Set
530 2399 569 2421 mox
576 2399 607 2431 pre
615 2389 652 2423 visu
660 2389 724 2424 insoliti
733 2384 818 2422 miraculi³

117 2435 198 2477 resiliunt,
213 2440 266 2478 atque
281 2437 355 2469 clamore
370 2437 458 2479 repentino
474 2443 540 2471 ceteros
555 2439 577 2472 ad
592 2439 725 2474 adrniracionem
740 2437 817 2472 inuitant.

118 2487 187 2519 Iacebat
198 2484 245 2518 enim
256 2497 285 2519 rex
294 2487 379 2528 gloriosus
391 2492 408 2519 et
419 2488 478 2520 martir
488 2489 591 2522 Ednrundus
602 2500 673 2532 corpore
684 2491 749 2531 integer
759 2487 818 2521 similis

156 2553 162 2570 ¹
173 2554 193 2584 al.
201 2555 306 2585 accommoda.
356 2554 362 2572 ¹
373 2554 407 2585 MS.
415 2561 530 2587 ammonentes.
580 2556 586 2574 ³
596 2558 628 2588 Tit.
636 2558 676 2589 visus
683 2558 693 2589 i.
701 2556 778 2587 miraculo.
