1762 2803
104 126 106 131 .
130 88 176 146 416
322 85 402 138 mona
418 82 534 146 icamia
550 84 643 148 annio.

131 204 209 242 veniens
221 206 314 242 advirum
325 206 360 249 dei,
372 205 459 241 audacter
470 217 532 242 coram
544 206 574 242 illo
586 217 715 252 prorumpens,
727 209 794 244 secreti
805 207 835 243 sui

132 261 226 295 conscium
233 272 276 294 eum
286 259 334 294 fecit.
346 260 437 304 ‘Semina
445 259 509 305 inquit,
516 262 568 297 verbi
578 261 640 305 diuini,
648 273 659 297 a
667 267 699 296 tuo
706 262 751 296 mihi
759 263 835 308 profusa

132 324 170 355 ore,
181 315 204 347 ad
212 319 299 357 quantum
307 314 326 347 in
334 323 364 347 me
372 313 488 348 excreuerint
496 320 611 358 prouentum,
620 315 738 350 manifestum
750 315 782 350 tibi
794 315 835 350 fieri

132 367 178 401 volo.
201 366 281 399 Omnem
292 366 348 399 seculi
359 366 423 399 luxum
434 368 500 401 amodo
512 367 596 401 abdicare
608 367 674 410 delegi,
682 372 701 401 et
712 368 835 411 virginitatem

115 427 193 458 smeam
208 419 231 453 ad
246 418 334 452 honorem
350 417 379 452 dei
398 417 488 463 integram
506 425 525 454 et
543 419 705 454 incontaminatam
724 430 835 455 conseruare

133 471 220 518 disposui,
232 476 250 506 et
263 471 303 515 hoc,
317 482 328 505 o
341 476 395 516 pater
408 471 528 517 sanctissime,
539 477 571 508 tua
582 472 711 518 suffragatione
723 474 745 508 ab
756 479 835 519 viroque

132 530 209 570 parente
224 524 268 559 mihi
283 525 378 569 impetrari
393 526 486 570 deposco?
516 527 557 562 Hec
576 527 653 561 audiens
672 532 751 570 sanctus,
767 528 834 571 pietate

133 582 199 620 motus,
208 577 253 612 dixit
264 589 285 613 se
297 583 384 622 parentes
396 578 436 613 eius
447 585 581 625 conuenturum
589 579 671 623 sollicite,
679 585 734 624 atque
742 580 776 614 hoc
784 581 833 625 quod

132 631 206 674 petebat
217 642 251 674 pro
262 641 318 675 posse
329 642 363 665 suo
374 637 462 666 acturum.
485 633 571 674 Proinde,
579 639 621 666 cum
629 643 640 666 a
647 633 687 666 viro
697 633 726 667 dei
737 633 774 667 filie
786 633 835 667 desi-

107 691 125 714 10
133 683 204 718 derium
212 689 265 729 pater
272 684 388 729 cognouisset
396 689 414 719 et
421 689 486 728 mater,
494 684 558 720 suffusi
570 685 664 721 lachrimis
672 686 727 721 deum
735 686 835 721 benedixe-

132 742 176 772 runt
183 742 202 771 et
209 737 289 782 benigne
297 743 432 773 concesserunt.
446 738 508 773 Puella
512 749 556 773 vero
564 738 642 782 pedibus
648 739 696 774 beati
702 739 736 774 viri
741 740 834 774 interdum

132 789 194 825 uotiua
201 791 282 833 sedebat,
287 789 380 824 sitibundo
386 790 473 825 hauriens
480 797 555 836 pectore
562 802 599 835 que
607 792 630 825 de
638 791 695 836 gloria
703 793 767 836 sponsi
775 792 807 827 sui
811 793 834 826 ab

133 842 191 887 ipsius
203 854 235 877 ore
247 844 357 877 defluebant.
380 843 430 876 Nihil
438 845 458 877 in
469 855 490 877 se
502 849 596 877 terrenum
607 844 719 886 admittebat,
727 845 835 889 frequenter

133 896 217 930 noctibus
223 896 242 930 in
247 895 324 930 ecclesia
329 896 435 929 excubabat.
451 896 545 930 Interdum
552 895 607 930 etiam
613 896 738 940 importunam
744 908 765 931 se
771 902 834 931 sancto

107 955 125 987 15
133 947 225 993 ingerens,
240 947 340 983 solicitabat
355 959 397 983 eum
413 959 518 983 sermonem
533 948 592 983 facere
611 954 666 995 atque
685 950 709 984 de
727 950 790 996 sponsi
806 951 834 985 sui

134 1001 215 1037 moribus
227 1006 245 1036 et
252 1002 289 1037 vita
300 1006 383 1036 tractare.
405 1002 451 1036 Toto
464 1002 555 1037 desiderio
567 1001 691 1046 inardescens,
699 1008 742 1037 tunc
751 1003 834 1048 aliquan·

132 1055 190 1090 tulum
209 1055 271 1099 gaudii
289 1054 368 1089 habebat
383 1065 425 1089 cum
443 1056 467 1089 de
485 1054 538 1089 amici
558 1054 586 1089 sui
605 1055 719 1098 excellentia,
734 1057 800 1091 decore
816 1062 834 1091 et

132 1107 213 1151 potentia
221 1107 270 1151 loqui
278 1106 362 1142 audiebat
369 1118 373 1149 ;
385 1111 439 1151 atque
451 1106 568 1142 huiusmodi¹
576 1107 616 1142 eius
625 1107 700 1142 resectio
708 1107 789 1143 omnium
797 1113 834 1143 ter-

132 1168 218 1194 renarum
227 1170 289 1194 rerum
296 1159 425 1194 iocunditatem
433 1159 544 1194 excellebatl
552 1164 570 1193 et
581 1159 601 1193 in
611 1159 660 1195 illius
668 1160 724 1195 corde
734 1160 834 1205 spiritualis

106 1222 125 1245 ao
132 1211 247 1248 iocunditatis
265 1212 373 1247 indeficiens
392 1212 546 1248 delectamentum
564 1212 660 1248 retinebat.
691 1213 714 1247 Et
728 1213 771 1249 licet
786 1219 834 1250 etate

132 1271 197 1302 tenera
209 1271 264 1309 esset,
275 1265 356 1310 perfecta
368 1270 430 1300 tamen
443 1266 529 1309 moribus,
541 1270 559 1300 et
572 1266 628 1300 corde
639 1276 685 1300 cana
696 1272 741 1309 erat,
752 1268 834 1302 animum

132 1320 188 1354 totius
196 1318 299 1363 cupiditatis
307 1323 454 1362 contemptorem
465 1319 541 1354 habens.
587 1311 671 1363 Contigit
682 1324 743 1354 autem
755 1321 834 1364 quadam

132 1372 162 1407 die
176 1371 271 1415 dominica,
285 1371 404 1415 pergentibus
416 1372 439 1405 ad
453 1371 549 1407 ecclesiam
561 1371 669 1415 parentibus
681 1372 726 1414 eius,
740 1372 790 1407 illam
802 1383 834 1407 ne-

133 1424 213 1460 cessario
226 1424 276 1459 domi
288 1424 346 1458 solam
360 1434 462 1459 remanere.
485 1423 508 1459 Et
524 1434 568 1459 ecce
579 1423 652 1459 iuuenis
666 1423 745 1469 quidam,
760 1424 834 1460 nomine

106 1488 125 1518 25
134 1478 244 1520 Cradocus³‚
256 1477 311 1512 Alani
322 1477 371 1521 regis
382 1477 437 1519 filius,
445 1478 521 1512 domum
528 1478 605 1519 intrans,
612 1476 702 1521 virginem
714 1478 773 1512 solam
784 1479 834 1514 iuxta

133 1530 194 1565 focum
206 1531 302 1566 sedentem
315 1529 390 1565 inuenit.
414 1529 454 1572 Que
466 1529 540 1575 cognito
553 1530 602 1574 regis
615 1530 658 1573 filio,
666 1530 736 1566 concita
747 1532 833 1575 surrexit,

133 1584 177 1626 quid
185 1583 220 1616 sibi
228 1584 309 1626 placeret
316 1583 408 1616 humiliter
416 1582 535 1626 inuestigans.
558 1582 581 1615 Et
590 1582 621 1615 ille
630 1595 634 1616 :
646 1583 715 1627 ‘RegIs
727 1595 762 1626 me,
770 1584 834 1628 inquit,

133 1635 191 1670 filium
204 1646 247 1670 esse
258 1646 296 1669 non
307 1635 387 1680 ignoras,
399 1635 467 1669 diuitiis
482 1640 500 1669 et
515 1634 615 1669 honoribus
630 1635 692 1669 multis
707 1636 800 1678 refertum,
816 1642 834 1671 te

133 1688 189 1724 etiam
200 1689 296 1723 affluenter
307 1688 459 1732 locupletatumm
470 1688 486 1722 si
497 1698 539 1722 mee
550 1686 632 1731 petitioni
645 1689 737 1723 assentire
748 1689 834 1733 voluens,

106 1755 126 1786 30
133 1742 222 1777 voluntati
237 1753 278 1776 mee
296 1752 394 1776 assensum
412 1742 503 1785 prebens!
527 1740 560 1775 Illa
575 1746 641 1784 autem,
657 1742 739 1776 sentiens
753 1754 796 1777 eum
811 1743 835 1778 de

133 1796 229 1843 concubitu
240 1805 346 1830 sermonem
357 1794 462 1838 inseruisse,
471 1794 564 1839 paululum
576 1794 657 1829 demissa
667 1794 749 1830 vultum*
757 1797 833 1831 rubore-

133 1860 169 1895 que
181 1848 257 1892 suffusa,
268 1848 372 1884 simulauit⁶
383 1847 443 1893 primo
455 1848 530 1892 quidem
541 1847 621 1892 grauiter
636 1859 657 1883 se
670 1847 719 1883 ferre
731 1850 779 1893 quod
792 1860 834 1884 eam

132 1903 245 1945 incomptam
257 1907 275 1935 et
286 1902 389 1935 inornatam
400 1901 507 1943 inuenisset,
516 1902 591 1934 dicens:
604 1900 662 1934 ‘Cum
673 1905 692 1934 tu
703 1911 772 1945 genere
783 1902 834 1945 regio

122 1958 123 1961 ’
133 1960 184 1991 ortus
192 1959 211 1990 et
218 1959 311 1991 annuente
321 1954 395 1990 domino
406 1965 440 1990 rex
452 1953 523 1989 futurus
535 1952 609 1997 existas,
617 1952 703 1989 felicitate
714 1954 792 1990 seculari
804 1965 834 1990 me

105 2024 124 2055 35
133 2008 229 2053 opulenter
240 2009 348 2053 replendam
361 2019 403 2043 esse
417 2018 454 2042 non
469 2008 537 2050 dubito,
549 2011 580 2041 tuo
593 2006 710 2041 matrimonio
726 2008 834 2052 copulatam.

134 2061 277 2106 Verumptamen
289 2061 383 2105 paulisper
391 2066 460 2105 patere,
468 2061 568 2094 aduentum
578 2061 636 2104 patris
646 2060 682 2094 mei
692 2066 803 2105 expectans;
815 2067 834 2096 et

133 2125 167 2159 ego
180 2113 253 2149 interim
265 2114 365 2149 thalamum
380 2113 457 2156 intrabo,
469 2114 492 2148 ad
503 2118 522 2148 te
533 2111 568 2148 cito
580 2111 670 2147 reditura.¹
699 2112 740 2148 Hec
751 2114 834 2158 profecto

133 2167 202 2209 dicens,
208 2168 232 2201 ad
238 2167 302 2201 horam
310 2167 332 2200 ab
340 2177 363 2200 eo
369 2166 430 2200 solum
436 2165 491 2200 auelli
497 2165 590 2209 querebat.
600 2164 679 2199 Videbat
684 2166 733 2199 enim
740 2166 834 2201 hominem

122 2221 124 2224 ’
133 2218 263 2261 miserrimum,
271 2218 339 2253 infelici
346 2218 421 2253 libidine
429 2229 533 2262 accensum,
541 2216 590 2253 illius
597 2227 660 2252 amore
668 2217 746 2253 letaliter
752 2218 834 2265 torqueri

105 2289 126 2320 40
134 2278 152 2308 et
163 2272 212 2307 velut
223 2277 315 2307 amentem
326 2271 372 2306 fieri.
394 2271 490 2307 Concessit
501 2272 576 2306 tandem
587 2269 660 2306 iuuenis
671 2276 690 2306 vt
702 2282 795 2308 cameram
806 2272 835 2308 in·

133 2326 246 2371 grederetur,
254 2335 331 2370 sperans
339 2325 390 2359 illam
400 2335 442 2359 cum
453 2324 552 2359 decentiori
562 2328 626 2358 ornatu
639 2328 693 2368 atque
704 2326 834 2370 acceptabilius

133 2378 253 2424 compositam
267 2378 307 2414 sine
320 2377 406 2413 dilatione
421 2378 444 2412 ad
460 2387 481 2413 se
496 2377 600 2413 redituram.
624 2377 676 2413 Tunc
687 2378 719 2414 illa
733 2379 834 2416 thalamum

132 2433 222 2477 ingressa,
230 2442 254 2466 ex
262 2432 319 2467 altera
327 2435 379 2475 parte
387 2440 421 2475 per
428 2430 495 2465 ostium
502 2440 576 2465 camere
588 2430 652 2465 exiens
660 2441 725 2467 versus
737 2433 833 2469 ecclesiam

135 2506 293 2538 1¹E.huiusmodo,
340 2503 492 2535 ²E.excellebatur.
544 2503 696 2541 ’Vicetiadroeua
742 2505 834 2537 1ΕΝιιῙῖιι.

132 2547 138 2566 ⁶
149 2548 167 2579 E.
174 2547 253 2578 similauit.
