1762 2803
239 117 285 172 Dc
300 115 400 170 &aucto
415 115 560 178 aunuatim.
721 121 748 163 81

49 235 95 270 Cum
102 247 181 272 nouerca
187 243 248 273 autem
255 238 334 273 miscere
342 247 398 283 graue
404 242 433 272 est
438 236 513 280 lacinus,
519 237 561 282 quia
568 242 585 272 et
591 236 610 272 in
616 237 657 282 lege
663 237 751 281 scriptum

49 296 90 323 est:
103 291 259 335 “Turpitudinem
271 292 330 336 patris
340 291 367 324 tui
378 302 415 324 non
427 291 533 325 reuelabist
558 291 622 334 Neque
634 291 683 324 enim
695 290 752 334 patris

49 342 181 386 turpitudinem
194 344 243 379 filius
256 344 340 379 reuelare
353 349 419 388 potest,
431 343 464 378 sed
476 343 519 388 quia
530 342 619 388 scriptum
631 350 669 378 cst:
682 345 752 378 “erunt

50 396 86 430 duo
100 397 119 430 in
135 408 189 432 carne
201 399 253 441 vna,''
266 398 297 442 qui
309 396 441 441 turpitudinem
457 407 542 439 nouerce‚
554 407 591 441 que
603 407 640 431 vna
655 407 697 431 caro
710 406 752 431 cum

49 455 102 492 patre
113 449 151 491 fuit,
159 452 243 485 reuelare
254 450 393 494 presumpserit,
402 450 484 493 profecto
493 450 551 493 patris
559 449 692 495 turpitudinem
701 459 752 483 reue·
761 460 770 491 5

50 501 99 537 lauit.
122 502 168 537 Cum
176 509 253 549 cognata
260 515 333 549 quoque
341 502 419 538 miscere
427 502 538 547 prohibitum
547 508 580 545 est,
586 502 628 548 quia
635 513 670 547 per
677 502 754 537 iunctio-

50 555 104 590 nem¹
116 556 197 600 priorem
208 569 250 592 caro
262 557 322 592 fratris
332 556 386 591 fuerit
398 556 450 591 sacta.
473 556 508 591 Pro
516 567 552 601 qua
563 568 583 591 re
594 557 649 591 etiam
660 556 753 590 Iohannes

51 608 133 651 Baptista
140 610 199 653 capite
207 616 301 644 truncatus
309 609 364 653 [est]²
372 615 390 643 et
398 614 461 643 sancto
472 609 560 653 martyrio
572 615 715 648 consummatus,
724 608 752 643 cui

51 671 88 694 non
96 665 124 695 est
131 661 198 696 dictum
204 666 223 697 vt
230 662 323 697 Christum
330 666 410 706 negaret,
417 667 435 696 ct
441 672 475 706 pro
482 661 549 696 Christi
557 661 673 697 consessione
681 661 753 697 occisus

51 720 90 748 est:
103 716 135 748 sed
147 716 189 759 quia
201 716 259 750 isdem
270 716 356 750 dominus
367 720 431 750 noster
439 714 505 749 lhesus
513 715 597 750 Christus
609 716 690 750 dixerat:
703 716 753 758 “ego
763 726 782 748 10

51 777 92 800 sum
100 767 184 811 veritas,”
193 768 235 813 quia
246 779 280 813 pro
290 770 366 802 veritate
378 767 471 802 lohannes
481 767 553 802 occisus
561 774 594 810 est,
601 767 686 803 videlicet
693 773 711 802 et
719 778 753 811 pro

52 820 124 854 Christo
136 821 243 866 sanguinem
255 820 305 856 fudit.
328 819 375 863 Quia
385 831 430 855 vero
441 826 484 855 sunt
495 819 547 855 multi
559 819 578 854 in
586 820 689 864 Anglorum
699 826 754 863 gente

52 872 88 916 qui,
94 875 137 907 dum
145 875 204 908 adhuc
212 874 231 907 in
239 874 345 908 infidelitate
352 872 467 915 essent,huic
475 873 574 916 nephando
580 872 664 916 coniugio
670 873 755 907 dicuntur

52 926 133 968 admixti,
146 927 169 960 ad
184 927 240 961 fidem
252 925 348 960 venientes
364 925 475 959 admonendi
490 929 533 959 sunt
544 930 564 960 vt
579 935 601 960 se
615 925 724 968 abstineant,
737 930 755 959 et

52 990 108 1022 graue
124 980 159 1014 hoc
173 991 215 1014 esse
232 984 328 1023 peccatum
343 984 465 1023 cognoscant3
484 979 601 1012 tremendum
620 978 649 1012 dei
668 978 754 1014 iudicium
766 990 783 1020 ¹5

52 1032 133 1073 timeant,
138 1044 162 1066 ne
170 1043 204 1077 pro
212 1033 280 1067 carnali
288 1033 385 1066 dilectione
392 1037 483 1066 tormenta
491 1032 550 1066 eterni
558 1031 649 1066 eruciatus
656 1032 755 1066 incurrant.

53 1085 95 1119 Non
108 1090 169 1119 tamen
182 1096 216 1129 pro
228 1086 262 1119 hac
276 1096 296 1119 re
309 1085 391 1129 corporis
404 1090 422 1118 et
437 1084 532 1128 sanguinis
545 1084 614 1118 domini
627 1085 755 1119 communione

53 1138 137 1182 priuandi
148 1144 196 1181 sunt,
205 1150 229 1174 ne
240 1138 258 1173 in
270 1138 296 1174 eis
308 1138 339 1173 illa
346 1137 408 1173 ulcisci
416 1137 512 1173 videantur
523 1136 618 1183 inquibus
630 1148 651 1173 se
661 1149 696 1182 per
705 1137 756 1183 igno·

53 1192 131 1225 rantiam
141 1197 184 1226 ante
194 1193 287 1226 lauacrum
298 1191 414 1235 baptismatis
424 1191 554 1225 astrinxerunt.
578 1191 599 1225 In
608 1191 643 1225 hoc
652 1191 701 1226 enim
710 1197 756 1225 tem·

53 1254 98 1287 pore
112 1251 175 1279 saneta
190 1244 267 1280 ecclesia
282 1245 362 1288 quedam
376 1255 410 1288 per
425 1244 516 1278 feruorem
533 1243 611 1288 corrigit,
627 1245 707 1288 quedam
722 1255 756 1289 per
766 1257 786 1278 ἰο

53 1297 213 1332 mansuetudinem
230 1298 301 1338 tolerat,
316 1298 395 1341 quedam
412 1308 447 1341 per
464 1297 628 1331 considerationem
647 1298 756 1334 dissimulat,

54 1355 108 1394 atque
119 1350 143 1384 ita
155 1355 214 1394 portat
226 1356 244 1384 et
255 1350 363 1392 dissimulat,
370 1356 390 1384 vt
401 1361 447 1394 sepe
457 1349 526 1384 malum
536 1350 585 1393 quod
596 1350 705 1384 aduersatur
714 1361 756 1394 por·

53 1404 109 1437 tando
124 1408 142 1437 et
158 1404 291 1438 dissimulando
306 1408 415 1447 compescat.
442 1403 512 1437 Omnes
531 1408 592 1437 autem
611 1402 642 1447 qui
660 1404 683 1437 ad
701 1403 757 1438 iidem

53 1456 135 1498 veniunt,
143 1455 255 1490 admonendi
265 1461 308 1490 sunt
318 1466 341 1489 ne
351 1456 388 1490 tale
398 1455 466 1498 aliquid
476 1456 555 1489 audeant
563 1461 676 1498 perpetrare.
699 1456 719 1489 Si
727 1457 758 1499 qui

55 1513 116 1542 autem
130 1507 283 1552 perpetrauerint,
299 1507 380 1552 corporis
397 1514 415 1542 et
432 1507 527 1552 sanguinis
542 1507 611 1542 domini
627 1508 785 1552 communionem

55 1561 139 1605 priuandi
147 1566 200 1595 sunt:
213 1561 260 1603 Quia
268 1561 314 1595 sicut
323 1560 354 1594 in³
362 1561 390 1595 his
398 1560 430 1604 qui
438 1571 472 1604 per
480 1561 601 1604 ignorantiam
609 1561 696 1603 iecerunt,
705 1562 757 1606 eulpa

55 1614 170 1656 aliquatenus
185 1614 279 1647 toleranda
293 1620 327 1655 est,
342 1613 367 1647 ita
382 1613 400 1646 in
416 1612 445 1647 his
460 1613 532 1647 fortiter
546 1613 660 1657 insequenda
674 1613 705 1658 qui
720 1624 757 1647 non

55 1671 139 1700 metuunt
153 1666 228 1700 sciendo
241 1667 329 1710 peccare!
373 1666 515 1710 illitterrognlio
526 1666 570 1700 henli
579 1666 690 1711 Augustini:
735 1659 758 1702 Si

55 1719 178 1762 longinquitas
189 1719 260 1752 itineris
272 1729 338 1763 magna
350 1719 449 1761 interiacet,
457 1724 476 1752 vt
487 1718 568 1762 episcopi
579 1729 616 1752 non
626 1718 678 1753 facile
685 1719 758 1753 ualeant

57 1771 161 1813 conuenire,
169 1782 192 1805 an
201 1771 267 1805 debeat
277 1771 318 1806 sine
328 1771 405 1805 aliorum
417 1771 545 1815 episcoporum
555 1772 650 1815 presentia
661 1772 759 1816 episcopus
768 1786 787 1815 ³0

56 1824 149 1858 ordinari?
192 1824 317 1867 ilResponsio
331 1824 386 1858 henli*
398 1824 479 1868 Gregorii
487 1823 555 1868 pam·
599 1817 636 1859 ‘Et
651 1824 725 1869 quidem
740 1824 759 1859 in

56 1878 159 1921 Anglorum
169 1877 252 1920 ecclesia,
262 1877 281 1911 in
293 1888 328 1920 qua
339 1877 398 1910 adhue
409 1877 459 1911 solus
469 1882 489 1911 tu
500 1876 598 1921 episcopus
608 1876 702 1913 inueniris,
710 1878 759 1911 ordi-

57 1940 102 1965 nare
110 1930 216 1975 episcopum
226 1940 263 1963 non
271 1929 324 1963 aliter
334 1929 369 1963 nisi
379 1929 419 1963 sine
428 1928 520 1974 episeopis
527 1934 591 1974 potes3
603 1940 647 1964 nam
654 1930 728 1975 quando
736 1930 759 1965 de

58 1984 120 2018 Galliis
128 1983 209 2027 episcopi
216 1982 298 2025 veniunt,
306 1982 337 2027 qui
347 1983 366 2017 in
378 1983 493 2017 ordinatione
504 1982 585 2028 episcopi
593 1988 650 2017 testes
660 1984 760 2018 assistant?

58 2036 95 2071 Sed
106 2035 237 2071 fraternitatem
248 2040 298 2070 tuam
308 2036 333 2070 ita
343 2036 428 2070 volumus
440 2036 537 2081 episcopos
548 2037 639 2078 ordinare,
647 2043 667 2071 vt
678 2037 713 2081 ipsi
725 2037 759 2072 sibi
769 2049 788 2079 35

58 2089 141 2134 episcopi
153 2089 208 2133 longo
221 2088 316 2123 interuallo
329 2088 406 2123 minime
419 2088 557 2133 disiungantur;
574 2089 659 2134 quatinus
672 2090 721 2124 nulla
736 2090 760 2124 sit

58 2142 164 2182 necessitas,
173 2147 192 2175 vt
203 2142 222 2174 in
233 2141 347 2174 ordinatione
359 2141 448 2184 episcopi,
459 2146 544 2184 pastores
555 2152 628 2184 quoque
640 2141 670 2175 alii
681 2152 759 2185 quorum

58 2194 151 2238 presentia
158 2194 211 2228 valde
221 2199 249 2227 est
256 2192 310 2234 utilis,
318 2192 370 2226 facile
379 2193 457 2226 debeant
467 2193 573 2226 conuenire.
596 2193 643 2227 Cum
654 2193 708 2237 igitur
718 2204 760 2228 auc-

58 2253 99 2282 tore
111 2248 146 2281 deo
159 2246 184 2281 ita
196 2246 263 2281 suerint
275 2244 357 2289 episcopi
370 2245 389 2279 in
402 2245 511 2289 propinquis
526 2245 561 2280 sibi
573 2245 618 2280 locis
631 2244 714 2287 ordinati,
727 2256 761 2290 per

59 2300 121 2335 omnia
137 2299 266 2344 episcoporum
282 2297 371 2333 ordinatio
390 2297 430 2332 sine
447 2298 551 2342 aggregatis
566 2297 624 2332 tribus
638 2297 668 2333 vel
684 2304 762 2343 quatuor
770 2313 790 2343 40

59 2353 151 2398 episcopis
163 2353 204 2387 fieri
214 2364 251 2387 non
262 2351 322 2387 debet.
345 2351 393 2385 Nam
405 2350 424 2385 in
436 2350 482 2395 ipsis
492 2351 548 2385 rebus
560 2350 690 2395 spiritualibus,
701 2358 721 2387 vt
734 2363 762 2387 sa-

59 2407 131 2452 pienter
144 2411 163 2440 et
178 2412 249 2441 mature
262 2406 388 2451 disponantur,
401 2404 508 2449 exemplum
523 2405 596 2440 trahere
611 2415 622 2440 a
635 2406 692 2440 rebus
707 2407 762 2442 etiam

60 2460 164 2494 carnalibus
178 2470 284 2503 possumus.
307 2459 360 2494 Certe
375 2457 424 2492 enim
440 2458 483 2491 dum
497 2457 581 2502 coniugia
596 2457 615 2492 in
631 2460 700 2493 mundo
715 2460 763 2495 cele-

59 2514 142 2556 brantur,
156 2513 245 2557 coniugati
259 2512 326 2558 quique
339 2515 468 2553 connotantur,
479 2515 499 2545 vt
511 2510 542 2554 qui
557 2510 577 2544 in
589 2510 619 2546 via
634 2511 671 2546 iam
684 2512 763 2557 coniugii

80 2581 118 2611 ¹al.
126 2580 257 2610 coniunctionem.
307 2579 402 2610 ²0m,inT.
410 2579 428 2608 E.
477 2577 598 2609 ‘inom.inT.
647 2572 744 2610 ¹om'.iu'l“¹

405 2628 417 2654 G
