1762 2803
241 115 287 171 De
302 112 402 168 saron
418 113 538 177 etoleno.
699 119 742 175 387

41 246 127 287 precepto
138 238 177 273 suis
189 237 293 272 mandauit.¹
317 236 353 271 His
364 236 395 271 ille
407 238 523 272 sermonibus
534 238 590 272 veluti
602 239 700 283 vnguentis
711 239 743 273 de·

42 296 113 335 libutus,
119 301 212 326 carcerem
220 290 319 335 egreditur,
325 290 376 324 illum
385 300 470 334 sequens.
492 290 578 325 Plurimis
586 296 647 326 autem
655 301 743 335 aquarum

41 346 162 383 alluuionibus
181 354 216 388 per
235 344 323 378 obscuras
343 343 401 378 noctis
422 344 497 378 umbras
517 345 647 386 transuadatis,
667 350 744 388 repente

42 399 131 442 malignus
145 397 238 441 disparuit.
261 396 312 431 Tunc
326 401 406 439 sanctus,
419 396 501 441 pestiferi
515 398 595 432 ductoris
608 398 703 433 machinas
716 398 744 432 in-

41 453 131 495 telligens,
139 462 162 484 ex
170 452 208 484 imo
216 451 295 494 pectoris
303 450 384 485 dolorem
392 451 465 485 attraxit
471 451 482 493 ¹,
490 451 608 496 mediis[que]
616 463 637 485 se
645 451 744 497 paludibus
752 460 761 489 5

42 507 135 546 iniectans,
145 514 187 536 cum
199 503 279 536 maximo
293 503 336 536 lietu
350 503 460 537 saluatorem
473 504 563 548 implorat,
576 505 650 539 dicens:
666 505 694 538 ‘0
706 505 744 538 vite

42 560 98 599 dator,
104 568 115 590 o
123 556 185 599 stirpis
193 556 235 589 Ade
240 555 293 590 vnice
299 555 401 598 miserator,
407 566 440 590 cur
445 567 510 591 senem
516 568 547 591 me
553 562 583 591 tua
591 558 649 602 gratia
657 558 743 596 destituit,

42 621 95 656 quem
114 610 133 644 in
148 609 213 644 florida
229 614 277 644 etate
293 619 387 653 nunquam
404 608 503 645 destituere
520 612 626 646 consueuit?
648 611 695 645 Tam
712 611 743 645 diu

42 663 184 698 misericorditer
198 668 297 705 seruatum,
310 663 329 696 in
342 667 425 697 extremo
437 664 473 698 vite
486 663 554 707 pateris
566 664 627 708 perire
640 663 743 699 abiectum?

44 716 132 761 Quotiens
139 722 157 751 te
165 717 184 751 in
192 716 246 751 huius
250 717 287 751 vite
296 717 390 761 naufragio
396 717 505 752 saluatorem
511 718 584 753 inueni!
598 718 683 762 experiar
689 729 743 758 nunc,
752 727 772 748 10

43 782 104 815 queso,
116 770 249 805 consolatorem
262 770 281 804 in
295 771 328 805 hac
340 770 424 805 demonis
435 769 525 813 illusione,
536 771 608 805 adiutor
618 772 637 806 in
649 772 743 816 oportuni·

43 825 114 866 tatibus
126 824 144 857 in
158 823 279 858 tribulatione.
302 823 370 858 Carcer
381 834 392 857 a
402 829 460 866 tergo,
471 834 482 858 a
493 824 553 858 fronte
564 825 640 866 flumen,
651 824 670 858 in
683 826 743 868 girum

43 877 123 917 tenebre,
133 882 196 910 auctor
201 887 264 910 earum
273 876 334 910 iuxta:
347 875 441 919 Elphegus
448 876 533 910 omnibus
551 873 649 919 erumpnis
657 876 744 917 inclusus,

43 929 83 962 Tibi
98 929 132 962 soli
147 927 245 962 derelictus
260 934 288 962 est
301 939 382 972 pauper:
400 927 470 972 pupillo
485 933 505 960 tu
520 928 557 961 en's
571 927 652 962 adiutor.¹
676 928 712 963 His
727 936 745 962 et

45 980 146 1015 huiusmodi
158 981 229 1015 diuinas
241 992 296 1016 aures
304 981 404 1026 implorare
415 991 451 1015 non
463 986 533 1016 cessat:
546 987 564 1016 et
575 992 623 1025 ecce,
633 982 717 1027 apparuit
728 983 744 1017 ei
755 991 772 1023 15

44 1036 114 1070 iuuenis
125 1046 181 1069 aureo
193 1036 293 1080 splendore
304 1036 387 1078 amictus,
397 1034 454 1069 diuini
465 1035 554 1079 signaculi
563 1036 631 1070 vexilla
642 1036 746 1080 preferens

45 1088 76 1131 [et]
85 1088 140 1122 dixit:
153 1088 204 1130 ‘Quo
212 1093 235 1129 te,
243 1088 273 1129 ait,
281 1090 307 1122 tui
315 1088 418 1122 distrahunt
428 1089 498 1132 pedes?
509 1099 546 1132 quo
555 1089 635 1133 impetus
643 1089 697 1133 suge?
709 1100 745 1133 quo

44 1142 122 1175 ductoris
129 1141 208 1176 inuidia?
219 1142 290 1176 Siccine
297 1143 332 1184 itur
337 1142 360 1176 ad
367 1140 549 1185 coronam,sugiendo
556 1141 661 1176 certaminis
668 1142 745 1178 luctam?

45 1200 74 1227 aut
82 1195 184 1236 quomodo³
194 1200 256 1237 potest
264 1194 327 1228 brauio
336 1196 397 1237 palme
408 1194 515 1236 fulgescere,
526 1195 556 1236 qui
565 1196 649 1228 currendi
656 1201 715 1229 metas
726 1197 745 1228 in

45 1245 102 1278 stadio
110 1245 167 1278 noluit
177 1247 287 1290 perficere?¹
300 1246 333 1280 Cui
343 1256 385 1279 cum
395 1246 488 1279 retulisset
497 1246 589 1288 sacerdos,
597 1257 634 1279 non
645 1257 666 1280 se
676 1246 745 1291 sugere,
754 1257 773 1278 ro

45 1301 77 1333 sed
91 1299 147 1333 diuini
160 1300 222 1334 nuncii
237 1300 315 1343 imperio
328 1299 423 1343 paruisse:
442 1300 493 1333 ‘Non
507 1299 547 1339 hoc,
559 1300 588 1340 ait,
601 1299 699 1343 imperium
712 1300 745 1334 suit

45 1352 148 1394 diuinitatis,
154 1354 187 1387 sed
192 1352 287 1396 dyabolice
292 1352 408 1396 malignitatis
415 1351 566 1395 comlm]entum;
578 1357 655 1386 nectam
662 1357 680 1386 te
685 1353 715 1388 ille
721 1354 745 1387 de

45 1415 118 1438 carcere
124 1405 208 1447 educere,
214 1416 269 1449 quam
275 1411 328 1440 extra
334 1404 488 1440 carceremvoluit
494 1405 588 1439 seducere,
604 1404 746 1450 Vrgetnamque

46 1457 95 1490 illum
101 1458 189 1500 preterire
195 1459 232 1492 vite
239 1464 270 1492 tue
276 1458 306 1501 pia
312 1458 399 1502 operatio,
404 1464 423 1492 et
428 1458 447 1490 in
453 1457 509 1491 tantis
515 1457 661 1491 tribulationibus
667 1469 746 1501 presens

47 1510 78 1542 tibi
89 1520 164 1554 semper
174 1511 232 1545 sancti
241 1510 316 1554 spiritus
324 1510 428 1551 consolatio,
437 1510 488 1543 cuius
495 1510 589 1553 presentia
596 1510 692 1545 omnibus⁴
703 1521 747 1545 con·
756 1521 774 1551 25

46 1563 129 1596 stantiam
138 1563 198 1605 donat,
207 1564 310 1597 constantia
317 1562 416 1604 victoriam,
424 1562 500 1596 victoria
510 1563 591 1605 gloriam.
614 1563 662 1597 Redi
672 1575 716 1607 ergo
723 1565 747 1597 ad

46 1613 104 1647 locum
113 1615 193 1649 amisse⁶
205 1625 272 1649 corone
284 1614 348 1649 celitus
358 1614 402 1648 tibi³
415 1615 526 1657 deputatum,
538 1614 616 1648 sciturus
627 1615 675 1658 quod
688 1621 706 1649 te
718 1615 748 1649 die

47 1665 124 1700 crastino
132 1673 184 1711 pater
192 1667 289 1702 honorabit
295 1668 313 1702 in
320 1668 365 1710 celo,
372 1667 441 1701 honore
449 1667 480 1701 illo
486 1667 572 1709 maximo,
578 1673 597 1702 vt
605 1669 623 1701 in
632 1674 715 1702 eternum
722 1670 748 1702 sis

47 1729 87 1752 curn
95 1720 135 1754 eius
142 1721 189 1755 filio)
212 1721 307 1765 Elplregus
314 1720 369 1764 igitur
377 1721 400 1754 ad
408 1721 469 1754 locum
477 1720 582 1755 certaminis
590 1721 613 1754 ab
621 1722 687 1765 angelo
695 1732 748 1756 reuo-

47 1777 102 1814 catus,
110 1774 157 1807 tetus
165 1775 274 1818 expectabat
281 1774 345 1808 horam
350 1774 443 1817 quaadeo
449 1773 552 1817 perciperet
558 1784 650 1808 coronam.
662 1774 699 1808 Sed
706 1785 747 1808 cum
756 1785 776 1813 30

47 1834 104 1868 prope
112 1826 176 1860 fuisset
183 1832 202 1861 vt
213 1838 305 1861 carcerem
315 1825 383 1860 intrare
392 1825 492 1867 debuisset,
500 1826 645 1869 comprehensus
655 1837 666 1860 a
675 1827 748 1861 carnifi-

48 1888 88 1911 cum
98 1881 157 1922 turba,
165 1880 224 1924 plagis
232 1880 311 1913 afficitur
323 1879 419 1921 maximis;
433 1878 509 1923 insuper
519 1879 595 1913 cerebro
603 1879 668 1923 capitis
676 1880 747 1922 violato,

48 1932 146 1966 semiuiuus
158 1933 250 1977 ergastulo
261 1932 370 1966 recluditur:
383 1932 413 1965 vbi
421 1942 498 1965 accenso
506 1931 551 1971 ioco,
560 1936 577 1964 et
586 1931 670 1975 quicquid
679 1932 747 1967 fetidis

48 1982 114 2017 simum
125 1985 196 2019 fumum
207 1985 237 2019 vel
249 1990 346 2028 generaret
357 1984 387 2018 vel
400 1989 507 2026 generatum
523 1983 606 2023 nutriret,
617 1994 652 2026 per
666 1984 748 2027 singulas

48 2035 82 2068 diei
90 2036 145 2070 horas
152 2036 224 2079 iniecto,
232 2036 311 2071 carceris
319 2035 383 2069 ianuas
391 2035 482 2069 claudunt.
505 2035 605 2069 Transacta
616 2035 670 2079 igitur
681 2047 747 2080 magna
756 2049 774 2079 35

49 2088 105 2122 noctis
113 2096 171 2133 parte,
177 2090 225 2134 cepit
233 2092 299 2124 domus
307 2090 380 2123 celestis
388 2089 446 2133 gratie
454 2089 569 2133 participium
577 2090 676 2133 suscipere,
684 2095 748 2124 eterne

48 2139 84 2176 vite
103 2144 232 2178 odoramenta⁸
250 2144 327 2188 spirare,
345 2144 425 2187 hymnos
443 2143 535 2177 mellifluis
553 2148 657 2177 sanctorum
672 2144 748 2177 vocibus

48 2200 117 2227 sonare.
141 2194 192 2235 Quos
204 2195 270 2228 beatus
284 2194 379 2238 Elphegus
392 2193 468 2227 intuitus
480 2204 521 2226 cum
534 2204 600 2236 magna
613 2192 673 2226 cordis
686 2193 748 2234 letitia,

49 2241 164 2280 Dunstanum
176 2248 268 2290 quondam
279 2246 438 2289 archiepiscopum
448 2246 498 2279 vultu
507 2251 525 2279 et
534 2251 585 2279 veste
594 2245 693 2287 gloriosum
706 2257 748 2280 con·

48 2296 100 2337 spicit
108 2298 231 2339 assistentem,
239 2298 368 2342 protensisque
376 2299 399 2331 ad
408 2297 460 2331 illum
469 2298 554 2331 manibus
562 2297 587 2331 ita
596 2297 698 2332 dicentem:
710 2298 748 2332 ‘Ad
756 2309 777 2338 40

49 2350 71 2388 te,
79 2350 137 2383 eterni
146 2351 195 2395 regis
203 2350 323 2385 inuictissime
331 2351 389 2391 miles
397 2351 420 2384 ad
428 2356 445 2383 te
455 2357 517 2383 nostro
526 2350 652 2383 honorandum
660 2350 749 2395 obsequio

48 2400 137 2446 venimus,
148 2404 200 2438 missi
214 2405 237 2438 ab
248 2404 279 2438 illo
291 2403 321 2448 qui
333 2404 365 2437 tibi
377 2408 395 2436 et
406 2403 500 2437 victoriam
513 2401 593 2447 prestitit
604 2402 628 2436 de
640 2401 719 2445 inimico,
731 2410 749 2439 et

49 2455 179 2498 sempiternam
188 2468 275 2491 coronam
285 2456 391 2501 preparauit
400 2456 419 2490 in
429 2457 473 2490 celo.
496 2456 524 2489 En
534 2466 611 2498 quorum
621 2457 698 2499 collegio
707 2465 749 2501 post

68 2516 103 2547 1ιιΙ.
111 2520 179 2550 anhelat.
220 2520 317 2551 ²alahis.
357 2519 432 2548 tatum.
473 2518 612 2549 *othonianus
652 2518 750 2551 ³rrlamiee.

48 2553 54 2572 ⁶
64 2554 81 2586 E.
89 2559 197 2592 odoromenta.

376 2620 422 2643 ΕΒΖ
