1762 2803
53 131 190 171 renouato-i
211 121 256 176 me
267 121 304 174 ἐ.
315 123 515 182 uomuuoottut
526 125 676 182 temactati.
710 127 755 176 619

71 274 102 308 Da
114 280 196 313 uuonan
207 282 275 309 inuria
285 282 400 310 ouuoumco
411 283 510 310 nanuum
521 281 618 315 ouoouau
630 281 738 309 nrauanrunt

288 334 314 359 ou
325 333 399 360 saucio
410 327 517 360 Enuouno.

258 384 323 417 Uidam
330 385 453 418 normannicus
459 384 540 417 Willelmi
546 384 592 426 regis
597 383 662 417 aulicus
667 382 756 426 'quoddam

278 434 374 467 manerium
391 434 424 467 sibi
442 435 523 467 adiacens
538 434 607 474 inuasit,
622 440 639 466 et
657 433 756 467 inuadendo

54 480 108 514 eciam
117 491 148 514 suo
156 482 213 519 vicino
220 485 311 528 copulauit.
329 486 385 528 Quem
393 495 432 518 cum
440 486 494 519 abbas
501 490 518 518 et
526 485 587 519 fratres
594 490 661 519 orarent
670 490 688 518 ut
696 490 756 519 sancto

54 532 147 565 Edmundo
158 544 207 567 suam
215 541 277 569 terram
285 546 338 578 quam
347 535 364 568 ui
374 534 445 568 tulerat²
452 535 542 568 redderet:
553 536 613 569 effreni
622 535 681 577 lingua
692 536 756 578 profert

55 592 74 614 se
79 580 145 615 nescire
153 583 194 626 quid
203 585 307 618 Edmundus
315 585 401 618 dormiens
409 585 480 617 deterre
487 584 550 617 taceret
558 596 563 624 ;
575 591 600 618 set
609 584 646 625 sibi¹
652 585 756 627 profectibus
764 593 774 623 5

54 641 75 664 ac
82 631 133 673 regiis
141 631 226 667 insistenti
234 635 316 677 negociis,
324 637 357 669 hec
364 640 381 669 et
389 635 423 668 alia
430 635 487 668 vtilior
493 640 544 675 esset,
552 644 605 677 quam
613 634 677 668 martiri
685 635 713 668 vel
720 634 757 668 suis

54 682 149 715 monachis.
171 685 235 728 Sicque
246 686 297 719 datus
308 686 326 719 in
337 686 429 728 reprobum
441 695 509 719 sensum
520 685 608 728 predictus
618 684 667 717 miles
677 685 757 724 discedit,

54 743 105 775 super
112 743 164 775 quem
171 736 231 769 martir
238 736 342 771 Edmundus
351 746 411 770 reuera
421 735 502 778 uigilauit.
526 735 583 777 Quem
592 734 638 769 ulcio
648 734 707 768 diuina
717 740 757 778 post

54 793 119 825 paucos
131 784 168 818 dies
179 787 280 829 celalargica
288 787 369 831 passione
379 787 474 830 percussio
486 796 520 829 que
528 786 584 819 eciam
591 785 675 829 usquead
684 783 758 829 [diem]³

54 834 114 866 mortis
120 834 137 866 in
144 836 194 869 oculo
201 838 260 871 dextro
268 838 337 879 signum
343 837 376 871 sibi
380 837 480 879 permansit.
490 837 560 869 Macula
564 837 610 869 enim
616 835 648 868 fuit
653 836 693 869 alba
698 846 758 878 super·
768 847 786 868 ro

56 883 156 925 cooperiens
168 886 212 919 oculi
223 886 311 929 pupillam,
319 886 337 920 in
348 886 419 920 modum
430 886 462 930 pisi
470 884 590 928 gr0s[s]issimi
602 885 669 918 habens
680 884 758 927 figuram.

55 933 89 975 Qui
103 933 144 967 dum
159 936 211 979 priori
225 943 332 981 torqueretur
346 937 432 982 passione,
444 937 504 981 pocius
519 935 600 971 suorum⁴
611 936 692 970 instinctu
705 946 757 980 quam

54 990 151 1026 spontanea
159 987 246 1020 voluntate
254 988 311 1031 dirigit
319 993 379 1022 sancto
387 999 418 1030 per
427 999 468 1021 suos
476 997 544 1020 cereum
551 987 622 1029 pulchre
629 986 757 1028 magnitudinis,

55 1040 73 1067 vt
84 1035 170 1070 medelam
180 1037 223 1071 tanti
235 1038 298 1071 doloris
308 1038 397 1081 reciperet.
418 1038 484 1071 Verum
494 1036 535 1079 quia
544 1036 600 1070 sancti
610 1036 666 1070 sciunt
673 1036 758 1079 quodam·

55 1084 107 1117 modo
116 1086 192 1120 cordium
200 1087 265 1128 intima,
274 1094 333 1130 patent
342 1088 385 1121 deo:
396 1093 465 1121 recusat
474 1086 517 1120 deus
528 1091 545 1120 et
553 1092 623 1119 sanctus
631 1096 698 1119 cereum
706 1095 758 1128 quem
768 1099 786 1130 ¹5

56 1134 107 1168 mittit
115 1136 170 1170 malus
178 1137 251 1179 animus
259 1143 281 1179 et,
289 1144 308 1171 vt
315 1139 370 1171 relatu
378 1137 452 1171 videntis
460 1136 489 1180 qui
497 1136 544 1169 afluit
555 1136 651 1177 didicimus,
661 1135 725 1169 decidit
735 1135 758 1168 ad

55 1189 119 1218 terram
126 1185 190 1220 fractus
198 1187 215 1221 in
223 1198 286 1221 nouem
298 1189 379 1231 partibus.
402 1189 449 1221 Ecce
459 1186 514 1221 sancti
525 1187 626 1220 miraculum
636 1186 659 1219 ad
670 1186 759 1229 quoddam

56 1245 88 1268 nos
96 1235 142 1270 ducit
152 1236 252 1272 ridiculum:
263 1239 304 1283 quia
312 1239 373 1274 rebelli
381 1245 399 1273 et
409 1239 475 1273 tumido
486 1237 583 1282 inprimitur
593 1237 662 1271 macula
672 1235 758 1281 passionis

55 1285 73 1318 iu
80 1287 136 1327 oculo,
143 1289 195 1321 veluti
204 1290 291 1332 quondam
299 1290 425 1323 cauteriabatur
432 1289 450 1322 iu
458 1290 513 1322 fronte
521 1286 568 1321 tetal
575 1287 636 1321 mortis
643 1287 693 1320 alicui
700 1297 735 1320 reo.

74 405 203 441 alemannus&

95 1407 258 1449 inamoenus
270 1417 336 1444 sunem
349 1410 445 1444 Enuumu
457 1415 547 1442 nannius
558 1416 583 1441 aa
594 1414 718 1441 urnncuuosn

355 1467 454 1493 nonanus.

77 1542 133 1575 Hem
196 1543 202 1562 a
217 1517 360 1594 TEmporibus
371 1518 416 1560 regis
423 1517 505 1551 Willelmi
516 1516 566 1560 primi
574 1516 621 1551 venit
633 1517 656 1549 ad
667 1516 758 1550 abbaciam
768 1530 787 1552 ro

134 1554 208 1578 ΜΝ·
277 1569 333 1602 sancti
348 1567 437 1601 Edmundi
451 1566 553 1600 Warnerius
569 1566 668 1607 francigena
683 1566 759 1608 quidam,

56 1614 110 1648 abbas
118 1616 225 1652 resbacensis
233 1618 306 1661 cenobii,
314 1619 366 1652 homo
378 1617 447 1662 quidem
458 1617 547 1660 religiosus
557 1623 574 1651 et
582 1616 649 1661 pollens
657 1615 760 1651 excellencia

55 1665 148 1708 literarum,
163 1678 203 1701 cum
218 1669 264 1703 dulci
277 1670 396 1703 modulacione
410 1680 516 1703 neumarum.
540 1668 569 1702 ls⁷
581 1661 655 1711 denique
670 1674 760 1711 susceptus

56 1716 500 1763 officiosissime,compositaquatuorantiphonarum
506 1718 759 1752 cantilenasuauiadhonorem

57 1766 112 1798 sancti
124 1769 217 1810 Edmundi,
226 1770 251 1802 sic
262 1770 285 1803 de
295 1771 323 1803 die
333 1771 351 1803 in
362 1770 408 1803 diem
419 1770 442 1802 ad
451 1769 505 1812 ipsius
515 1779 592 1801 amorem
601 1766 646 1811 depit
657 1769 734 1809 accendi,
741 1774 759 1800 vt
768 1778 787 1809 ²5

56 1823 181 1857 promereretur
188 1819 210 1852 ab
220 1820 283 1853 abbate
295 1819 395 1854 Baldeuino
405 1820 427 1853 de
435 1818 535 1862 pignoribus
545 1819 599 1852 sancti
609 1818 689 1860 recipere,
697 1818 760 1860 quibus

58 1865 104 1899 idem
116 1868 176 1901 martir
187 1875 257 1902 sanctus
269 1870 286 1903 in
298 1876 364 1904 exteras
376 1869 455 1911 regiones
467 1875 525 1912 posset
537 1868 620 1902 venerari.
643 1868 710 1910 Quibus
722 1878 760 1902 sus·

57 1916 112 1959 ceptis
127 1918 207 1961 reliquiis,
220 1925 237 1953 et
252 1930 302 1953 cursu
317 1920 370 1953 maris
385 1919 462 1960 transito,
477 1918 567 1962 pontiuum
582 1918 681 1961 ingrediens
695 1928 760 1961 pagum

56 1972 144 2009 raptorum
152 1968 216 2011 patitur
223 1969 314 2011 inpulsum.
337 1971 446 2012 Depredatur
453 1970 499 2002 enim
511 1970 534 2002 ab
544 1969 591 2002 omni
603 1980 634 2002 sua
642 1969 760 2012 suppellectili,

57 2022 74 2048 et
86 2016 115 2049 vix
128 2028 167 2050 cum
179 2020 215 2052 vita
227 2021 303 2052 euadens
316 2019 407 2052 abbaciam
419 2019 471 2052 intrat
483 2019 547 2051 Christi
561 2019 665 2052 contessoris
678 2018 760 2052 Richarii.
769 2028 789 2057 ³0

58 2065 95 2099 lllic
107 2072 148 2100 tunc
158 2074 226 2111 preerat
235 2069 290 2102 abbas
300 2068 389 2103 Gerwinus
398 2068 424 2101 vir
431 2068 467 2102 uita
476 2068 573 2102 sanctitatis
583 2068 620 2102 orbi
631 2069 719 2102 famosus:
731 2069 760 2114 qui

59 2118 149 2160 depredati
162 2120 230 2154 abbatis
242 2119 340 2163 intelligens
353 2120 455 2162 angustiam,
467 2120 562 2163 predonum
576 2129 644 2163 quoque
657 2120 712 2162 signis
723 2120 761 2163 qui·

59 2168 133 2203 busdam
137 2180 233 2212 agnoscens
238 2171 339 2213 essenciam,
344 2177 383 2215 post
388 2170 434 2214 ipsos
438 2170 509 2215 equitat,
516 2170 629 2215 inuendsque,
635 2170 704 2214 requirit
710 2169 762 2204 minis

59 2229 98 2252 cum
113 2216 193 2263 pre'cibus
208 2222 265 2255 mixtis
280 2233 314 2266 que
329 2228 425 2266 rapuerant.
449 2221 516 2265 Quibus
530 2221 619 2256 caritatiue
630 2221 709 2266 receptis,
721 2221 762 2266 quia

59 2270 145 2311 condigne
155 2272 273 2305 veneracionis
284 2279 320 2306 erat
334 2274 352 2305 in
365 2272 395 2304 illa
407 2272 483 2313 regione,
495 2273 565 2304 domum
580 2272 630 2312 redit,
641 2272 711 2304 fratrem
721 2282 761 2305 con·
770 2282 789 2313 35

58 2321 123 2353 solatur
139 2321 241 2362 desolatum,
256 2322 323 2356 reddlt⁸
335 2332 368 2366 que
384 2322 452 2365 perdita
466 2327 566 2364 receperat;
582 2328 608 2355 set
624 2322 646 2354 de
661 2321 762 2364 pignoribus

59 2370 133 2404 martiris
141 2372 230 2406 Edmundi
238 2373 295 2406 nullus
303 2372 320 2406 in
327 2371 420 2406 amissione
428 2383 484 2406 sermo
494 2370 562 2406 fiebat
580 2371 610 2406 Sic
621 2371 678 2415 itaque
688 2370 762 2414 receptis

59 2422 109 2456 rebus
117 2423 194 2466 perditis,
201 2423 311 2468 reliquiarum
318 2424 343 2458 nil
352 2423 429 2458 inuenit:
441 2435 473 2467 pro
483 2422 545 2467 quibus
555 2423 600 2457 dolet
607 2435 611 2466 ;
623 2433 644 2456 ac
651 2433 697 2464 vere,
704 2420 762 2465 perdi-

79 2509 238 2552 ¹Cf.Tib.l'ol.5o'¹.
282 2512 417 2544 ’MS.iutulerat.
479 2511 586 2541 ’uisuram
647 2510 762 2540 ’llS.eomm.

59 2551 249 2623 :hesiligparpoverlined
287 2551 444 2583 ‘ctTiutouort
489 2550 587 2581 'martiis
633 2548 762 2579 'lts.reddiuir.
