1762 2803
117 146 162 176 200
308 132 388 184 mota
403 129 519 192 totana
534 130 627 192 analio.

117 254 202 289 fratribus
213 259 231 288 et
242 253 295 288 ssexis
307 254 384 298 genibus
398 254 453 289 dixit:
472 254 536 288 ‘Nunc
549 255 619 288 intente
631 265 665 298 pro
677 253 711 288 hoc
723 254 791 298 populo
801 259 819 289 et

117 319 161 352 rege
176 307 249 342 Aidano
267 318 353 341 oremus:
370 307 404 340 hac
420 308 469 341 enim
487 308 531 341 hora
550 308 614 342 ineunt
633 307 711 341 bellum.¹
735 307 758 341 Et
777 313 819 352 post

117 362 209 395 modicum
223 371 306 403 surgens,
318 364 336 393 et
351 360 370 392 in
386 360 445 393 celum
458 361 565 404 respiciens,
579 360 613 394 ait:
628 360 693 394 ‘Nunc
706 361 788 394 barbaris
800 360 819 394 in

117 413 178 456 fugam
188 412 252 453 versis,
263 411 336 444 Aidano
346 412 430 454 quamuis
442 412 511 454 infelix,
525 418 587 446 tamen
599 412 673 447 victoria
688 423 776 446 concessa
792 418 820 447 est

100 477 109 505 5
118 465 145 499 ei)
167 466 205 499 Sed
215 469 233 498 et
241 465 264 498 de
272 475 349 497 numero
359 465 461 498 excercitus
468 465 535 498 Aidani
543 471 635 500 trecentos
643 471 661 499 et
669 470 707 499 tres
715 465 820 499 interfectos

118 518 217 552 virbeatus
225 517 275 551 dixit.
320 509 408 562 Quadam
418 523 472 552 nocte
483 519 586 553 conuocatis
597 520 620 553 ad
631 519 726 553 ecclesiam
735 519 820 554 fratribus

118 572 174 605 dixit:
189 571 253 604 ‘Nunc
261 570 356 604 dominum
364 570 433 604 intente
441 572 568 615 deprecemur,
574 583 617 605 nam
625 572 643 606 in
653 573 686 606 hae
695 573 740 606 hora
748 572 820 617 aliquod

118 624 219 659 inauditum
236 624 256 658 in
273 624 342 658 mundo
359 629 454 668 peccatum
473 630 598 669 perpetratum
614 630 647 668 est,
662 636 696 669 pro
714 637 750 670 quo
767 626 821 660 valde

118 678 200 712 timenda
215 683 243 711 est
257 677 345 711 iudicialis
361 677 391 711 dei
405 677 495 711 vindicta!
519 678 565 711 Cum
581 678 630 711 enim
645 684 710 721 postea
724 680 779 713 homo
790 681 821 714 ille

91 743 110 764 ιο
118 731 175 764 miser
186 730 216 773 qui
227 730 297 763 facinus
306 730 428 771 commiserat,
439 731 462 763 ad
476 735 560 763 sanctum
570 730 641 764 veniret
652 731 765 773 Columbam,
776 733 821 766 dixit

118 783 147 816 vir
154 782 195 816 dei:
209 780 255 815 ‘Hie
266 781 322 815 homo
331 780 449 815 fratricidium
458 781 476 815 in
485 782 559 815 modum
568 782 620 826 Cayn
627 782 745 826 perpetrauit,
754 788 821 817 etcum

119 847 152 869 sua
160 840 218 869 matre
226 834 321 868 mechatus
329 835 367 868 est’
379 834 431 868 Tunc
437 836 466 868 vir
473 834 504 868 ille
509 835 563 869 flexis
569 835 651 879 genibus,
657 847 731 869 omnem
737 836 821 880 peniten-

119 889 163 923 tiam
171 888 221 923 iuxta
229 889 286 922 sancti
294 892 402 932 preceptum
412 898 432 922 se
443 888 561 932 impleturum
568 888 573 906 ¹
581 888 670 932 promisit.
693 889 726 923 Cui
734 895 821 925 sanctus:

120 943 125 960 ‘
132 940 256 977 Si'duodecim
265 940 318 975 annis
326 940 374 975 inter
382 940 467 975 Britoncs
475 952 516 975 cum
525 941 569 976 ssetu
577 946 595 975 et
602 941 694 976 lachrimis
702 941 822 986 penitentiam

93 1008 111 1038 15
121 997 186 1039 egeris,
195 1005 229 1029 nec
237 995 260 1027 ad
268 995 349 1028 Scotiam
356 1005 414 1037 vsque
422 996 445 1027 ad
453 1000 530 1028 mortem
539 1005 625 1029 reuersus
633 995 695 1037 fueris,
703 995 764 1029 forsan
776 997 822 1030 deus

120 1053 195 1092 peceato
208 1052 239 1080 tuo
254 1047 357 1090 ignoscet².'
381 1046 404 1080 Et
420 1058 521 1081 conuersus
536 1048 558 1081 ad
573 1047 639 1081 fratres
651 1046 687 1082 ait:
706 1047 753 1081 ‘Hic
767 1048 822 1082 homo

120 1101 169 1135 filius
182 1105 210 1134 est
221 1099 334 1143 perditionis,
346 1098 378 1143 qui
390 1109 444 1143 quarn
457 1099 541 1143 promisit
554 1099 674 1143 penitentiam
687 1110 724 1133 non
737 1100 822 1144 explebit,

120 1154 154 1187 sed
165 1163 209 1186 mox
220 1153 243 1185 ad
255 1152 336 1185 Scotiam
347 1163 439 1193 reuersus,
447 1153 470 1185 ab
481 1152 559 1186 inimicis
570 1163 669 1196 percussus
678 1153 754 1196 peribit’
778 1153 822 1187 Fac·

120 1212 196 1250 tumque
208 1210 236 1239 est
247 1205 282 1239 ita:
295 1205 343 1238 Nam
354 1205 377 1238 ad
390 1204 498 1238 Hiberniam
510 1215 607 1249 regressus
618 1204 648 1238 ille
660 1205 721 1248 miser,
729 1205 748 1238 in
756 1217 823 1241 manus

93 1273 112 1295 20
120 1259 236 1293 inimicorum
246 1258 334 1300 incidens,
343 1257 447 1292 trucidatur.
493 1251 543 1293 Cum
551 1259 591 1292 vice
599 1258 677 1302 quadam
688 1257 743 1293 facies
751 1258 785 1293 viri
793 1259 823 1294 dei

120 1318 171 1346 tanto
185 1312 283 1357 splendore
297 1316 315 1344 et
327 1311 394 1344 rubore
406 1315 456 1344 esset
467 1311 547 1355 perfusa,
558 1316 578 1344 vt
591 1321 602 1344 a
613 1322 705 1354 quoquam
716 1313 774 1345 videri
785 1323 822 1346 non

120 1370 189 1410 posset,
198 1364 307 1408 quibusdam
315 1363 400 1398 fratribus
409 1364 464 1399 dixit:
477 1365 482 1382 ‘
489 1364 589 1408 Sulphuria
596 1365 619 1398 de
627 1364 671 1407 celo,
678 1364 741 1408 inquit,
748 1365 823 1400 flamma

121 1430 178 1462 super
190 1418 260 1451 romani
272 1417 316 1450 iuris
330 1417 427 1459 ciuitatem,
437 1417 485 1449 intra
496 1417 547 1450 italie
560 1418 613 1450 sitam
625 1417 719 1459 terminos,
731 1418 765 1451 hac
778 1419 823 1452 hora

121 1471 179 1505 effusa
186 1474 220 1512 est,
227 1470 298 1513 triaque
306 1469 345 1503 fere
353 1468 402 1502 milia
409 1469 496 1512 virorum,
505 1469 587 1513 exceptis
594 1469 701 1503 mulieribus
709 1475 727 1503 et
735 1470 823 1514 paruulis,

95 1539 112 1568 25
121 1525 226 1568 perierunt?
241 1523 264 1556 Et
271 1523 296 1555 ita
303 1528 367 1566 postea
375 1528 489 1566 compertum
497 1528 530 1556 est.
563 1515 660 1556 Presbiter
667 1523 741 1566 quidam
748 1524 823 1559 nomine

123 1578 232 1616 Findcanus,
241 1576 332 1618 quendam
344 1575 424 1608 nobilem
436 1575 505 1608 Aidum
516 1576 596 1618 nomine,
604 1575 623 1608 in
635 1575 749 1609 Britanniam
761 1587 823 1611 secum

122 1630 208 1664 adduxit:
226 1628 284 1661 fuerat
299 1627 348 1661 enim
363 1628 393 1661 ille
408 1628 467 1661 Aldus
482 1628 534 1662 valde
548 1628 680 1672 sanguinarius,
694 1633 712 1662 et
725 1630 823 1664 multorum

121 1682 218 1716 hominum
236 1681 345 1722 trucidator;
365 1680 396 1723 qui
413 1680 469 1714 accito
485 1680 572 1724 episeopo
587 1681 635 1724 apud
650 1681 753 1724 predictum
770 1682 824 1716 Find-

122 1746 189 1769 canum
203 1733 295 1778 presbiter
310 1733 405 1766 ordinatus
421 1738 455 1767 cst.
478 1733 581 1777 Episcopus
595 1738 657 1767 tamen
672 1745 709 1767 non
725 1739 753 1768 est
768 1745 824 1770 ausus

94 1802 114 1829 30
122 1799 179 1830 super
187 1791 241 1829 caput
249 1787 288 1819 eius
296 1797 372 1818 manum
379 1786 480 1828 imponere,
488 1786 523 1819 nisi
533 1787 584 1829 prius
595 1787 644 1819 idem
656 1787 670 1819 F
671 1786 760 1820 indcanus
771 1799 824 1821 suam

121 1839 175 1884 capiti
183 1839 222 1873 eius
230 1849 265 1882 pro
273 1838 410 1872 confirmatione
421 1839 524 1882 imponeret
534 1839 634 1872 dexteram.
656 1838 710 1880 Quod
718 1839 824 1883 egreferens

121 1893 215 1935 Columba,
231 1891 286 1926 dixit:
306 1891 350 1924 ‘illa
364 1901 430 1925 manus
446 1901 501 1935 quam
521 1891 625 1925 Findcanus
644 1896 706 1925 contra
722 1891 751 1926 ius
766 1893 824 1927 eccle-

65 1988 68 1995 ,
121 1947 215 1982 siasticum
229 1956 285 1990 super
296 1950 350 1989 caput
363 1944 396 1979 filii
407 1944 515 1989 perditionis
527 1944 618 1989 imposuit,
628 1955 672 1979 mox
683 1950 824 1989 computrescet,

121 2005 139 2034 et
154 1999 215 2033 illicite
230 1998 329 2041 ordinatus,
341 1998 388 2032 sicut
399 1998 449 2032 canis
459 1999 482 2032 ad
493 1999 581 2032 vomitum
593 2009 686 2041 reuersus,
698 2004 716 2032 et
729 1999 824 2033 hominum

88 2067 112 2098 ,35
121 2053 219 2086 trucidator
234 2051 315 2093 effectus,
327 2051 375 2084 etin
388 2051 426 2084 fine
439 2051 536 2094 iugulatus,
549 2051 568 2084 in
581 2062 647 2094 aquam
659 2052 727 2085 cadens
741 2052 825 2086 submer-

121 2107 184 2148 getur!
208 2104 231 2137 Et
242 2104 267 2136 ita
278 2103 345 2137 factum
356 2108 389 2136 est.
433 2097 478 2137 Vox
490 2104 539 2136 enim
551 2104 609 2137 sancti
619 2103 707 2137 Columbe
716 2105 735 2137 in
747 2105 824 2138 eeclesia

121 2156 254 2190 cumfratribus
262 2155 376 2189 decantantis
383 2155 481 2198 aliquando
489 2166 523 2198 per
529 2160 606 2199 quatuor
614 2156 677 2198 stadia,
685 2156 783 2199 aliquando
791 2168 825 2200 per

121 2216 167 2253 octo,
178 2209 316 2252 incomparabili
327 2209 399 2241 eleuata
410 2209 464 2241 modo
477 2210 588 2251 audiebatur,
599 2219 633 2242 nec
645 2209 664 2241 in
676 2210 749 2242 auribus
761 2220 824 2243 eorum

121 2264 152 2306 qui
165 2272 206 2296 cum
219 2262 260 2305 ipso
276 2262 353 2303 stabant,
366 2272 403 2294 vox
418 2261 457 2294 eius
471 2262 546 2295 modum
559 2262 638 2294 humane
650 2262 701 2294 vocis
713 2262 824 2296 excedebat:

94 2331 113 2361 4⁰
122 2316 155 2349 sed
170 2314 201 2359 qui
215 2314 263 2348 vltra
279 2313 330 2347 mille
348 2324 414 2358 passus
430 2314 507 2356 stabant,
522 2325 569 2358 quos
585 2314 661 2347 canebat
676 2313 776 2348 versiculos
791 2326 826 2359 per

122 2370 204 2413 singulas
209 2368 283 2402 sillabas
291 2368 432 2411 distinguebant.
477 2360 528 2403 Cum
535 2378 624 2412 vesperas
634 2377 676 2401 cum
684 2366 769 2402 fratribus
777 2369 825 2403 cele·

122 2422 187 2464 braret,
200 2422 274 2464 quidam
285 2421 334 2464 magi
346 2422 460 2463 accedentes,
472 2421 490 2454 in
504 2427 593 2464 quantum
604 2425 688 2463 poterant
701 2420 825 2464 impediebant

123 2485 169 2509 eum.
194 2474 234 2516 Quo
245 2479 343 2518 comperto,
351 2476 376 2507 ita
387 2485 423 2508 vox
434 2474 468 2508 viri
479 2475 508 2508 dei
519 2475 538 2507 in
551 2484 593 2507 aere
603 2474 661 2507 instar
669 2473 743 2507 tonitrui
755 2474 825 2509 eleuata

123 2531 157 2569 est,
164 2532 184 2561 vt
192 2528 271 2570 populus
281 2528 397 2560 intollerabili
404 2538 472 2570 pauore
481 2528 589 2571 perterritus
597 2531 657 2560 staret.
702 2519 753 2561 Cum
761 2539 826 2571 quem-

222 2600 227 2617 ¹
238 2601 256 2630 T.
264 2601 367 2638 expleturum.
606 2600 612 2618 ²
622 2601 640 2632 E.
649 2601 724 2639 ignosset.
