<?xml version="1.0" encoding="UTF-8"?>
<!DOCTYPE html PUBLIC "-//W3C//DTD XHTML 1.0 Transitional//EN"
    "http://www.w3.org/TR/xhtml1/DTD/xhtml1-transitional.dtd">
<html xmlns="http://www.w3.org/1999/xhtml" xml:lang="en" lang="en">
 <head>
  <title>
</title>
<meta http-equiv="Content-Type" content="text/html;charset=utf-8" />
  <meta name='ocr-system' content='tesseract 3.04.00' />
  <meta name='ocr-capabilities' content='ocr_page ocr_carea ocr_par ocr_line ocrx_word'/>
</head>
<body>
  <div class='ocr_page' id='page_1' title='image "./MN5111ucmf_0/MN5111ucmf_0_0909.png"; bbox 0 0 1762 2803; ppageno 0'>
   <div class='ocr_carea' id='block_1_1' title="bbox 201 86 786 149">
    <p class='ocr_par' dir='ltr' id='par_1_1' title="bbox 201 86 786 149">
     <span class='ocr_line' id='line_1_1' title="bbox 201 86 786 149; baseline -0.017 -8"><span class='ocrx_word' id='word_1_1' title='bbox 201 87 247 142; x_wconf 74' lang='lat' dir='ltr'>bt</span> <span class='ocrx_word' id='word_1_2' title='bbox 262 86 418 149; x_wconf 55' lang='lat' dir='ltr'>mutuatorie</span> <span class='ocrx_word' id='word_1_3' title='bbox 434 86 530 138; x_wconf 56' lang='lat' dir='ltr'>&amp;cotti</span> <span class='ocrx_word' id='word_1_4' title='bbox 545 87 661 148; x_wconf 67' lang='lat' dir='ltr'>pauidi.</span> <span class='ocrx_word' id='word_1_5' title='bbox 741 104 786 146; x_wconf 76' lang='lat'>293</span> 
     </span>
    </p>
   </div>
   <div class='ocr_carea' id='block_1_2' title="bbox 81 207 603 282">
    <p class='ocr_par' dir='ltr' id='par_1_2' title="bbox 81 207 603 282">
     <span class='ocr_line' id='line_1_2' title="bbox 81 207 223 248; baseline 0.014 -9"><span class='ocrx_word' id='word_1_6' title='bbox 81 207 123 248; x_wconf 85' lang='lat' dir='ltr'>[MS.</span> <span class='ocrx_word' id='word_1_7' title='bbox 131 209 164 241; x_wconf 88' lang='lat' dir='ltr'>Tib.</span> <span class='ocrx_word' id='word_1_8' title='bbox 173 210 223 241; x_wconf 85' lang='lat' dir='ltr'>adds:</span> 
     </span>
     <span class='ocr_line' id='line_1_3' title="bbox 266 249 603 282; baseline 0.003 -2"><span class='ocrx_word' id='word_1_9' title='bbox 266 259 279 280; x_wconf 92' lang='lat'>1.</span> <span class='ocrx_word' id='word_1_10' title='bbox 291 250 316 280; x_wconf 85' lang='lat' dir='ltr'>Ds</span> <span class='ocrx_word' id='word_1_11' title='bbox 327 251 436 282; x_wconf 76' lang='lat' dir='ltr'>Puacaroaro</span> <span class='ocrx_word' id='word_1_12' title='bbox 446 260 503 281; x_wconf 78' lang='lat' dir='ltr'>saucrr</span> <span class='ocrx_word' id='word_1_13' title='bbox 514 249 603 281; x_wconf 60' lang='lat' dir='ltr'>arrhene</span> 
     </span>
    </p>
   </div>
   <div class='ocr_carea' id='block_1_3' title="bbox 82 305 804 532">
    <p class='ocr_par' dir='ltr' id='par_1_3' title="bbox 120 305 787 345">
     <span class='ocr_line' id='line_1_4' title="bbox 120 305 787 345; baseline 0.003 -11"><span class='ocrx_word' id='word_1_14' title='bbox 120 305 151 334; x_wconf 90' lang='lat' dir='ltr'>Um</span> <span class='ocrx_word' id='word_1_15' title='bbox 162 310 214 335; x_wconf 84' lang='lat' dir='ltr'>autem</span> <span class='ocrx_word' id='word_1_16' title='bbox 224 305 280 335; x_wconf 89' lang='lat' dir='ltr'>bcatus</span> <span class='ocrx_word' id='word_1_17' title='bbox 289 305 366 336; x_wconf 78' lang='lat' dir='ltr'><strong>Patricius</strong></span> <span class='ocrx_word' id='word_1_18' title='bbox 376 316 405 345; x_wconf 92' lang='lat' dir='ltr'>per</span> <span class='ocrx_word' id='word_1_19' title='bbox 414 306 507 336; x_wconf 81' lang='lat' dir='ltr'>Hiberniam</span> <span class='ocrx_word' id='word_1_20' title='bbox 517 306 607 344; x_wconf 78' lang='lat' dir='ltr'>predicaret</span> <span class='ocrx_word' id='word_1_21' title='bbox 617 309 634 335; x_wconf 89' lang='lat' dir='ltr'>et</span> <span class='ocrx_word' id='word_1_22' title='bbox 643 305 710 336; x_wconf 89' lang='lat' dir='ltr'>fructum</span> <span class='ocrx_word' id='word_1_23' title='bbox 720 305 741 335; x_wconf 91' lang='lat' dir='ltr'>ibi</span> <span class='ocrx_word' id='word_1_24' title='bbox 752 315 787 343; x_wconf 85' lang='lat' dir='ltr'>pcr-</span> 
     </span>
    </p>

    <p class='ocr_par' dir='ltr' id='par_1_4' title="bbox 139 352 787 390">
     <span class='ocr_line' id='line_1_5' title="bbox 139 352 787 390; baseline 0.005 -10"><span class='ocrx_word' id='word_1_25' title='bbox 139 352 217 381; x_wconf 87' lang='lat' dir='ltr'>modicum</span> <span class='ocrx_word' id='word_1_26' title='bbox 226 352 289 389; x_wconf 84' lang='lat' dir='ltr'>faceret,</span> <span class='ocrx_word' id='word_1_27' title='bbox 297 357 388 390; x_wconf 89' lang='lat' dir='ltr'>terroreque</span> <span class='ocrx_word' id='word_1_28' title='bbox 397 353 495 383; x_wconf 82' lang='lat' dir='ltr'>infernalium</span> <span class='ocrx_word' id='word_1_29' title='bbox 505 358 620 382; x_wconf 87' lang='lat' dir='ltr'>tormentorum</span> <span class='ocrx_word' id='word_1_30' title='bbox 631 357 647 382; x_wconf 87' lang='lat' dir='ltr'>et</span> <span class='ocrx_word' id='word_1_31' title='bbox 657 362 712 382; x_wconf 84' lang='lat' dir='ltr'>amore</span> <span class='ocrx_word' id='word_1_32' title='bbox 722 353 787 390; x_wconf 78' lang='lat' dir='ltr'>gaudio-</span> 
     </span>
    </p>

    <p class='ocr_par' dir='ltr' id='par_1_5' title="bbox 82 399 786 438">
     <span class='ocr_line' id='line_1_6' title="bbox 82 399 786 438; baseline 0.001 -10"><span class='ocrx_word' id='word_1_33' title='bbox 82 406 116 428; x_wconf 83' lang='lat' dir='ltr'>rum</span> <span class='ocrx_word' id='word_1_34' title='bbox 124 399 192 436; x_wconf 75' lang='lat' dir='ltr'>paradisi</span> <span class='ocrx_word' id='word_1_35' title='bbox 199 408 227 429; x_wconf 88' lang='lat' dir='ltr'>eos</span> <span class='ocrx_word' id='word_1_36' title='bbox 234 399 254 429; x_wconf 89' lang='lat' dir='ltr'>ad</span> <span class='ocrx_word' id='word_1_37' title='bbox 261 399 309 429; x_wconf 81' lang='lat' dir='ltr'>tidem</span> <span class='ocrx_word' id='word_1_38' title='bbox 316 405 410 431; x_wconf 89' lang='lat' dir='ltr'>conuertere</span> <span class='ocrx_word' id='word_1_39' title='bbox 416 400 473 432; x_wconf 79' lang='lat' dir='ltr'>uallet:</span> <span class='ocrx_word' id='word_1_40' title='bbox 484 400 562 437; x_wconf 80' lang='lat' dir='ltr'>dicebant,</span> <span class='ocrx_word' id='word_1_41' title='bbox 568 401 589 430; x_wconf 87' lang='lat' dir='ltr'>ad</span> <span class='ocrx_word' id='word_1_42' title='bbox 596 400 675 430; x_wconf 82' lang='lat' dir='ltr'><strong>Christum</strong></span> <span class='ocrx_word' id='word_1_43' title='bbox 683 409 701 429; x_wconf 92' lang='lat' dir='ltr'>sc</span> <span class='ocrx_word' id='word_1_44' title='bbox 706 409 786 438; x_wconf 85' lang='lat' dir='ltr'>nunquam</span> 
     </span>
    </p>

    <p class='ocr_par' dir='ltr' id='par_1_6' title="bbox 82 447 804 532">
     <span class='ocr_line' id='line_1_7' title="bbox 83 447 787 484; baseline 0.004 -10"><span class='ocrx_word' id='word_1_45' title='bbox 83 453 195 482; x_wconf 87' lang='lat' dir='ltr'>ccnuersuros,</span> <span class='ocrx_word' id='word_1_46' title='bbox 205 455 235 475; x_wconf 90' lang='lat' dir='ltr'>nec</span> <span class='ocrx_word' id='word_1_47' title='bbox 244 454 273 483; x_wconf 92' lang='lat' dir='ltr'>pro</span> <span class='ocrx_word' id='word_1_48' title='bbox 284 447 363 477; x_wconf 78' lang='lat' dir='ltr'>miraculis</span> <span class='ocrx_word' id='word_1_49' title='bbox 372 448 392 476; x_wconf 89' lang='lat' dir='ltr'>ab</span> <span class='ocrx_word' id='word_1_50' title='bbox 401 456 420 477; x_wconf 91' lang='lat' dir='ltr'>eo</span> <span class='ocrx_word' id='word_1_51' title='bbox 430 447 479 484; x_wconf 77' lang='lat' dir='ltr'>sactis,</span> <span class='ocrx_word' id='word_1_52' title='bbox 488 447 518 476; x_wconf 89' lang='lat' dir='ltr'>nisi</span> <span class='ocrx_word' id='word_1_53' title='bbox 530 451 607 476; x_wconf 89' lang='lat' dir='ltr'>tormenta</span> <span class='ocrx_word' id='word_1_54' title='bbox 618 447 694 476; x_wconf 88' lang='lat' dir='ltr'>malorum</span> <span class='ocrx_word' id='word_1_55' title='bbox 704 452 721 477; x_wconf 82' lang='lat' dir='ltr'>et</span> <span class='ocrx_word' id='word_1_56' title='bbox 730 448 787 484; x_wconf 85' lang='lat' dir='ltr'>gaudia</span> 
     </span>
     <span class='ocr_line' id='line_1_8' title="bbox 82 491 804 532; baseline 0.007 -11"><span class='ocrx_word' id='word_1_57' title='bbox 82 491 159 523; x_wconf 85' lang='lat' dir='ltr'>bonorum</span> <span class='ocrx_word' id='word_1_58' title='bbox 166 493 222 523; x_wconf 85' lang='lat' dir='ltr'>intueri</span> <span class='ocrx_word' id='word_1_59' title='bbox 232 497 303 531; x_wconf 82' lang='lat' dir='ltr'>possent,</span> <span class='ocrx_word' id='word_1_60' title='bbox 310 494 384 531; x_wconf 81' lang='lat' dir='ltr'>quatinus</span> <span class='ocrx_word' id='word_1_61' title='bbox 395 494 442 524; x_wconf 87' lang='lat' dir='ltr'>rebus</span> <span class='ocrx_word' id='word_1_62' title='bbox 452 494 491 524; x_wconf 89' lang='lat' dir='ltr'>uisis</span> <span class='ocrx_word' id='word_1_63' title='bbox 502 494 580 524; x_wconf 81' lang='lat' dir='ltr'>cerciores</span> <span class='ocrx_word' id='word_1_64' title='bbox 587 494 644 524; x_wconf 90' lang='lat' dir='ltr'>fierent</span> <span class='ocrx_word' id='word_1_65' title='bbox 651 502 697 532; x_wconf 86' lang='lat' dir='ltr'>quam</span> <span class='ocrx_word' id='word_1_66' title='bbox 705 494 787 532; x_wconf 80' lang='lat' dir='ltr'>promissis</span> <span class='ocrx_word' id='word_1_67' title='bbox 795 499 804 529; x_wconf 83' lang='grc'><strong>5</strong></span> 
     </span>
    </p>
   </div>
   <div class='ocr_carea' id='block_1_4' title="bbox 82 540 814 2426">
    <p class='ocr_par' dir='ltr' id='par_1_7' title="bbox 82 540 814 2426">
     <span class='ocr_line' id='line_1_9' title="bbox 83 540 787 581; baseline 0.006 -12"><span class='ocrx_word' id='word_1_68' title='bbox 83 542 99 569; x_wconf 92' lang='lat' dir='ltr'>et</span> <span class='ocrx_word' id='word_1_69' title='bbox 110 540 200 578; x_wconf 88' lang='lat' dir='ltr'>predicatis.</span> <span class='ocrx_word' id='word_1_70' title='bbox 225 540 294 579; x_wconf 88' lang='lat' dir='ltr'>Rogauit</span> <span class='ocrx_word' id='word_1_71' title='bbox 305 550 344 581; x_wconf 86' lang='lat' dir='ltr'>ergo</span> <span class='ocrx_word' id='word_1_72' title='bbox 356 547 420 573; x_wconf 87' lang='lat' dir='ltr'>sanctus</span> <span class='ocrx_word' id='word_1_73' title='bbox 434 541 512 572; x_wconf 80' lang='lat' dir='ltr'>Patricius</span> <span class='ocrx_word' id='word_1_74' title='bbox 524 542 603 572; x_wconf 85' lang='lat' dir='ltr'>dominum</span> <span class='ocrx_word' id='word_1_75' title='bbox 617 545 634 571; x_wconf 92' lang='lat' dir='ltr'>ut</span> <span class='ocrx_word' id='word_1_76' title='bbox 646 541 710 580; x_wconf 77' lang='lat' dir='ltr'>aliquod</span> <span class='ocrx_word' id='word_1_77' title='bbox 724 542 787 579; x_wconf 85' lang='lat' dir='ltr'>signum</span> 
     </span>
     <span class='ocr_line' id='line_1_10' title="bbox 83 588 787 628; baseline 0.004 -12"><span class='ocrx_word' id='word_1_78' title='bbox 83 588 175 618; x_wconf 87' lang='lat' dir='ltr'>ostenderet</span> <span class='ocrx_word' id='word_1_79' title='bbox 192 598 221 626; x_wconf 92' lang='lat' dir='ltr'>per</span> <span class='ocrx_word' id='word_1_80' title='bbox 234 589 276 626; x_wconf 89' lang='lat' dir='ltr'>quod</span> <span class='ocrx_word' id='word_1_81' title='bbox 292 588 317 618; x_wconf 89' lang='lat' dir='ltr'>uel</span> <span class='ocrx_word' id='word_1_82' title='bbox 334 590 384 619; x_wconf 78' lang='lat' dir='ltr'>territi</span> <span class='ocrx_word' id='word_1_83' title='bbox 401 589 497 628; x_wconf 86' lang='lat' dir='ltr'>peniterent.</span> <span class='ocrx_word' id='word_1_84' title='bbox 522 588 566 619; x_wconf 88' lang='lat' dir='ltr'>Tunc</span> <span class='ocrx_word' id='word_1_85' title='bbox 583 589 656 619; x_wconf 88' lang='lat' dir='ltr'>dominus</span> <span class='ocrx_word' id='word_1_86' title='bbox 673 589 756 619; x_wconf 86' lang='lat' dir='ltr'>uisibiliter</span> <span class='ocrx_word' id='word_1_87' title='bbox 771 591 787 620; x_wconf 88' lang='lat' dir='ltr'>ci</span> 
     </span>
     <span class='ocr_line' id='line_1_11' title="bbox 83 635 787 673; baseline 0.003 -9"><span class='ocrx_word' id='word_1_88' title='bbox 83 643 165 673; x_wconf 85' lang='lat' dir='ltr'>apparens,</span> <span class='ocrx_word' id='word_1_89' title='bbox 172 640 232 665; x_wconf 77' lang='lat' dir='ltr'>textum</span> <span class='ocrx_word' id='word_1_90' title='bbox 244 635 362 673; x_wconf 87' lang='lat' dir='ltr'>euangeliorum</span> <span class='ocrx_word' id='word_1_91' title='bbox 373 641 390 667; x_wconf 88' lang='lat' dir='ltr'>et</span> <span class='ocrx_word' id='word_1_92' title='bbox 400 637 471 667; x_wconf 87' lang='lat' dir='ltr'>baculum</span> <span class='ocrx_word' id='word_1_93' title='bbox 481 646 530 666; x_wconf 90' lang='lat' dir='ltr'>unum</span> <span class='ocrx_word' id='word_1_94' title='bbox 541 636 585 666; x_wconf 84' lang='lat' dir='ltr'>dedit</span> <span class='ocrx_word' id='word_1_95' title='bbox 595 637 614 666; x_wconf 87' lang='lat' dir='ltr'>ei.</span> <span class='ocrx_word' id='word_1_96' title='bbox 635 636 666 673; x_wconf 82' lang='lat' dir='ltr'>Qui</span> <span class='ocrx_word' id='word_1_97' title='bbox 675 636 719 665; x_wconf 89' lang='lat' dir='ltr'>iussu</span> <span class='ocrx_word' id='word_1_98' title='bbox 728 637 787 666; x_wconf 89' lang='lat' dir='ltr'>domini</span> 
     </span>
     <span class='ocr_line' id='line_1_12' title="bbox 83 682 787 721; baseline 0.003 -10"><span class='ocrx_word' id='word_1_99' title='bbox 83 682 99 710; x_wconf 92' lang='lat' dir='ltr'>in</span> <span class='ocrx_word' id='word_1_100' title='bbox 110 684 177 719; x_wconf 89' lang='lat' dir='ltr'>quodam</span> <span class='ocrx_word' id='word_1_101' title='bbox 187 683 222 712; x_wconf 91' lang='lat' dir='ltr'>loco</span> <span class='ocrx_word' id='word_1_102' title='bbox 233 684 308 712; x_wconf 89' lang='lat' dir='ltr'>circulum</span> <span class='ocrx_word' id='word_1_103' title='bbox 317 693 391 721; x_wconf 86' lang='lat' dir='ltr'>magnum</span> <span class='ocrx_word' id='word_1_104' title='bbox 402 694 437 713; x_wconf 89' lang='lat' dir='ltr'>cum</span> <span class='ocrx_word' id='word_1_105' title='bbox 446 684 503 713; x_wconf 83' lang='lat' dir='ltr'>baculu</span> <span class='ocrx_word' id='word_1_106' title='bbox 513 684 614 721; x_wconf 88' lang='lat' dir='ltr'>designauit:</span> <span class='ocrx_word' id='word_1_107' title='bbox 624 688 641 713; x_wconf 90' lang='lat' dir='ltr'>et</span> <span class='ocrx_word' id='word_1_108' title='bbox 650 689 691 713; x_wconf 87' lang='lat' dir='ltr'>terra</span> <span class='ocrx_word' id='word_1_109' title='bbox 700 684 751 713; x_wconf 85' lang='lat' dir='ltr'>circa¹</span> <span class='ocrx_word' id='word_1_110' title='bbox 757 686 787 714; x_wconf 90' lang='lat' dir='ltr'>cir-</span> 
     </span>
     <span class='ocr_line' id='line_1_13' title="bbox 83 728 814 768; baseline 0.007 -11"><span class='ocrx_word' id='word_1_111' title='bbox 83 728 134 758; x_wconf 87' lang='lat' dir='ltr'>culum</span> <span class='ocrx_word' id='word_1_112' title='bbox 145 739 163 758; x_wconf 91' lang='lat' dir='ltr'>se</span> <span class='ocrx_word' id='word_1_113' title='bbox 169 729 235 767; x_wconf 86' lang='lat' dir='ltr'>aperuit,</span> <span class='ocrx_word' id='word_1_114' title='bbox 246 733 262 758; x_wconf 87' lang='lat' dir='ltr'>et</span> <span class='ocrx_word' id='word_1_115' title='bbox 268 734 325 767; x_wconf 91' lang='lat' dir='ltr'>puteus</span> <span class='ocrx_word' id='word_1_116' title='bbox 332 740 399 768; x_wconf 87' lang='lat' dir='ltr'>magnus</span> <span class='ocrx_word' id='word_1_117' title='bbox 406 734 423 759; x_wconf 91' lang='lat' dir='ltr'>et</span> <span class='ocrx_word' id='word_1_118' title='bbox 429 730 516 768; x_wconf 87' lang='lat' dir='ltr'>profundus</span> <span class='ocrx_word' id='word_1_119' title='bbox 523 729 581 760; x_wconf 86' lang='lat' dir='ltr'>ibidem</span> <span class='ocrx_word' id='word_1_120' title='bbox 593 730 671 768; x_wconf 87' lang='lat' dir='ltr'>apparuit.</span> <span class='ocrx_word' id='word_1_121' title='bbox 692 730 786 761; x_wconf 85' lang='lat' dir='ltr'>Rcuelatum</span> <span class='ocrx_word' id='word_1_122' title='bbox 796 741 814 763; x_wconf 85' lang='lat' dir='ltr'>to</span> 
     </span>
     <span class='ocr_line' id='line_1_14' title="bbox 82 777 786 817; baseline 0.003 -11"><span class='ocrx_word' id='word_1_123' title='bbox 82 781 107 806; x_wconf 87' lang='lat' dir='ltr'>cst</span> <span class='ocrx_word' id='word_1_124' title='bbox 114 781 166 807; x_wconf 86' lang='lat' dir='ltr'>autem</span> <span class='ocrx_word' id='word_1_125' title='bbox 174 777 188 807; x_wconf 91' lang='lat' dir='ltr'>ei</span> <span class='ocrx_word' id='word_1_126' title='bbox 195 787 204 807; x_wconf 91' lang='lat' dir='ltr'>a</span> <span class='ocrx_word' id='word_1_127' title='bbox 212 778 275 807; x_wconf 90' lang='lat' dir='ltr'>domino</span> <span class='ocrx_word' id='word_1_128' title='bbox 282 777 324 815; x_wconf 84' lang='lat' dir='ltr'>quod</span> <span class='ocrx_word' id='word_1_129' title='bbox 331 778 352 807; x_wconf 92' lang='lat' dir='ltr'>ibi</span> <span class='ocrx_word' id='word_1_130' title='bbox 362 778 425 816; x_wconf 87' lang='lat' dir='ltr'>quidam</span> <span class='ocrx_word' id='word_1_131' title='bbox 432 778 518 817; x_wconf 81' lang='lat' dir='ltr'>purgatorii</span> <span class='ocrx_word' id='word_1_132' title='bbox 525 777 569 808; x_wconf 83' lang='lat' dir='ltr'>locus</span> <span class='ocrx_word' id='word_1_133' title='bbox 576 783 628 814; x_wconf 80' lang='lat' dir='ltr'>esset;</span> <span class='ocrx_word' id='word_1_134' title='bbox 639 778 655 807; x_wconf 90' lang='lat' dir='ltr'>in</span> <span class='ocrx_word' id='word_1_135' title='bbox 665 787 712 816; x_wconf 88' lang='lat' dir='ltr'>quem</span> <span class='ocrx_word' id='word_1_136' title='bbox 722 778 786 816; x_wconf 87' lang='lat' dir='ltr'>quicun-</span> 
     </span>
     <span class='ocr_line' id='line_1_15' title="bbox 83 825 787 865; baseline 0.003 -11"><span class='ocrx_word' id='word_1_137' title='bbox 83 834 114 862; x_wconf 88' lang='lat' dir='ltr'>que</span> <span class='ocrx_word' id='word_1_138' title='bbox 121 826 217 855; x_wconf 84' lang='lat' dir='ltr'>descendere</span> <span class='ocrx_word' id='word_1_139' title='bbox 225 826 278 863; x_wconf 83' lang='lat' dir='ltr'>uellet,</span> <span class='ocrx_word' id='word_1_140' title='bbox 285 825 317 854; x_wconf 87' lang='lat' dir='ltr'>alia</span> <span class='ocrx_word' id='word_1_141' title='bbox 327 827 356 855; x_wconf 92' lang='lat' dir='ltr'>sibi</span> <span class='ocrx_word' id='word_1_142' title='bbox 364 827 453 864; x_wconf 83' lang='lat' dir='ltr'>penitencia</span> <span class='ocrx_word' id='word_1_143' title='bbox 464 835 496 855; x_wconf 90' lang='lat' dir='ltr'>non</span> <span class='ocrx_word' id='word_1_144' title='bbox 508 829 575 856; x_wconf 78' lang='lat' dir='ltr'>restaret</span> <span class='ocrx_word' id='word_1_145' title='bbox 583 835 613 855; x_wconf 89' lang='lat' dir='ltr'>nec</span> <span class='ocrx_word' id='word_1_146' title='bbox 622 825 669 855; x_wconf 84' lang='lat' dir='ltr'>alium</span> <span class='ocrx_word' id='word_1_147' title='bbox 678 835 708 864; x_wconf 93' lang='lat' dir='ltr'>pro</span> <span class='ocrx_word' id='word_1_148' title='bbox 717 828 787 865; x_wconf 83' lang='lat' dir='ltr'>peccatis</span> 
     </span>
     <span class='ocr_line' id='line_1_16' title="bbox 82 873 786 911; baseline 0.004 -10"><span class='ocrx_word' id='word_1_149' title='bbox 82 873 189 909; x_wconf 86' lang='lat' dir='ltr'>purgatorium</span> <span class='ocrx_word' id='word_1_150' title='bbox 198 874 268 902; x_wconf 82' lang='lat' dir='ltr'>sentiret.</span> <span class='ocrx_word' id='word_1_151' title='bbox 290 873 335 902; x_wconf 89' lang='lat' dir='ltr'>Multi</span> <span class='ocrx_word' id='word_1_152' title='bbox 346 878 398 903; x_wconf 84' lang='lat' dir='ltr'>autern</span> <span class='ocrx_word' id='word_1_153' title='bbox 408 874 538 911; x_wconf 82' lang='lat' dir='ltr'>ingrediebantur</span> <span class='ocrx_word' id='word_1_154' title='bbox 548 874 575 911; x_wconf 88' lang='lat' dir='ltr'>qui</span> <span class='ocrx_word' id='word_1_155' title='bbox 586 883 619 902; x_wconf 93' lang='lat' dir='ltr'>non</span> <span class='ocrx_word' id='word_1_156' title='bbox 630 873 759 910; x_wconf 77' lang='lat' dir='ltr'>reuertebantur3</span> <span class='ocrx_word' id='word_1_157' title='bbox 770 880 786 904; x_wconf 86' lang='lat' dir='ltr'>ct</span> 
     </span>
     <span class='ocr_line' id='line_1_17' title="bbox 83 919 785 958; baseline 0.003 -10"><span class='ocrx_word' id='word_1_158' title='bbox 83 919 109 954; x_wconf 86' lang='lat' dir='ltr'>qui</span> <span class='ocrx_word' id='word_1_159' title='bbox 115 919 200 957; x_wconf 72' lang='lat' dir='ltr'>redierunt,</span> <span class='ocrx_word' id='word_1_160' title='bbox 205 929 233 948; x_wconf 88' lang='lat' dir='ltr'>eos</span> <span class='ocrx_word' id='word_1_161' title='bbox 238 929 247 948; x_wconf 92' lang='lat' dir='ltr'>a</span> <span class='ocrx_word' id='word_1_162' title='bbox 253 929 299 948; x_wconf 89' lang='lat' dir='ltr'>mane</span> <span class='ocrx_word' id='word_1_163' title='bbox 304 928 354 957; x_wconf 89' lang='lat' dir='ltr'>usque</span> <span class='ocrx_word' id='word_1_164' title='bbox 359 921 375 949; x_wconf 87' lang='lat' dir='ltr'>in</span> <span class='ocrx_word' id='word_1_165' title='bbox 380 929 449 958; x_wconf 85' lang='lat' dir='ltr'>sequens</span> <span class='ocrx_word' id='word_1_166' title='bbox 454 930 500 949; x_wconf 89' lang='lat' dir='ltr'>mane</span> <span class='ocrx_word' id='word_1_167' title='bbox 506 919 564 949; x_wconf 86' lang='lat' dir='ltr'>ibidem</span> <span class='ocrx_word' id='word_1_168' title='bbox 569 929 628 949; x_wconf 87' lang='lat' dir='ltr'>moram</span> <span class='ocrx_word' id='word_1_169' title='bbox 634 919 785 958; x_wconf 84' lang='lat' dir='ltr'>facereoporterct³.</span> 
     </span>
     <span class='ocr_line' id='line_1_18' title="bbox 83 956 813 1008; baseline 0.001 -14"><span class='ocrx_word' id='word_1_170' title='bbox 83 956 159 1003; x_wconf 85' lang='lat' dir='ltr'>Contigit</span> <span class='ocrx_word' id='word_1_171' title='bbox 165 966 207 996; x_wconf 89' lang='lat' dir='ltr'>enim</span> <span class='ocrx_word' id='word_1_172' title='bbox 214 970 286 1003; x_wconf 88' lang='lat' dir='ltr'>tempore</span> <span class='ocrx_word' id='word_1_173' title='bbox 295 967 338 1003; x_wconf 83' lang='lat' dir='ltr'>regis</span> <span class='ocrx_word' id='word_1_174' title='bbox 347 967 405 1004; x_wconf 83' lang='lat' dir='ltr'>Anglie</span> <span class='ocrx_word' id='word_1_175' title='bbox 416 967 498 1004; x_wconf 74' lang='lat' dir='ltr'>Stephani,</span> <span class='ocrx_word' id='word_1_176' title='bbox 506 966 547 996; x_wconf 88' lang='lat' dir='ltr'>circa</span> <span class='ocrx_word' id='word_1_177' title='bbox 553 976 612 996; x_wconf 82' lang='lat' dir='ltr'>annum</span> <span class='ocrx_word' id='word_1_178' title='bbox 621 967 680 996; x_wconf 88' lang='lat' dir='ltr'>domini</span> <span class='ocrx_word' id='word_1_179' title='bbox 687 967 786 996; x_wconf 83' lang='lat' dir='ltr'>millesimum</span> <span class='ocrx_word' id='word_1_180' title='bbox 796 978 813 1008; x_wconf 86' lang='lat'>¹5</span> 
     </span>
     <span class='ocr_line' id='line_1_19' title="bbox 83 1013 786 1052; baseline 0.003 -10"><span class='ocrx_word' id='word_1_181' title='bbox 83 1013 185 1043; x_wconf 86' lang='lat' dir='ltr'>centesimum</span> <span class='ocrx_word' id='word_1_182' title='bbox 197 1013 318 1051; x_wconf 72' lang='lat' dir='ltr'>sexagesimum,</span> <span class='ocrx_word' id='word_1_183' title='bbox 329 1013 393 1044; x_wconf 85' lang='lat' dir='ltr'>militem</span> <span class='ocrx_word' id='word_1_184' title='bbox 408 1014 487 1052; x_wconf 82' lang='lat' dir='ltr'>quendam</span> <span class='ocrx_word' id='word_1_185' title='bbox 499 1013 573 1043; x_wconf 77' lang='lat' dir='ltr'>Ominum</span> <span class='ocrx_word' id='word_1_186' title='bbox 588 1013 652 1043; x_wconf 88' lang='lat' dir='ltr'>nomine</span> <span class='ocrx_word' id='word_1_187' title='bbox 663 1013 683 1043; x_wconf 86' lang='lat' dir='ltr'>ad</span> <span class='ocrx_word' id='word_1_188' title='bbox 691 1013 786 1052; x_wconf 51' lang='lat' dir='ltr'>*episcopum</span> 
     </span>
     <span class='ocr_line' id='line_1_20' title="bbox 83 1058 786 1099; baseline 0.006 -12"><span class='ocrx_word' id='word_1_189' title='bbox 83 1058 124 1088; x_wconf 91' lang='lat' dir='ltr'>illius</span> <span class='ocrx_word' id='word_1_190' title='bbox 136 1060 166 1089; x_wconf 90' lang='lat' dir='ltr'>loci</span> <span class='ocrx_word' id='word_1_191' title='bbox 177 1060 281 1090; x_wconf 85' lang='lat' dir='ltr'>confessionis</span> <span class='ocrx_word' id='word_1_192' title='bbox 292 1061 345 1097; x_wconf 88' lang='lat' dir='ltr'>gracia</span> <span class='ocrx_word' id='word_1_193' title='bbox 356 1061 416 1090; x_wconf 89' lang='lat' dir='ltr'>uenire.</span> <span class='ocrx_word' id='word_1_194' title='bbox 437 1060 488 1097; x_wconf 81' lang='lat' dir='ltr'>Quem</span> <span class='ocrx_word' id='word_1_195' title='bbox 501 1070 575 1099; x_wconf 89' lang='lat' dir='ltr'>cumpro</span> <span class='ocrx_word' id='word_1_196' title='bbox 588 1061 656 1098; x_wconf 86' lang='lat' dir='ltr'>peccatis</span> <span class='ocrx_word' id='word_1_197' title='bbox 668 1061 757 1098; x_wconf 86' lang='lat' dir='ltr'>increparet</span> <span class='ocrx_word' id='word_1_198' title='bbox 770 1067 786 1091; x_wconf 90' lang='lat' dir='ltr'>et</span> 
     </span>
     <span class='ocr_line' id='line_1_21' title="bbox 83 1106 786 1147; baseline 0.004 -11"><span class='ocrx_word' id='word_1_199' title='bbox 83 1106 125 1137; x_wconf 88' lang='lat' dir='ltr'>illum</span> <span class='ocrx_word' id='word_1_200' title='bbox 136 1108 183 1137; x_wconf 89' lang='lat' dir='ltr'>deum</span> <span class='ocrx_word' id='word_1_201' title='bbox 192 1108 262 1146; x_wconf 86' lang='lat' dir='ltr'>grauiter</span> <span class='ocrx_word' id='word_1_202' title='bbox 272 1107 358 1139; x_wconf 81' lang='lat' dir='ltr'>offendisse</span> <span class='ocrx_word' id='word_1_203' title='bbox 368 1108 433 1147; x_wconf 88' lang='lat' dir='ltr'>diceret,</span> <span class='ocrx_word' id='word_1_204' title='bbox 441 1108 473 1139; x_wconf 89' lang='lat' dir='ltr'>ait:</span> <span class='ocrx_word' id='word_1_205' title='bbox 484 1110 489 1125; x_wconf 83' lang='lat'><em>⁴</em></span> <span class='ocrx_word' id='word_1_206' title='bbox 495 1108 542 1145; x_wconf 86' lang='lat' dir='ltr'>Dum,</span> <span class='ocrx_word' id='word_1_207' title='bbox 549 1113 566 1139; x_wconf 91' lang='lat' dir='ltr'>ut</span> <span class='ocrx_word' id='word_1_208' title='bbox 576 1109 638 1145; x_wconf 81' lang='lat' dir='ltr'>asseris,</span> <span class='ocrx_word' id='word_1_209' title='bbox 648 1108 724 1139; x_wconf 85' lang='lat' dir='ltr'>factorem</span> <span class='ocrx_word' id='word_1_210' title='bbox 734 1118 786 1139; x_wconf 89' lang='lat' dir='ltr'>meum</span> 
     </span>
     <span class='ocr_line' id='line_1_22' title="bbox 83 1154 786 1195; baseline 0.003 -11"><span class='ocrx_word' id='word_1_211' title='bbox 83 1154 99 1183; x_wconf 93' lang='lat' dir='ltr'>in</span> <span class='ocrx_word' id='word_1_212' title='bbox 111 1160 172 1185; x_wconf 88' lang='lat' dir='ltr'>tantum</span> <span class='ocrx_word' id='word_1_213' title='bbox 181 1156 247 1185; x_wconf 89' lang='lat' dir='ltr'>habeam</span> <span class='ocrx_word' id='word_1_214' title='bbox 257 1155 339 1192; x_wconf 84' lang='lat' dir='ltr'>offensum,</span> <span class='ocrx_word' id='word_1_215' title='bbox 352 1156 458 1194; x_wconf 87' lang='lat' dir='ltr'>penitenciam</span> <span class='ocrx_word' id='word_1_216' title='bbox 470 1156 542 1186; x_wconf 88' lang='lat' dir='ltr'>omnibus</span> <span class='ocrx_word' id='word_1_217' title='bbox 554 1156 649 1195; x_wconf 88' lang='lat' dir='ltr'>penitenciis</span> <span class='ocrx_word' id='word_1_218' title='bbox 659 1156 748 1193; x_wconf 87' lang='lat' dir='ltr'>grauiorem</span> <span class='ocrx_word' id='word_1_219' title='bbox 761 1166 786 1187; x_wconf 87' lang='lat' dir='ltr'>as·</span> 
     </span>
     <span class='ocr_line' id='line_1_23' title="bbox 82 1203 814 1242; baseline 0.003 -10"><span class='ocrx_word' id='word_1_220' title='bbox 82 1211 152 1234; x_wconf 87' lang='lat' dir='ltr'>sumam:</span> <span class='ocrx_word' id='word_1_221' title='bbox 163 1204 268 1241; x_wconf 88' lang='lat' dir='ltr'>purgatorium</span> <span class='ocrx_word' id='word_1_222' title='bbox 274 1203 324 1233; x_wconf 86' lang='lat' dir='ltr'>sancti</span> <span class='ocrx_word' id='word_1_223' title='bbox 329 1204 392 1233; x_wconf 88' lang='lat' dir='ltr'>Patricii</span> <span class='ocrx_word' id='word_1_224' title='bbox 397 1204 456 1234; x_wconf 85' lang='lat' dir='ltr'>intrare</span> <span class='ocrx_word' id='word_1_225' title='bbox 463 1203 504 1242; x_wconf 87' lang='lat' dir='ltr'>uolo,</span> <span class='ocrx_word' id='word_1_226' title='bbox 510 1207 527 1233; x_wconf 90' lang='lat' dir='ltr'>ut</span> <span class='ocrx_word' id='word_1_227' title='bbox 534 1204 642 1234; x_wconf 85' lang='lat' dir='ltr'>remissionem</span> <span class='ocrx_word' id='word_1_228' title='bbox 646 1213 708 1233; x_wconf 88' lang='lat' dir='ltr'>merear</span> <span class='ocrx_word' id='word_1_229' title='bbox 713 1204 786 1241; x_wconf 77' lang='lat' dir='ltr'>accipere</span> <span class='ocrx_word' id='word_1_230' title='bbox 795 1216 814 1238; x_wconf 77' lang='lat' dir='ltr'>ao</span> 
     </span>
     <span class='ocr_line' id='line_1_24' title="bbox 82 1250 786 1288; baseline 0.003 -10"><span class='ocrx_word' id='word_1_231' title='bbox 82 1250 191 1286; x_wconf 61' lang='lat' dir='ltr'>peccatorum?</span> <span class='ocrx_word' id='word_1_232' title='bbox 213 1250 301 1287; x_wconf 84' lang='lat' dir='ltr'>Episcopus</span> <span class='ocrx_word' id='word_1_233' title='bbox 308 1255 360 1279; x_wconf 87' lang='lat' dir='ltr'>autem</span> <span class='ocrx_word' id='word_1_234' title='bbox 368 1251 398 1279; x_wconf 89' lang='lat' dir='ltr'>hoc</span> <span class='ocrx_word' id='word_1_235' title='bbox 405 1251 484 1286; x_wconf 83' lang='lat' dir='ltr'>dissuasit,</span> <span class='ocrx_word' id='word_1_236' title='bbox 492 1251 546 1279; x_wconf 87' lang='lat' dir='ltr'>dicens</span> <span class='ocrx_word' id='word_1_237' title='bbox 553 1251 595 1288; x_wconf 90' lang='lat' dir='ltr'>quod</span> <span class='ocrx_word' id='word_1_238' title='bbox 602 1251 646 1279; x_wconf 90' lang='lat' dir='ltr'>multi</span> <span class='ocrx_word' id='word_1_239' title='bbox 654 1251 670 1279; x_wconf 88' lang='lat' dir='ltr'>in</span> <span class='ocrx_word' id='word_1_240' title='bbox 677 1260 697 1279; x_wconf 92' lang='lat' dir='ltr'>eo</span> <span class='ocrx_word' id='word_1_241' title='bbox 704 1251 786 1288; x_wconf 88' lang='lat' dir='ltr'>perierunt</span> 
     </span>
     <span class='ocr_line' id='line_1_25' title="bbox 83 1297 786 1335; baseline 0.003 -10"><span class='ocrx_word' id='word_1_242' title='bbox 83 1297 109 1333; x_wconf 89' lang='lat' dir='ltr'>qui</span> <span class='ocrx_word' id='word_1_243' title='bbox 117 1297 155 1326; x_wconf 88' lang='lat' dir='ltr'>illud</span> <span class='ocrx_word' id='word_1_244' title='bbox 162 1298 269 1335; x_wconf 86' lang='lat' dir='ltr'>purgatorium</span> <span class='ocrx_word' id='word_1_245' title='bbox 274 1297 379 1329; x_wconf 82' lang='lat' dir='ltr'>intrauerunt.</span> <span class='ocrx_word' id='word_1_246' title='bbox 401 1298 421 1326; x_wconf 88' lang='lat' dir='ltr'>Et</span> <span class='ocrx_word' id='word_1_247' title='bbox 431 1307 466 1326; x_wconf 91' lang='lat' dir='ltr'>cum</span> <span class='ocrx_word' id='word_1_248' title='bbox 473 1297 528 1326; x_wconf 81' lang='lat' dir='ltr'>militis</span> <span class='ocrx_word' id='word_1_249' title='bbox 537 1298 605 1326; x_wconf 85' lang='lat' dir='ltr'>animum</span> <span class='ocrx_word' id='word_1_250' title='bbox 616 1298 679 1326; x_wconf 87' lang='lat' dir='ltr'>flectere</span> <span class='ocrx_word' id='word_1_251' title='bbox 686 1306 719 1326; x_wconf 86' lang='lat' dir='ltr'>non</span> <span class='ocrx_word' id='word_1_252' title='bbox 725 1303 786 1335; x_wconf 73' lang='lat' dir='ltr'>posset,</span> 
     </span>
     <span class='ocr_line' id='line_1_26' title="bbox 83 1344 786 1382; baseline 0 -9"><span class='ocrx_word' id='word_1_253' title='bbox 83 1345 169 1382; x_wconf 85' lang='lat' dir='ltr'>peripsum</span> <span class='ocrx_word' id='word_1_254' title='bbox 180 1345 244 1373; x_wconf 83' lang='lat' dir='ltr'>mittens</span> <span class='ocrx_word' id='word_1_255' title='bbox 251 1344 333 1382; x_wconf 82' lang='lat' dir='ltr'>epistolam</span> <span class='ocrx_word' id='word_1_256' title='bbox 340 1345 420 1373; x_wconf 86' lang='lat' dir='ltr'>mandauit</span> <span class='ocrx_word' id='word_1_257' title='bbox 430 1344 497 1373; x_wconf 88' lang='lat' dir='ltr'>ecclesie</span> <span class='ocrx_word' id='word_1_258' title='bbox 504 1344 546 1372; x_wconf 92' lang='lat' dir='ltr'>illius</span> <span class='ocrx_word' id='word_1_259' title='bbox 556 1344 604 1382; x_wconf 89' lang='lat' dir='ltr'>priori</span> <span class='ocrx_word' id='word_1_260' title='bbox 611 1344 684 1381; x_wconf 85' lang='lat' dir='ltr'>quatinus</span> <span class='ocrx_word' id='word_1_261' title='bbox 695 1353 733 1381; x_wconf 85' lang='lat' dir='ltr'>erga</span> <span class='ocrx_word' id='word_1_262' title='bbox 743 1344 786 1374; x_wconf 90' lang='lat' dir='ltr'>illum</span> 
     </span>
     <span class='ocr_line' id='line_1_27' title="bbox 83 1391 787 1430; baseline 0.001 -9"><span class='ocrx_word' id='word_1_263' title='bbox 83 1395 138 1428; x_wconf 84' lang='lat' dir='ltr'>ageret</span> <span class='ocrx_word' id='word_1_264' title='bbox 153 1392 194 1421; x_wconf 88' lang='lat' dir='ltr'>sicut</span> <span class='ocrx_word' id='word_1_265' title='bbox 207 1401 244 1429; x_wconf 90' lang='lat' dir='ltr'>erga</span> <span class='ocrx_word' id='word_1_266' title='bbox 258 1392 337 1421; x_wconf 91' lang='lat' dir='ltr'>hominem</span> <span class='ocrx_word' id='word_1_267' title='bbox 351 1392 378 1430; x_wconf 89' lang='lat' dir='ltr'>qui</span> <span class='ocrx_word' id='word_1_268' title='bbox 391 1392 499 1430; x_wconf 87' lang='lat' dir='ltr'>purgatorium</span> <span class='ocrx_word' id='word_1_269' title='bbox 513 1392 578 1422; x_wconf 83' lang='lat' dir='ltr'>intraret</span> <span class='ocrx_word' id='word_1_270' title='bbox 591 1392 617 1430; x_wconf 83' lang='lat' dir='ltr'>agi</span> <span class='ocrx_word' id='word_1_271' title='bbox 630 1391 716 1422; x_wconf 89' lang='lat' dir='ltr'>debuisset.</span> <span class='ocrx_word' id='word_1_272' title='bbox 741 1392 787 1422; x_wconf 84' lang='lat' dir='ltr'>Prior</span> 
     </span>
     <span class='ocr_line' id='line_1_28' title="bbox 83 1439 814 1479; baseline 0.003 -11"><span class='ocrx_word' id='word_1_273' title='bbox 83 1439 131 1474; x_wconf 89' lang='lat' dir='ltr'>enim,</span> <span class='ocrx_word' id='word_1_274' title='bbox 138 1449 228 1477; x_wconf 88' lang='lat' dir='ltr'>proponens</span> <span class='ocrx_word' id='word_1_275' title='bbox 235 1439 250 1468; x_wconf 91' lang='lat' dir='ltr'>ei</span> <span class='ocrx_word' id='word_1_276' title='bbox 259 1439 325 1469; x_wconf 85' lang='lat' dir='ltr'>aliorum</span> <span class='ocrx_word' id='word_1_277' title='bbox 333 1441 349 1470; x_wconf 89' lang='lat' dir='ltr'>in</span> <span class='ocrx_word' id='word_1_278' title='bbox 358 1450 378 1470; x_wconf 84' lang='lat' dir='ltr'>eo</span> <span class='ocrx_word' id='word_1_279' title='bbox 388 1440 496 1478; x_wconf 85' lang='lat' dir='ltr'>perdicionem</span> <span class='ocrx_word' id='word_1_280' title='bbox 507 1444 523 1469; x_wconf 94' lang='lat' dir='ltr'>et</span> <span class='ocrx_word' id='word_1_281' title='bbox 534 1440 626 1477; x_wconf 85' lang='lat' dir='ltr'>periculum,</span> <span class='ocrx_word' id='word_1_282' title='bbox 632 1439 682 1469; x_wconf 89' lang='lat' dir='ltr'>uoluit</span> <span class='ocrx_word' id='word_1_283' title='bbox 689 1450 698 1469; x_wconf 88' lang='lat' dir='ltr'>a</span> <span class='ocrx_word' id='word_1_284' title='bbox 706 1440 787 1477; x_wconf 88' lang='lat' dir='ltr'>proposito</span> <span class='ocrx_word' id='word_1_285' title='bbox 795 1449 814 1479; x_wconf 80' lang='lat'>25</span> 
     </span>
     <span class='ocr_line' id='line_1_29' title="bbox 83 1485 786 1525; baseline 0.004 -11"><span class='ocrx_word' id='word_1_286' title='bbox 83 1485 136 1516; x_wconf 89' lang='lat' dir='ltr'>militis</span> <span class='ocrx_word' id='word_1_287' title='bbox 146 1486 214 1515; x_wconf 88' lang='lat' dir='ltr'>animum</span> <span class='ocrx_word' id='word_1_288' title='bbox 225 1486 298 1516; x_wconf 87' lang='lat' dir='ltr'>flectere:</span> <span class='ocrx_word' id='word_1_289' title='bbox 308 1492 338 1524; x_wconf 82' lang='lat' dir='ltr'>set,</span> <span class='ocrx_word' id='word_1_290' title='bbox 349 1487 385 1525; x_wconf 91' lang='lat' dir='ltr'>quia</span> <span class='ocrx_word' id='word_1_291' title='bbox 395 1496 416 1517; x_wconf 82' lang='lat' dir='ltr'>ex</span> <span class='ocrx_word' id='word_1_292' title='bbox 426 1487 473 1516; x_wconf 84' lang='lat' dir='ltr'>corde</span> <span class='ocrx_word' id='word_1_293' title='bbox 481 1486 548 1524; x_wconf 88' lang='lat' dir='ltr'>penituit</span> <span class='ocrx_word' id='word_1_294' title='bbox 558 1496 576 1517; x_wconf 87' lang='lat' dir='ltr'>se</span> <span class='ocrx_word' id='word_1_295' title='bbox 585 1487 632 1516; x_wconf 89' lang='lat' dir='ltr'>deum</span> <span class='ocrx_word' id='word_1_296' title='bbox 642 1486 734 1522; x_wconf 82' lang='lat' dir='ltr'>offendisse,</span> <span class='ocrx_word' id='word_1_297' title='bbox 744 1487 786 1517; x_wconf 84' lang='lat' dir='ltr'>flecti</span> 
     </span>
     <span class='ocr_line' id='line_1_30' title="bbox 83 1533 786 1572; baseline 0.001 -10"><span class='ocrx_word' id='word_1_298' title='bbox 83 1533 181 1570; x_wconf 87' lang='lat' dir='ltr'>apropcsito</span> <span class='ocrx_word' id='word_1_299' title='bbox 189 1533 231 1562; x_wconf 90' lang='lat' dir='ltr'>nulla</span> <span class='ocrx_word' id='word_1_300' title='bbox 238 1533 347 1563; x_wconf 89' lang='lat' dir='ltr'>admonicione</span> <span class='ocrx_word' id='word_1_301' title='bbox 353 1533 410 1572; x_wconf 73' lang='lat' dir='ltr'>potuit.</span> <span class='ocrx_word' id='word_1_302' title='bbox 431 1533 477 1563; x_wconf 89' lang='lat' dir='ltr'>Prior</span> <span class='ocrx_word' id='word_1_303' title='bbox 486 1533 534 1570; x_wconf 88' lang='lat' dir='ltr'>igitur</span> <span class='ocrx_word' id='word_1_304' title='bbox 545 1542 581 1563; x_wconf 89' lang='lat' dir='ltr'>eum</span> <span class='ocrx_word' id='word_1_305' title='bbox 591 1534 607 1563; x_wconf 94' lang='lat' dir='ltr'>in</span> <span class='ocrx_word' id='word_1_306' title='bbox 616 1533 698 1563; x_wconf 85' lang='lat' dir='ltr'>ecclesiam</span> <span class='ocrx_word' id='word_1_307' title='bbox 706 1533 760 1568; x_wconf 82' lang='lat' dir='ltr'>duxit;</span> <span class='ocrx_word' id='word_1_308' title='bbox 770 1534 786 1563; x_wconf 90' lang='lat' dir='ltr'>in</span> 
     </span>
     <span class='ocr_line' id='line_1_31' title="bbox 83 1580 787 1617; baseline 0.001 -8"><span class='ocrx_word' id='word_1_309' title='bbox 83 1588 113 1617; x_wconf 85' lang='lat' dir='ltr'>qua</span> <span class='ocrx_word' id='word_1_310' title='bbox 120 1580 209 1617; x_wconf 88' lang='lat' dir='ltr'>quindecim</span> <span class='ocrx_word' id='word_1_311' title='bbox 216 1580 301 1610; x_wconf 88' lang='lat' dir='ltr'>secundum</span> <span class='ocrx_word' id='word_1_312' title='bbox 309 1589 368 1611; x_wconf 89' lang='lat' dir='ltr'>morem</span> <span class='ocrx_word' id='word_1_313' title='bbox 375 1580 431 1611; x_wconf 85' lang='lat' dir='ltr'>diebus</span> <span class='ocrx_word' id='word_1_314' title='bbox 438 1580 537 1611; x_wconf 85' lang='lat' dir='ltr'>oracionibus</span> <span class='ocrx_word' id='word_1_315' title='bbox 544 1581 610 1611; x_wconf 68' lang='lat' dir='ltr'>uacauit</span> <span class='ocrx_word' id='word_1_316' title='bbox 632 1580 690 1617; x_wconf 88' lang='lat' dir='ltr'>Sicque</span> <span class='ocrx_word' id='word_1_317' title='bbox 697 1589 707 1610; x_wconf 94' lang='lat' dir='ltr'>a</span> <span class='ocrx_word' id='word_1_318' title='bbox 714 1580 787 1611; x_wconf 86' lang='lat' dir='ltr'>iratribus</span> 
     </span>
     <span class='ocr_line' id='line_1_32' title="bbox 83 1627 787 1667; baseline 0.003 -11"><span class='ocrx_word' id='word_1_319' title='bbox 83 1631 99 1656; x_wconf 88' lang='lat' dir='ltr'>et</span> <span class='ocrx_word' id='word_1_320' title='bbox 104 1628 146 1657; x_wconf 86' lang='lat' dir='ltr'>clero</span> <span class='ocrx_word' id='word_1_321' title='bbox 151 1627 207 1663; x_wconf 83' lang='lat' dir='ltr'>uicino,</span> <span class='ocrx_word' id='word_1_322' title='bbox 212 1627 232 1656; x_wconf 91' lang='lat' dir='ltr'>ad</span> <span class='ocrx_word' id='word_1_323' title='bbox 237 1627 268 1657; x_wconf 92' lang='lat' dir='ltr'>hoc</span> <span class='ocrx_word' id='word_1_324' title='bbox 274 1633 365 1667; x_wconf 87' lang='lat' dir='ltr'>conuocato,</span> <span class='ocrx_word' id='word_1_325' title='bbox 370 1628 419 1657; x_wconf 88' lang='lat' dir='ltr'>missa</span> <span class='ocrx_word' id='word_1_326' title='bbox 423 1637 469 1657; x_wconf 89' lang='lat' dir='ltr'>mane</span> <span class='ocrx_word' id='word_1_327' title='bbox 475 1627 571 1664; x_wconf 58' lang='lat' dir='ltr'>celebratum</span> <span class='ocrx_word' id='word_1_328' title='bbox 577 1628 597 1658; x_wconf 90' lang='lat' dir='ltr'>ad</span> <span class='ocrx_word' id='word_1_329' title='bbox 601 1637 648 1666; x_wconf 88' lang='lat' dir='ltr'>quam</span> <span class='ocrx_word' id='word_1_330' title='bbox 652 1627 697 1657; x_wconf 89' lang='lat' dir='ltr'>miles</span> <span class='ocrx_word' id='word_1_331' title='bbox 701 1628 787 1658; x_wconf 87' lang='lat' dir='ltr'>communi·</span> 
     </span>
     <span class='ocr_line' id='line_1_33' title="bbox 83 1675 814 1715; baseline 0.001 -10"><span class='ocrx_word' id='word_1_332' title='bbox 83 1680 131 1713; x_wconf 80' lang='lat' dir='ltr'>catus,</span> <span class='ocrx_word' id='word_1_333' title='bbox 137 1677 157 1705; x_wconf 87' lang='lat' dir='ltr'>ad</span> <span class='ocrx_word' id='word_1_334' title='bbox 162 1677 205 1715; x_wconf 65' lang='lat' dir='ltr'>fosse</span> <span class='ocrx_word' id='word_1_335' title='bbox 210 1676 290 1704; x_wconf 86' lang='lat' dir='ltr'>introitum</span> <span class='ocrx_word' id='word_1_336' title='bbox 296 1677 423 1712; x_wconf 85' lang='lat' dir='ltr'>aquabenedicta</span> <span class='ocrx_word' id='word_1_337' title='bbox 428 1685 501 1713; x_wconf 88' lang='lat' dir='ltr'>aspersus</span> <span class='ocrx_word' id='word_1_338' title='bbox 505 1685 540 1705; x_wconf 85' lang='lat' dir='ltr'>cum</span> <span class='ocrx_word' id='word_1_339' title='bbox 546 1678 649 1713; x_wconf 85' lang='lat' dir='ltr'>processione</span> <span class='ocrx_word' id='word_1_340' title='bbox 653 1680 669 1705; x_wconf 89' lang='lat' dir='ltr'>et</span> <span class='ocrx_word' id='word_1_341' title='bbox 674 1675 733 1705; x_wconf 85' lang='lat' dir='ltr'>letania</span> <span class='ocrx_word' id='word_1_342' title='bbox 738 1676 786 1706; x_wconf 86' lang='lat' dir='ltr'>dedu·</span> <span class='ocrx_word' id='word_1_343' title='bbox 794 1685 814 1715; x_wconf 76' lang='lat'>30</span> 
     </span>
     <span class='ocr_line' id='line_1_34' title="bbox 83 1722 785 1759; baseline 0.003 -8"><span class='ocrx_word' id='word_1_344' title='bbox 83 1722 127 1752; x_wconf 88' lang='lat' dir='ltr'>citur.</span> <span class='ocrx_word' id='word_1_345' title='bbox 149 1723 195 1751; x_wconf 88' lang='lat' dir='ltr'>Prior</span> <span class='ocrx_word' id='word_1_346' title='bbox 201 1726 253 1751; x_wconf 87' lang='lat' dir='ltr'>autem</span> <span class='ocrx_word' id='word_1_347' title='bbox 260 1726 316 1759; x_wconf 82' lang='lat' dir='ltr'>aperto</span> <span class='ocrx_word' id='word_1_348' title='bbox 323 1723 376 1752; x_wconf 88' lang='lat' dir='ltr'>hostio</span> <span class='ocrx_word' id='word_1_349' title='bbox 384 1724 408 1752; x_wconf 90' lang='lat' dir='ltr'>sic</span> <span class='ocrx_word' id='word_1_350' title='bbox 415 1732 467 1752; x_wconf 87' lang='lat' dir='ltr'>coram</span> <span class='ocrx_word' id='word_1_351' title='bbox 476 1723 549 1752; x_wconf 89' lang='lat' dir='ltr'>omnibus</span> <span class='ocrx_word' id='word_1_352' title='bbox 556 1724 607 1752; x_wconf 89' lang='lat' dir='ltr'>eidem</span> <span class='ocrx_word' id='word_1_353' title='bbox 614 1723 658 1752; x_wconf 89' lang='lat' dir='ltr'>militi</span> <span class='ocrx_word' id='word_1_354' title='bbox 666 1722 716 1751; x_wconf 74' lang='lat' dir='ltr'>dixit:</span> <span class='ocrx_word' id='word_1_355' title='bbox 728 1723 785 1759; x_wconf 60' lang='grc' dir='ltr'>(ΕΜ,</span> 
     </span>
     <span class='ocr_line' id='line_1_35' title="bbox 82 1769 786 1808; baseline 0.001 -9"><span class='ocrx_word' id='word_1_356' title='bbox 82 1770 135 1806; x_wconf 87' lang='lat' dir='ltr'>frater,</span> <span class='ocrx_word' id='word_1_357' title='bbox 143 1770 168 1799; x_wconf 89' lang='lat' dir='ltr'>hic</span> <span class='ocrx_word' id='word_1_358' title='bbox 178 1773 203 1799; x_wconf 94' lang='lat' dir='ltr'>est</span> <span class='ocrx_word' id='word_1_359' title='bbox 213 1770 256 1798; x_wconf 80' lang='lat' dir='ltr'>locus</span> <span class='ocrx_word' id='word_1_360' title='bbox 266 1769 293 1798; x_wconf 86' lang='lat' dir='ltr'>ille</span> <span class='ocrx_word' id='word_1_361' title='bbox 301 1778 347 1806; x_wconf 88' lang='lat' dir='ltr'>quem</span> <span class='ocrx_word' id='word_1_362' title='bbox 354 1770 399 1808; x_wconf 90' lang='lat' dir='ltr'>cupis</span> <span class='ocrx_word' id='word_1_363' title='bbox 408 1770 482 1805; x_wconf 79' lang='lat' dir='ltr'>introire3</span> <span class='ocrx_word' id='word_1_364' title='bbox 492 1770 506 1799; x_wconf 94' lang='lat' dir='ltr'>si</span> <span class='ocrx_word' id='word_1_365' title='bbox 516 1771 574 1800; x_wconf 87' lang='lat' dir='ltr'>nostn&#39;s</span> <span class='ocrx_word' id='word_1_366' title='bbox 584 1770 674 1808; x_wconf 85' lang='lat' dir='ltr'>adquiescis</span> <span class='ocrx_word' id='word_1_367' title='bbox 683 1769 759 1806; x_wconf 87' lang='lat' dir='ltr'>consiliis,</span> <span class='ocrx_word' id='word_1_368' title='bbox 765 1771 786 1800; x_wconf 88' lang='lat' dir='ltr'>ab</span> 
     </span>
     <span class='ocr_line' id='line_1_36' title="bbox 83 1816 785 1854; baseline 0 -8"><span class='ocrx_word' id='word_1_369' title='bbox 83 1817 113 1846; x_wconf 90' lang='lat' dir='ltr'>hoc</span> <span class='ocrx_word' id='word_1_370' title='bbox 121 1816 202 1854; x_wconf 84' lang='lat' dir='ltr'>proposito</span> <span class='ocrx_word' id='word_1_371' title='bbox 209 1817 274 1845; x_wconf 91' lang='lat' dir='ltr'>omnino</span> <span class='ocrx_word' id='word_1_372' title='bbox 283 1818 369 1846; x_wconf 84' lang='lat' dir='ltr'>reuerteris</span> <span class='ocrx_word' id='word_1_373' title='bbox 379 1822 395 1846; x_wconf 86' lang='lat' dir='ltr'>ct</span> <span class='ocrx_word' id='word_1_374' title='bbox 405 1817 453 1845; x_wconf 89' lang='lat' dir='ltr'>uitam</span> <span class='ocrx_word' id='word_1_375' title='bbox 461 1821 503 1845; x_wconf 83' lang='lat' dir='ltr'>tuam</span> <span class='ocrx_word' id='word_1_376' title='bbox 513 1817 530 1845; x_wconf 93' lang='lat' dir='ltr'>in</span> <span class='ocrx_word' id='word_1_377' title='bbox 538 1817 569 1846; x_wconf 87' lang='lat' dir='ltr'>hoc</span> <span class='ocrx_word' id='word_1_378' title='bbox 580 1817 635 1846; x_wconf 87' lang='lat' dir='ltr'>seculo</span> <span class='ocrx_word' id='word_1_379' title='bbox 643 1817 675 1846; x_wconf 82' lang='lat' dir='ltr'>alio</span> <span class='ocrx_word' id='word_1_380' title='bbox 684 1817 731 1846; x_wconf 87' lang='lat' dir='ltr'>modo</span> <span class='ocrx_word' id='word_1_381' title='bbox 738 1817 785 1846; x_wconf 91' lang='lat' dir='ltr'>corri-</span> 
     </span>
     <span class='ocr_line' id='line_1_37' title="bbox 83 1862 786 1900; baseline -0.001 -7"><span class='ocrx_word' id='word_1_382' title='bbox 83 1873 121 1900; x_wconf 82' lang='lat' dir='ltr'>gere</span> <span class='ocrx_word' id='word_1_383' title='bbox 128 1867 144 1893; x_wconf 88' lang='lat' dir='ltr'>et</span> <span class='ocrx_word' id='word_1_384' title='bbox 151 1863 235 1892; x_wconf 87' lang='lat' dir='ltr'>emendare</span> <span class='ocrx_word' id='word_1_385' title='bbox 243 1863 309 1892; x_wconf 85' lang='lat' dir='ltr'>curabis.</span> <span class='ocrx_word' id='word_1_386' title='bbox 330 1864 362 1892; x_wconf 84' lang='lat' dir='ltr'>Hic</span> <span class='ocrx_word' id='word_1_387' title='bbox 369 1863 412 1893; x_wconf 86' lang='lat' dir='ltr'>enim</span> <span class='ocrx_word' id='word_1_388' title='bbox 421 1863 466 1892; x_wconf 86' lang='lat' dir='ltr'>multi</span> <span class='ocrx_word' id='word_1_389' title='bbox 473 1862 568 1893; x_wconf 88' lang='lat' dir='ltr'>introierunt</span> <span class='ocrx_word' id='word_1_390' title='bbox 577 1863 604 1900; x_wconf 88' lang='lat' dir='ltr'>qui</span> <span class='ocrx_word' id='word_1_391' title='bbox 613 1873 692 1900; x_wconf 90' lang='lat' dir='ltr'>nunquam</span> <span class='ocrx_word' id='word_1_392' title='bbox 699 1863 786 1900; x_wconf 83' lang='lat' dir='ltr'>redieruut,</span> 
     </span>
     <span class='ocr_line' id='line_1_38' title="bbox 83 1909 813 1950; baseline 0 -11"><span class='ocrx_word' id='word_1_393' title='bbox 83 1911 119 1948; x_wconf 86' lang='lat' dir='ltr'>quia</span> <span class='ocrx_word' id='word_1_394' title='bbox 127 1920 155 1949; x_wconf 87' lang='lat' dir='ltr'>per</span> <span class='ocrx_word' id='word_1_395' title='bbox 161 1910 198 1939; x_wconf 80' lang='lat' dir='ltr'>fidei</span> <span class='ocrx_word' id='word_1_396' title='bbox 205 1910 327 1940; x_wconf 87' lang='lat' dir='ltr'>inconstanciam</span> <span class='ocrx_word' id='word_1_397' title='bbox 335 1915 351 1940; x_wconf 90' lang='lat' dir='ltr'>et</span> <span class='ocrx_word' id='word_1_398' title='bbox 358 1914 472 1940; x_wconf 86' lang='lat' dir='ltr'>tormentorum</span> <span class='ocrx_word' id='word_1_399' title='bbox 482 1909 606 1940; x_wconf 76' lang='lat' dir='ltr'>intollerantiam</span> <span class='ocrx_word' id='word_1_400' title='bbox 613 1915 630 1940; x_wconf 90' lang='lat' dir='ltr'>et</span> <span class='ocrx_word' id='word_1_401' title='bbox 637 1920 704 1949; x_wconf 86' lang='lat' dir='ltr'>corpore</span> <span class='ocrx_word' id='word_1_402' title='bbox 711 1915 727 1939; x_wconf 88' lang='lat' dir='ltr'>et</span> <span class='ocrx_word' id='word_1_403' title='bbox 734 1910 785 1940; x_wconf 85' lang='lat' dir='ltr'>anima</span> <span class='ocrx_word' id='word_1_404' title='bbox 794 1919 813 1950; x_wconf 77' lang='lat'>35</span> 
     </span>
     <span class='ocr_line' id='line_1_39' title="bbox 83 1957 785 1997; baseline 0.001 -9"><span class='ocrx_word' id='word_1_405' title='bbox 83 1960 148 1989; x_wconf 90' lang='lat' dir='ltr'>omnino</span> <span class='ocrx_word' id='word_1_406' title='bbox 158 1959 243 1997; x_wconf 91' lang='lat' dir='ltr'>perierunt.</span> <span class='ocrx_word' id='word_1_407' title='bbox 265 1958 325 1995; x_wconf 83' lang='lat' dir='ltr'>Quodsi</span> <span class='ocrx_word' id='word_1_408' title='bbox 336 1959 394 1988; x_wconf 81' lang='lat' dir='ltr'>infrare</span> <span class='ocrx_word' id='word_1_409' title='bbox 404 1958 479 1996; x_wconf 83' lang='lat' dir='ltr'>uolucris,</span> <span class='ocrx_word' id='word_1_410' title='bbox 490 1957 529 1988; x_wconf 72' lang='lat' dir='ltr'>ecco</span> <span class='ocrx_word' id='word_1_411' title='bbox 538 1958 554 1988; x_wconf 90' lang='lat' dir='ltr'>in</span> <span class='ocrx_word' id='word_1_412' title='bbox 565 1959 629 1988; x_wconf 91' lang='lat' dir='ltr'>nomine</span> <span class='ocrx_word' id='word_1_413' title='bbox 640 1959 700 1988; x_wconf 90' lang='lat' dir='ltr'>domini</span> <span class='ocrx_word' id='word_1_414' title='bbox 709 1958 785 1989; x_wconf 84' lang='lat' dir='ltr'>intrabis:</span> 
     </span>
     <span class='ocr_line' id='line_1_40' title="bbox 83 2006 785 2045; baseline 0 -9"><span class='ocrx_word' id='word_1_415' title='bbox 83 2009 99 2036; x_wconf 86' lang='lat' dir='ltr'>et</span> <span class='ocrx_word' id='word_1_416' title='bbox 110 2016 139 2045; x_wconf 87' lang='lat' dir='ltr'>per</span> <span class='ocrx_word' id='word_1_417' title='bbox 148 2006 261 2037; x_wconf 87' lang='lat' dir='ltr'>concauitatem</span> <span class='ocrx_word' id='word_1_418' title='bbox 273 2009 315 2035; x_wconf 86' lang='lat' dir='ltr'>terre</span> <span class='ocrx_word' id='word_1_419' title='bbox 327 2007 386 2036; x_wconf 89' lang='lat' dir='ltr'>tamdiu</span> <span class='ocrx_word' id='word_1_420' title='bbox 397 2006 487 2044; x_wconf 85' lang='lat' dir='ltr'>ambulabis,</span> <span class='ocrx_word' id='word_1_421' title='bbox 499 2006 550 2036; x_wconf 84' lang='lat' dir='ltr'>donec</span> <span class='ocrx_word' id='word_1_422' title='bbox 561 2006 577 2036; x_wconf 90' lang='lat' dir='ltr'>in</span> <span class='ocrx_word' id='word_1_423' title='bbox 588 2015 661 2044; x_wconf 85' lang='lat' dir='ltr'>campum</span> <span class='ocrx_word' id='word_1_424' title='bbox 669 2015 718 2036; x_wconf 89' lang='lat' dir='ltr'>unum</span> <span class='ocrx_word' id='word_1_425' title='bbox 728 2006 785 2043; x_wconf 77' lang='lat' dir='ltr'>exibis,</span> 
     </span>
     <span class='ocr_line' id='line_1_41' title="bbox 83 2052 785 2091; baseline 0 -8"><span class='ocrx_word' id='word_1_426' title='bbox 83 2054 99 2083; x_wconf 93' lang='lat' dir='ltr'>in</span> <span class='ocrx_word' id='word_1_427' title='bbox 106 2063 137 2091; x_wconf 89' lang='lat' dir='ltr'>quo</span> <span class='ocrx_word' id='word_1_428' title='bbox 144 2054 216 2082; x_wconf 84' lang='lat' dir='ltr'>inuenies</span> <span class='ocrx_word' id='word_1_429' title='bbox 227 2053 277 2082; x_wconf 88' lang='lat' dir='ltr'>aulam</span> <span class='ocrx_word' id='word_1_430' title='bbox 285 2062 332 2083; x_wconf 84' lang='lat' dir='ltr'>unam</span> <span class='ocrx_word' id='word_1_431' title='bbox 342 2053 471 2083; x_wconf 86' lang='lat' dir='ltr'>artificiosissime</span> <span class='ocrx_word' id='word_1_432' title='bbox 481 2052 574 2083; x_wconf 81' lang='lat' dir='ltr'>fabricatam.</span> <span class='ocrx_word' id='word_1_433' title='bbox 595 2053 647 2089; x_wconf 83' lang='lat' dir='ltr'>Quam</span> <span class='ocrx_word' id='word_1_434' title='bbox 654 2063 689 2083; x_wconf 84' lang='lat' dir='ltr'>cum</span> <span class='ocrx_word' id='word_1_435' title='bbox 696 2054 785 2091; x_wconf 82' lang='lat' dir='ltr'>intraueris,</span> 
     </span>
     <span class='ocr_line' id='line_1_42' title="bbox 82 2099 786 2139; baseline 0.001 -9"><span class='ocrx_word' id='word_1_436' title='bbox 82 2110 103 2130; x_wconf 81' lang='lat' dir='ltr'>ex</span> <span class='ocrx_word' id='word_1_437' title='bbox 114 2104 158 2139; x_wconf 87' lang='lat' dir='ltr'>parte</span> <span class='ocrx_word' id='word_1_438' title='bbox 169 2100 195 2130; x_wconf 91' lang='lat' dir='ltr'>dei</span> <span class='ocrx_word' id='word_1_439' title='bbox 205 2100 258 2130; x_wconf 86' lang='lat' dir='ltr'>statim</span> <span class='ocrx_word' id='word_1_440' title='bbox 269 2099 336 2130; x_wconf 90' lang='lat' dir='ltr'>nuncios</span> <span class='ocrx_word' id='word_1_441' title='bbox 346 2100 411 2130; x_wconf 86' lang='lat' dir='ltr'>habebis</span> <span class='ocrx_word' id='word_1_442' title='bbox 421 2099 448 2137; x_wconf 90' lang='lat' dir='ltr'>qui</span> <span class='ocrx_word' id='word_1_443' title='bbox 457 2099 485 2129; x_wconf 91' lang='lat' dir='ltr'>tibi</span> <span class='ocrx_word' id='word_1_444' title='bbox 495 2099 533 2137; x_wconf 88' lang='lat' dir='ltr'>quid</span> <span class='ocrx_word' id='word_1_445' title='bbox 543 2100 592 2130; x_wconf 80' lang='lat' dir='ltr'>facies</span> <span class='ocrx_word' id='word_1_446' title='bbox 602 2101 628 2138; x_wconf 84' lang='lat' dir='ltr'>pie</span> <span class='ocrx_word' id='word_1_447' title='bbox 639 2100 733 2136; x_wconf 85' lang='lat' dir='ltr'>indicabunt,</span> <span class='ocrx_word' id='word_1_448' title='bbox 743 2104 760 2131; x_wconf 85' lang='lat' dir='ltr'>et</span> <span class='ocrx_word' id='word_1_449' title='bbox 770 2105 786 2132; x_wconf 86' lang='lat' dir='ltr'>te</span> 
     </span>
     <span class='ocr_line' id='line_1_43' title="bbox 82 2146 814 2187; baseline -0.003 -9"><span class='ocrx_word' id='word_1_450' title='bbox 82 2148 133 2178; x_wconf 91' lang='lat' dir='ltr'>solum</span> <span class='ocrx_word' id='word_1_451' title='bbox 144 2147 258 2185; x_wconf 85' lang='lat' dir='ltr'>relinquentes,</span> <span class='ocrx_word' id='word_1_452' title='bbox 266 2147 286 2177; x_wconf 85' lang='lat' dir='ltr'>de</span> <span class='ocrx_word' id='word_1_453' title='bbox 294 2147 330 2178; x_wconf 77' lang='lat' dir='ltr'>aula</span> <span class='ocrx_word' id='word_1_454' title='bbox 339 2147 409 2178; x_wconf 81' lang='lat' dir='ltr'>exibunt.</span> <span class='ocrx_word' id='word_1_455' title='bbox 429 2146 456 2177; x_wconf 89' lang='lat' dir='ltr'>Sic</span> <span class='ocrx_word' id='word_1_456' title='bbox 467 2147 509 2176; x_wconf 90' lang='lat' dir='ltr'>enim</span> <span class='ocrx_word' id='word_1_457' title='bbox 518 2147 594 2185; x_wconf 87' lang='lat' dir='ltr'>scriptum</span> <span class='ocrx_word' id='word_1_458' title='bbox 604 2148 671 2178; x_wconf 87' lang='lat' dir='ltr'>habetur</span> <span class='ocrx_word' id='word_1_459' title='bbox 680 2148 754 2178; x_wconf 85' lang='lat' dir='ltr'>euenisse</span> <span class='ocrx_word' id='word_1_460' title='bbox 762 2148 786 2179; x_wconf 91' lang='lat' dir='ltr'>eis</span> <span class='ocrx_word' id='word_1_461' title='bbox 794 2157 814 2187; x_wconf 73' lang='lat'>4⁰</span> 
     </span>
     <span class='ocr_line' id='line_1_44' title="bbox 82 2193 786 2232; baseline 0.001 -8"><span class='ocrx_word' id='word_1_462' title='bbox 82 2196 109 2232; x_wconf 87' lang='lat' dir='ltr'>qui</span> <span class='ocrx_word' id='word_1_463' title='bbox 121 2195 216 2224; x_wconf 86' lang='lat' dir='ltr'>introierunt</span> <span class='ocrx_word' id='word_1_464' title='bbox 227 2198 264 2223; x_wconf 89' lang='lat' dir='ltr'>ante</span> <span class='ocrx_word' id='word_1_465' title='bbox 275 2193 302 2224; x_wconf 71' lang='lat' dir='ltr'>te)</span> <span class='ocrx_word' id='word_1_466' title='bbox 321 2193 350 2223; x_wconf 88' lang='lat' dir='ltr'>Vir</span> <span class='ocrx_word' id='word_1_467' title='bbox 358 2198 410 2223; x_wconf 90' lang='lat' dir='ltr'>autem</span> <span class='ocrx_word' id='word_1_468' title='bbox 420 2194 482 2223; x_wconf 91' lang='lat' dir='ltr'>uirilem</span> <span class='ocrx_word' id='word_1_469' title='bbox 491 2203 549 2231; x_wconf 84' lang='lat' dir='ltr'>gerens</span> <span class='ocrx_word' id='word_1_470' title='bbox 558 2195 575 2224; x_wconf 89' lang='lat' dir='ltr'>in</span> <span class='ocrx_word' id='word_1_471' title='bbox 585 2199 649 2232; x_wconf 87' lang='lat' dir='ltr'>pectore</span> <span class='ocrx_word' id='word_1_472' title='bbox 660 2195 733 2231; x_wconf 83' lang='lat' dir='ltr'>animum,</span> <span class='ocrx_word' id='word_1_473' title='bbox 743 2197 786 2232; x_wconf 88' lang='lat' dir='ltr'>quod</span> 
     </span>
     <span class='ocr_line' id='line_1_45' title="bbox 83 2240 786 2280; baseline 0 -8"><span class='ocrx_word' id='word_1_474' title='bbox 83 2242 132 2272; x_wconf 89' lang='lat' dir='ltr'>eciam</span> <span class='ocrx_word' id='word_1_475' title='bbox 140 2243 179 2271; x_wconf 86' lang='lat' dir='ltr'>alios</span> <span class='ocrx_word' id='word_1_476' title='bbox 185 2241 288 2271; x_wconf 88' lang='lat' dir='ltr'>absorbuerat</span> <span class='ocrx_word' id='word_1_477' title='bbox 295 2250 327 2270; x_wconf 88' lang='lat' dir='ltr'>non</span> <span class='ocrx_word' id='word_1_478' title='bbox 334 2241 407 2271; x_wconf 79' lang='lat' dir='ltr'>formidat</span> <span class='ocrx_word' id='word_1_479' title='bbox 413 2240 506 2279; x_wconf 86' lang='lat' dir='ltr'>periculum.</span> <span class='ocrx_word' id='word_1_480' title='bbox 525 2240 554 2271; x_wconf 90' lang='lat' dir='ltr'>Vis</span> <span class='ocrx_word' id='word_1_481' title='bbox 561 2242 603 2271; x_wconf 88' lang='lat' dir='ltr'>cuim</span> <span class='ocrx_word' id='word_1_482' title='bbox 614 2242 673 2271; x_wconf 88' lang='lat' dir='ltr'>doloris</span> <span class='ocrx_word' id='word_1_483' title='bbox 680 2251 710 2280; x_wconf 89' lang='lat' dir='ltr'>pro</span> <span class='ocrx_word' id='word_1_484' title='bbox 717 2242 786 2280; x_wconf 86' lang='lat' dir='ltr'>pcccatis</span> 
     </span>
     <span class='ocr_line' id='line_1_46' title="bbox 83 2288 786 2327; baseline 0 -7"><span class='ocrx_word' id='word_1_485' title='bbox 83 2290 180 2327; x_wconf 90' lang='lat' dir='ltr'>contempnit</span> <span class='ocrx_word' id='word_1_486' title='bbox 187 2290 298 2326; x_wconf 85' lang='lat' dir='ltr'>uniuersaque</span> <span class='ocrx_word' id='word_1_487' title='bbox 308 2288 322 2318; x_wconf 86' lang='lat' dir='ltr'>ei</span> <span class='ocrx_word' id='word_1_488' title='bbox 332 2289 384 2319; x_wconf 90' lang='lat' dir='ltr'>uerbis</span> <span class='ocrx_word' id='word_1_489' title='bbox 393 2289 425 2318; x_wconf 93' lang='lat' dir='ltr'>ullo</span> <span class='ocrx_word' id='word_1_490' title='bbox 432 2289 479 2318; x_wconf 85' lang='lat' dir='ltr'>modo</span> <span class='ocrx_word' id='word_1_491' title='bbox 489 2289 552 2319; x_wconf 84' lang='lat' dir='ltr'>ostendi</span> <span class='ocrx_word' id='word_1_492' title='bbox 561 2293 638 2327; x_wconf 87' lang='lat' dir='ltr'>possunt;</span> <span class='ocrx_word' id='word_1_493' title='bbox 649 2289 695 2327; x_wconf 90' lang='lat' dir='ltr'>culpe</span> <span class='ocrx_word' id='word_1_494' title='bbox 702 2299 733 2327; x_wconf 85' lang='lat' dir='ltr'>que</span> <span class='ocrx_word' id='word_1_495' title='bbox 739 2289 759 2319; x_wconf 87' lang='lat' dir='ltr'>ab</span> <span class='ocrx_word' id='word_1_496' title='bbox 766 2300 786 2320; x_wconf 93' lang='lat' dir='ltr'>eo</span> 
     </span>
     <span class='ocr_line' id='line_1_47' title="bbox 82 2336 786 2375; baseline 0 -9"><span class='ocrx_word' id='word_1_497' title='bbox 82 2339 175 2368; x_wconf 89' lang='lat' dir='ltr'>senciuntur</span> <span class='ocrx_word' id='word_1_498' title='bbox 184 2337 283 2374; x_wconf 83' lang='lat' dir='ltr'>intrinsecus,</span> <span class='ocrx_word' id='word_1_499' title='bbox 291 2340 370 2366; x_wconf 85' lang='lat' dir='ltr'>tormenta</span> <span class='ocrx_word' id='word_1_500' title='bbox 380 2336 450 2366; x_wconf 85' lang='lat' dir='ltr'>exterius</span> <span class='ocrx_word' id='word_1_501' title='bbox 460 2336 513 2365; x_wconf 89' lang='lat' dir='ltr'>audita</span> <span class='ocrx_word' id='word_1_502' title='bbox 523 2340 641 2375; x_wconf 81' lang='lat' dir='ltr'>contempnunt.</span> <span class='ocrx_word' id='word_1_503' title='bbox 663 2336 709 2367; x_wconf 88' lang='lat' dir='ltr'>Prius</span> <span class='ocrx_word' id='word_1_504' title='bbox 719 2346 786 2375; x_wconf 88' lang='lat' dir='ltr'>namque</span> 
     </span>
     <span class='ocr_line' id='line_1_48' title="bbox 82 2383 813 2426; baseline 0.001 -11"><span class='ocrx_word' id='word_1_505' title='bbox 82 2393 101 2414; x_wconf 84' lang='lat' dir='ltr'>se</span> <span class='ocrx_word' id='word_1_506' title='bbox 106 2385 176 2415; x_wconf 87' lang='lat' dir='ltr'>omnium</span> <span class='ocrx_word' id='word_1_507' title='bbox 182 2384 251 2414; x_wconf 89' lang='lat' dir='ltr'>oracioni</span> <span class='ocrx_word' id='word_1_508' title='bbox 256 2384 373 2422; x_wconf 84' lang='lat' dir='ltr'>commendans,</span> <span class='ocrx_word' id='word_1_509' title='bbox 379 2384 445 2414; x_wconf 84' lang='lat' dir='ltr'>dextera</span> <span class='ocrx_word' id='word_1_510' title='bbox 450 2383 512 2414; x_wconf 84' lang='lat' dir='ltr'>eleuata</span> <span class='ocrx_word' id='word_1_511' title='bbox 518 2383 565 2414; x_wconf 89' lang='lat' dir='ltr'>fronti</span> <span class='ocrx_word' id='word_1_512' title='bbox 571 2393 600 2414; x_wconf 85' lang='lat' dir='ltr'>sue</span> <span class='ocrx_word' id='word_1_513' title='bbox 606 2384 669 2422; x_wconf 85' lang='lat' dir='ltr'>signum</span> <span class='ocrx_word' id='word_1_514' title='bbox 674 2389 729 2415; x_wconf 88' lang='lat' dir='ltr'>sancte</span> <span class='ocrx_word' id='word_1_515' title='bbox 735 2385 786 2416; x_wconf 80' lang='lat' dir='ltr'>crucis</span> <span class='ocrx_word' id='word_1_516' title='bbox 793 2391 813 2426; x_wconf 72' lang='grc'>45</span> 
     </span>
    </p>
   </div>
   <div class='ocr_carea' id='block_1_5' title="bbox 83 2467 786 2587">
    <p class='ocr_par' dir='ltr' id='par_1_8' title="bbox 83 2467 786 2587">
     <span class='ocr_line' id='line_1_49' title="bbox 86 2467 786 2504; baseline 0 -6"><span class='ocrx_word' id='word_1_517' title='bbox 86 2485 91 2498; x_wconf 74' lang='grc' dir='ltr'>ι</span> <span class='ocrx_word' id='word_1_518' title='bbox 103 2467 108 2485; x_wconf 80' lang='lat'><strong>¹</strong></span> <span class='ocrx_word' id='word_1_519' title='bbox 118 2468 157 2497; x_wconf 77' lang='lat' dir='ltr'>Aur.</span> <span class='ocrx_word' id='word_1_520' title='bbox 163 2467 204 2496; x_wconf 91' lang='lat' dir='ltr'>from</span> <span class='ocrx_word' id='word_1_521' title='bbox 210 2467 289 2496; x_wconf 85' lang='lat' dir='ltr'>Henricus</span> <span class='ocrx_word' id='word_1_522' title='bbox 295 2467 315 2495; x_wconf 89' lang='lat' dir='ltr'>de</span> <span class='ocrx_word' id='word_1_523' title='bbox 322 2467 391 2497; x_wconf 85' lang='lat' dir='ltr'>Salteria</span> <span class='ocrx_word' id='word_1_524' title='bbox 398 2467 468 2504; x_wconf 84' lang='lat' dir='ltr'>(Saltrey</span> <span class='ocrx_word' id='word_1_525' title='bbox 473 2467 490 2495; x_wconf 89' lang='lat' dir='ltr'>in</span> <span class='ocrx_word' id='word_1_526' title='bbox 498 2467 659 2504; x_wconf 76' lang='lat' dir='ltr'>Huntingdonshirel‚</span> <span class='ocrx_word' id='word_1_527' title='bbox 666 2468 687 2496; x_wconf 91' lang='lat' dir='ltr'>de</span> <span class='ocrx_word' id='word_1_528' title='bbox 693 2468 786 2504; x_wconf 85' lang='lat' dir='ltr'>Purgatorio</span> 
     </span>
     <span class='ocr_line' id='line_1_50' title="bbox 83 2505 786 2546; baseline 0.003 -10"><span class='ocrx_word' id='word_1_529' title='bbox 83 2506 99 2536; x_wconf 88' lang='lat' dir='ltr'>S.</span> <span class='ocrx_word' id='word_1_530' title='bbox 111 2506 135 2543; x_wconf 89' lang='lat' dir='ltr'>P.,</span> <span class='ocrx_word' id='word_1_531' title='bbox 146 2507 170 2537; x_wconf 83' lang='lat' dir='ltr'>ed</span> <span class='ocrx_word' id='word_1_532' title='bbox 183 2506 289 2544; x_wconf 85' lang='lat' dir='ltr'>Messingham</span> <span class='ocrx_word' id='word_1_533' title='bbox 300 2505 352 2537; x_wconf 82' lang='lat' dir='ltr'>Floril.</span> <span class='ocrx_word' id='word_1_534' title='bbox 363 2515 379 2544; x_wconf 92' lang='lat' dir='ltr'>p.</span> <span class='ocrx_word' id='word_1_535' title='bbox 390 2514 415 2545; x_wconf 84' lang='lat'>91,</span> <span class='ocrx_word' id='word_1_536' title='bbox 426 2506 486 2544; x_wconf 83' lang='lat' dir='ltr'>Colgan</span> <span class='ocrx_word' id='word_1_537' title='bbox 498 2505 519 2536; x_wconf 91' lang='lat' dir='ltr'>ll.</span> <span class='ocrx_word' id='word_1_538' title='bbox 529 2515 559 2544; x_wconf 78' lang='lat'>274</span> <span class='ocrx_word' id='word_1_539' title='bbox 571 2506 602 2546; x_wconf 74' lang='lat' dir='ltr'>(for</span> <span class='ocrx_word' id='word_1_540' title='bbox 609 2506 657 2538; x_wconf 84' lang='lat' dir='ltr'>MSS.</span> <span class='ocrx_word' id='word_1_541' title='bbox 666 2515 695 2537; x_wconf 88' lang='lat' dir='ltr'>sce</span> <span class='ocrx_word' id='word_1_542' title='bbox 706 2506 762 2545; x_wconf 84' lang='lat' dir='ltr'>Hardy</span> <span class='ocrx_word' id='word_1_543' title='bbox 773 2508 786 2538; x_wconf 90' lang='lat'>1.</span> 
     </span>
     <span class='ocr_line' id='line_1_51' title="bbox 83 2545 784 2587; baseline 0.004 -12"><span class='ocrx_word' id='word_1_544' title='bbox 83 2556 102 2583; x_wconf 78' lang='lat' dir='ltr'>qa</span> <span class='ocrx_word' id='word_1_545' title='bbox 109 2547 140 2587; x_wconf 83' lang='lat' dir='ltr'>ff.);</span> <span class='ocrx_word' id='word_1_546' title='bbox 151 2546 220 2584; x_wconf 87' lang='lat' dir='ltr'>besides,</span> <span class='ocrx_word' id='word_1_547' title='bbox 227 2546 303 2584; x_wconf 81' lang='lat' dir='ltr'>Legenda</span> <span class='ocrx_word' id='word_1_548' title='bbox 310 2555 343 2577; x_wconf 81' lang='lat' dir='ltr'>aur.</span> <span class='ocrx_word' id='word_1_549' title='bbox 351 2546 380 2576; x_wconf 84' lang='lat' dir='ltr'>has</span> <span class='ocrx_word' id='word_1_550' title='bbox 387 2547 428 2576; x_wconf 87' lang='lat' dir='ltr'>bccn</span> <span class='ocrx_word' id='word_1_551' title='bbox 435 2546 479 2576; x_wconf 79' lang='lat' dir='ltr'>used.</span> <span class='ocrx_word' id='word_1_552' title='bbox 516 2545 523 2563; x_wconf 78' lang='lat'>¹</span> <span class='ocrx_word' id='word_1_553' title='bbox 533 2546 551 2576; x_wconf 84' lang='lat' dir='ltr'>T.</span> <span class='ocrx_word' id='word_1_554' title='bbox 558 2546 600 2576; x_wconf 88' lang='lat' dir='ltr'>circa</span> <span class='ocrx_word' id='word_1_555' title='bbox 606 2547 653 2577; x_wconf 80' lang='lat' dir='ltr'>cirta.</span> <span class='ocrx_word' id='word_1_556' title='bbox 689 2545 696 2564; x_wconf 78' lang='lat'><strong>³</strong></span> <span class='ocrx_word' id='word_1_557' title='bbox 706 2546 730 2577; x_wconf 83' lang='lat' dir='ltr'>Cf.</span> <span class='ocrx_word' id='word_1_558' title='bbox 739 2547 756 2578; x_wconf 71' lang='lat'>1.</span> <span class='ocrx_word' id='word_1_559' title='bbox 763 2547 784 2579; x_wconf 77' lang='lat' dir='ltr'>A.</span> 
     </span>
    </p>
   </div>
   <div class='ocr_carea' id='block_1_6' title="bbox 0 0 886 2803">
    <p class='ocr_par' dir='ltr' id='par_1_9' title="bbox 0 0 886 2803">
     <span class='ocr_line' id='line_1_52' title="bbox 0 0 886 2803; baseline 0 0"><span class='ocrx_word' id='word_1_560' title='bbox 0 0 886 2803; x_wconf 95' lang='lat' dir='ltr'> </span> 
     </span>
    </p>
   </div>
  </div>
 </body>
</html>
