1762 2803
152 177 203 221 350⁴
343 164 423 217 mota
438 161 554 224 termut
569 161 662 224 annuc.

152 285 241 329 apparuit,
257 296 293 329 que
308 284 353 319 lucis
369 295 402 319 sue
417 284 473 319 radiis
488 284 548 319 locum
563 283 644 328 undique
659 285 760 320 illustrauit.
792 284 853 319 Incole

152 337 207 382 igitur
216 337 264 371 illius
275 337 374 381 prouincie,
382 338 417 371 hoc
427 337 490 380 sepius
502 337 541 371 viso
553 336 645 379 miraculo,
654 349 720 381 corpus
731 343 814 372 sanctum
826 348 853 371 as-

153 397 253 433 sumentes,
267 393 315 436 apud
330 391 421 425 Warham
437 392 531 435 sepulture
546 391 665 426 tradiderunt.
689 392 739 426 Fons
754 397 814 427 autem
831 392 854 425 de

153 445 192 478 loco
207 445 237 478 vbi
251 444 302 489 prius
315 444 369 478 iacuit
381 445 404 478 de
416 449 465 478 terra
479 455 584 488 erumpens,
597 444 659 479 multis
672 445 750 479 infirmis
764 444 854 478 beneficia

136 497 236 535 5sanitatis
252 497 335 531 conferre
350 497 425 532 solebat.
449 497 551 540 Propalatis
566 497 646 540 undique
662 498 737 532 demum
756 496 854 537 miraculis,

155 550 221 585 Editha
235 550 286 594 virgo
302 555 370 591 sancta,
389 550 475 594 martyris
488 561 545 593 soror,
558 561 600 584 cum
615 557 674 585 matre
687 562 721 585 sua
731 550 824 585 Wlstrude
837 555 855 583 et

153 603 245 647 episcopis
257 614 278 634 ac
294 602 355 634 multis
371 603 411 634 aliis
426 613 493 645 corpus
507 604 530 634 de
545 609 594 635 terra
609 608 716 644 extractum,
729 603 754 635 ita
768 604 791 635 ab
805 602 854 634 omni

153 654 269 698 corruptione
280 654 350 688 inuenit
362 654 440 696 illesum,
450 665 471 688 ac
484 654 499 688 si
512 655 578 688 eodem
590 654 620 689 die
632 654 697 690 fuisset
710 655 808 699 sepultum.
832 654 855 688 Et

153 713 269 743 assumentes
280 706 324 741 illud
335 718 377 741 cum
389 706 469 741 maximo
479 707 549 741 honore
559 706 578 741 in
589 707 700 742 monasterio
707 707 800 752 virginum
808 707 855 751 Sep-

127 773 146 793 10
154 761 203 795 tonie
210 761 348 793 transtulerunt.
391 753 443 793 ¹Pr0
454 761 487 793 hac
498 766 559 793 autem
569 761 627 793 sancti
634 761 684 804 regis
694 761 785 794 occisione
794 760 856 794 Ethel-

154 814 208 847 fritha
223 813 287 856 regina
300 814 325 856 (vt
337 813 400 855 fertur)
415 814 461 846 dure
476 812 567 856 penitens,
582 814 693 847 monasteria
711 813 817 847 monialium
833 814 856 847 de

154 867 279 901 Wherewelle
294 872 312 900 et
327 866 453 909 Ambrisbury
467 877 501 909 pro
517 866 578 900 delicti
593 866 698 909 expiatione
715 867 822 909 construxit,
837 872 856 900 et

154 920 216 955 multis
231 919 300 964 prediis
312 925 331 954 et
342 919 455 953 libertatibus
469 919 543 953 donauit
548 919 559 953 ¹.
603 912 696 963 Apparuit
708 925 769 954 autern
782 925 856 954 sanctus

155 973 258 1008 Edwardus
272 972 343 1006 cuidam
355 971 394 1006 viro
407 971 492 1016 religioso
502 972 520 1005 in
533 971 621 1015 sompnis,
634 972 709 1007 dicens:
721 973 791 1017 ‘Surge
803 978 821 1006 et
833 973 856 1006 ad

128 1039 146 1068 15
155 1027 251 1060 cenobium
267 1025 355 1069 Septonie
368 1025 455 1059 velociter
469 1036 555 1068 pergens,
568 1024 659 1059 abbatisse
675 1025 765 1059 denuneia
780 1026 822 1069 quia
837 1025 856 1059 in

155 1079 195 1113 loco
206 1078 224 1113 in
237 1090 273 1122 quo
283 1090 331 1112 nunc
343 1077 394 1112 iaceo
402 1077 469 1112 diutius
480 1088 522 1112 esse
532 1078 580 1118 nolo,
588 1083 606 1111 et
614 1083 633 1111 vt
643 1078 677 1112 hoc
686 1078 736 1112 fratri
744 1090 785 1112 meo
794 1078 856 1112 Ethel-

155 1133 199 1166 redo
213 1132 252 1176 regi
267 1132 337 1175 absque
352 1131 438 1165 dilatione
453 1130 552 1165 annunciet
568 1131 669 1166 admoneo!
700 1132 740 1174 Quo
755 1131 807 1174 facto,
822 1142 857 1165 rex

155 1184 248 1228 episcopis
263 1189 281 1216 et
296 1183 395 1216 maioribus
409 1183 487 1216 ecclesie
501 1183 584 1226 precepit
599 1188 618 1215 vt
633 1193 700 1227 corpus
715 1184 775 1217 fratris
790 1183 819 1216 sui
834 1184 856 1216 ad

155 1237 216 1271 locum
228 1236 287 1280 magis
299 1236 424 1269 honorabilem
438 1235 538 1269 transferre
546 1236 674 1270 maturarentl.
697 1236 751 1278 Quod
759 1247 801 1270 cum
809 1236 857 1270 face-

129 1303 147 1324 ro
155 1295 202 1332 rent,
210 1295 260 1323 tanta
270 1300 294 1323 ex
303 1300 325 1323 eo
337 1288 399 1322 odoris
409 1288 508 1332 fragrantia
520 1299 607 1321 emanare
618 1288 671 1332 cepit,
679 1294 698 1323 vt
710 1300 776 1322 omnes
787 1289 805 1322 in
818 1289 857 1322 loco

155 1348 252 1387 presentes
260 1342 279 1376 in
287 1341 367 1386 paradisi
375 1341 441 1375 delitiis
449 1341 557 1375 constitutos
568 1352 589 1374 se
597 1341 648 1374 sorel
656 1342 769 1375 estimarent.
793 1341 857 1375 Eleua-

155 1401 231 1440 tumque
240 1400 268 1429 est
274 1405 340 1438 corpus
347 1394 480 1435 eiussanctum,
486 1399 504 1427 et
512 1394 535 1427 ad
543 1394 603 1427 locum
612 1394 735 1428 decentiorem
743 1395 858 1435 translatum,

155 1460 204 1482 anno
219 1448 302 1491 martyrii
317 1447 345 1481 sui
357 1447 510 1490 vicesimoprimo,
526 1452 544 1480 et
559 1446 689 1480 incarnationis
703 1447 794 1481 dominice
809 1458 858 1481 anno

156 1501 253 1536 millesimo
261 1501 321 1545 primo
326 1501 338 1534 ⁴.

180 1555 227 1597 [MS.
235 1554 256 1587 T.
264 1555 300 1587 and
308 1554 383 1586 Tanner
390 1554 436 1586 add:

130 1619 148 1648 25
179 1607 186 1625 ⁵
193 1600 216 1640 ln
222 1606 332 1640 monasterio
339 1605 388 1639 enim
394 1604 472 1638 heliensi
477 1604 566 1648 scripturn
570 1602 632 1637 inueni
639 1605 687 1648 quod
693 1615 735 1638 curn
741 1604 858 1646 Brithnodus,

157 1660 229 1705 primus
235 1660 291 1694 abbas
298 1658 390 1700 heliensis,
396 1659 418 1692 ad
426 1657 495 1693 curiam
502 1656 550 1701 regis
557 1656 651 1692 Ethelredi
657 1669 691 1702 pro
696 1657 776 1702 negociis
781 1657 859 1693 ecclesie

157 1712 310 1757 proficisceretur,
315 1723 350 1755 per
357 1711 422 1746 siluam
431 1722 466 1754 que
475 1710 537 1744 ‘Noua
544 1710 558 1743 F
559 1715 619 1744 oresta
625 1711 629 1726 ’
636 1711 750 1745 uocaturiter
755 1711 830 1754 faciens,
835 1712 858 1745 ad

157 1776 202 1799 usus
216 1770 280 1798 nature
291 1764 392 1799 remociora
402 1764 442 1797 loca
453 1763 512 1806 peciit,
524 1769 542 1796 et
552 1763 633 1806 undique
644 1764 690 1797 sorte
702 1764 859 1807 circumspiciens,

158 1817 203 1852 uidit
211 1817 345 1859 (memora)tam
356 1817 438 1859 reginam
451 1816 580 1849 Ethelsritham
591 1816 625 1849 sub
636 1817 701 1850 arbore
713 1817 791 1861 quadam
803 1828 859 1850 uene-

130 1883 149 1912 30
158 1869 204 1904 ficiis
214 1869 253 1903 suis
266 1874 367 1903 uacantem.
391 1868 427 1901 Per
441 1868 505 1910 (artem
519 1867 565 1908 eius)
579 1867 669 1910 magicam
680 1868 730 1901 uelut
742 1868 760 1901 in
772 1868 859 1911 equinum

157 1923 224 1958 animal
239 1934 299 1963 uersa,
314 1923 411 1966 putabatur
425 1921 537 1955 intuentibus
553 1931 595 1954 esse
609 1931 656 1964 equa
671 1927 689 1955 et
704 1933 741 1955 non
757 1922 827 1962 mulier,
840 1927 860 1955 ut

157 1975 281 2012 insaciabilem
293 1975 365 2009 luxurie
378 1974 506 2018 intemperiem
518 1980 619 2015 saturaret3
635 1974 740 2009 discurrens
752 1980 813 2008 autem
824 1974 859 2008 huc

157 2034 212 2072 atque
223 2028 264 2062 illuc
278 2039 320 2062 cum
333 2026 385 2071 equis
399 2039 420 2060 ac
433 2026 531 2067 dissiliens
543 2025 588 2069 ipsis
602 2025 724 2060 irreuerenter
737 2032 756 2060 et
769 2026 860 2070 impudice

157 2093 178 2117 se
189 2081 276 2124 exhibuit,
284 2086 388 2125 contempto
400 2080 430 2114 dei
440 2080 505 2114 timore
514 2091 535 2113 ac
546 2078 595 2123 regie
607 2079 699 2123 dignitatis
710 2080 779 2114 honore
791 2080 860 2114 crimen

130 2150 148 2178 55
158 2136 215 2180 glorie
224 2146 257 2168 sue
264 2135 289 2168 ita
298 2134 458 2177 contemptibiliter
469 2133 538 2167 intulit:
551 2138 569 2166 et
580 2143 618 2166 non
629 2134 699 2177 absque
710 2133 759 2167 luctu
767 2139 784 2167 et
792 2144 860 2177 pauore

177 2208 236 2237 ¹·1Cl,
244 2207 414 2244 Chr.Bromton,876.
474 2206 508 2236 1Τ.
517 2206 556 2235 adds
564 2205 614 2235 iussit.
676 2206 785 2237 ³om.inVit.

177 2248 183 2265 ⁴
193 2248 257 2284 Antiph.
265 2248 282 2275 in
289 2248 307 2276 T,
314 2248 405 2283 destroyed.
426 2246 496 2275 Collect:

180 2287 228 2324 Deus
235 2294 286 2324 eterni
293 2294 397 2330 triumphator
404 2293 470 2330 imperii,
478 2292 551 2322 familiam
559 2296 600 2321 tuam
608 2286 688 2329 propicius
695 2293 757 2329 respice
767 2302 861 2322 commemo·

159 2335 238 2365 racionem
246 2334 288 2371 regis
295 2333 399 2363 celebrantem
405 2332 484 2369 Edwardi,
491 2337 507 2362 et
512 2336 565 2370 presta
572 2336 589 2361 ut
596 2331 636 2361 sicut
643 2332 685 2362 illum
692 2342 718 2362 ma
724 2332 768 2371 (nere
773 2332 861 2370 glorificare

159 2375 229 2412 dignaris
240 2374 299 2412 celesti,
308 2374 330 2402 ita
340 2383 370 2402 nos
381 2373 415 2402 eius
426 2372 490 2402 obtentu
501 2377 556 2401 eterne
566 2371 635 2401 felicitati
646 2372 694 2402 facias
705 2373 789 2410 dignanter
799 2372 861 2409 ascribi,

159 2414 195 2454 pert
204 2414 245 2454 (Sar,
254 2414 294 2451 Be),

180 2456 233 2498 Deus,
241 2462 267 2499 qui
277 2461 339 2491 beatum
351 2461 445 2490 Edwardum
455 2469 508 2497 regem
519 2463 535 2489 et
545 2460 624 2488 martirem
635 2463 678 2489 tuum
687 2459 762 2488 ineffabili
770 2459 862 2497 prouisione

159 2507 242 2539 patronum
249 2502 337 2538 Anglorum
344 2500 403 2537 populo
410 2500 505 2529 destinatum
512 2499 584 2535 tribuisti,
592 2500 612 2528 da
619 2509 709 2536 quesumus,
715 2504 732 2528 ut
738 2499 778 2528 sicut
785 2499 862 2528 hodierna

160 2541 186 2571 die
196 2545 213 2570 te
223 2544 287 2570 auctore
297 2540 353 2569 meruit
360 2539 435 2577 coniungi
441 2543 531 2569 sanctorum
538 2539 592 2575 choro,
600 2538 622 2568 ita
628 2548 664 2568 eum
671 2539 691 2568 ad
698 2542 741 2568 tuam
748 2538 862 2577 impetrandam

160 2581 282 2610 misericordiam
289 2581 348 2609 habere
355 2589 442 2609 mereamur
449 2580 574 2616 intercessorem,
583 2588 617 2616 per.

180 2620 186 2638 l
197 2620 220 2649 cf.
229 2620 275 2649 Liber
282 2620 356 2656 Eliensis‚
364 2620 388 2649 ed.
397 2620 471 2656 Stewart,
478 2618 525 2655 Angl.
533 2618 591 2649 Christ.
601 2618 643 2655 1848,
651 2628 666 2656 p.
676 2627 709 2655 172.
