1762 2803
53 115 192 154 ispania]
299 100 508 158 Bab-flotano.
710 115 754 160 549

53 230 143 279 prosiliens
151 227 177 262 vel
185 224 279 265 retardans,
285 224 319 257 boc
326 233 395 266 semper
402 223 490 267 proposuit
498 228 515 257 et
523 223 581 267 quoad
588 223 643 266 potuit
651 222 755 265 obseruauit,

53 297 74 319 ne
80 285 97 317 in
103 281 160 322 aliquo
168 276 228 320 prelati
234 281 334 318 preceptum
340 275 366 308 vel
372 275 462 307 excederet
470 274 521 307 nimis
529 274 602 316 agendo,
607 275 634 306 vel
642 273 755 316 debi[li]taret

53 331 130 368 faciendo
147 327 217 367 minus,
236 325 301 358 nullam
319 335 391 366 moram,
409 324 475 358 nullum
492 324 552 368 tipum,
569 324 635 358 nullum
652 324 754 357 renitentem

54 384 131 416 aflectum
146 376 259 420 pretendebat
274 374 291 407 in
307 373 396 407 cuiuslibet
412 374 487 407 accionis
502 384 589 416 aggressu.
616 376 637 407 ln
654 374 755 415 cognicione

54 440 70 467 et
85 426 212 464 examinacione
228 434 318 458 causarum
333 423 476 466 prudentissimus
491 430 528 457 erat
543 424 668 466 interpretator,
683 429 700 456 et
715 422 772 463 licet5

54 483 87 517 vim
99 477 208 513 consiliorum
219 481 236 509 et
243 474 323 508 virtutem
334 484 385 508 sensu
393 474 503 518 percepisset,
510 484 599 519 nunquam
607 480 666 509 tamen
677 473 755 518 improbe

55 532 99 577 quod
113 530 129 563 ei
141 528 231 562 videbatur
245 526 336 559 defendere
349 525 459 569 presumpsit,
472 532 499 559 set
514 536 581 568 semper
595 526 655 560 humili
669 525 755 559 relacione

54 581 99 617 verbi
110 580 156 622 quod
165 577 251 610 humiliter
262 575 315 609 sensit
326 575 426 619 simpliciter
435 575 525 610 intimauit.
547 576 649 612 ilTandem
659 577 681 608 ab
691 576 754 609 abbate

55 690 71 717 et
83 690 153 725 persepe
164 679 187 712 ad
200 678 269 711 diuersa
280 677 370 719 titubabat,
381 683 398 710 et
410 687 456 710 nunc
466 677 500 710 buc
511 687 557 710 nunc
568 677 608 710 illuc
618 683 635 710 vt
646 677 712 710 arundo
724 686 755 718 pro
764 687 783 709 ro

55 743 95 767 aura
109 728 194 763 mutabilis
207 728 300 761 voluntatis
315 727 405 761 serebatur.
432 728 487 769 Super
504 736 538 770 quo
556 732 613 760 motus
630 733 648 760 et
665 725 755 760 miseratus

55 781 136 817 Aelredus
151 778 193 812 dixit
205 779 238 811 deo
249 777 267 810 in
279 777 331 811 corde
345 787 388 810 suo:
404 778 443 810 ‘Da
454 776 512 818 michi,
526 776 600 818 domine,
614 777 690 810 animam
705 775 755 809 huius

55 830 121 870 nouicii‚
129 836 146 863 et
153 828 199 873 quod
208 828 245 871 ipse
254 827 311 860 minus
322 828 374 861 habet
384 827 449 869 salutis,
457 827 497 861 licet
507 827 578 870 indigno
588 828 646 870 gracia
656 833 686 860 tua
695 837 755 860 conce·

55 884 94 917 dere
106 879 190 923 digneris?
214 880 254 912 Non
267 879 322 911 multo
335 885 374 921 post
387 878 415 912 ille
430 877 507 912 nouicius
523 878 540 912 in
554 877 652 922 probatorio
667 877 755 920 improbus

55 935 107 967 iactus
119 930 200 973 magistro
211 940 243 963 suo
254 928 318 963 indicat
330 940 348 962 se
358 929 402 962 velle
413 929 468 963 redire
479 930 502 962 ad
514 930 595 963 seculum.
619 929 650 963 Cui
659 929 754 962 Aelredus:
764 941 782 971 ¹5

56 981 110 1021 ‘Noli
124 981 180 1019 frater,
195 979 231 1012 noli
246 978 312 1020 perire:
330 979 365 1011 iam
383 988 418 1011 non
436 978 505 1021 poteris,
521 988 626 1021 quamquam
643 984 660 1012 et
675 978 723 1018 velis,
738 984 755 1011 et

55 1029 172 1066 stultissimum
178 1035 205 1063 est
214 1029 248 1062 hoc
257 1028 312 1071 ipsum
319 1029 363 1063 velle
373 1028 421 1063 cuius
431 1028 534 1063 contrarium
544 1029 614 1073 cupiunt
621 1039 682 1062 omnes
690 1027 755 1069 sancti;

55 1093 113 1117 omnes
126 1080 172 1115 enim
185 1079 248 1114 saluari
263 1079 371 1114 desiderant!
393 1081 424 1114 Set
438 1080 467 1114 ille
479 1091 514 1114 non
527 1081 599 1115 audiens
611 1080 677 1113 monita
689 1079 756 1121 salutis,

56 1132 123 1167 recessit
130 1143 141 1165 a
148 1130 257 1164 monasterio.
274 1132 303 1164 Set
310 1141 341 1173 per
348 1130 399 1164 deuia
406 1131 460 1164 saltus
468 1137 504 1164 tota
511 1130 540 1164 die
547 1131 659 1175 vagabundus
667 1131 755 1170 oberranS,

56 1190 72 1217 et
83 1194 143 1226 parum
154 1187 194 1215 ante
205 1181 245 1215 solis
256 1192 337 1214 occasum
348 1182 370 1215 ad
383 1181 429 1214 viam
442 1181 512 1215 veniens
524 1192 555 1224 per
568 1192 619 1226 quarn
632 1181 695 1215 exitum
708 1180 754 1221 iecit,
764 1193 783 1215 ao

56 1234 110 1266 subito
128 1233 171 1265 inira
187 1241 246 1264 muros
264 1232 331 1265 cenobii
351 1242 369 1265 se
389 1233 443 1265 sensit
461 1232 590 1274 transpositum.
613 1232 669 1274 Quem
685 1237 755 1264 sanctus

55 1283 137 1317 Aelredus
148 1282 261 1325 conspiciens,
273 1281 345 1315 occurrit
357 1282 372 1316 ei
384 1282 454 1316 dicens:
470 1282 518 1321 ‘Fili
532 1282 573 1325 quid
584 1281 639 1316 iecisti
652 1281 704 1315 michi
718 1281 755 1314 sic?

56 1335 100 1367 Ecce
111 1333 150 1367 fleui
162 1343 193 1376 pro
204 1339 221 1367 te
232 1332 284 1366 hodie
295 1332 353 1366 multis
363 1332 444 1367 lacrimis.
467 1333 491 1366 Et
501 1333 553 1366 credo
563 1332 580 1366 in
591 1333 642 1366 deum
654 1333 700 1376 quod
711 1331 755 1366 sicut

56 1384 115 1428 expetii
127 1396 138 1418 a
151 1384 226 1425 domino,
238 1390 255 1417 et
266 1384 310 1417 sicut
322 1384 352 1417 tibi
364 1385 441 1427 promisi,
453 1394 489 1417 non
500 1384 574 1427 peribis!
595 1386 643 1418 Nam
654 1394 686 1418 nec
697 1384 755 1418 abbati

56 1436 122 1477 quidem
136 1445 225 1467 excessum
238 1434 300 1467 nouicii
313 1433 400 1474 reuelauit‚
414 1434 476 1467 timens
490 1434 599 1467 seueritatem
611 1434 655 1467 illius
667 1444 756 1467 rcuersuro
764 1444 783 1473 ²5

56 1485 153 1517 nocituram.
176 1484 189 1519 ii
204 1485 236 1516 Per
250 1483 297 1516 idem
312 1489 380 1526 tempus
395 1484 440 1526 cepit
455 1483 529 1517 scribere
544 1484 567 1516 ad
582 1484 660 1517 diuersas
672 1494 756 1526 personas

56 1534 135 1577 epistolas
148 1545 199 1569 sensu
214 1533 332 1568 serenissimos
343 1540 360 1568 et
373 1532 422 1568 litera
435 1535 536 1568 luculentas.
559 1534 630 1577 Scripsit
645 1534 700 1568 eciam
715 1541 756 1568 tunc

56 1591 88 1618 tres
100 1585 152 1619 libros
164 1585 260 1619 laudabiles
273 1596 316 1629 quos
329 1585 398 1619 uocauit
410 1586 512 1629 ‘Speculum
524 1585 611 1628 caritatis‚’
622 1596 643 1619 eo
654 1586 701 1629 quod
712 1595 756 1628 opus

56 1636 95 1668 illud
102 1636 126 1669 sic
134 1636 151 1669 in
159 1647 178 1670 se
190 1637 265 1670 continet
274 1636 373 1679 ymaginem
381 1636 409 1670 dei
419 1636 483 1670 amoris
493 1643 510 1671 et
520 1636 593 1679 proximi
603 1637 647 1670 sicut
658 1637 676 1669 in
687 1637 757 1679 speculo

56 1697 116 1726 ymago
126 1686 250 1719 considerantis
259 1692 327 1719 constat
337 1686 429 1728 prouideri.
452 1688 519 1720 Domus
528 1697 568 1727 ergo
575 1687 658 1720 Rieuallis
665 1685 756 1719 abbaciam
765 1697 784 1726 ³⁰

56 1735 87 1768 sibi
98 1736 186 1777 creditam,
194 1736 240 1778 apud
252 1736 333 1778 Reuesby
341 1736 435 1770 construxit
446 1736 464 1769 in
476 1736 563 1780 prouincia
576 1736 598 1770 de
610 1736 715 1779 Lyndeseye,
727 1736 756 1778 qui

56 1785 102 1819 locus
112 1798 122 1819 a
134 1787 223 1821 Lincolnia
233 1785 267 1819 xxti
278 1786 330 1820 distat
341 1786 421 1822 mitibus:
439 1787 462 1821 ad
473 1798 526 1832 quam
536 1794 586 1831 pater
596 1787 680 1821 netredus
692 1788 756 1821 electus

56 1843 72 1869 et
79 1837 145 1879 missus,
152 1838 197 1880 cepit
205 1839 264 1872 florere
274 1837 366 1871 miraculis.
390 1839 446 1871 Currit
454 1848 485 1881 per
491 1845 544 1872 totam
552 1838 639 1881 regionem
646 1838 693 1871 sama
701 1838 755 1878 illius;

57 1887 135 1930 episcopi,
143 1888 214 1922 comites
221 1894 238 1922 et
246 1898 325 1930 proceres
332 1888 389 1921 locum
397 1888 453 1930 ipsum
461 1899 492 1930 pro
499 1888 536 1922 eius
546 1887 607 1931 [fama]
617 1888 755 1931 possessionibus

57 1937 146 1979 cumulant,
153 1939 241 1971 beneficiis
251 1938 369 1981 multiplicant,
377 1949 420 1981 pace
429 1945 446 1973 et
455 1938 564 1981 protectione
574 1949 605 1972 sua
616 1939 712 1972 defensant.
735 1939 755 1971 ln
764 1951 783 1982 35

57 1988 125 2028 synodis
138 1989 185 2023 iubet
198 1989 246 2023 illum
259 1989 330 2023 antistes
343 1999 439 2023 sermonem
452 1990 508 2023 lacere
520 1990 542 2022 ad
553 1988 629 2028 clericos,
641 1988 688 2032 quod
700 1988 755 2022 eciam

56 2037 103 2079 iacit;
121 2040 219 2073 sacerdotes
231 2039 322 2082 corrigere,
334 2038 380 2083 quod
393 2049 428 2073 non
441 2038 514 2082 omittit;
531 2038 604 2073 militum
617 2044 671 2074 terras
686 2050 707 2073 ex
721 2038 756 2073 ele·

56 2088 120 2122 mosine
131 2090 209 2133 largitate
222 2090 311 2133 possidere
323 2091 346 2123 ad
359 2090 454 2123 subsidium
466 2090 595 2131 monachorum,
608 2095 625 2123 et
638 2089 703 2130 obedit,
716 2089 757 2132 quia

57 2145 125 2172 nouerat
136 2141 169 2173 hoc
178 2140 207 2173 illo
219 2141 236 2173 in
249 2146 325 2183 tempore
335 2139 417 2173 militibus
430 2140 511 2183 prodesse
522 2145 539 2173 et
548 2140 644 2174 monachis.
665 2140 700 2173 Vix
710 2139 756 2174 enim

57 2184 73 2219 in
86 2188 118 2221 iilis
131 2190 183 2232 aliqui
200 2191 244 2223 bene
255 2190 333 2223 vixerunt
347 2197 388 2223 tunc
401 2190 483 2233 temporis
499 2190 532 2223 nisi
547 2192 574 2224 vel
588 2190 670 2224 monachi
684 2191 712 2223 vel
726 2190 756 2222 alii
764 2203 784 2233 40

57 2237 128 2279 religiosi
141 2240 178 2280 viri,
191 2241 232 2284 quia
246 2240 303 2273 omnis
318 2246 363 2273 terra
377 2241 462 2272 malorum
476 2239 551 2281 malicia,
566 2241 608 2274 cede
623 2252 644 2274 ac
657 2240 757 2274 vastacione

57 2288 122 2322 turbata
133 2297 150 2324 et
162 2292 232 2325 confusa
245 2291 370 2334 propemodum
383 2291 453 2324 redacta
466 2291 521 2325 fuerat
535 2291 552 2324 in
567 2292 659 2325 desertum.
681 2291 756 2325 Volebat

56 2347 95 2380 ergo
103 2340 192 2376 monacbis
199 2343 261 2377 cedere
268 2342 291 2376 ad
298 2341 394 2383 utilitatem,
401 2352 434 2385 pro
445 2351 480 2385 qno
490 2352 535 2385 pene
542 2341 616 2376 uniuersi
624 2342 726 2386 pugnabant
734 2341 756 2376 ad

57 2395 139 2433 mortem;
156 2398 173 2427 et
184 2393 250 2427 sciebat
261 2393 390 2435 possessoribus
399 2392 422 2426 ad
433 2394 510 2427 seculum
520 2394 603 2436 prolicere
615 2394 648 2427 deo
659 2393 700 2426 dare
710 2393 756 2436 quod

57 2436 152 2475 habebant:
166 2443 195 2485 qui
206 2443 239 2477 nisi
250 2444 283 2475 hoc
291 2442 377 2484 fecissent,
384 2443 456 2476 forsitan
468 2444 523 2476 eciam
534 2444 571 2476 sine
581 2444 659 2476 mercede
670 2453 709 2475 cum
720 2442 755 2475 vita
763 2457 783 2487 45

56 2492 73 2520 et
83 2488 124 2523 illud
138 2491 259 2534 perdidissent.
282 2493 356 2527 Multum
369 2502 411 2536 ergo
425 2493 498 2527 dilectus
511 2493 574 2527 Chn'sti
586 2493 670 2526 Aelredos
684 2492 707 2525 ab
719 2491 755 2525 vni·

57 2539 109 2573 uersis
116 2543 254 2585 prouincialibus,
260 2553 319 2578 verum
327 2549 344 2578 et
352 2553 362 2577 a
370 2549 406 2577 toto
413 2553 470 2586 regno,
477 2549 493 2578 et
500 2544 604 2586 permaxime
612 2554 623 2577 a
630 2552 676 2585 rege,
684 2542 755 2576 domum
