1762 2803
133 144 176 197 366
212 196 214 200 ¹
322 142 401 193 tauta
417 137 533 201 tarmus
548 137 641 201 tortia

132 262 232 304 nationes1‚
247 273 258 296 a
273 262 338 306 quibus
353 262 409 306 Angli
424 272 483 306 genus
499 268 517 297 et
532 262 622 306 originem
637 261 713 296 duxisse
728 267 833 303 noscuntur,

132 316 226 361 paganicis
237 316 296 349 adhuc
308 314 371 349 ritibus
384 315 497 350 seruientes:
514 317 536 349 ad
548 326 594 360 quas
605 315 668 349 venire
680 315 834 360 circumnauigata

133 369 201 413 Anglia
211 368 305 413 disposuit,
313 368 329 401 si
339 380 385 412 quos
397 369 444 402 forte
455 380 479 403 ex
490 370 526 403 illis
538 375 611 412 ereptos
623 370 699 403 sathane
709 370 732 402 ad
740 368 834 402 Christum

132 422 232 456 transferre
241 421 315 455 valeret.
338 421 394 456 Cuius
404 421 498 465 proposito
509 432 589 466 superna
600 422 672 456 oracula
682 422 737 456 simul
748 426 767 455 et
777 428 834 466 opera

116 474 255 514 5restiterunt².
278 474 346 509 Electis
358 474 407 509 enim
420 474 475 508 sociis
488 474 621 510 strenuissimis
633 480 651 510 et
665 476 688 509 ad
701 474 833 519 predicandum

132 528 209 561 verbum
222 527 252 561 dei
264 527 348 570 ydoneis,
360 532 423 570 vtpote
438 527 509 561 actione
525 528 579 561 simul
594 533 612 561 et
625 527 727 562 eruditione
740 528 833 570 preclaris,

132 579 235 623 preparatis
250 579 360 613 necessariis
371 579 422 613 venit
435 580 457 613 ad
471 590 514 613 eum
528 580 602 623 quidam
615 580 638 614 de
652 580 744 620 fratribus,
758 580 833 614 dicens:

133 632 189 665 ‘Cum
202 631 280 676 expletis
292 631 377 665 laudibus
392 633 487 666 nocturnis
502 632 521 665 in
534 633 581 666 lecto
594 633 677 666 membra
691 631 802 676 posuissem,
815 638 833 666 et

132 685 190 719 leuis⁸
203 684 248 718 mihi
260 695 336 719 somnus
349 685 468 728 obrepsisset,
483 685 567 729 apparuit
580 685 625 718 mihi
640 685 728 729 magister
741 686 833 728 quondam

107 745 124 766 10
132 749 185 772 meus
193 743 211 772 et
219 736 297 772 nutritor
307 736 386 772 Boisilus
395 737 501 783 prepositus
509 738 640 780 mailrosensis,
648 738 764 783 interrogans
772 749 802 772 me
810 749 833 773 an

132 802 175 825 eum
183 801 294 835 cognoscere
302 802 382 834 possem.
405 791 438 825 Cui
447 802 481 834 ego
489 791 587 835 respondi:
600 791 643 825 “Tu
652 803 673 825 es
681 791 730 825 enim
739 791 833 825 Boisilus.'¹

134 844 157 876 Et
163 843 193 877 ille
201 856 205 877 z
214 844 257 876 “Ad
264 844 303 883 hoc,
309 843 420 887 inquit,veni
426 844 456 877 utl
463 855 572 888 responsum
578 844 646 877 domini
652 844 747 878 saluatoris
753 844 834 886 Egberto

133 896 213 939 afferam,
221 897 270 940 quod
279 901 297 930 te
306 902 369 931 tamen
381 896 472 931 referente
484 898 507 931 ad
515 897 566 931 illum
573 896 638 931 venire
646 902 723 941 oportet.
746 896 780 930 Dic
789 907 834 941 ergo

133 949 159 982 illi
167 950 209 992 quia
219 949 254 983 iter
261 950 310 992 quod
318 950 413 993 proposuit
424 950 501 992 implere
509 961 546 983 non
553 949 612 983 valet:
625 950 654 983 dei
662 948 771 983 voluntatis⁵
779 955 808 983 est
815 955 834 983 vt

107 1010 125 1040 15
133 1003 156 1036 ad
169 1001 257 1036 Columbe
268 1003 379 1036 monasteria
390 1002 448 1046 magis
460 1003 542 1037 docenda
553 1002 633 1046 pergat.”
655 1001 740 1036 Audiens
752 1002 786 1036 hec
798 1002 834 1046 Eg-

133 1056 201 1096 bertus,
214 1055 295 1099 precepit
309 1065 332 1089 ne
344 1056 428 1099 cuiquam
444 1056 478 1089 hoc
491 1056 568 1090 referret
573 1055 583 1096 ⁰,
598 1065 621 1089 ne
635 1056 681 1089 forte
693 1055 739 1089 visio
752 1055 834 1089 illusorIa

134 1114 188 1142 esset.
211 1109 284 1142 Rursus
291 1109 341 1142 venit
349 1110 372 1142 ad
380 1119 422 1142 eum
431 1108 480 1142 idem
488 1109 549 1150 frater,
557 1108 621 1142 dicens
629 1109 671 1153 quia
679 1109 757 1142 famulus
765 1108 833 1143 Christi

134 1162 214 1197 Boisilus
224 1161 290 1196 iterum
298 1172 388 1205 apparens
399 1161 415 1196 ei
424 1162 479 1196 dixit:
492 1162 563 1204 ‘Quare
572 1166 609 1195 tarn
617 1161 733 1206 negligenter
741 1172 762 1196 ac
771 1161 833 1206 tepide

134 1215 197 1249 dixisti
205 1215 252 1258 que⁷
260 1214 292 1248 tibi
303 1214 380 1248 dicenda
390 1215 476 1258 precepi?
499 1215 551 1248 Vade
559 1219 577 1248 et
586 1215 614 1247 dic
622 1214 659 1249 illi:
673 1215 717 1250 velit
727 1214 772 1248 nolit
780 1216 835 1250 debet

107 1275 126 1296 20
134 1267 157 1300 ad
164 1266 274 1301 monasteria
279 1266 368 1301 Columbe
373 1266 442 1308 venire,
448 1265 491 1310 quia
498 1271 558 1300 aratra
566 1277 630 1301 eorum
638 1278 675 1300 non
683 1271 733 1301 recte
741 1266 834 1309 incedunt,

134 1325 205 1365 oportet
219 1325 280 1354 autem
291 1329 334 1353 eum
347 1321 369 1355 ad
382 1325 452 1354 rectum
464 1320 498 1354 hec
510 1320 601 1354 tramitem
613 1322 711 1355 reuocare!
738 1320 761 1354 Et
773 1321 834 1355 denuo

133 1372 216 1417 precepit
226 1372 277 1406 fratri
286 1383 309 1406 ne
320 1372 405 1416 cuiquam
416 1373 450 1406 hoc
460 1373 581 1416 patefaceret:
594 1378 612 1406 et
623 1373 742 1407 nihilominus
752 1373 787 1407 iter
797 1373 834 1407 dis-

133 1426 213 1470 positum
225 1437 266 1459 curu
278 1426 363 1459 fratribus
374 1425 455 1469 incipere
466 1426 568 1469 temptauit.
591 1425 673 1469 Cumque
685 1425 772 1469 nauigare
783 1437 835 1470 pros·

134 1489 179 1523 pero
191 1479 247 1512 flante
258 1483 313 1513 vento
326 1483 430 1521 maturaret,
442 1478 489 1513 facta
501 1484 529 1513 est
543 1483 580 1512 tam
592 1489 637 1513 seua
649 1478 705 1513 maris
718 1479 804 1523 procella,
815 1484 835 1514 vt

108 1539 125 1569 25
134 1532 210 1576 perditis
221 1542 288 1575 magna
298 1538 381 1575 exparte
389 1532 436 1575 que⁷
444 1537 497 1565 erant
508 1531 527 1565 in
538 1532 586 1574 naui,
594 1532 650 1566 rebus
661 1538 723 1566 tamen
731 1532 806 1576 Egberti
817 1538 835 1566 et

135 1586 225 1619 sociorum
237 1584 277 1618 eius
289 1584 368 1625 saluatis,
378 1590 421 1618 tnnc
432 1584 460 1618 vir
471 1584 501 1618 dei
512 1584 564 1628 quasi
576 1585 703 1628 propheticum
715 1584 759 1619 illud
771 1585 835 1620 dicens

135 1637 188 1681 ‘qula
194 1643 270 1680 propter
277 1647 307 1671 me
313 1643 341 1671 est
347 1643 448 1680 tempestas
456 1637 489 1671 hec
495 1639 504 1679 ¹,
512 1648 610 1672 remanere
618 1643 691 1672 coactus
699 1644 732 1672 est.
760 1631 835 1673 Videris

134 1695 197 1724 autem
209 1690 251 1733 quia
262 1690 285 1723 ad
296 1690 427 1733 predicandum
439 1690 523 1733 gentibus
535 1690 589 1733 [ἰῑε]Β
599 1701 636 1724 non
648 1696 676 1725 est
687 1691 795 1735 permissus,
806 1703 836 1726 re·

134 1747 195 1776 tentus
211 1743 234 1776 ob
249 1741 302 1776 aliam
318 1747 380 1776 sancte
396 1741 473 1776 ecclesie
485 1742 586 1785 utilitatem,
599 1743 622 1776 de
638 1754 674 1787 qua
688 1743 762 1777 oraculo
777 1744 836 1778 fuerat

108 1809 127 1838 30
135 1795 260 1839 premonitus,
277 1796 372 1838 temptauit
387 1795 406 1828 in
420 1806 466 1838 opus
478 1796 531 1829 verbi
544 1795 573 1829 dei
587 1795 659 1830 mittere
671 1796 720 1830 viros
733 1802 805 1831 sanctos
817 1803 836 1831 et

135 1849 234 1883 industrios
241 1848 342 1891 duodecim,
348 1848 367 1882 in
373 1848 439 1892 quibus
445 1848 524 1883 eximius
529 1848 665 1883 Willebrordus
671 1849 773 1893 presbiterl
778 1851 836 1894 gradu

134 1907 153 1936 et
160 1902 226 1936 merito
233 1902 352 1946 prefulgebat.
376 1902 411 1944 Qui
418 1911 453 1945 ope
461 1902 513 1936 ducis
520 1902 632 1936 Francorum
641 1902 701 1946 Pipini
709 1902 782 1944 suffulti,
789 1904 836 1937 sicut

134 1955 211 1989 inferius
218 1954 237 1989 in
245 1955 282 1990 vita
290 1955 347 1989 sancti
355 1954 490 1989 Willebrordi¹⁰
496 1955 602 1996 declaratur,
609 1965 696 1999 magnum
704 1955 792 2000 populum
800 1956 835 1991 deo

134 2008 263 2052 acquisierunt.
307 2007 319 2025 ¹¹
324 2002 383 2042 Anno
391 2013 452 2041 autem
460 2007 529 2042 domini
537 2007 701 2052 septingentesimo
711 2009 835 2043 sextodecimo

107 2073 126 2103 35
135 2061 219 2095 monachi
227 2060 258 2104 qui
266 2060 345 2095 insulam
354 2060 386 2095 Hii
397 2060 505 2103 incolebant,
514 2071 555 2095 curn
567 2060 595 2095 his
606 2072 641 2104 que
653 2061 688 2095 sibi
700 2066 752 2095 erant
764 2056 836 2096 subdita

135 2112 256 2153 monasteriis,
271 2113 293 2145 ad
309 2112 363 2146 ritum
379 2123 434 2155 pasce
448 2123 469 2145 ac
484 2117 560 2146 tonsure
575 2114 688 2154 canonicum,
704 2113 778 2146 domino
793 2125 836 2157 pro-

135 2171 214 2207 curante,
221 2164 305 2210 perducti
310 2164 322 2183 ¹²
330 2170 377 2199 sunt.
400 2165 447 2198 Cum
455 2164 504 2198 enim
511 2165 594 2199 venisset
601 2165 625 2198 ad
633 2177 665 2199 eos
673 2166 696 2200 de
703 2165 794 2201 Hibernia
801 2166 836 2200 deo

135 2219 217 2252 amabilis
232 2223 285 2262 pater
301 2218 397 2261 Egbertus,
413 2218 513 2251 honorifice
528 2219 551 2251 ab
566 2218 593 2251 eis
608 2223 627 2251 et
641 2220 698 2253 multo
713 2230 755 2253 cum
770 2221 836 2262 gaudio

135 2277 232 2315 susceptus
245 2276 278 2305 est.
301 2270 342 2312 Qui,
354 2270 440 2315 quoniam
452 2275 470 2304 et
484 2271 546 2305 doctor
558 2270 683 2314 suauissimus,
695 2276 713 2305 et
725 2283 788 2306 eorum
800 2284 836 2316 que

107 2336 127 2367 40
135 2326 206 2369 agenda
215 2325 292 2358 docebat
301 2329 388 2359 executor
396 2328 435 2358 erat
443 2324 577 2367 deuotissimus,
586 2324 664 2359 libenter
676 2330 704 2359 est
709 2325 721 2344 ¹³
729 2325 801 2360 auditus
813 2326 835 2359 ab

134 2378 230 2413 vniuersis.
253 2377 359 2411 immutauit
373 2377 409 2421 piis
423 2387 444 2410 ac
459 2378 528 2411 sedulis
543 2378 700 2412 exhortationibus
715 2378 836 2413 inueteratam

135 2431 184 2465 illam
198 2430 314 2464 traditionem
329 2435 428 2475 parentum
443 2431 553 2465 eorum—de
568 2430 634 2475 quibus
649 2431 770 2476 apostolicum
785 2431 836 2466 illum

155 2511 190 2541 1Ε.
198 2512 292 2541 vacationes.
334 2512 482 2542 ²E.restituerunt.
523 2512 609 2542 ⁸E.lenis.
652 2513 760 2542 ⁴Eveniunt¹
801 2513 834 2543 ὖαΙ.

135 2551 212 2580 voluntas.
260 2550 363 2581 “Ereferet
410 2550 445 2581 ἵΕ.
453 2552 485 2588 qui.
530 2552 576 2581 Eom.
584 2552 600 2580 in
608 2551 626 2581 E.
673 2552 729 2581 laed.
737 2552 836 2590 presbyterii.

136 2590 273 2620 1⁰E.Wilbr0rdi.
313 2589 324 2609 ¹¹
336 2591 432 2622 Beuum,
472 2590 597 2629 1²E.pr0duett
638 2590 762 2621 llorninssed.

316 2654 327 2670 *t
