1762 2803
146 153 187 209 158
338 149 656 214 attramentarium.

145 274 226 308 fluminis
235 274 294 318 ripam
304 285 345 308 cum
354 273 441 308 oneribus
453 275 491 309 suis
503 273 562 308 subito
572 273 660 308 translate
670 277 718 307 sunt.
754 265 843 317 Quedam

144 328 205 371 puella
219 327 292 371 brigide
305 327 365 361 virum
378 328 471 371 quendam
483 327 544 362 illicito
559 337 622 361 amore
635 327 711 361 seducta
726 325 810 369 diligens,
821 326 844 360 ad
875 345 878 348 ⁴

145 381 206 424 ipsum
214 380 233 414 in
242 386 296 414 nocte
304 380 355 413 exire
362 380 452 424 promisit.
475 380 583 414 Dormiente
591 385 652 414 autem
660 384 723 413 sancta
734 379 814 422 Brigida,
822 380 845 412 de

145 436 192 468 lecto
208 433 287 468 surrexit
298 438 316 466 et
329 433 435 467 vehementi
448 433 491 478 igne
505 433 573 468 amoris
585 433 675 474 vrebatur,
688 437 706 466 et
719 433 765 466 mira
777 431 844 476 cogita-

127 488 214 525 5tionum
233 485 346 529 perturbatio
364 486 383 519 in
400 496 440 519 eam
457 485 514 521 irruit.
537 485 561 520 Et
577 485 644 520 timens
660 486 714 519 deum
730 489 748 519 et
763 489 845 519 sanctam

146 540 244 583 Brigidam,
255 538 314 572 orauit
324 539 419 572 dominum
428 543 448 573 vt
459 539 554 573 adiuuaret
566 539 616 572 illam
627 539 646 572 in
657 538 689 572 tali
701 537 785 582 angustia
796 537 845 571 exis-

144 597 219 626 tentem.
235 591 313 626 lnuento
319 591 393 626 tandem
402 592 483 634 consilio,
489 598 508 626 et
515 603 592 627 accenso
601 591 685 636 igniculo,
691 591 749 635 pedes
755 590 775 624 in
782 591 844 635 ignem

145 645 199 687 misit,
211 648 229 678 et
240 645 287 687 ignis
299 646 361 687 ignem
372 645 455 686 extinxit,
467 650 485 679 et
497 645 578 679 dolorem
591 645 653 678 dolorl
662 645 710 678 vicit.
733 645 774 677 Hec
784 645 846 677 omnia

145 698 224 741 Brigida,
230 698 317 729 diuinitus
323 698 380 738 docta,
387 697 437 730 nouit
444 708 447 738 ς
456 698 490 731 sed
496 697 556 739 tacuit,
561 701 581 730 vt
588 696 650 740 puella
656 696 750 739 paulisper
758 701 846 739 temptata

118 761 137 782 ro
145 750 219 795 probari
227 754 295 793 posset.
312 748 375 784 Puella
382 748 432 784 enim
439 754 534 793 peccatum
542 759 596 784 mane
605 749 708 791 confitente,
717 748 763 782 dixit
772 753 845 783 sancta:

145 803 202 844 ‘Quia
211 801 288 838 viriliter
297 803 316 835 in
325 803 359 836 hac
369 806 422 836 nocte
432 803 535 836 dimicando
546 803 604 846 pedes
614 808 655 836 tuos
666 801 788 844 combussisti,
798 801 846 845 ignis

145 853 268 889 fornicationis
278 854 297 888 in
307 856 390 898 presenti
401 865 438 888 non
449 855 521 889 nocebit
532 854 569 897 tibi,
580 860 598 888 et
608 854 657 898 ignis
667 854 747 888 iehenne
758 853 777 887 in
786 854 846 887 futuro

146 919 183 941 non
191 909 285 941 comburet
292 908 322 941 te!
344 907 397 941 Tunc
404 908 457 941 beata
465 907 539 951 Brigida
551 908 609 951 pedes
617 907 657 940 eius
665 907 742 947 sanauit,
750 911 768 940 et
776 906 846 940 nullum

146 961 277 995 combustionis
289 960 363 1004 signum
376 961 395 994 in
407 961 434 995 eis
449 961 537 1005 apparuit.
583 952 650 994 Pluuia
665 959 745 994 maxima
757 970 792 1003 per
804 970 846 1003 pro-

120 1026 137 1055 15
146 1015 225 1048 uinciam
233 1015 339 1057 inundante,
349 1019 441 1058 guttarum
450 1013 515 1048 iniuria
526 1013 548 1047 ab
559 1018 599 1048 ortu
608 1013 652 1047 solis
659 1024 717 1057 vsque
728 1013 751 1047 ad
762 1023 846 1047 occasum

146 1078 239 1101 messores
248 1067 322 1111 Brigide
330 1078 367 1100 non
374 1067 438 1111 tetigit.
470 1060 576 1101 illuminato
584 1077 642 1109 puero
652 1067 727 1100 cecitate
735 1077 745 1100 a
753 1067 846 1100 natiuitate

146 1130 244 1164 percusso;
256 1120 296 1153 viro
306 1130 340 1163 per
350 1124 423 1164 septem
433 1119 483 1154 vices
495 1120 614 1153 elemosinam
624 1120 695 1162 petenti
704 1124 776 1163 septem
787 1119 847 1153 arieti-

146 1175 181 1207 bus
197 1172 276 1216 erogatis
293 1184 381 1207 numerus
400 1171 419 1206 in
438 1184 495 1216 grege
514 1172 653 1206 diminutionem
672 1183 740 1215 passus
758 1183 795 1206 non
814 1177 847 1207 est.

145 1219 222 1270 Aquam
230 1236 264 1259 sua
274 1224 428 1269 benedictionem
438 1225 535 1259 ceruisiam
544 1224 639 1267 conuertit,
651 1230 670 1259 et
681 1225 759 1269 leprosis
770 1225 847 1259 sitienti·

119 1291 137 1311 20
145 1280 180 1311 bus
188 1279 303 1311 abundanter
310 1279 397 1320 porrexit.
420 1278 510 1320 Lapidem
518 1279 577 1311 crucis
585 1278 678 1320 signaculo
686 1278 705 1311 in
713 1279 740 1311 sal
751 1284 847 1319 mutatum,

145 1331 234 1374 indigenti
243 1341 284 1364 cum
294 1329 384 1364 hilaritate
394 1330 449 1364 dedit.
467 1324 600 1364 'Fortissimum
611 1331 703 1373 quendam
710 1328 771 1363 virum
778 1329 846 1364 multos

146 1384 165 1416 in
179 1384 261 1417 ciborum
272 1382 371 1416 voracitate
384 1383 504 1416 excedentem
517 1393 528 1416 a
541 1382 597 1416 nimia
610 1382 723 1416 comestione
738 1383 810 1416 sanauit
824 1388 847 1424 et,

146 1436 195 1470 nulla
206 1434 273 1470 virtute
285 1434 351 1469 virium
363 1436 439 1479 priuata,
452 1436 492 1469 aliis
504 1436 610 1470 hominibus
621 1435 640 1469 in
654 1435 694 1468 cibo
708 1434 787 1468 similem
800 1434 847 1470 fecit.

146 1482 252 1533 Argentum
262 1488 331 1521 orando
341 1488 428 1522 diuinitus
438 1487 508 1531 accepit
518 1493 537 1521 et
547 1498 599 1521 reum
611 1488 685 1521 ductum
695 1488 718 1521 ad
728 1487 848 1531 iugulandum

120 1553 138 1583 25
147 1542 189 1574 dato
197 1542 236 1583 regi
244 1541 305 1583 precio
312 1540 395 1573 redemit.
417 1540 506 1573 Tunicam
513 1550 569 1573 unam
577 1541 649 1573 duobus
656 1540 769 1583 pauperibus
780 1540 847 1581 diuisit,

148 1593 264 1637 etvtriusque
270 1604 313 1637 pars
319 1592 390 1636 integra
397 1593 458 1627 tunica
463 1592 525 1627 celesti
532 1592 597 1627 virtute
603 1592 650 1626 facta
657 1592 694 1626 luit.
726 1584 785 1627 Daria
790 1592 847 1637 virgo,

148 1648 223 1681 cecitate
238 1657 332 1689 percussa,
346 1647 419 1689 Brigide
434 1652 497 1679 sancte
510 1646 565 1680 dixit:
578 1645 670 1680 ‘Benedic
685 1645 747 1680 oculos
760 1657 817 1687 meos,
828 1652 848 1681 vt

148 1700 220 1733 videam
232 1699 320 1731 mundum
336 1699 382 1732 sicut
398 1699 492 1732 desidero.¹
515 1699 598 1741 Cumque
615 1698 717 1732 benedictis
735 1698 792 1732 oculis
809 1699 847 1733 suis

148 1753 208 1786 statim
220 1751 301 1792 vidisset,
317 1752 352 1785 ait:
368 1751 447 1785 ‘lterum
463 1751 536 1785 reclude
553 1751 615 1785 oculos
631 1761 688 1785 meos
711 1750 783 1792 Quanto
799 1753 848 1785 enim

121 1818 139 1847 30
148 1805 188 1848 quis
197 1805 265 1839 mundo
275 1804 368 1838 absentior
377 1804 436 1846 fuerit,
445 1808 496 1837 tanto
505 1805 540 1837 deo
550 1803 655 1848 presentior
664 1803 709 1837 erit)
732 1804 785 1838 Tunc
795 1805 847 1839 beata

148 1858 222 1902 Brigida
229 1858 294 1891 iterum
303 1857 377 1891 reclusit
385 1857 447 1891 oculos
456 1867 506 1900 suos,
517 1857 563 1891 sicut
575 1856 651 1900 rogauit.
687 1850 758 1891 Mulier
769 1857 847 1901 quedam

146 1911 203 1945 filiam
215 1920 268 1944 suam
280 1915 349 1944 mutam
362 1911 385 1944 ad
399 1915 481 1944 sanctam
491 1910 584 1953 Brigidam
595 1909 658 1952 duxit3
671 1920 726 1953 quam
738 1920 780 1944 cum
793 1910 849 1954 [illa]'²

146 1963 227 2004 vidisset,
245 1963 290 1996 dixit
306 1963 379 2006 puelle:
395 1962 439 1996 ‘Vis
455 1964 507 2006 virgo
522 1964 667 2006 permanerel'.
680 1962 779 1997 Nesciebat
798 1964 848 1997 enim

147 2018 196 2060 quod
204 2021 254 2049 muta
262 2020 316 2050 esset.
340 2015 403 2050 Puella
410 2015 471 2050 statim
477 2016 584 2059 respondit:
596 2015 739 2059 ‘Quodcumque
746 2016 800 2050 michi
807 2027 849 2060 pre-

120 2085 137 2112 35
147 2070 224 2112 ceperis,
238 2080 272 2111 ego
286 2068 361 2102 faciam)
390 2068 413 2102 Et
426 2069 452 2102 sic
466 2070 485 2103 in
500 2067 604 2111 virginitate
619 2079 736 2111 permanens,
751 2079 810 2113 usque
826 2070 848 2103 ad

147 2128 226 2156 mortem
235 2121 385 2165 eloquentissima
395 2122 503 2165 permansit.
537 2113 588 2156 Cum
599 2123 677 2155 rusticus
689 2121 763 2165 quidam
773 2121 849 2165 vulpem

147 2175 165 2209 in
177 2175 226 2219 regis
238 2174 304 2218 palatio
315 2173 391 2216 videret,
401 2180 419 2208 et
429 2180 495 2218 putans
507 2176 555 2218 quod
567 2185 604 2209 non
615 2180 711 2209 mansueta
725 2180 743 2209 et
755 2174 849 2210 familiaris

147 2227 280 2270 essetsvariis
286 2227 335 2260 enim
340 2228 409 2260 artibus
414 2229 467 2261 docta
473 2230 511 2270 regi
517 2228 601 2261 solatium
610 2228 670 2261 facere
677 2227 849 2269 solebat—vidente

147 2280 263 2314 multitudine
278 2278 343 2313 occidit
359 2290 406 2314 eam.
428 2280 480 2313 Tunc
492 2280 576 2323 alligatus
588 2286 606 2314 et
618 2280 658 2323 regi
670 2280 764 2322 adductus,
777 2280 849 2314 iubetur

119 2332 209 2377 4110551111,
219 2331 254 2365 nisi
265 2331 300 2365 alia
311 2332 377 2375 vulpes
390 2331 407 2365 ei
420 2332 484 2366 similis
496 2332 515 2366 in
528 2333 613 2366 omnibus
625 2332 753 2366 calliditatibus
767 2332 849 2367 restituta

148 2390 203 2427 esset,
212 2389 230 2418 51
241 2395 317 2419 uxorem
326 2390 344 2419 et
352 2384 399 2419 filios
409 2390 427 2420 et
436 2385 497 2419 omnia
506 2396 542 2429 que
552 2386 631 2420 habebat
641 2386 660 2419 in
670 2384 778 2419 seruitutem
786 2386 850 2430 redigi.

148 2439 188 2479 Quo
200 2438 266 2480 audito,
280 2444 343 2472 sancta
355 2438 430 2482 Brigida
443 2450 509 2482 preces
522 2439 545 2472 ad
558 2440 614 2472 deum
626 2449 661 2481 pro
676 2437 744 2471 misero
758 2438 813 2473 ludit:
830 2444 848 2473 et

148 2492 208 2524 statim
216 2491 281 2535 vulpes
291 2490 325 2525 alia
335 2491 354 2525 in
363 2503 437 2526 currum
447 2492 470 2526 ad
480 2503 521 2526 eam
531 2491 603 2525 intrans
613 2496 709 2525 mansuete
719 2492 785 2526 sedere
796 2493 849 2536 cepit.

149 2542 208 2584 Quam
218 2553 259 2577 cum
267 2543 306 2587 regi
314 2544 414 2587 obtulisset,
422 2555 456 2579 rex
465 2544 540 2589 vulpem
550 2543 606 2578 variis
616 2543 686 2578 artibus
696 2549 714 2578 et
723 2544 850 2580 calliditatibus

287 2606 292 2623 ³
303 2607 321 2637 E.
329 2608 387 2639 dolore.
540 2607 546 2624 ²
557 2609 580 2638 So
587 2607 615 2646 T.;
626 2617 657 2639 om.
665 2608 681 2638 111
689 2609 707 2640 Ε.
