1762 2803
105 114 107 120 ⁴
137 101 180 156 548
405 96 528 158 appatuit
546 98 577 144 H·

136 221 210 266 potibus,
225 227 242 255 et
258 230 297 255 cum
312 220 375 255 fiducia
389 220 507 254 miseracionis
522 218 588 253 domini
603 219 666 253 leuauit
682 229 722 253 eum
737 223 754 252 et
769 223 838 254 extensa

136 273 206 306 dextera
219 270 304 305 siceram¹
316 282 368 314 quam
384 272 483 304 continebat
496 271 567 313 proiecit
581 272 598 304 in
612 270 670 304 medio
684 271 803 304 flammarum:
822 278 838 305 et

136 323 198 356 mirum
213 322 265 362 dictu,
279 322 338 355 statim
352 321 435 355 diuinitus
449 321 523 356 extincte
535 328 579 355 sunt.
602 321 719 363 iiCompleto
731 320 748 353 in
762 319 839 363 hospicio

137 373 203 406 dierum
215 371 324 413 quaternario
334 381 410 410 numero,
419 371 484 414 rapitur
496 372 513 404 in
525 371 647 413 probatorium,
659 377 699 404 ante
711 376 770 402 tamen
782 380 838 403 coram

120 430 128 460 5
137 427 173 456 toto
181 427 266 454 conuentu
274 422 296 454 de
304 422 392 464 proposito
400 422 446 464 quod
456 422 557 465 spospondit
567 426 672 461 conuentus3
684 427 701 454 et
709 420 732 453 ibi
741 430 813 462 quoque,
821 428 838 454 vt

137 471 183 513 alibi,
191 472 278 515 responsis
286 472 343 516 gracie
350 471 395 516 que2
403 472 519 516 procedebant
526 472 548 506 de
556 481 585 505 ore
593 471 643 512 illius,
651 481 711 504 omnes
717 470 810 505 commouit
822 471 838 506 in

137 525 201 558 fletum.
225 523 246 556 In
256 523 353 565 probatorio
363 534 410 565 vero,
418 533 453 557 non
463 523 513 557 facile
524 523 595 557 dixerim
607 523 662 566 qualis
672 523 757 555 extiterit:
769 522 839 565 singulis

137 574 183 607 enim
196 573 268 607 nouiciis
279 584 319 607 cunr
329 574 390 617 quibus
401 574 488 615 manebat,
499 573 583 606 attencius
594 583 612 606 se
623 572 724 612 humiliauit,
738 578 755 606 et
768 583 806 606 sese
817 574 839 607 ad

137 625 287 666 comparationem
298 635 357 658 eorum
369 625 437 667 penitus
448 625 528 658 deseruit.
551 625 572 657 In
583 624 616 657 lroc
627 629 684 657 autem
696 623 746 656 valde
757 623 839 657 mirabilis

111 680 130 701 10
138 675 212 708 innotuit
225 675 271 717 quod
284 675 302 707 in
316 676 424 717 prerogatiua
437 675 518 708 virtutum
534 680 628 707 ceterarum
643 673 730 716 superauit
744 684 809 716 omnes,
823 674 839 709 in

138 724 210 759 caritate
222 731 280 757 autem
292 725 332 758 vicit
345 736 364 758 se
377 725 444 767 ipsum:
461 725 494 757 hoc
505 735 546 757 vero
558 723 623 757 tociens
635 723 670 766 egit
682 724 762 766 quociens
773 724 840 766 proprie

138 774 230 809 voluntatis
238 775 341 809 eleccionem
349 775 404 808 aliene
415 772 522 818 postposuit³
530 773 633 807 necessitati.
657 773 675 807 Si
685 774 718 806 hoc
725 774 777 807 velim
784 775 840 809 verbis

138 825 233 869 exprimere
241 826 322 868 quociens
332 826 447 868 compleuerit‚
457 826 510 859 cicius
515 825 567 859 michi
573 824 656 858 indiceret
664 823 754 858 silencium
759 825 840 869 temporis

138 876 217 916 defectio,
232 887 285 920 quam
303 877 369 910 numeri
386 876 512 919 multiplicacio.
544 876 615 912 iiCum
634 875 685 917 igitur
702 881 757 910 totum
776 886 840 911 annum

112 931 130 960 Ι5
138 927 247 968 expendisset
260 927 277 960 in
290 928 334 960 cella
346 927 374 960 vbi
386 934 454 968 tyrones
467 927 530 960 Christi
542 928 642 969 probantur,
652 932 693 960 ante
705 927 763 967 altare,
773 932 792 960 vt
803 938 840 962 mos

138 983 170 1016 est,
179 976 196 1008 in
204 976 276 1009 oratorio
283 983 342 1008 votum
350 987 400 1009 suum
408 976 482 1009 firmauit
490 976 600 1019 professione,
608 976 694 1009 habituali
701 976 764 1009 deinde
771 977 841 1010 vestitur

138 1028 209 1068 cuculla,
220 1027 287 1060 abbatis
299 1027 407 1061 sanctificata
416 1026 545 1068 benediccione,
555 1032 572 1060 et
585 1026 666 1069 deinceps
679 1026 697 1059 in
709 1026 841 1069 congregacione

138 1084 229 1121 reputatur.
252 1078 267 1114 tl
281 1078 314 1120 Qui
330 1080 384 1112 tribus
401 1080 523 1112 monachatum
539 1078 632 1112 decorabat
649 1078 739 1120 insigniis:
762 1078 841 1112 videlicet

139 1134 199 1162 sancta
216 1128 336 1170 meditacione,
351 1140 393 1172 pura
410 1129 496 1170 oracione,
512 1135 529 1163 et
547 1130 619 1162 honesta
636 1129 765 1162 exercitacione.
787 1129 840 1162 Extra

112 1181 200 1213 tonorum
212 1190 265 1212 vnum
280 1185 356 1222 repertus
372 1186 398 1214 est
412 1190 518 1223 numquam:
536 1185 565 1212 aut
580 1178 627 1212 enim
641 1179 757 1212 meditabatur
772 1179 789 1212 in
804 1180 840 1221 lege

139 1229 202 1268 diuina,
216 1235 246 1262 aut
258 1230 310 1262 deum
322 1240 372 1263 suum
384 1230 513 1272 deprecabatur,
527 1235 556 1262 aut
571 1228 607 1262 vtili
620 1229 686 1262 accioni
700 1239 771 1271 operam
784 1230 840 1263 dabat.

138 1280 171 1313 Vix
183 1279 274 1322 aliquando
285 1280 340 1313 orauit
351 1280 388 1314 sine
398 1280 484 1320 lacrimis;
498 1280 591 1319 ‘Lacrima
603 1279 662 1322 inquit,
673 1278 737 1313 indicia
747 1285 786 1313 sunt
796 1280 841 1323 cogi·

138 1330 211 1366 racionis
223 1331 303 1374 perfecte,
315 1332 383 1366 lacrimo
397 1330 493 1375 legaciones
507 1330 581 1364 existunt
594 1330 637 1363 inter
650 1331 702 1364 deum
716 1336 734 1365 et
748 1329 840 1372 hominem,

138 1381 208 1416 lacrime
224 1386 278 1415 totum
293 1383 350 1416 cordis
367 1384 442 1424 produnt
459 1383 545 1423 affectum,
560 1382 631 1415 lacrime
649 1381 676 1414 dei
694 1383 802 1416 voluntatem
819 1382 841 1415 ud

113 1442 131 1472 ²5
139 1432 215 1464 animam
233 1432 324 1473 nunciant3
342 1433 378 1465 sine
395 1433 469 1465 lacrimis
488 1432 545 1464 oracio
563 1433 618 1464 nubes
636 1432 668 1464 celi
687 1433 789 1474 pertransire
808 1443 841 1464 non

140 1481 211 1515 sufficit?
233 1482 257 1514 At
271 1482 298 1514 ille
314 1488 369 1515 totam
383 1482 445 1516 faciem
459 1482 502 1514 lauit
517 1482 588 1514 fletuum
602 1482 655 1521 fonte,
671 1491 710 1514 cum
725 1482 796 1515 domino
811 1492 840 1515 suo

139 1534 245 1575 loqueretur;
262 1537 316 1565 totum
329 1533 408 1566 ardorem
418 1533 510 1566 affectuum
521 1532 616 1565 carnalium
628 1531 699 1566 extinxit
711 1543 750 1566 cum
762 1531 841 1573 lacrimis,

140 1590 157 1617 et
170 1593 209 1616 sese
221 1584 277 1616 leuem
287 1583 361 1617 reddidit
374 1584 476 1626 facilemque
487 1585 510 1616 ad
522 1594 592 1626 superos
603 1583 699 1616 saliendum
711 1594 750 1617 cum
761 1584 841 1617 voluisset

140 1643 192 1666 orare.
216 1634 268 1666 Vnde
276 1633 341 1667 factum
351 1640 377 1667 est
387 1640 405 1667 vt
414 1644 455 1676 sepe
466 1634 483 1667 in
497 1634 577 1667 oracione
589 1634 686 1675 agonizans,
694 1640 711 1668 et
721 1641 841 1677 contempnens

112 1690 202 1720 aetenam
213 1689 230 1715 et
241 1693 262 1715 ea
271 1694 304 1726 que
315 1684 333 1716 in
345 1684 394 1716 terris
405 1684 489 1722 videntur,
500 1684 569 1725 insuper
581 1689 598 1716 et
609 1684 689 1725 seipsum,
700 1685 722 1716 ad
734 1685 841 1717 salutandum

140 1734 191 1767 deum
204 1734 278 1776 perrexit
292 1733 309 1766 in
323 1739 403 1775 montem,
419 1734 471 1767 immo
485 1733 529 1766 inter
541 1734 596 1766 celum
610 1733 737 1777 quodammodo
751 1740 767 1768 et
780 1739 842 1766 terram

140 1785 240 1827 dependens
251 1784 303 1818 dixit:
316 1784 408 1826 ‘Domine¹
421 1790 508 1818 memento
520 1785 558 1826 mei,
571 1783 611 1827 quia
622 1784 678 1828 puluis
690 1795 733 1827 sum,
745 1791 771 1819 set
782 1789 841 1818 ventus

140 1833 239 1869 dileccionis
252 1840 285 1876 tue,
299 1835 350 1869 flatus
362 1835 441 1869 videlicet
454 1834 524 1878 spiritus
537 1835 598 1877 sancti,
612 1846 640 1868 me
652 1845 706 1878 vsque
718 1837 752 1869 huc
765 1834 840 1878 impulit:

140 1885 175 1919 noli
182 1896 211 1917 nre
218 1891 263 1917 retro
271 1886 353 1927 repellere
362 1887 389 1918 vel
400 1885 502 1928 precipitare
511 1886 597 1925 deorsum,
605 1885 646 1929 quia
657 1886 722 1919 bonum
730 1891 756 1920 est
764 1886 792 1919 hic
800 1894 841 1924 esse,

113 1941 132 1972 35
140 1942 157 1969 et
168 1944 208 1967 vere
219 1934 321 1968 iocundum)
345 1937 385 1968 Post
398 1935 495 1968 oracionem
507 1946 547 1969 uero
558 1937 611 1969 talem
623 1942 692 1978 tamque
704 1947 775 1969 suauem
788 1937 841 1968 eleua-

140 1986 213 2026 cionem,
227 1985 275 2027 quasi
291 1985 313 2019 de
328 1995 391 2027 magno
405 1986 464 2019 labore
479 1985 559 2027 venisset,
575 1987 631 2020 lassus
646 1992 663 2020 et
681 1986 734 2020 tristis
752 1985 842 2028 plangebat

141 2037 235 2077 dampnum
250 2035 372 2078 descensionis,
388 2041 405 2070 et
421 2036 499 2078 cogitans
513 2035 639 2080 assumpcionis
654 2036 726 2079 gloriam
742 2036 841 2080 suspirabat.

142 2085 236 2120 Meditacio
248 2085 285 2120 eius
298 2087 387 2119 solomodo
399 2086 422 2131 ibi
435 2087 530 2120 ducebatur
541 2086 570 2120 vbi
581 2098 617 2120 non
628 2087 726 2121 transitoria
736 2089 796 2127 fluunt,
809 2095 841 2119 non

141 2146 187 2169 vana
197 2136 298 2175 fumascunt,
309 2146 344 2169 non
356 2142 464 2179 perstrepunt
475 2135 556 2178 peritura,
567 2147 601 2169 non
614 2137 676 2170 nociua
687 2137 794 2180 contingunt.
815 2135 842 2167 Ad

115 2197 134 2226 4⁰
143 2187 194 2218 deum
205 2190 222 2218 et
233 2186 255 2217 ad
267 2185 320 2217 filium
329 2186 366 2218 eius
376 2196 427 2218 omne
437 2187 489 2218 robur
500 2186 611 2227 cogitacionis
621 2197 651 2220 sue
661 2187 769 2228 refundebat,
779 2193 797 2220 et
806 2193 842 2219 tan·

143 2245 195 2279 quam
209 2235 327 2277 longissimum
343 2237 389 2268 filum
404 2236 498 2269 inseruerat
512 2236 591 2269 crucifixo
607 2237 680 2278 Christo,
693 2237 741 2270 cuius
756 2238 807 2270 finem
821 2234 842 2267 ad

143 2285 202 2320 sedem
214 2285 241 2318 dei
252 2285 306 2327 patris
317 2287 414 2327 reflexerat;
431 2287 478 2319 filum
490 2296 530 2328 ergo
542 2287 613 2320 dixerim
628 2287 744 2321 intencionem
759 2289 801 2322 eius.
824 2286 842 2317 In

143 2347 194 2380 opere
202 2346 284 2369 manuum
291 2347 325 2369 non
335 2337 441 2371 turbulenter
451 2347 470 2370 se
480 2342 520 2371 ante
530 2337 572 2371 alios
582 2337 643 2380 ingerit
652 2344 669 2373 et
680 2338 780 2373 indecenter
786 2337 841 2381 agitat,

142 2398 177 2421 non
184 2386 274 2430 inpingens
281 2386 321 2420 hinc
329 2386 368 2420 inde
376 2387 393 2420 in
401 2389 501 2429 monachos,
510 2398 568 2421 verum
574 2399 613 2422 cunr
619 2390 725 2423 exultacione
731 2389 842 2429 laudabilique

114 2448 134 2478 45
143 2437 222 2471 mocione
233 2438 349 2470 membrorum
359 2438 457 2478 aggreditur
470 2439 552 2470 hillariter
563 2449 597 2481 que
608 2441 691 2472 iubentur.
719 2441 752 2483 Qui
766 2450 809 2482 opus
820 2435 841 2468 ibi

143 2487 202 2530 incipit
211 2493 228 2520 et
236 2486 260 2520 ibi
269 2486 356 2521 concludit
368 2497 402 2531 quo
413 2487 468 2521 tendit
478 2488 552 2522 iubentis
565 2488 660 2533 imperium,
668 2500 700 2523 nec
708 2490 753 2524 vltra
761 2499 793 2523 nec
803 2486 842 2521 citra

203 2553 208 2571 ¹
219 2553 253 2584 MS.
261 2554 331 2584 siseram.
454 2553 461 2573 ²
472 2553 505 2585 MS.
512 2553 536 2585 de.
658 2554 691 2586 MS.
702 2555 784 2595 preposuit.
