1762 2803
84 169 86 175 ι
119 139 163 193 576
384 133 508 196 apponit
526 136 557 180 11.

118 269 176 300 regem
183 257 313 298 Saxonie‚cuius
321 257 353 291 sibi
361 257 432 299 perutile
438 258 520 291 didicerat
528 259 564 291 fore
570 257 659 290 consilium
667 257 690 290 ad
698 258 819 300 perficiendum

118 308 160 341 illud
167 309 199 341 iter
206 314 242 340 tam
250 309 327 341 arduum.
349 309 377 341 Ad
387 318 438 351 quem
449 308 555 350 perueniens,
563 308 628 341 honore
638 306 684 349 regio
693 313 781 349 susceptus
789 318 819 353 est,

118 365 135 392 et
142 369 153 391 a
161 358 208 400 regni
216 358 316 400 primatibus
323 357 416 400 plurimum
424 358 485 391 honori
493 359 561 392 habitus
566 363 626 400 utpote
633 368 663 392 rex
670 364 687 392 et
695 357 740 402 regis
746 359 819 398 Saxonis

119 413 213 451 cognatus;
232 407 280 442 cuius
298 407 381 451 obsequio
400 408 435 442 duo
453 408 498 452 regis
517 409 546 442 filii
565 411 672 452 deputantur,
688 420 761 452 quorum
779 419 819 446 natu

102 458 207 501 5posterior,
219 459 322 492 Edmundus
337 458 492 501 supranominatus,
504 459 573 502 speciali
588 459 661 492 solercia
675 459 726 502 regiis
745 462 819 498 excubiis

118 508 198 542 inherens
206 508 312 551 propensiori
320 520 361 542 cura
368 520 420 551 quarn
427 509 471 551 patri
479 510 548 551 proprio
555 510 668 542 ministrabat.
692 512 699 550 ll
706 511 820 546 considerans

116 553 175 600 itaque
183 568 212 590 rex
219 558 318 599 peregrinus
326 558 404 590 iuuenem
412 559 508 592 studiosum
514 565 530 591 et
537 559 631 600 elegantem
639 564 656 592 et
665 565 702 592 toto
709 559 779 593 annisu¹
788 560 820 595 sibi

118 608 235 648 famulantem,
249 608 285 641 eius
300 609 418 642 delectabatur
432 609 516 653 colloquio
529 613 547 643 et
561 610 676 651 gratulabatur
688 610 776 653 obsequio.
798 611 820 647 Et

119 658 160 702 quia
172 657 216 692 inter
228 669 289 693 omnes
302 660 395 694 studiosius
409 660 424 692 ei
438 660 529 693 obsecutus
541 665 572 700 est,
584 659 647 702 pociori
660 671 712 702 super
723 671 782 694 omncs
794 673 820 695 re-

93 721 112 742 ro
120 709 240 742 munetacione
247 710 270 742 ab
278 720 298 743 eo
306 711 380 743 donatus
387 715 418 743 est.
441 709 534 752 Dispositis
545 709 612 742 interim
620 711 755 753 peregrinacioni
762 721 820 745 neces-

120 758 175 799 sariis,
187 758 285 793 valedicens
296 760 331 802 regi
343 766 360 793 et
372 759 481 801 magnatibus
492 760 566 793 Saxonis
577 766 648 801 accepta
659 761 734 793 abeundi
745 761 820 802 licencia,

120 819 131 841 a
139 810 194 842 cuntis
203 809 271 842 Christo
279 808 429 851 corn[m]endatur.
445 807 535 842 Tandem²
543 809 599 842 cordis
607 820 684 842 amorem
692 821 733 852 erga
741 809 820 844 iuuenem

121 859 233 891 Edmundum
246 859 323 899 pandens
335 864 352 891 et
364 869 422 891 coram
433 858 488 891 euntis
500 869 540 891 eum
552 859 662 901 amplectens,
670 860 740 893 anulum
752 870 821 895 aureum

121 907 144 941 illi
156 907 234 952 porrexit,
242 908 333 951 sepiusque
345 909 446 942 deosculans
456 908 508 942 dixit:
521 910 622 942 ‘Edmunde
629 909 653 943 fili
660 910 756 953 karissime,
763 912 821 955 accipe

94 972 112 1004 15
121 965 178 992 nostre
187 958 296 1000 cognacionis
307 965 324 992 et
335 966 394 992 mutue
402 958 501 992 dileccionis
512 966 648 1002 monumentum,
656 966 674 992 vt
685 961 784 994 memineris
794 972 822 995 me

121 1008 178 1042 solerti
193 1014 223 1040 tuo
238 1008 320 1049 obsequio
335 1019 373 1041 esse
388 1009 485 1049 obnoxium,
498 1019 548 1050 super
562 1019 596 1050 quo
611 1009 677 1050 gracias
690 1010 722 1042 tibi
736 1010 792 1042 resero
806 1017 822 1045 et

120 1057 217 1091 mercedem
229 1062 318 1099 paternam
329 1069 351 1090 ex
361 1056 389 1090 dei
401 1057 512 1100 prouidencia
522 1058 539 1090 in
550 1059 601 1091 corde
610 1058 641 1092 tibi
653 1059 732 1092 reseruo.’
764 1061 770 1100 ΙΙ
779 1061 821 1094 Cum

120 1107 171 1149 igitur
184 1107 287 1140 Edmundus
298 1107 359 1140 alacris
370 1108 465 1149 accepisset
476 1109 550 1148 anulum,
562 1115 611 1149 pater
621 1108 657 1141 eius
670 1108 743 1142 carnalis
754 1109 822 1143 subrisit

121 1158 170 1200 eique
178 1157 269 1191 alludendo
277 1157 329 1190 dixit:
342 1158 395 1199 ‘Epa
403 1158 501 1199 Edmunde,
509 1158 573 1191 siccine
580 1169 608 1191 me
615 1158 679 1192 reiecto
688 1159 754 1201 elegisti
765 1169 822 1201 regem

94 1219 113 1240 20
121 1208 242 1249 Estanglorum
250 1207 268 1240 in
275 1208 353 1250 patrem?
364 1208 426 1240 amodo
433 1208 476 1241 sicut
482 1208 517 1241 filio
525 1208 556 1241 tibi
564 1208 658 1251 prouideat,
667 1215 684 1243 et
691 1215 721 1243 tua
728 1209 744 1243 ei
752 1210 822 1243 solercia

121 1258 165 1291 sicut
172 1257 215 1299 patri
223 1258 310 1290 adhereat.
333 1258 410 1299 Quorsus
418 1258 470 1290 michi
478 1258 564 1291 hominem
573 1259 646 1291 educare
653 1258 749 1291 alienum?¹
761 1259 822 1291 Delec-

120 1314 167 1341 tatus
173 1307 231 1349 itaque
236 1318 265 1340 rex
271 1308 371 1349 peregrinus
377 1307 475 1340 huiusmodi
481 1307 559 1348 responsi
564 1307 636 1349 allogiis,
645 1308 706 1340 iterum
712 1308 822 1340 Edmundum

120 1357 226 1400 amplexibus
234 1357 297 1390 mulcet
307 1362 324 1390 et
335 1356 404 1399 osculis,
412 1363 429 1391 et
439 1356 491 1391 alium
502 1358 571 1391 anulum
582 1357 701 1392 demonstrans
711 1358 822 1402 abepiscopo

121 1414 211 1451 acceptum
222 1408 239 1441 in
250 1408 298 1450 regni
310 1408 335 1440 sui
347 1408 460 1450 promocione,
470 1408 555 1448 ‘Intuere¹
567 1409 627 1451 inquit,
638 1409 673 1441 iam
684 1409 755 1442 omnino
765 1409 789 1441 mi
800 1408 822 1440 fili

95 1463 113 1493 25
122 1458 220 1498 Edmunde,
229 1457 324 1491 cuiusmodi
335 1457 357 1490 sit
367 1459 427 1491 anulus
438 1458 474 1497 iste,
482 1463 501 1490 vt
512 1457 526 1490 si
538 1458 600 1490 absens
611 1458 675 1501 aliquid
683 1458 713 1492 tibi
721 1469 752 1500 per
759 1458 792 1491 lroc
799 1458 823 1490 in·

122 1508 217 1549 tersignum
224 1507 331 1547 intimanero,
339 1513 357 1539 tu
365 1507 412 1540 filiali
420 1518 455 1540 non
463 1508 532 1539 differas
542 1507 627 1549 complere
635 1509 722 1550 obsequio.
744 1508 768 1540 Vt
778 1507 823 1540 enim

122 1557 218 1590 astancium
227 1557 303 1599 percepit
314 1556 409 1597 multitudo,
417 1557 473 1589 habeo
484 1557 514 1589 tibi
525 1557 615 1599 prouidere
624 1557 667 1591 sieut
679 1558 713 1590 tilio
724 1556 823 1590 karissimo!

122 1606 219 1640 Discedens
227 1605 277 1648 igitur
285 1617 324 1639 cum
331 1612 415 1649 apparatu
424 1617 459 1639 non
468 1606 541 1649 modico,
549 1606 603 1640 arduo
614 1606 674 1641 itinere
684 1614 701 1641 et
711 1606 776 1650 prolixo
785 1611 823 1649 post

122 1659 185 1691 multos
192 1657 260 1690 labores
268 1667 347 1690 emenso:
360 1663 420 1689 sancta
430 1657 567 1690 lerosolimornm
574 1657 612 1690 loca
619 1657 665 1692 iuxta
673 1664 731 1692 votum
738 1657 799 1699 attigit,
807 1661 823 1689 et

96 1713 115 1743 30
123 1708 193 1740 laudum
203 1707 267 1749 pariter
274 1713 291 1740 et
299 1707 398 1739 oracionum
406 1707 489 1739 libamina
500 1707 569 1740 sedulus
581 1707 647 1750 optulit.
670 1708 736 1750 Quibus
744 1705 823 1748 expletis:

123 1768 162 1791 cum
167 1756 231 1790 familia
236 1767 267 1790 sua
272 1757 366 1799 regreditur
372 1756 433 1790 alacris
438 1761 456 1790 et
462 1758 510 1791 letus.
523 1757 552 1790 Set
558 1758 624 1790 eumad
630 1756 823 1800 locumqui‘brachium

122 1807 176 1841 sancti
189 1807 269 1848 Georgii'
282 1807 345 1840 dicitur
356 1807 471 1848 peruenisset:
483 1807 554 1848 langore
567 1813 659 1848 correptus,
670 1807 704 1840 hiis
715 1807 772 1839 verbis
783 1815 823 1837 suos

122 1856 220 1899 alloquitur:
229 1856 260 1889 ‘Vt
266 1855 283 1888 in
289 1866 329 1898 rege
336 1856 416 1897 eligendo
421 1856 477 1888 omnis
482 1856 562 1889 intervos
568 1857 666 1890 obstruatur
671 1855 766 1896 contencio,
771 1852 823 1887 michi

122 1916 245 1947 successorem,
252 1905 301 1938 vobis
309 1911 397 1939 strenuum
406 1906 478 1948 designo
488 1906 625 1947 gubernatorem,
634 1906 703 1948 cognati
715 1904 780 1940 scilicet
791 1901 823 1937 mei

96 1962 114 1993 35
122 1957 167 2000 regis
177 1957 250 1990 Saxonis
257 1956 311 1990 lilium
321 1957 433 1989 Edmundum
441 1956 489 1989 vobis
497 1966 532 1989 non
540 1955 650 1997 incognitum,
658 1967 725 1989 morum
736 1956 825 1988 honestate

122 2008 213 2051 preditum,
225 2006 300 2049 corporis
315 2005 370 2039 forma
384 2007 486 2047 elegantem,
498 2005 586 2047 sapiencia
596 2011 613 2039 et
625 2005 690 2038 viribus
702 2002 824 2047 prestantem,¹

122 2058 193 2091 anulum
204 2066 272 2098 quoque
282 2061 389 2098 pretaxatam
400 2054 425 2088 eis
436 2055 514 2097 porrexit,
524 2062 541 2087 et
553 2061 571 2087 ut
581 2056 676 2087 Edmundo
687 2066 718 2097 pro
731 2053 824 2094 intersigno

123 2107 208 2139 deferrent
216 2105 296 2147 precepit.
315 2104 384 2137 Deinde
393 2110 473 2146 percepta
481 2105 503 2136 ab
511 2104 535 2137 eis
544 2105 578 2136 fide
586 2114 624 2136 cum
633 2104 745 2137 sacramentis
753 2113 783 2146 pro
792 2101 825 2134 hiis

123 2166 157 2198 que
170 2155 264 2188 iniunxerat
276 2154 388 2197 complendis,
401 2154 445 2187 inter
459 2165 520 2187 manus
536 2164 595 2188 eorum
611 2164 660 2187 sacro
675 2155 752 2189 munitus
764 2151 825 2186 viatico

95 2218 116 2247 4⁰
124 2207 200 2239 animam
211 2205 291 2238 erralauit.
313 2206 353 2246 Quo
364 2206 442 2247 sepulto:
456 2204 548 2239 Saxoniam
559 2205 614 2246 gradu
625 2204 677 2239 citato
689 2205 796 2248 repedarunt,
809 2206 825 2235 et

124 2257 170 2298 regis
182 2255 257 2288 defuncti
268 2256 350 2289 mandata
361 2266 392 2297 per
403 2255 515 2297 intersignum
527 2255 633 2296 porrigentes
645 2256 743 2295 Edmunde,
751 2252 801 2296 qnasi
809 2250 825 2284 oi

125 2305 211 2338 exactoria
224 2305 271 2336 illum
284 2304 302 2335 in
314 2315 372 2345 regern
385 2304 474 2346 Estanglie
485 2305 578 2345 pecierunt.
601 2305 639 2336 Rex
650 2314 691 2337 vero
706 2302 775 2344 cognati
790 2299 825 2333 eius

125 2354 171 2397 regis
178 2354 237 2395 agnita
245 2352 319 2396 [morte],
327 2354 403 2386 tristatus
411 2358 442 2393 est,
449 2353 475 2387 cui
482 2352 569 2394 utriusque
576 2353 640 2387 ordinis
648 2354 721 2396 populus
729 2349 825 2389 condoluit3

125 2407 179 2439 filium
185 2415 235 2438 suum
241 2414 281 2438 vero
289 2404 402 2437 Edmundum
410 2402 426 2436 in
435 2409 469 2436 tam
477 2409 562 2436 remotam
570 2403 643 2446 patriam
650 2404 717 2437 mittere
725 2404 826 2438 detrectans,

97 2468 116 2497 45
125 2455 215 2490 consilium
223 2465 275 2496 super
282 2454 315 2486 hoc
323 2454 345 2486 ab
353 2453 439 2495 episcopis
447 2453 482 2486 suis
489 2453 586 2495 interrogat.
610 2453 643 2494 Qui
656 2464 715 2487 omnes
726 2452 798 2485 laudant
809 2449 825 2480 in

125 2515 222 2546 commune,
228 2510 246 2537 vt
254 2503 363 2545 disposicioni
371 2513 405 2535 non
412 2503 507 2544 refragetur
514 2503 576 2543 diuine,
586 2509 682 2536 asserentes
689 2514 728 2536 esse
736 2501 826 2542 scriptum:

247 2575 253 2592 ¹
264 2574 297 2606 MS.
306 2583 368 2606 auuusu.
584 2572 591 2591 ²
600 2574 634 2606 MS¹
642 2574 705 2605 Tamen.
