1762 2803
38 127 172 167 aaudiat
197 102 663 164 musteumuuuuttatutmuttuu.
696 115 739 159 593

141 246 172 277 DE
183 250 272 278 MULIERE
283 249 383 282 musitata,
395 249 419 274 ET
430 248 548 274 Vicecontira
560 246 638 273 nuntio.

435 312 453 345 lr
460 311 529 354 quidam
538 310 606 344 curialis
614 308 682 342 nomine
692 309 741 342 leol-

449 369 513 403 stanus,
522 362 587 395 honore
595 360 741 394 vicecomitatusa

39 428 76 459 rege
84 414 185 448 sublimatus
192 412 209 444 in
214 410 277 445 diocesi
284 420 318 454 qua
327 418 396 445 sanctus
404 412 507 445 Edmundus
513 413 609 450 tumulatur,
615 421 655 453 erga
663 416 741 443 sanctum

38 479 72 501 non
81 466 136 498 solum
143 464 208 495 nullam
216 462 327 495 deuocionem
335 463 410 504 gerebat,
418 463 532 495 verumeciam
542 462 600 495 audita
608 461 652 494 illius
660 461 742 493 miracula

39 521 126 552 contracta
144 524 185 547 nare
203 513 326 546 subsannabat.
357 513 391 547 Hic
406 520 470 547 statuto
485 513 513 548 die
527 513 640 547 kalendarum
658 511 759 556 maiarum5

39 568 105 601 cuidam
113 563 162 598 loco¹
174 564 281 606 Thinghowe
289 564 359 597 nomine
367 565 478 607 placitaturus
488 566 547 597 ademt
556 576 560 597 :
575 563 603 597 vbi
616 574 655 596 cum
664 563 742 595 animad-

39 618 87 650 uertit
102 615 190 657 quandam
206 615 267 646 abesse
282 615 370 646 mulierem
386 615 468 647 iudicarie
483 625 514 646 sue
529 614 609 655 potestati
624 624 677 651 ream,
690 619 742 654 atque

39 678 75 700 eam
84 664 144 698 timore
151 662 275 705 perterlr]itam
286 663 308 695 ad
317 664 372 696 sancti
382 663 480 705 confugisse
488 664 571 703 tumbam,
579 673 609 705 pre
620 661 674 694 nimio
686 661 742 694 cordis

39 726 103 750 tumore
114 713 172 747 statim
180 719 225 747 totus
236 713 328 753 infremuit,
336 714 427 758 missisque
435 714 558 758 apparitoribus
570 713 605 747 suis
617 724 656 745 eam
667 712 742 745 tribuna-

38 768 82 800 libus
89 765 120 798 sub
128 764 174 797 omni
183 764 269 797 celeritate
277 763 314 796 sisti
322 765 397 808 precepit
422 766 446 797 At
453 764 476 797 illi
484 764 552 797 concito
559 763 614 806 gradu
621 762 644 795 ad
652 762 742 795 ecclesiam
752 773 770 795 10

39 821 129 859 properant
143 821 161 847 et
173 815 239 857 absque
254 815 372 848 veneracionis
387 816 452 848 honore
468 815 556 855 intrantes,
569 814 674 847 vicecomitis
690 823 742 854 ream,

39 867 83 899 iuxta
95 864 169 898 martiris
180 865 251 908 pignora
262 866 408 906 procumbentem,
417 877 456 898 cum
468 876 531 907 magna
541 866 632 898 verborum
643 864 742 897 austeritate

39 920 134 958 reposcunt.
158 916 262 948 constanter
273 915 349 948 abnuunt
360 915 417 948 clerici
429 915 502 948 maiores
515 915 610 948 Bomfildus
621 919 637 946 et
650 914 743 953 Leolricus,

39 970 139 1005 asserentes,
152 964 200 997 nullo
214 964 272 1004 modo,
284 965 330 998 nulla
345 965 414 999 racione
428 965 476 999 reddi
491 975 541 1008 posse
558 965 580 998 ad
597 963 742 1007 dampnacionem

39 1027 89 1059 quam
105 1021 175 1048 sanctus
188 1021 286 1058 susceperat
301 1016 324 1048 ad
338 1016 450 1059 erepcionem.
479 1017 525 1058 Quid
540 1017 601 1059 plura?
620 1015 695 1048 fautores
710 1014 742 1047 im·
752 1028 770 1058 ¹5

39 1066 106 1110 pietatis
113 1065 193 1099 manibus
202 1065 288 1108 sacrilegis
297 1066 371 1109 [sancta]
379 1067 463 1100 violantes
471 1073 488 1100 et
500 1074 578 1100 sanctum
588 1065 678 1105 irritantes,
686 1073 742 1098 extra·

40 1118 80 1149 hunt
86 1116 179 1149 mulierem.
187 1117 271 1149 Videntes
276 1123 333 1149 autem
339 1117 485 1159 clericipreualere
490 1117 583 1150 satellitum
588 1116 684 1155 audaciam,
689 1115 742 1148 nimio

40 1166 114 1208 percussi
127 1167 186 1199 dolore
197 1166 243 1198 circa
254 1166 309 1198 sancti
321 1167 426 1208 sepulturam
437 1173 574 1208 prosternuntur,
585 1177 624 1199 cum
639 1165 711 1207 psalmis
725 1172 742 1198 et

40 1214 117 1248 letaniis²
125 1216 219 1248 lacrimosis
230 1209 332 1256 siitgultibus
344 1216 399 1258 plenis
411 1217 468 1249 diuine
476 1217 547 1250 vlcionis
555 1216 618 1249 indicia
630 1216 742 1258 inprecantes.

41 1267 92 1307 ‘Eya
103 1265 186 1308 inquiunt,
196 1272 234 1308 tyro
244 1265 271 1298 dei
283 1266 380 1307 Edmunde,
388 1266 460 1299 tirocinii
471 1267 505 1299 iam
516 1267 583 1308 signum
594 1278 648 1307 exere,
656 1273 673 1299 et
685 1267 743 1299 hostes
751 1278 771 1298 ao

40 1322 97 1347 sancte
105 1316 131 1348 dei
143 1316 214 1349 ecclesie
222 1316 320 1359 comprime.
343 1315 402 1358 ³Quid
410 1317 452 1359 agis,
463 1328 474 1349 o
484 1317 589 1350 Edmunde?
600 1316 647 1349 itane
657 1316 743 1359 supplices

40 1373 76 1399 tuos
84 1367 174 1400 defendis?
197 1367 276 1409 Nunquit
283 1378 317 1399 non
326 1368 405 1400 dominus
413 1374 429 1400 et
437 1367 519 1409 magister
526 1374 565 1400 tuus
573 1367 661 1399 mulierem
670 1367 686 1399 in
694 1367 743 1399 adul-

40 1416 80 1449 terio
91 1417 214 1459 deprehensam
225 1429 235 1450 a
246 1418 337 1450 iudeorum
347 1417 427 1450 manibus
436 1428 474 1450 eam
485 1418 562 1460 lapidare
570 1417 667 1449 uolencium
677 1416 743 1449 miseri·

40 1466 113 1500 corditer
123 1466 196 1509 eripuit?
209 1478 231 1501 an
242 1466 318 1501 imitator
330 1466 366 1500 eius
378 1478 416 1501 esse
427 1466 536 1500 dissimulas?
558 1466 577 1500 Si
589 1465 642 1500 modo
654 1472 706 1504 taces,
718 1466 743 1499 iu-

41 1516 87 1550 sticia
97 1519 212 1560 conculcatur,
220 1518 300 1561 impietas
309 1519 404 1559 roboratur,
412 1519 523 1561 blasphemus
533 1518 610 1558 insultat,
617 1518 665 1550 locus
673 1517 743 1559 vilescit,
753 1532 770 1562 ²5

40 1569 137 1601 reuerencia
149 1569 236 1606 minuitur,
247 1568 306 1610 religio
319 1570 410 1602 euanescit.
437 1571 476 1602 Hcc
489 1576 518 1602 tua
531 1569 618 1611 paciencia
631 1569 744 1602 inbecillitas*

41 1617 140 1658 deputatnr;
152 1619 245 1661 aliquando
255 1619 287 1651 tuit
294 1625 361 1660 tempus
373 1619 465 1660 pacieneie,
477 1619 511 1651 iam
519 1630 564 1651 nunc
573 1619 647 1651 vindicte
652 1619 668 1651 ³⁵!
691 1620 744 1651 Porro

40 1665 111 1699 ministri
123 1666 200 1709 sacrilegi
208 1679 246 1701 cum
256 1667 332 1708 muliere,
341 1675 419 1700 sanctum
430 1667 490 1710 iugiter
500 1667 596 1709 inuocante,
604 1667 632 1700 vix
640 1669 662 1700 ab
672 1669 745 1701 ecclesia

40 1716 100 1755 pedem
115 1718 220 1751 extulerant:
238 1724 254 1750 et
270 1728 310 1750 ecce
325 1725 394 1760 repente
408 1719 510 1759 vicecomes,
526 1718 554 1761 qui
570 1718 604 1750 iam
622 1718 665 1751 infra
682 1719 744 1751 atrium

41 1765 114 1808 basilice,
127 1768 186 1802 habita
199 1769 275 1803 stacione
288 1768 311 1801 ad
323 1768 428 1810 sepulturam
440 1769 529 1802 cuiusdam
543 1769 598 1802 Bundi
614 1769 709 1811 presbiteri,
722 1770 744 1803 ad
753 1782 773 1810 3ο

41 1817 202 1860 condempnandum
221 1829 259 1852 eam
277 1829 315 1851 cum
332 1819 412 1852 vuiucrsa
428 1819 511 1852 concione
524 1819 641 1861 descenderat,
655 1831 745 1863 possessus

41 1875 51 1897 a
66 1867 144 1908 demone,
161 1870 267 1902 alienacione
285 1869 347 1901 mentis
365 1875 381 1902 et
400 1869 490 1902 amencia³
504 1870 594 1903 crudeliter
611 1871 709 1910 vexabatur,
728 1877 744 1904 et

42 1915 91 1949 elisus
102 1918 119 1950 in
131 1925 200 1959 terram,
210 1930 279 1961 spumas
291 1929 320 1951 ore
332 1919 400 1951 trahens
410 1919 523 1961 dentibusque
537 1919 616 1959 stridens,
626 1930 657 1961 per
670 1920 744 1962 plateam

41 1968 132 2001 rotabatur.
155 1970 183 2004 Fit
196 1971 277 2004 confusus
288 1969 345 2013 populi
358 1970 427 2011 clamor,
437 1970 520 2003 aduolant
531 1969 615 2010 vniuersi;
634 1970 696 2013 quibus
708 1982 745 2014 per-

42 2020 159 2061 strepentibus,
175 2027 258 2054 tortorum
271 2021 351 2053 manibus
362 2021 421 2063 elapsa
434 2022 455 2053 ad
468 2021 506 2054 asili
518 2021 543 2053 sui
557 2020 626 2054 recurrit
638 2021 700 2055 mulier
711 2024 745 2055 leta
754 2032 772 2063 ,35

42 2068 139 2107 presidium.
161 2070 175 2106 h
196 2072 274 2112 Cumque
291 2069 347 2103 infelix
366 2070 394 2103 ille
412 2069 508 2104 vicecomes
526 2071 555 2103 diu
574 2077 686 2113 torqueretur,
701 2071 746 2105 inter

42 2122 125 2152 tormenta
138 2120 218 2154 miseram
229 2120 308 2154 emittens
318 2130 383 2161 vocem,
393 2120 470 2162 spiritum
484 2121 562 2161 eminuit,
572 2120 678 2164 traditusque
690 2123 746 2165 sepul·

42 2171 83 2205 ture,
93 2169 138 2212 cepit
149 2171 237 2204 nocturnis
249 2170 296 2203 horis
308 2170 325 2203 in
339 2169 401 2203 ricinia
417 2176 545 2205 commanentes
561 2170 661 2214 inquietare,
673 2182 704 2214 per
713 2173 746 2206 hoe

42 2215 121 2253 nimirum
130 2221 216 2264 propriam
227 2226 244 2255 et
256 2220 293 2263 ipse
305 2220 420 2264 protestatusl
432 2221 579 2264 inquietudinem,
592 2220 645 2265 [cum]
653 2221 658 2240 ἵ
667 2229 684 2256 vt
697 2222 745 2257 lateri

42 2265 85 2310 licet,
101 2282 136 2303 non
153 2272 195 2315 ipse,
207 2279 232 2305 set
249 2271 312 2304 demon
328 2271 346 2304 in
361 2271 398 2305 eius
413 2272 469 2314 effigie
484 2272 540 2306 minus
556 2273 632 2307 eruditos
648 2273 666 2306 in
680 2274 718 2316 fide,
729 2281 746 2308 et
754 2288 774 2317 40

43 2326 71 2350 eos
84 2330 136 2362 quam
149 2323 224 2356 maxime
237 2322 265 2365 qui
280 2323 365 2365 prestigiis
378 2324 463 2364 halluntur,
477 2325 572 2357 seduceret,
600 2324 628 2357 Ad
641 2331 746 2367 postremum

43 2373 99 2401 autem
111 2376 156 2405 terra
167 2373 243 2413 auulsas,
255 2373 310 2406 culleo
324 2372 389 2406 insutus
402 2379 463 2414 stagno
476 2373 633 2416 immergituraqui
647 2373 712 2406 vtinam
723 2374 746 2407 ad

43 2415 75 2450 hoc
82 2420 104 2454 sit
111 2422 184 2456 traditus
192 2423 209 2455 in
217 2422 292 2465 presenti
301 2423 378 2463 sathane,
385 2429 404 2456 ut
411 2423 481 2465 spiritus
489 2423 525 2457 eius
531 2424 548 2456 in
557 2423 620 2457 iudicio
628 2423 685 2456 saluus
692 2424 721 2457 fiat
729 2426 733 2455 i

59 341 161 385 Su[m]pson
169 341 220 372 albas
227 340 284 371 sancii
288 340 306 371 E
306 338 383 371 (bernadi.

69 2491 74 2507 ¹
85 2493 120 2524 Tib.
128 2504 186 2525 acervo.
233 2496 239 2512 ²
249 2496 282 2525 MS.
291 2505 325 2525 cum
333 2505 355 2534 ps.
363 2502 377 2525 ct
385 2496 406 2526 let
419 2501 537 2535 prosternuntur.
583 2496 607 2514 Μ
618 2496 656 2525 This
663 2505 726 2534 passage
734 2497 747 2525 is

44 2529 132 2581 pnly'ionnd
139 2535 154 2563 iu
161 2534 195 2565 nis,
202 2535 244 2566 Tria.
251 2534 292 2565 Coll.
300 2536 363 2565 Dublin.
394 2576 397 2581 Ι
414 2535 420 2552 ⁴
431 2536 466 2566 itis.
473 2536 569 2566 inbellicitas.
616 2536 622 2553 ⁵
633 2535 665 2566 MS.
673 2536 746 2566 amencie.

59 2569 91 2600 Mb.
98 2578 188 2610 prostratus.
248 2573 254 2591 ⁷
265 2575 299 2605 MS.
307 2579 368 2611 tamem
378 2575 410 2605 Tit.
418 2586 458 2612 oum,
466 2575 518 2614 lalsely
525 2586 564 2605 corr.
571 2581 588 2606 to
594 2581 650 2605 tamen.

65 2632 105 2658 vot..
114 2636 132 2660 11.
379 2636 392 2668 Q
400 2639 411 2672 q
