1762 2803
74 153 188 185 uanius.
197 155 240 194 aa]
302 144 365 198 Uita
381 145 417 199 ὃ.
429 143 551 203 oudinet
734 159 778 206 707

76 266 130 301 acutis
141 268 231 303 hastarum
244 269 314 313 spiculis
326 269 344 304 iu
357 280 398 305 aera
409 270 496 311 leuabant‚
508 271 558 315 eique
568 280 614 305 nunc
624 269 664 313 igne
675 280 722 305 nunc
733 270 779 304 ferro

75 324 148 352 mortem
156 318 256 362 simpliciter
264 320 377 355 intentabant.
400 322 440 365 lpse
450 327 513 362 autem,
521 321 617 364 intelligens
626 321 659 355 hec
670 320 729 355 omnia
740 330 779 354 esse

76 368 169 402 demonum
183 371 272 412 fantasias,
286 371 368 413 iucipiens
383 373 469 414 psalmum
481 372 568 415 ‘Exurgat
581 373 624 406 deus
637 378 654 405 et
666 372 779 415 dissipentur'

76 424 118 452 etc:
140 430 161 453 eu
181 430 215 463 quo
234 431 303 454 uersum
321 421 367 454 illum
385 420 442 464 attigit
462 421 521 456 ‘Sicut
540 422 598 457 deficit
615 422 672 457 fumus
691 421 778 463 deficiant,

76 469 120 502 sicut
131 470 168 502 fluit
178 481 217 503 cera
225 482 236 504 a
247 471 291 504 facie
300 470 355 512 ignis:
363 476 400 505 tota
410 472 440 505 illa
449 471 529 506 horrifica
540 473 632 506 multitudo
643 483 682 506 cum
693 472 730 506 suis
740 473 796 509 illu-5

77 519 153 554 sionibus
161 520 209 564 quasi
216 521 274 554 fumus
281 521 367 564 uaporalis
374 522 450 556 euanuit.

121 607 221 649 QUOMODO
232 615 325 642 CLERICUS
337 615 464 651 hincmaurus
475 616 510 642 EST
520 617 603 643 MORTEM
614 617 670 644 EIUS}
682 617 736 651 QUOD

350 666 392 694 IPSE
403 667 509 694 PRESCIUIT.

119 725 153 757 Rat
166 724 236 768 quidam
249 726 321 760 clericus
335 727 421 761 uocabulo
433 727 534 762 Beccelmus
539 726 551 769 ¹,
560 727 589 771 qui
602 727 634 760 sub
646 727 724 761 doctrina
734 727 780 761 beati

141 776 222 810 Guthlaci
232 777 294 811 diuinis
306 778 414 821 mancipatus
425 778 518 821 obsequiis,
531 779 564 812 deo
574 778 592 812 in
605 778 722 821 spiritualibus
733 788 782 812 exer·

78 826 125 861 ciciis
132 826 223 861 militabat.
244 829 311 863 Videris
319 840 361 872 ergo
369 829 438 872 spiritus
449 829 528 873 nequicie
538 830 584 873 quod
592 829 609 862 in
617 828 684 863 cunctis
691 828 782 862 conatibus

79 878 113 911 suis
126 879 241 921 frustraretur,
254 891 286 913 uec
299 880 369 913 beatum
382 881 486 915 Guthlacum
498 881 533 914 ulla
545 886 603 924 posset
617 879 729 923 temptatione
741 880 782 913 sub·
792 888 810 912 ro

78 935 155 961 uertere:
168 940 187 961 se
195 931 252 963 studio
261 930 370 972 propensiore
381 932 404 964 ad
415 932 474 964 omnia
483 932 551 964 malicie
559 929 699 963 machinamenta
709 928 782 963 circum·

78 977 122 1019 tulit,
133 984 151 1012 et
164 978 210 1021 quod
223 979 309 1013 mediante
321 980 398 1015 humana
410 980 504 1014 ambitione
516 981 551 1015 suis
563 980 617 1023 possit
630 980 729 1014 satisfacere
738 978 783 1021 uotis

78 1028 157 1062 subtilius
164 1028 251 1063 intellexit.
274 1030 328 1064 Nouit
336 1031 417 1073 equidem
427 1031 473 1074 quod
482 1031 567 1074 cupiditas
574 1036 600 1065 est
608 1041 642 1064 vna
649 1030 697 1064 radix
704 1029 782 1064 omnium

78 1080 167 1121 malorum,
173 1086 229 1113 mater
235 1080 382 1124 transgressionis,
387 1081 470 1124 magistra
477 1081 557 1123 nocendi,
562 1080 674 1125 primipilaria
682 1080 782 1125 iniquitatis,

79 1130 138 1173 auriga
153 1130 226 1172 malicie,
238 1131 312 1165 sicharia
324 1131 411 1173 uirtutum,
423 1131 512 1166 seditionis
525 1132 578 1175 origo,
592 1141 667 1165 nouerca
681 1130 782 1173 honestatis,
791 1136 810 1170 ¹5
827 1158 831 1166 .

79 1181 134 1214 fomes
142 1180 207 1221 hodii²,
216 1181 322 1215 incentiuum
329 1181 369 1223 litis,
376 1184 427 1216 fouea
438 1183 563 1216 scandalorum.
585 1183 614 1215 Ea
623 1181 676 1215 etiam
683 1193 724 1225 sepe
733 1181 783 1225 quasi

80 1229 193 1263 instrumento
204 1241 245 1265 usus
254 1238 280 1265 est
291 1237 310 1265 ut
321 1231 361 1265 odia
371 1232 468 1273 seminaret,
477 1232 552 1266 turbaret
563 1230 656 1270 amicicias,
666 1232 725 1265 federa
736 1241 783 1264 rum-

79 1286 133 1323 peret,
141 1280 241 1316 dissolueret
247 1281 362 1322 matrimonia,
368 1281 451 1316 adulteria
456 1281 571 1323 concinnaret,
579 1287 676 1325 procuraret
683 1280 783 1323 homicidia,

81 1331 178 1365 exactiones
191 1332 295 1373 immitteret,
309 1332 409 1376 religionem
421 1340 530 1376 peruerteret,
541 1334 616 1367 claustra
626 1332 707 1374 turbaret,
718 1338 783 1366 matres

80 1383 153 1423 orbaret,
166 1382 265 1417 incenderet
279 1384 335 1424 urbes,
347 1394 400 1427 regna
412 1384 516 1425 transferret,
529 1394 579 1426 reges
592 1394 603 1417 a
617 1383 665 1417 soliis
676 1383 783 1427 populosque
792 1389 811 1413 ²⁰

81 1433 134 1466 asnis
142 1433 205 1466 finibus
212 1435 314 1467 exturbaret.
336 1435 357 1466 ln
362 1433 396 1467 iam
403 1434 467 1467 dictum
475 1443 517 1475 ergo
521 1434 602 1467 clericum
610 1439 677 1466 tantum
684 1432 783 1475 cupiditatis

81 1483 165 1524 ardorem,
173 1489 238 1517 tantam
246 1489 317 1526 tamque
324 1482 452 1526 dampnabilem
463 1483 594 1517 uehemenciam
602 1482 700 1526 cupiditatis
707 1482 783 1523 immisit,

81 1539 99 1567 ut
105 1533 193 1567 dominum
199 1543 220 1567 ac
226 1533 327 1576 magistrum
335 1543 385 1567 suum
391 1534 447 1568 uimm
452 1533 480 1567 dei
486 1533 570 1577 cogitaret
575 1539 667 1576 appeteret
678 1539 784 1567 vteosecre

80 1585 115 1618 tius
126 1584 233 1627 interempto,
244 1585 262 1618 in
274 1585 341 1618 labores
351 1583 396 1619 iliius
407 1584 490 1624 introiret,
500 1584 588 1627 ipsiusque
598 1583 724 1618 habitationem
734 1583 784 1627 quasi

81 1634 333 1678 iuresuccessoriopossideret
347 1636 395 1669 Ecce
401 1636 444 1669 alter
450 1635 521 1669 Naboth
526 1635 574 1669 cuius
579 1634 642 1669 occisio
647 1632 785 1678 procuratur,ut³
793 1644 811 1675 ¹5

81 1686 150 1718 uineam
160 1684 197 1718 eius
206 1685 274 1728 iniquus
286 1685 368 1727 optineat,
376 1692 393 1719 et
401 1686 468 1718 dicatur
477 1696 488 1718 a
496 1685 565 1718 domino
573 1686 679 1727 possessori:
691 1684 784 1725 ‘occidisti

81 1735 151 1778 insuper
163 1740 180 1768 et
191 1735 293 1778 possedisti,¹
316 1736 331 1768 0
343 1735 414 1776 inuidia,
426 1746 437 1767 o
448 1734 528 1776 ambicio,
539 1734 667 1777 dampnationis
678 1740 737 1768 eterne
746 1745 783 1777 pre·

82 1786 160 1820 ambula!
178 1785 220 1829 quid
233 1792 259 1820 est
271 1786 317 1829 quod
329 1785 347 1818 in
360 1786 414 1819 oculis
425 1785 460 1819 tuis
472 1785 524 1819 etiam
537 1790 618 1826 extrema,
629 1785 676 1819 nuda
689 1790 706 1819 et
717 1784 784 1818 abiecta

81 1842 173 1880 paupertas
183 1841 220 1869 tuta
231 1846 269 1870 esse
280 1846 315 1869 non
327 1836 393 1878 potuitl
415 1836 456 1869 Non
468 1845 533 1876 aurum,
544 1845 579 1869 non
591 1840 686 1877 argentum,
698 1845 733 1868 non
745 1845 784 1878 pur·

51 1886 53 1888 ’
82 1898 143 1931 puram
149 1887 286 1929 byssumuecum
292 1886 377 1920 Guthlaco
383 1886 466 1926 inuenies,
472 1885 504 1919 sed
510 1886 598 1920 mellotam
605 1886 692 1928 pellesque
699 1885 784 1928 caprinas,
792 1898 812 1928 ao

82 1936 203 1970 iumentarium
218 1946 286 1978 panem,
301 1942 319 1969 et
333 1941 399 1969 ceteras
412 1936 561 1969 abhominationes
576 1935 641 1979 Egipti,
654 1946 698 1980 quas
710 1937 786 1969 mundus

82 1994 171 2030 tamquam
190 1992 266 2020 stercora
286 1991 354 2029 reputat
372 1992 389 2020 et
407 1985 535 2020 abhominando
553 1985 664 2028 contempnit.
698 1986 785 2028 Querebat

83 2038 154 2072 clericus
161 2037 190 2071 ille
197 2037 304 2071 occasionem
312 2042 331 2070 ut
338 2036 438 2080 oportunius
445 2036 531 2070 maliciam
541 2047 591 2070 suam
598 2036 704 2081 manciparet
712 2037 786 2071 effectui.

84 2090 119 2123 Sed
127 2089 219 2121 ‘iustorum
230 2088 288 2121 anime
299 2088 317 2121 in
328 2098 381 2121 manu
392 2087 420 2121 dei
432 2093 478 2128 sunt,
487 2093 505 2120 et
516 2098 551 2121 non
563 2093 622 2129 tanget
632 2087 670 2121 illos
682 2093 786 2121 tormentum

84 2140 162 2181 malicie‚'
171 2138 348 2183 ‘Tollitquedominus
356 2139 423 2182 uirgam
429 2144 538 2182 peccatomm
544 2139 618 2182 desuper
624 2143 688 2173 sortem
697 2138 785 2181 iustorum,
794 2152 812 2185 35

83 2198 149 2224 utnon
162 2190 254 2223 extendant
264 2189 302 2222 iusti
312 2190 334 2221 ad
346 2189 454 2231 iniquitatem
463 2199 526 2222 manus
538 2189 588 2221 suas!
610 2188 675 2222 Aderat
686 2189 724 2222 dies
735 2200 786 2231 quem

83 2240 130 2284 operi
136 2245 172 2272 tarn
180 2239 254 2272 nefando
259 2238 365 2282 oportunitas
373 2238 402 2271 diu
410 2238 494 2282 exquisita
501 2238 595 2281 prefixerat,
600 2243 619 2271 ut
624 2238 685 2272 beatus
692 2239 786 2272 Guthlacus

84 2291 191 2326 habitatione
199 2299 230 2324 sua
239 2291 303 2333 pariter
310 2289 412 2332 spoliaretur
419 2296 435 2323 et
445 2288 485 2323 uita
508 2289 544 2324 Sed
552 2289 614 2323 ‘nichil
622 2290 699 2332 proficiet
707 2289 786 2323 inimicus

85 2342 103 2375 in
112 2352 137 2381 eo,
146 2346 163 2374 et
173 2340 217 2373 filius
229 2339 323 2384 iniquitatis
333 2350 369 2373 non
379 2344 454 2382 apponet
464 2349 527 2373 nocere
538 2339 565 2374 ei.’
583 2339 624 2373 Pius
634 2340 714 2382 equidem
722 2339 786 2373 Christi

84 2392 158 2426 famulus
173 2390 254 2433 quicquid
268 2390 371 2424 moliebatur
385 2390 467 2424 aduersus
485 2400 525 2424 eum
544 2389 631 2434 iniquitas,
650 2389 709 2432 spiritu
726 2395 814 2433 sanctoqo

85 2443 172 2475 reuelante
184 2442 277 2482 cognouit:
288 2447 306 2474 et
317 2441 397 2474 clericum
409 2442 431 2474 ad
441 2452 460 2475 se
470 2451 540 2482 uocans,
552 2441 570 2474 in
581 2451 602 2474 ea
612 2439 742 2474 mansuetudine
752 2450 786 2481 qua

85 2493 138 2526 uerba
145 2491 198 2534 ipsius
209 2491 278 2524 condire
288 2492 360 2532 solebat,
368 2492 436 2533 ‘gracia
444 2491 507 2524 diffusa
514 2492 531 2524 in
539 2490 590 2524 labiis
598 2489 643 2530 suis,’
651 2490 712 2522 clerico
722 2496 786 2523 statum

85 2548 102 2576 et
116 2546 217 2584 conceptum
231 2541 284 2574 animi
297 2541 323 2573 sui
335 2541 411 2574 seriatim
423 2547 440 2574 et
451 2551 472 2574 ex
483 2541 550 2583 integro
561 2539 653 2572 manifesta
663 2540 746 2573 relatione
757 2540 787 2573 de·

107 2606 112 2625 ¹
121 2607 154 2638 Fel.
161 2606 252 2645 Beccelinus‚
260 2606 298 2638 Ord.
306 2606 337 2637 Vit.
345 2606 438 2644 Beccelmus,
445 2605 505 2638 Beceel.
558 2604 565 2624 ²
578 2604 631 2636 :odii¹
684 2604 690 2624 ³
701 2604 734 2636 MS.
741 2610 761 2637 ct.

411 2662 421 2687 Z
428 2665 437 2687 Ζ
444 2662 455 2687 2
