1762 2803
198 99 243 154 mc
259 97 359 151 aaran
375 96 506 149 adiliano
522 97 632 150 matuta.
719 110 765 155 457

64 225 92 257 est
100 218 158 254 ciuem
167 229 229 252 meum
237 229 280 252 esse
287 228 342 262 quam
349 222 401 251 tuum
409 216 528 262 peregrinum
534 217 549 251 i'
570 216 672 261 Apostolus
679 216 715 251 ait:
727 215 765 250 ‘Ne

65 275 131 316 deleas,
139 272 204 317 inquit,
212 272 286 306 domine
294 270 382 316 piissime,
390 281 414 305 ne
424 271 486 306 deleas
494 280 536 306 eum
544 270 632 305 obsecro:
645 281 679 314 ego
689 271 721 305 tibi
731 280 766 315 pro

65 339 87 364 eo
94 326 186 361 fideiubeo
192 326 240 370 quod
248 324 302 360 saciet
309 324 358 369 quod
363 326 495 369 proposuerat!
513 323 607 366 ‘Quando
612 324 670 368 inquit
676 323 766 364 dominus,

64 379 138 415 faciet?’
160 378 262 421 Apostolus
273 376 514 421 dixitz‘lnsraquindecim
522 376 574 410 dies!
597 376 692 410 Excitatus
701 377 724 410 ad
732 376 766 409 hec

64 433 120 468 verba
132 431 229 471 Iohannes,
241 430 281 464 solo
295 428 417 474 prosternitur
428 435 447 464 et
459 429 562 464 fideiussori
575 440 609 463 suo
620 440 662 464 cum
674 429 783 468 vberrimas

64 484 193 521 lachrimarum
199 483 289 519 effusione
294 483 363 527 gratias
369 482 411 527 egit,
417 482 492 518 dicens:
505 482 588 517 ‘Faciam
594 493 677 527 prorsus,
683 481 766 527 apostole

64 542 132 580 sancte,
141 537 206 571 faciam
216 537 265 581 quod
276 542 312 571 tam
323 535 466 571 misericorditer
477 546 511 580 pro
523 545 553 570 me
565 535 656 580 pollicitus
667 537 699 571 es!
723 536 767 570 Post

64 593 127 626 ssetum
142 600 230 632 magnum
247 589 372 629 obdormiens,
386 590 453 623 iterum
467 589 553 623 dominus
568 600 610 622 cum
625 589 696 623 eisdem
711 599 766 632 apos-

64 642 105 677 tolis
120 641 176 682 affuit,
191 640 258 674 librum
272 640 340 685 aperiri
357 640 416 682 iussit,
430 641 449 674 in
467 652 503 684 quo
520 640 588 673 audiuit
605 640 655 674 idem
673 641 767 674 Iohannes

65 697 139 730 Petrum
152 695 256 738 legentem:
272 694 391 728 ‘Murenulas
406 704 471 728 aureas
486 693 574 728 faciemus
588 694 626 738 tibi,
638 694 766 728 vermiculatas
775 702 794 724 10

64 749 150 793 argento?
174 748 219 782 Mox
235 748 328 782 Iohannes
345 759 429 793 surgens,
443 754 461 782 et
476 748 569 793 prefixum
584 748 633 783 diem
648 749 766 794 preueniens‚

64 807 126 837 votum
141 800 253 844 adimpleuit.
277 800 313 835 llic
327 800 361 834 suit
376 801 447 844 primus
462 802 519 836 abbas
532 801 603 835 cenobii
616 802 736 844 Bone-vallis,
748 807 767 836 et

64 860 105 900 post
115 853 192 889 ecclesie
203 853 301 889 Valentine
313 853 416 897 episcopus,
427 853 479 888 cuius
489 854 526 888 vita
537 859 555 888 et
564 865 614 888 mors
624 855 687 889 multis
696 854 767 889 meritis

64 912 82 941 et
100 906 193 940 miraculis
210 906 279 940 claruit.
301 906 459 940 Considerandum
475 907 528 940 nobis
543 912 572 941 est
587 912 654 951 quanta
669 908 766 941 deuotione

65 965 169 995 sanctorum
177 958 231 994 nobis
238 959 354 1004 imploranda
364 965 407 994 sunt
417 960 509 1004 suffragia,
517 961 548 1004 qui
559 965 596 995 tam
606 960 725 996 amicabiliter
732 971 766 1006 pro
776 971 793 1003 15

64 1012 117 1048 nobis
125 1013 218 1057 spondent
226 1017 289 1048 ettam
297 1012 396 1048 efficaciter
403 1013 524 1049 intercedunt.

224 1170 240 1207 ll
251 1162 285 1204 De
296 1179 367 1204 snncro
378 1162 488 1205 Wruusuuo
500 1182 584 1205 unnrncc
589 1170 600 1204 ¹.

69 1253 158 1331 BEatus
165 1253 220 1298 igitur
227 1254 334 1290 Willelmus
341 1255 405 1290 martir
413 1255 432 1290 in
444 1255 505 1291 Scotia
514 1261 568 1291 natus
577 1261 605 1291 est
613 1256 632 1291 in
639 1257 685 1292 vrbe
693 1255 765 1298 Perthe,

122 1317 158 1350 que
169 1308 224 1351 vulgo
235 1308 301 1342 dicitur
312 1308 365 1342 ‘villa
376 1308 435 1343 sancti
447 1309 544 1344 Iohannis.¹
567 1309 602 1352 Qui
614 1320 656 1344 cum
667 1310 727 1344 adhuc
738 1309 766 1344 iu-

65 1359 144 1394 uentutis
159 1360 205 1394 llore
220 1366 310 1402 vernaret,
326 1361 419 1396 lasciuiam
435 1363 532 1406 amplexus
547 1363 655 1404 secularem,
669 1374 728 1408 vsque
743 1364 766 1397 ad

65 1416 137 1455 tempus
143 1413 192 1456 quod
199 1417 251 1457 pater
257 1413 329 1449 celestis
337 1413 356 1447 in
364 1424 398 1448 sua
405 1418 495 1458 potestate
503 1413 597 1458 disposuit,
603 1420 690 1460 tanquam
698 1415 766 1459 lignum
776 1430 795 1452 πο

65 1464 135 1499 aridum
144 1466 267 1502 infructuosus
277 1468 384 1512 permansit.
405 1468 476 1504 Verum
484 1469 634 1514 germinauerunt
644 1469 728 1514 speciosa
735 1469 767 1503 de-

65 1518 108 1552 serti
116 1519 160 1553 dnm
170 1520 205 1554 hoc
215 1520 285 1564 lignum
295 1519 314 1554 in
325 1525 408 1565 tempore
419 1531 452 1556 suo
464 1521 543 1557 fructum
551 1521 614 1563 attulit,
622 1532 669 1566 aqua
676 1521 767 1567 sapientie

65 1570 147 1607 salutaris
158 1573 257 1618 irrigatum.
280 1573 365 1618 Denique
375 1586 417 1609 cum
427 1574 495 1620 lanugo
504 1575 548 1621 pilis
558 1574 717 1620 infructi[fi]cans²
724 1586 767 1621 pro·

65 1623 110 1658 diret
118 1631 183 1659 natura
191 1627 307 1670 disponente,
315 1628 406 1671 matrique
414 1628 487 1662 iuuenis
494 1628 586 1673 proferret
596 1639 653 1672 genas
662 1629 766 1668 dissimiles¹

65 1677 83 1710 in
91 1677 151 1712 virum
159 1678 215 1713 alium
222 1679 282 1714 subito
290 1684 370 1714 mutatus
378 1684 411 1715 est.
434 1680 457 1715 Et
465 1691 567 1726 precauens
575 1681 649 1726 quidem
656 1681 767 1723 infuturum,
776 1696 795 1727 ²⁵

65 1731 159 1766 euacuauit
170 1742 192 1767 ea
203 1743 239 1776 que
251 1737 303 1768 erant
315 1733 391 1776 paruuli,
403 1734 532 1779 castigansque
543 1745 611 1779 corpus
622 1745 682 1777 suum,
693 1744 768 1769 carnem

65 1782 135 1826 spiritui
150 1785 221 1821 seruire
236 1786 300 1830 coegit.
323 1786 370 1821 Arte
383 1787 464 1831 pistoria,
476 1798 532 1832 quam
544 1798 556 1822 a
567 1788 661 1823 iuuentute
674 1789 767 1831 didicerat,

65 1834 168 1872 familiolam
180 1849 232 1872 suam
244 1843 356 1882 sustentans,
364 1839 455 1875 decimum
465 1851 533 1885 panem
544 1840 636 1876 charitatis
646 1841 712 1876 intuitu
723 1851 767 1886 pau-

65 1888 139 1930 peribus
152 1891 254 1934 errogauit:
272 1897 363 1935 quatenus
375 1892 423 1926 inter
436 1893 520 1928 celicolas
533 1893 641 1936 angelorum
654 1904 703 1937 pane
717 1893 767 1928 refici

66 1946 171 1975 mereretur.
193 1942 228 1976 Vir
238 1954 282 1987 ergo
293 1942 329 1977 istc
339 1944 420 1988 simplex
431 1950 450 1980 et
461 1951 522 1979 rectus
533 1955 554 1979 ac
565 1945 633 1979 timens
643 1946 699 1979 deum
709 1951 727 1980 et
739 1956 766 1979 re·
775 1961 795 1991 30

65 1993 133 2029 cedens
145 1996 220 2039 amalo,
232 1996 251 2031 in
265 1997 334 2042 populo
347 1997 455 2033 mitissimus
468 1998 559 2044 apparuit,
571 1999 695 2044 orphanomm
709 2005 767 2044 pater,

65 2044 160 2083 viduarum
171 2050 263 2092 defensor,
271 2061 373 2094 pauperum
384 2052 459 2085 sedulus
468 2053 540 2086 adiutor
547 2052 635 2086 existens.
659 2053 697 2087 Nec
708 2054 727 2087 in
737 2053 767 2087 dei

65 2099 139 2134 seruitio
146 2113 202 2137 verus
209 2103 239 2137 hic
248 2104 350 2138 christicola
356 2105 429 2148 tepidus
435 2105 532 2149 aliquando
537 2106 648 2149 permansit:
658 2106 702 2150 quin
709 2106 768 2151 quoti-

66 2150 95 2184 die
102 2159 165 2188 sancte
173 2155 238 2190 matris
246 2157 324 2191 ecclesie
334 2156 396 2191 limina
407 2157 537 2202 frequentaret.
560 2157 644 2201 Quodam
652 2164 713 2193 autem
721 2158 768 2194 dilu-

66 2204 105 2239 culo
120 2217 162 2241 cum
177 2209 237 2243 adhuc
252 2210 328 2244 tenebre
343 2215 412 2252 essent,
427 2216 470 2246 ante
484 2211 534 2246 sores
548 2211 613 2256 templi
628 2212 698 2246 domini
713 2222 768 2247 causa
776 2227 795 2257 35

66 2256 167 2295 deuotionis
175 2263 282 2306 aduentans,
288 2262 377 2298 infantem
384 2264 488 2308 vagientem
496 2264 570 2308 reperit,
575 2265 642 2300 vilibus
649 2265 768 2311 villosisque³

65 2311 168 2352 panniculis
180 2314 287 2350 inuolutum.
310 2316 367 2351 Cuius
380 2317 454 2353 miserie
467 2325 542 2353 sanetus
556 2319 674 2364 compatiens,
686 2319 768 2354 clanculo

65 2363 156 2404 pusiolum
164 2369 246 2411 arripuit,
254 2374 348 2412 arreptum
360 2370 432 2404 mulieri
441 2371 558 2405 nutriendum
566 2371 645 2412 tradidit,
653 2372 742 2406 nutritum
749 2377 768 2406 et

66 2413 146 2452 adultum
158 2424 197 2454 arte
208 2421 286 2464 panifica
298 2421 394 2466 diligenter
404 2423 497 2466 instruxit,
506 2424 615 2459 instructum
626 2435 699 2469 quoque
710 2435 768 2470 super

67 2517 138 2563 '¹This
145 2522 172 2551 lile
179 2524 193 2552 is
200 2533 231 2554 om,
238 2525 280 2556 inT.
302 2525 331 2556 Ed.
339 2526 356 2555 in
363 2526 383 2556 Α.
391 2527 420 2557 SS.
429 2527 471 2560 Boll.
478 2537 498 2566 ²3
505 2527 569 2565 ldayV,
577 2536 592 2566 p.
599 2537 634 2565 27⁰·
656 2527 768 2559 Nootherlise

67 2566 80 2586 1⁵
86 2556 146 2592 known
153 2567 170 2592 to
177 2564 225 2596 exist.
285 2565 292 2583 ²
301 2566 319 2597 Ε.
327 2566 432 2600 insructicans.
493 2569 500 2587 ³
511 2568 528 2600 Ε.
536 2568 572 2599 vilis
578 2568 668 2608 vilosisque.
