1762 2803
252 167 298 223 Da
313 165 413 219 sanctu
428 165 572 228 augustino.
734 180 764 221 99

62 287 80 322 in
92 288 169 330 scriniis,
181 288 227 323 sicut
238 290 293 323 modo
304 293 386 332 apparet,
398 286 498 322 honorifice
510 277 763 321 collocantur.—-¹Sanctus

62 341 112 376 enim
123 341 237 386 Augustinus
245 352 310 376 versus
318 340 405 386 Angliam
413 342 497 382 tendens,
504 339 523 374 in
535 339 660 385 andegauensi
672 338 764 384 prouintia

61 399 137 437 pontem
153 395 191 439 Say
206 400 337 439 nuncupatum,
352 393 424 428 miliarii
443 399 501 428 tractu
518 403 576 438 super
591 392 673 437 Ligerim
687 391 764 426 fluuium

62 447 134 491 lapideo
142 458 197 491 opere
205 449 320 491 productum,
328 458 370 481 cum
378 446 432 481 sociis
442 446 481 481 suis
491 446 568 480 transiit.
591 445 662 488 Quibus
674 444 763 478 adiacenti

61 499 104 534 ville
115 500 159 545 Say,
167 500 250 535 eiusdem
261 499 347 542 nominis,
355 500 463 535 conantibus
474 500 568 540 accedere,
575 499 635 534 incole
643 503 669 533 tot
680 497 765 532 homines
774 508 782 538 5

62 553 175 597 peregrinos,
189 553 270 598 pedestri
283 553 356 588 incessu
372 559 390 587 et
403 553 465 588 habitu
478 553 563 594 humiles,
576 552 629 597 quasi
641 557 667 587 tot
679 551 733 596 lupos
747 557 764 586 et

62 605 124 649 ignota
135 611 217 641 monstra
228 607 339 650 repulerunt.
363 606 471 640 Muliercule
478 616 522 640 vero
533 606 587 640 simul
598 609 714 650 congregate,
722 604 764 639 sub-

62 658 176 699 sannatione,
191 659 283 694 derisione
298 665 316 694 et
332 660 420 704 despectu
435 659 454 694 in
469 664 543 694 sanctos
558 659 587 693 dei
603 659 701 693 debaccate
715 663 764 692 sunt.

64 711 103 746 Nec
112 712 183 746 suffecit
193 712 274 754 eiecisse,
283 714 316 747 sed
327 712 399 757 longius
410 712 523 747 inculcantes
531 712 633 753 trahebant,
640 710 764 756 impellebant,

63 765 151 800 abeuntes
162 765 262 800 ludibriosa
273 765 410 810 importunitate
423 765 543 799 lacessebant.
566 764 630 800 Stabat
643 764 693 798 enim
706 774 765 809 prope
775 776 794 797 ιο

63 817 123 850 vlmus
138 818 199 860 ampla
212 824 231 851 et
244 820 336 857 umbrosa,
349 818 403 851 lassis
417 817 517 851 viatoribus
531 817 554 850 ad
570 826 647 860 pausam
662 817 766 850 accomoda.

64 869 103 903 Sub
119 870 152 904 hac
167 870 225 904 sancti
239 870 323 904 volentes
338 869 379 914 ipsa
394 875 448 904 nocte
463 869 564 913 quiescere,
579 879 616 904 non
633 873 717 913 poterant
732 879 767 913 pro

64 922 161 957 mulierum
173 923 293 957 infestatione.
315 923 376 957 Vnam
384 932 428 957 vero
439 922 505 957 ceteris
517 916 642 966 impudentius
654 921 713 956 sancti
724 932 767 955 ves·

64 975 112 1019 tigiis
123 976 260 1009 incumbentem
268 976 313 1009 dum
325 974 366 1019 ipse
374 975 445 1009 eleuato
453 974 518 1009 baculo
524 974 575 1009 velut
585 974 663 1009 bestiam
671 980 768 1008 conaretur

64 1028 143 1072 abigere,
152 1029 211 1063 subito
223 1029 298 1063 baculus
310 1029 333 1062 de
346 1037 402 1063 manu
414 1027 454 1063 eius
461 1028 512 1062 velut
522 1028 546 1062 ab
557 1037 601 1061 areu
613 1038 691 1062 excussa
702 1026 768 1072 sagitta
777 1034 795 1065 15

65 1082 149 1123 euolauit,
161 1087 179 1116 et
194 1081 213 1115 in
228 1082 291 1125 spacio
303 1082 341 1116 fere
355 1081 409 1116 trium
425 1081 525 1116 stadiorum
538 1081 588 1115 humi
600 1081 668 1115 affixus
681 1080 767 1116 substitit.

66 1134 89 1167 Et
104 1134 213 1168 accurrens²
228 1134 270 1168 illuc
285 1139 365 1175 sanctus,
378 1140 396 1167 et
409 1133 500 1175 baculum,
511 1133 568 1167 immo
579 1144 621 1167 cum
634 1133 699 1167 baculo
712 1134 767 1167 sontis

66 1192 126 1221 estum
141 1186 224 1230 extraxit,
237 1186 268 1230 qui
283 1186 366 1230 protinus
382 1185 456 1231 copiose
471 1196 569 1231 erumpere
584 1185 637 1230 cepit.
666 1186 707 1229 Quo
722 1185 767 1228 viso,

65 1239 134 1283 gratias
146 1245 221 1283 agentes
233 1240 274 1281 deo,
285 1239 334 1273 serui
346 1239 375 1273 dei
388 1251 399 1273 a
410 1239 461 1283 graui
473 1239 503 1273 siti
514 1240 589 1274 releuati
601 1245 619 1274 et
631 1240 712 1274 suauiter
723 1245 766 1273 sunt

66 1292 134 1327 resecti.
157 1292 180 1327 Et
192 1303 234 1327 ecce
245 1291 304 1327 subito
315 1292 346 1327 lux
358 1293 381 1327 de
392 1292 431 1327 celo
442 1292 504 1336 elapsa
516 1297 534 1327 et
545 1302 602 1336 super
610 1303 643 1327 eos
654 1292 718 1334 effusa,
729 1297 767 1327 tota
777 1301 796 1323 ²0

66 1344 107 1389 ipsa
119 1350 172 1379 nocte
184 1344 252 1379 obtexit
264 1345 342 1379 famulos
354 1345 426 1379 Christi
454 1345 534 1379 Finitimi
546 1345 595 1380 enim
607 1356 672 1380 omnes
683 1350 721 1380 tam
732 1345 766 1380 im-

66 1409 151 1433 mensum
170 1398 241 1433 radium
259 1410 271 1432 a
288 1398 328 1432 celo
342 1409 401 1442 vsque
416 1399 439 1431 ad
454 1405 528 1432 sanctos
543 1398 632 1433 directum
649 1399 710 1443 palam
726 1410 768 1433 con-

66 1456 172 1495 spexerunt.
203 1451 282 1485 Sanctus
299 1456 360 1485 autem
379 1451 494 1495 Augustinus
513 1461 567 1485 secus
586 1450 655 1486 sontem
674 1451 769 1499 illum-ita

66 1505 131 1539 baculo
142 1504 217 1548 scripsit
230 1504 321 1539 interra:
334 1504 382 1539 ‘Hic
394 1504 497 1548 hospicium
509 1503 572 1538 habuit
586 1505 660 1548 [seruus
671 1515 767 1540 seruorum

67 1557 115 1601 dei]³
124 1557 243 1600 Augustinus,
253 1567 308 1600 quem
320 1557 369 1591 misit
380 1558 403 1590 ad
415 1557 550 1591 conuertendos
561 1557 633 1600 Anglos
645 1557 709 1591 beatus
720 1568 770 1601 papa
778 1567 796 1596 ²5

67 1609 177 1653 Gregorius.¹
201 1609 256 1643 Mane
268 1614 329 1643 autern
341 1609 388 1643 sacto
402 1609 470 1644 sanctis
482 1609 517 1644 iter
532 1609 667 1654 arripientibus,
678 1609 733 1644 vicini
746 1611 769 1644 ad
824 1642 827 1648 ,

67 1662 132 1703 locum,
143 1662 175 1695 vbi
185 1661 270 1696 viderant
282 1662 351 1701 lumen,
363 1668 486 1701 accurrentes,
498 1669 517 1696 et
528 1662 598 1696 iontem
610 1662 708 1704 intuentes,
718 1664 770 1708 graui

67 1725 139 1749 merore
151 1725 185 1757 pro
196 1714 261 1748 iniuria
272 1714 340 1748 sanctis
347 1715 397 1748 illata
404 1715 528 1749 tabescebant.
551 1715 574 1748 Et
584 1715 701 1749 inuenientes
712 1716 768 1760 scrip-

67 1772 132 1808 turam,
140 1771 158 1801 et
168 1766 265 1811 legationis
276 1766 362 1810 officium,
372 1766 423 1801 iuxta
434 1767 502 1802 iontem
514 1767 611 1802 ecclesiam
623 1773 771 1811 construxerunt,

67 1831 89 1854 ac
103 1820 123 1853 in
138 1821 212 1854 nomine
227 1820 286 1854 sancti
298 1820 397 1864 Augustini
413 1821 517 1866 consecrari
532 1821 619 1863 fecenrnt,
636 1826 653 1855 et
668 1821 697 1856 vbi
710 1822 770 1856 littere
779 1834 799 1863 30

67 1872 143 1906 inuente
155 1877 203 1914 sunt,
211 1873 269 1907 altare
280 1877 427 1907 construxerunt.
451 1872 478 1906 lbi
489 1872 539 1907 enim
547 1878 658 1917 perpetuum
666 1873 709 1907 illud
717 1874 771 1908 durat

68 1925 181 1967 miraculum,
196 1925 246 1970 quod
264 1925 325 1971 ipsam
344 1925 440 1961 ecclesiam
459 1925 527 1961 intrare
547 1931 577 1960 aut
592 1926 615 1961 de
634 1926 685 1962 sonte
703 1938 770 1972 aquam

68 1979 142 2013 haurire
153 1979 203 2012 nulla
210 1990 290 2022 unquam
301 1985 362 2023 potest
373 1979 495 2015 feminarum:
507 1985 526 2014 vt
536 1979 623 2014 nimirum
634 1980 679 2014 sciat
691 1981 771 2015 mundus

68 2036 156 2076 quantum
168 2032 203 2065 hoe
215 2042 275 2075 genus
288 2031 385 2067 offenderit
397 2033 452 2067 deum
465 2032 484 2066 in
499 2031 565 2067 iniuria
580 2043 677 2067 seruorum
690 2043 772 2068 suorum.

70 2078 157 2129 Quedam
172 2089 256 2118 matrona
268 2084 321 2119 diues
335 2096 377 2118 cum
392 2096 446 2119 cereo
461 2085 497 2119 illic
513 2086 612 2130 appetebat
627 2086 737 2130 ingressum,
753 2093 771 2121 et
780 2098 799 2128 35

68 2137 229 2171 interminantibus
237 2137 328 2180 omnibus,
334 2138 379 2171 dixit
387 2148 409 2172 se
418 2149 455 2172 non
463 2149 553 2181 peccasse
560 2138 579 2172 in
588 2144 677 2180 sanctum,
682 2139 715 2173 sed
723 2139 772 2173 velle

68 2190 160 2225 honorare
171 2200 218 2224 eum.
241 2188 277 2223 Vix
289 2196 350 2223 autem
361 2191 491 2225 inconcessam
502 2197 571 2226 metam
582 2191 646 2236 attigit,
657 2191 701 2236 quin
712 2191 772 2226 subito

69 2243 129 2288 ruptis
139 2242 231 2277 intestinis
243 2241 408 2287 expirauit.—Sunt
418 2249 479 2278 autem
490 2243 509 2278 in
520 2244 597 2279 ecclesia
607 2244 664 2279 sancti
672 2244 772 2288 Augustini

69 2296 152 2338 quinque
160 2295 209 2328 cerei
217 2295 303 2328 continue
311 2295 403 2335 ardentes,
411 2295 496 2328 videlicet
504 2307 565 2329 coram
573 2297 635 2330 tumba
642 2296 691 2329 beati
699 2298 772 2340 Augus-

69 2348 102 2383 tini
118 2348 222 2392 Anglorum
237 2347 320 2391 apostoli,
336 2352 399 2381 sancte
416 2347 513 2389 Mildrede‚
528 2348 586 2382 sancti
605 2348 683 2382 Adriani
696 2349 772 2392 abbatis,
780 2359 800 2389 40

70 2412 131 2436 coram
140 2411 207 2444 magno
216 2401 277 2434 altari⁴
288 2405 330 2434 ante
342 2400 430 2434 feretrum
441 2400 500 2434 saneti
513 2400 615 2435 Ethelberti
625 2401 675 2445 regis
686 2408 704 2435 et
715 2404 773 2437 sancti

71 2454 158 2489 Lethardi
170 2453 257 2498 episcopi,
270 2459 288 2489 et
300 2453 354 2488 etiam
365 2453 383 2487 in
394 2452 453 2497 cripta
464 2463 525 2488 coram
536 2453 623 2498 ymagine
634 2456 689 2488 beate
696 2456 774 2499 virginis

71 2507 135 2550 Mane,
149 2507 181 2541 vbi
195 2513 270 2542 sanctus
285 2506 393 2541 Dunstanus
408 2507 483 2541 crebras
500 2505 584 2541 eiusdem
597 2506 676 2552 virginis
694 2508 774 2554 gloriose

90 2581 410 2619 ¹FromtheVitabyGoscelin,p.377.
454 2579 569 2611 ²‹rl.accurrit.
613 2580 683 2621 ³soT.;
694 2583 747 2614 emin
755 2583 773 2614 E.

70 2621 104 2651 4Τ.
111 2631 185 2659 magnum
192 2622 245 2651 altare.
277 2639 279 2641 -

406 2680 438 2705 ns
