1762 2803
57 113 91 145 ns.
99 113 141 154 Tib-t
244 103 291 160 Ut
305 101 439 165 penitentia
454 100 574 155 tantali.
714 112 758 159 305

57 227 199 265 Impregnabantur
205 237 243 258 uero
251 237 307 258 omnes
313 229 366 257 anime
373 232 405 258 tam
412 228 480 257 uirorum
488 236 534 264 quam
542 226 630 263 mulierum,
637 233 668 262 que
674 223 760 253 descende-

56 274 95 303 bant
109 274 125 303 in
139 279 217 312 stagnum,
228 278 245 305 et
259 274 288 305 ita¹
302 274 367 313 grauide
380 274 507 313 prestolabantur
518 277 582 312 tempus
595 273 615 304 ad
628 276 695 312 parturn.
716 270 761 302 lutus

56 325 110 351 autem
121 322 233 352 mordebantur
246 323 263 352 in
276 323 364 353 uisceribus
375 332 419 353 more
429 323 501 360 uiperino
512 322 537 362 [a]
548 322 592 360 prole
606 324 689 358 concepta,
706 319 761 358 sicque

57 368 199 409 [uegeta]bamur²
205 370 263 401 misere
270 370 286 401 in
294 370 336 401 unda
343 371 399 409 frigida
406 371 463 402 mortui
473 371 521 402 maris
531 370 581 408 glacie
591 374 669 400 concreta.
689 368 762 406 Cumque

57 421 120 455 tempus
132 422 175 448 esset
186 423 204 449 ut
215 423 295 458 parerent,
305 419 391 449 clamantes
403 419 485 458 replebant
495 418 555 448 interos
566 417 656 452 ululatibus,
667 415 717 446 etsie
728 418 778 450 ser-5

57 469 115 503 pentes
122 466 208 504 pariebant.
230 466 314 497 Pariebant
324 471 376 497 autem
387 477 419 497 non
429 467 481 497 solum
491 466 555 499 semine.
565 470 590 496 set
600 465 651 495 eciam
661 464 696 501 uiri,
704 468 721 493 et
731 464 762 493 boc

57 521 91 541 non
102 522 131 550 per
142 514 211 543 membra
224 523 255 552 que
266 519 321 544 natura
333 515 415 544 constituit
428 514 455 544 tali
469 513 520 544 officio
533 511 652 549 conueniencin,
664 520 720 541 uerum
733 519 763 549 per

57 559 121 589 brachia
131 561 177 590 simul
188 565 204 591 et
216 565 286 599 pectora,
296 561 392 599 exibantque
404 565 506 598 erumpentes
517 569 547 597 per
559 563 615 589 cuncta
626 558 695 588 membra
706 558 762 593 bestie,

58 606 135 636 habentes
142 607 193 645 capita
200 607 274 638 ardentia
281 611 298 638 ct
304 607 355 638 ferrea
361 612 378 638 et
385 612 437 638 rostra
443 607 538 643 acutissima,
543 606 599 645 quibus
606 606 641 645 ipsa
648 606 691 636 unde
697 605 763 636 exibant

59 663 126 692 corpora
136 654 237 686 dilaniabant.
263 656 281 685 ln
295 657 349 687 caudis
363 660 415 687 nutem
429 655 463 687 suis
477 654 556 686 habebant
570 655 626 685 eedem
638 653 690 684 bestie
704 653 762 682 multos
771 657 791 682 ro

58 702 128 738 aculeos,
135 703 162 740 qui
169 704 214 741 quasi
221 704 263 733 banni
270 707 313 734 retro
321 704 382 740 retorti,
390 704 432 742 ipsas
441 712 451 734 a
460 703 516 741 quibus
526 701 591 733 exibant
600 702 661 732 animas
667 700 763 740 pungebant.

59 750 114 780 Bestie
121 760 188 789 namque
195 751 221 782 ille
228 752 300 782 uolentes
307 752 357 789 exire,
364 762 400 782 curn
406 751 466 782 caudas
472 761 509 781 suas
517 761 549 781 non
556 754 623 789 possent
629 759 683 780 secum
693 750 762 785 trahere,

59 798 75 827 in
87 798 121 836 ipsa
132 808 198 837 corpora
209 799 251 829 unde
262 800 327 830 exibant
338 805 389 829 rostra
401 809 430 829 sua
442 799 515 829 ardencia
527 804 544 828 et
557 799 609 827 lerrea
623 802 715 833 retorquere
729 806 762 826 non

59 846 147 883 cessabant,
159 847 210 875 donec
220 855 240 876 ea
250 855 300 883 usque
314 846 334 876 acl
346 855 382 876 ossa
392 846 436 875 arida
446 848 566 880 consumerent;
580 849 597 874 et
608 844 632 874 sic
643 844 690 874 simul
702 843 763 874 concla-

59 896 121 922 mantes
128 892 187 922 stridor
192 892 277 932 glacierum
284 893 395 924 inundantium
402 897 419 924 et
426 892 495 923 ululatus
504 893 590 923 animarum
596 892 709 922 sustinencium
716 892 763 921 talem
772 895 790 926 15

59 948 116 977 penam
125 944 141 969 et
151 940 219 978 mugitus
228 941 313 970 bestiarum
323 940 417 970 exeuncium
428 941 448 970 ab
458 941 482 971 eis
488 940 602 979 perueniebant
608 940 628 969 ad
638 939 693 969 celum.
714 939 764 969 Erant

59 986 101 1017 enim
111 988 127 1017 in
139 989 210 1017 omnibus
220 988 286 1018 diuersis
296 989 369 1018 membris
377 992 393 1018 et
402 988 454 1026 digitis
463 989 560 1018 diuersarum
569 987 654 1017 bestiarum
664 986 721 1025 capita,
733 996 764 1024 que

60 1035 94 1072 ipsa
104 1036 174 1065 membra
185 1035 277 1065 mordebant
289 1045 339 1073 usque
349 1036 370 1065 ad
380 1045 438 1065 neruos
449 1039 465 1065 et
478 1045 520 1066 ossa.
541 1034 625 1066 Habebunt
637 1039 688 1065 autem
700 1035 764 1073 linguas

60 1082 105 1112 uiuas
116 1082 132 1112 in
144 1083 207 1112 modum
218 1084 295 1120 aspidum,
305 1092 336 1121 que
347 1088 396 1113 totum
407 1083 475 1121 palatum
487 1088 503 1113 et
512 1083 577 1113 arterias
588 1084 702 1112 consumebant
712 1091 763 1119 usque

60 1130 80 1158 nd
87 1130 175 1166 pulmones.
192 1130 266 1160 Verenda
273 1138 335 1167 quoque
343 1129 377 1168 ipsa
383 1129 453 1160 uirorum
460 1139 479 1160 ac
486 1128 567 1159 mulierum
574 1133 619 1159 erant
625 1128 656 1166 tin)
661 1129 763 1159 similitudine
772 1131 792 1153 ²0

60 1177 165 1214 serpenctmn,
179 1176 206 1214 qui
219 1176 303 1208 inferiores
316 1181 369 1215 partes
382 1177 442 1207 uentris
455 1177 544 1207 lacerabant
556 1182 572 1206 et
585 1176 620 1214 ipsa
635 1178 696 1207 uiscera
710 1177 764 1217 [inde]

61 1224 152 1254 abstrahere
163 1223 251 1255 studebant.
272 1224 316 1255 Tunc
326 1225 348 1255 ait
357 1224 433 1261 angelus:
444 1224 491 1254 ‘liec
500 1229 525 1254 est
534 1234 576 1263 pena
587 1224 702 1261 canonicorum,
711 1234 764 1255 mona·

61 1272 133 1308 chorum,
145 1271 301 1311 s(anctimonialium)
316 1277 436 1310 ceterorumque
449 1272 596 1308 ecclesiasticorum,
608 1273 635 1310 qui
650 1271 719 1312 (mentiri
733 1272 764 1303 deo

61 1329 91 1358 per
99 1321 186 1357 ton)suram
197 1324 213 1351 et
223 1319 292 1350 habitum
303 1324 394 1357 noscuntur,
403 1320 437 1360 (qui
447 1319 515 1358 linguas)
522 1329 559 1350 suns
566 1319 678 1359 emendemur)
685 1321 726 1350 sicut
732 1330 765 1352 ser·

61 1371 124 1404 pentes,
132 1367 155 1404 (et
162 1367 231 1397 membra
238 1376 267 1396 sua
273 1368 312 1405 uon)
320 1367 424 1396 cohibuerunt
430 1368 450 1395 ab
457 1368 541 1395 immundis
548 1366 629 1405 (operibus
635 1372 652 1396 et
658 1367 726 1405 uc)ntr'm
733 1367 765 1397 ille·
774 1368 793 1401 ²5

62 1413 118 1443 cebris.
138 1413 185 1442 Hanc
191 1422 248 1451 penam
256 1413 363 1452 (sustinebunt
369 1413 396 1451 qui
403 1413 506 1444 immoderata
512 1412 582 1452 lux)uria
588 1421 606 1444 se
613 1413 690 1452 polluunt,
697 1417 714 1445 et
722 1413 765 1453 (idco

62 1460 108 1490 istam
118 1460 204 1499 sustinere)
211 1465 227 1490 te
237 1460 310 1500 oportet?
330 1462 366 1491 Hiis
377 1461 422 1491 dictis
432 1464 517 1500 rapuemnt
528 1470 562 1491 eam
573 1461 650 1491 demones
660 1471 695 1492 cum
705 1461 766 1501 impetu

62 1513 79 1538 et
89 1508 167 1538 dederunt
175 1508 238 1549 (bestie)
246 1509 353 1539 deuorandum
357 1508 367 1539 ³.
389 1509 428 1539 Cum
438 1514 491 1539 autem
502 1513 539 1547 post
546 1508 630 1548 (predicta)
638 1513 717 1540 tormenta
723 1514 766 1540 essct

62 1556 79 1586 in
89 1560 134 1594 partu
145 1556 239 1595 uiperarum,
249 1552 294 1587 affixit
304 1557 320 1586 ei
332 1557 397 1595 angelus
409 1557 453 1593 lucis,
465 1561 481 1587 et
491 1561 559 1595 tangens
570 1566 605 1586 eam
615 1557 682 1593 sanauit,
692 1562 709 1587 et
720 1558 766 1595 sequi

62 1604 137 1642 precepit.
158 1605 215 1634 Preter
220 1604 296 1642 fulgorem
303 1607 356 1634 autem
367 1604 433 1644 (angeli)
441 1604 500 1635 nullum
507 1605 560 1634 lumen
567 1604 650 1634 habebant.
670 1605 766 1641 Pergebaut=
774 1608 795 1637 30

63 1661 94 1688 que
105 1661 135 1689 per
145 1652 180 1681 loca
191 1652 266 1681 tenibilia
276 1656 293 1682 et
306 1652 355 1681 multo
365 1652 486 1689 precedentibus
496 1651 559 1686 diriora,
570 1650 597 1680 uia
609 1651 656 1680 ualde
669 1656 736 1689 angusta
750 1655 767 1681 et

63 1698 108 1736 quasi
116 1699 136 1728 de
144 1698 230 1738 (cacumine
237 1698 308 1729 altissimi
315 1698 373 1728 montis
384 1698 466 1736 tendente)
473 1698 490 1728 in
499 1698 603 1737 precipicium.
626 1699 697 1739 (Quanto
705 1699 766 1739 autem)

63 1746 99 1785 plus
106 1746 213 1777 descendebat
219 1745 245 1776 illa
252 1745 309 1784 anima,
317 1748 368 1785 (tanto
375 1745 433 1784 minus)
441 1747 508 1777 reditum
516 1747 536 1776 ad
542 1747 591 1777 uitam
597 1748 676 1785 sperabat.
710 1740 767 1787 Dixiit

63 1798 116 1824 autem
129 1793 210 1824 Tundalus
223 1794 243 1823 ad
257 1793 348 1831 angelum):
361 1793 445 1832 ‘Dominey
460 1803 492 1830 quo
505 1792 564 1823 imusl’
585 1794 676 1832 Respondit
690 1794 767 1832 angelus:

40 1868 42 1870 .
63 1842 68 1858 ⁴
74 1840 111 1870 Hec
120 1840 147 1870 uia
157 1840 200 1870 ducit
212 1840 232 1870 ad
244 1838 322 1871 mortem'
342 1840 363 1870 Et
373 1840 434 1871 anima:
449 1840 502 1877 ‘Quid
513 1844 537 1870 est
549 1849 587 1877 ergo
599 1840 642 1878 quod
653 1841 729 1878 scriptum
742 1845 767 1871 est
775 1845 794 1877 35

65 1888 119 1918 “Lata
127 1892 143 1918 et
150 1888 221 1924 spaciosa
228 1892 253 1917 est
260 1887 286 1916 uia
296 1897 327 1924 que
337 1887 379 1915 ducit
389 1888 409 1916 ad
419 1892 492 1922 mortem,
499 1892 515 1916 et
522 1887 566 1916 multi
577 1892 613 1916 sunt
621 1888 654 1926 (qui
661 1887 728 1925 in)trant
738 1896 768 1924 per

64 1933 125 1970 eam'';
135 1943 170 1964 cum
180 1933 260 1963 neminem
270 1933 296 1962 hic
302 1937 356 1971 preter
363 1933 407 1972 (nos)
414 1932 515 1964 uideamusl’
536 1934 626 1972 Respondit
633 1934 709 1971 angelus:
721 1933 767 1964 ‘Non

64 1981 84 2011 de
96 1980 132 2020 (hac
142 1981 174 2018 uia)
183 1981 241 2011 dictum
248 1985 278 2015 est,
288 1984 313 2009 set
323 1981 343 2009 de
353 1980 445 2019 (im)pudica
455 1985 472 2009 et
482 1980 535 2010 illicita
547 1979 630 2020 (seculari‘
637 1980 675 2018 uia)
683 1989 714 2018 que
724 1980 768 2011 ducit

64 2030 84 2059 ad
95 2027 150 2058 istam!
171 2027 239 2068 E(untes
249 2031 301 2058 autem
313 2027 375 2066 longius
386 2027 409 2066 et)
421 2027 462 2058 ultra
472 2028 535 2059 modum
545 2027 649 2068 laiborantes,
660 2034 739 2060 uenerunt
750 2030 767 2060 in

64 2076 128 2115 uallem)
139 2077 223 2114 fabrorum!
235 2076 287 2114 ibique
300 2075 388 2115 uidetrunt)
399 2075 465 2105 fabricas
475 2076 492 2105 in
502 2076 558 2113 quibus
570 2076 662 2115 (max)imus
675 2077 768 2107 audiebatur
775 2082 796 2114 qo

65 2123 136 2163 (luctus).
161 2124 206 2155 Tunc
218 2124 240 2155 ait
252 2123 326 2161 angelus:
341 2123 409 2153 ‘Tortor
420 2123 450 2153 iste
462 2123 535 2163 uo(catur
544 2123 638 2163 Vulcanus),
647 2134 677 2163 per
687 2125 731 2155 cuius
744 2125 768 2155 in·

64 2172 129 2209 genium
140 2175 232 2202 corruerunt
244 2171 314 2212 plur(imi
324 2175 341 2202 et
350 2171 370 2201 ab
381 2171 415 2210 ipso
425 2170 532 2210 cruciantur).¹
553 2171 637 2211 ‘bomine
648 2172 699 2210 inquit
711 2174 768 2209 anima,

66 2219 87 2258 (si
100 2220 151 2250 debeo
165 2219 204 2258 pati)
218 2219 256 2249 illud
270 2217 383 2249 tormentuml¹
407 2216 482 2255 ‘Debes’
496 2219 522 2248 ait.
548 2218 592 2258 (Quo
609 2219 658 2257 dicto)
673 2220 769 2257 precedebat

65 2276 106 2303 eam,
119 2267 146 2296 illa
159 2271 212 2297 autem
225 2266 289 2305 plorans
304 2265 406 2306 (sequebatur
418 2265 468 2305 eum).
488 2265 509 2296 Et
522 2275 560 2297 ecce
571 2267 654 2307 (tortores)
666 2276 701 2297 cum
715 2267 769 2305 ignitis

65 2314 150 2351 forcipibus
166 2318 243 2351 ceperunt
260 2314 303 2343 illam
319 2318 336 2344 et
350 2313 452 2351 proiecerunt
466 2313 483 2342 in
499 2314 576 2343 caminum
594 2314 635 2351 ignis
651 2315 739 2352 ardentem,
752 2319 769 2344 et
776 2321 796 2351 45

65 2361 89 2390 sic
101 2360 192 2391 sufflantes⁶
201 2360 270 2397 follibus,
281 2360 322 2390 sicut
333 2361 373 2390 solet
385 2360 443 2389 t'errum
456 2360 473 2388 in
485 2359 549 2390 samace
560 2361 647 2390 examinari
657 2362 679 2390 ita
689 2361 770 2390 examina·

65 2406 103 2437 bant
120 2416 161 2443 eam,
178 2407 229 2438 donec
247 2408 267 2437 ad
285 2406 359 2437 nichilum
376 2406 485 2444 redigerentur
502 2407 554 2438 anime
573 2417 604 2448 que
621 2408 642 2438 ihi
661 2408 768 2447 paciebantur.

66 2453 137 2494 Cumque
150 2454 173 2485 ita
186 2453 287 2493 liquefierent
299 2459 318 2485 ut
330 2454 379 2485 nichil
392 2454 434 2485 aliud
447 2455 478 2484 nisi
492 2465 533 2494 aqua
545 2460 646 2495 apparerent,
660 2457 770 2494 iugulabantur

87 2523 119 2553 1’Τ,
128 2523 190 2553 iterum.
247 2523 405 2561 ²T.mergebantur.
464 2522 618 2554 'remorandum
675 2523 724 2554 ⁴VB.
732 2527 770 2555 ets.

66 2560 72 2578 ⁵
83 2562 102 2593 T.
109 2563 208 2593 fluctuantes.

87 2620 128 2645 VOL.
136 2620 155 2645 11.
412 2620 426 2646 X
