1762 2803
95 133 125 174 60
284 131 364 183 moue
379 128 495 191 tracuus
511 128 604 191 unalia.

94 255 138 285 tunc
152 249 171 284 in
186 250 254 294 Anglia
269 252 303 285 sub
318 250 411 284 Willelmo
425 251 474 284 Rufo
488 261 532 295 rege
546 251 692 296 depredationes,
704 251 796 295 proscrip-

95 304 159 346 tiones,
179 304 323 338 confiscationes.
347 304 389 337 Rex
406 304 456 337 enim
472 310 537 338 cuncta
554 304 588 338 sibi
604 304 683 348 benigne
700 304 748 338 dicta
765 310 796 338 aut

95 357 168 390 turbata
181 356 208 390 ira
222 361 253 390 aut
268 356 331 390 facetis
345 356 407 390 verbis
422 356 506 391 elidebat.
530 357 603 401 Quippe
618 368 655 391 non
667 356 762 401 permisit]
777 363 797 391 vt

96 410 188 444 orationes
197 410 263 443 fierent
270 420 304 453 pro
312 420 334 443 eo
342 414 372 442 aut
382 420 416 454 pro
427 414 474 443 statu
485 410 568 444 ecclesie.
592 409 663 453 ‘Orate
674 409 738 454 inquit,
748 411 796 454 quod

79 463 162 501 5vultis:
180 473 214 505 ego
231 462 295 496 faciam
314 463 364 505 quod
381 463 469 505 placebit!
493 462 566 497 Interea
582 464 627 506 regi,
643 463 695 507 graui
710 463 797 506 languore

96 520 185 559 correpto,
201 515 289 548 suadetur
301 519 321 549 vt
334 515 481 549 cantuariensem
493 515 590 549 ecclesiam
605 526 616 549 a
631 526 664 549 sua
677 515 764 549 viduitate
780 520 798 549 et

96 568 197 602 calamitate
216 577 250 611 per
265 567 397 602 institutionem
414 568 506 612 pontificis
522 569 596 602 releuet.
619 568 655 611 Qui
670 568 797 611 adquiescens,

96 620 212 660 Anselmum,
228 620 251 653 de
264 631 355 654 consensu
367 620 454 663 omnium,
467 620 626 665 archiepiscopum
637 621 677 654 fore
690 620 798 665 designauit.

97 674 150 716 Quod
164 684 206 708 cnm
218 673 319 708 Anselmus
332 673 418 715 audisset,
432 674 471 708 fere
485 684 544 718 vsque
559 674 582 708 ad
598 673 752 709 exanimationem
769 673 797 708 sui

71 734 88 755 10
97 726 208 768 contradicit,
221 726 320 761 reluctatur
331 732 349 760 et
359 727 424 761 obstat.
447 726 469 760 In
481 726 529 760 hunc
541 731 602 761 autem
614 728 690 761 modum
701 727 798 760 renitendo

97 779 197 823 allegabat:
209 779 239 812 ‘Si
247 784 299 813 tauro
309 779 403 822 indomito,
411 780 429 813 id
438 784 466 813 est
474 780 513 823 regi
518 780 612 813 Willelmo
621 780 676 822 Ruso,
685 779 725 812 ouis
733 780 799 821 vetula,

97 832 116 866 id
128 836 156 866 est
167 832 273 872 Anselmus,
284 832 409 876 coniungatur,
420 843 454 876 pro
465 832 583 875 disparilitate
595 832 706 867 trahentium
717 837 799 866 aratrum

97 897 134 919 non
146 891 196 919 recte
209 886 292 919 incedet!
315 886 387 919 Inuitus
398 891 526 924 verumtamen
537 885 635 920 inuestitur
646 892 664 920 et
676 891 799 919 consecratur.

99 938 141 972 Rex
153 943 214 971 autem
228 939 365 980 conualescens,
378 944 395 972 et
406 938 458 982 peior
470 949 525 981 quam
537 943 579 972 ante
591 938 672 980 effectus,
685 938 799 972 hortantibus

72 998 90 1028 15
99 1001 141 1024 eum
155 991 178 1024 ad
190 991 259 1025 bonum
273 992 386 1035 respondere
402 991 482 1025 solebat:
499 991 608 1035 ‘Nunquam
620 992 666 1025 deus
682 991 756 1024 habebit
769 1001 799 1025 me

99 1045 168 1077 honum
176 1055 209 1087 pro
218 1044 266 1077 malo
274 1045 322 1088 quod
333 1043 387 1077 michi
399 1045 472 1088 erogat?
496 1041 580 1088 Denique
591 1055 629 1085 rex,
639 1044 680 1088 ipse
691 1044 714 1077 ad
724 1054 800 1087 congre-

99 1096 180 1140 gandum
195 1107 258 1140 rapax,
272 1098 295 1130 ad
307 1097 438 1132 effundendum
452 1097 545 1141 prodigus,
558 1108 686 1141 quemcunque
702 1096 800 1141 quicquam

99 1150 208 1183 offerentem
221 1149 294 1184 turbide
309 1150 402 1191 exterruit,
418 1150 454 1184 nisi
469 1151 575 1194 magnitudo
592 1151 629 1185 dati
645 1161 678 1185 sue
694 1150 800 1184 conueniret

99 1201 161 1236 menti.
183 1202 237 1235 Vnde
248 1212 290 1236 cum
299 1203 400 1237 Ansehnus
408 1204 466 1237 semel
474 1203 583 1247 quingentas
592 1203 648 1237 libras
660 1202 699 1245 regi
711 1203 784 1237 offerret
789 1203 800 1242 ²,

73 1265 91 1286 20
100 1266 133 1289 nec
148 1254 189 1298 ipse
208 1254 303 1298 reciperet,
322 1255 423 1290 Anselmus
438 1267 469 1290 eas
485 1256 597 1300 pauperibus
616 1255 713 1290 distribuit.
741 1248 800 1305 Apud

100 1308 213 1342 Wintoniam
224 1308 272 1351 ignis
282 1308 366 1342 molestia
375 1308 492 1343 inualescens
503 1321 544 1343 curn
554 1309 610 1343 multa
620 1309 691 1343 edificia
703 1319 801 1352 consump-

100 1360 165 1403 sisset3
178 1360 251 1404 signum
266 1361 325 1395 crucis
338 1361 444 1405 impressit:
460 1367 478 1396 et
490 1372 524 1396 nec
536 1362 588 1406 prius
599 1372 674 1396 manum
686 1362 800 1403 extenderat,

100 1417 155 1459 quam
170 1414 203 1458 [in]
217 1425 237 1449 se
250 1413 355 1450 incendium
371 1415 479 1460 retorqueri,
494 1415 578 1451 flammas
594 1416 673 1451 deficere
688 1414 766 1458 videres,
782 1419 801 1450 vt
818 1448 822 1457 ,

101 1469 181 1510 domum,
189 1479 244 1511 quam
251 1479 316 1502 vorare
324 1475 416 1512 ceperant,
424 1468 531 1502 semiustam
540 1468 665 1511 relinquerent
670 1467 681 1501 ³.
709 1461 767 1501 Venit
779 1468 801 1501 ad

75 1532 92 1561 ²5
101 1520 211 1554 Anselmum
222 1520 297 1563 quidam
308 1532 332 1555 ex
342 1521 420 1555 seculari
428 1521 465 1555 vita
475 1522 576 1556 monachus
588 1521 664 1563 iactus⁴,
676 1525 694 1555 et
706 1521 802 1555 consilium

101 1574 124 1607 de
132 1572 169 1607 vita
177 1584 210 1606 sua
219 1572 309 1615 flagitans,
317 1573 373 1607 dixit:
386 1574 432 1608 Cum
441 1585 461 1607 se
469 1573 488 1606 in
497 1573 574 1608 seculari
581 1573 619 1608 vita
626 1578 703 1614 teneret,
711 1572 802 1607 intellexit

101 1637 139 1659 non
154 1630 224 1659 rectum
239 1624 296 1659 fuisse
313 1625 347 1659 iter
363 1636 417 1659 suum
433 1625 523 1670 pergendi
540 1626 563 1659 ad
578 1625 645 1669 vitam3
662 1625 802 1667 ‘Quamobrem

102 1676 165 1722 inquit,
178 1677 239 1711 relicto
250 1679 312 1712 seculo
321 1677 364 1712 veni
376 1680 399 1712 ad
408 1678 493 1712 ordinem
504 1678 640 1720 monachorum,
650 1688 728 1722 sperans
737 1689 767 1712 me
777 1678 802 1711 ibi

102 1741 158 1774 posse
166 1730 240 1774 penitus
250 1730 346 1765 intendere
355 1730 392 1765 vite
402 1730 493 1774 perhenni
504 1736 522 1765 et
532 1732 572 1765 deo.
595 1730 618 1764 Et
629 1742 671 1764 ecce
682 1741 705 1764 ex
715 1736 803 1774 precepto

75 1794 94 1822 50
102 1783 172 1817 abbatis
184 1782 220 1817 mei
231 1783 344 1817 secularibus
354 1783 436 1827 negociis
445 1783 525 1827 intendo,
535 1789 553 1818 et
563 1784 607 1817 dum
616 1794 646 1818 res
656 1782 732 1817 ecclesie
740 1788 803 1817 contra

102 1835 195 1870 seculares
214 1836 314 1870 defendere
331 1836 415 1880 tuerique
432 1837 522 1878 desidero,
539 1837 611 1881 placito,
628 1836 683 1880 litigo,
699 1847 733 1869 nec
748 1836 803 1870 michi

102 1889 164 1922 forsan
176 1899 242 1932 magne
254 1899 297 1923 cure
309 1894 343 1931 est,
357 1889 373 1922 si
385 1889 415 1923 alii
428 1890 508 1933 perdunt
521 1889 540 1923 in
553 1900 594 1923 meo
608 1889 663 1923 lucro.
686 1888 804 1932 Quapropter

103 1941 142 1975 fere
153 1952 209 1986 cogor
220 1942 326 1985 desperare,
338 1942 381 1975 dum
394 1953 416 1976 ea
429 1953 465 1986 que
480 1942 545 1987 reliqui
558 1952 600 1976 cum
611 1946 637 1976 tot
649 1940 729 1986 peccatis
740 1941 804 1976 videor

102 1995 241 2030 administrare!
264 1996 365 2029 Anselmus
374 1996 409 2031 ait:
421 1996 478 2030 ‘Tota
485 1996 522 2031 vita
531 1996 625 2030 hominum
634 1996 735 2039 comparari
744 2000 805 2039 potest

75 2059 93 2087 35
103 2048 214 2089 molendino,
227 2058 284 2090 super
296 2048 405 2091 precipitem
417 2048 493 2082 fluuium
505 2049 607 2083 constituto.
630 2049 659 2083 Sit
670 2048 725 2091 igitur
737 2048 756 2082 in
768 2048 803 2081 hoe

102 2101 207 2135 molendino
221 2100 244 2134 ad
258 2111 333 2135 manum
347 2101 426 2136 hominis
434 2092 511 2136 ¹molens
523 2102 583 2137 mola:
595 2112 632 2145 qua
643 2101 675 2146 qui
686 2101 762 2143 molunt,
774 2101 805 2135 alii

104 2155 130 2188 sic
142 2164 194 2187 suain
206 2154 283 2187 farinam
294 2153 394 2198 negligunt,
407 2159 426 2189 vt
438 2159 475 2188 tota
487 2154 506 2188 in
519 2154 595 2188 fluuium
608 2154 680 2189 labatur
693 2165 714 2188 ac
724 2154 805 2195 dessuat5

103 2207 133 2241 alii
146 2211 199 2249 parte
208 2211 285 2248 retenta,
296 2212 368 2250 partem
380 2207 399 2241 in
408 2218 487 2251 preceps
495 2207 522 2242 ire
531 2208 603 2250 sinant,
615 2207 645 2241 alii
653 2212 710 2241 totam
719 2207 805 2250 colligant

104 2265 158 2303 atque
166 2259 185 2292 in
193 2270 227 2292 sua
235 2260 317 2306 custodia
324 2260 408 2293 condant.
432 2260 505 2294 Horum
513 2261 563 2294 enim
571 2259 602 2303 qui
610 2260 666 2293 nichil
674 2259 708 2293 sibi
717 2260 740 2294 de
747 2260 805 2293 farina

76 2321 95 2351 40
104 2312 190 2354 seruauit,
199 2311 255 2355 quid⁵
262 2312 281 2346 in
289 2323 367 2356 vespere
375 2313 459 2346 comedat
467 2324 504 2346 non
512 2312 586 2346 habebit
594 2324 597 2346 :
610 2312 641 2356 qui
649 2323 715 2356 parum
725 2312 810 2354 retinuit,

104 2376 138 2408 pro
144 2365 227 2408 portione
235 2375 269 2398 sua
276 2376 342 2410 parurn
351 2366 442 2400 inueniet:
455 2366 486 2409 qui
494 2371 550 2399 totam
558 2365 636 2408 collegit,
642 2365 693 2409 large
701 2375 722 2398 se
729 2375 806 2409 pascere

105 2419 176 2462 poterit.
200 2418 263 2462 Itaque
271 2418 376 2453 molendino
384 2418 507 2462 assimulatur,
512 2423 531 2454 vt
539 2418 583 2460 dixi,
588 2416 626 2452 vita
633 2418 728 2452 hominurn
736 2429 740 2461 ;
752 2418 806 2460 mole,

105 2475 156 2504 actus
171 2470 247 2505 illorum.
276 2472 324 2505 Nam
343 2471 390 2505 sicut
409 2472 462 2513 mola,
477 2471 520 2505 dum
536 2470 604 2515 aliquid
620 2471 676 2514 molit,
693 2471 713 2505 in
730 2470 806 2505 circuitu

106 2522 182 2564 ducitur,
197 2529 215 2557 et
231 2523 354 2558 circumducta
368 2524 423 2559 simili
438 2535 493 2559 cursu
509 2535 554 2568 sepe
567 2524 665 2566 reducitur,
681 2524 707 2559 sic
722 2530 740 2559 et
755 2529 807 2558 actus
860 2566 862 2571 Ι

114 2586 229 2624 1E.pr0misit.
249 2586 374 2617 Ζξ’..οίϊειτεῐεὶ
395 2588 534 2625 ³E.relinqueret.
555 2587 669 2618 ⁴eluminT.
696 2587 797 2625 “Vitquod
