1762 2803
90 131 150 185 '408
299 128 379 181 noto
395 125 511 188 termut
525 126 618 189 duolio.

106 248 138 284 illa
149 247 172 284 ad
183 258 249 284 cenam
260 248 374 292 accederent,
384 257 446 283 coram
457 247 535 293 singulis
545 246 600 293 panis
610 246 682 293 integer
694 251 712 282 et
723 244 775 293 quasi
787 246 810 282 de

108 304 179 339 clibano
194 308 277 338 recenter
292 306 383 337 extractus
398 301 496 344 inuenitur,
510 308 528 337 et
543 301 604 336 omnia
618 300 704 346 granaria
718 301 810 336 frumento

108 358 208 402 replentur.
251 348 296 391 Alia
307 355 361 390 etiam
369 355 409 390 vice
420 355 508 399 sportella
518 355 589 390 habens
600 353 696 389 duodecim
707 364 771 399 paneS,
779 354 811 389 ad·

108 409 223 445 uentantibns
234 408 296 444 multis
307 407 409 452 hospitibus
420 418 455 451 per
465 407 514 442 diem
526 413 544 442 et
555 413 627 442 noctem
640 408 680 442 sine
692 406 811 442 diminutione

90 473 99 503 5
108 461 147 497 suis
155 460 224 495 meritis
231 460 344 504 perdurauit.
400 452 494 503 Hospites
501 464 539 494 tres
547 460 570 493 ab
577 459 618 504 ipso
626 459 718 494 humiliter
725 458 811 504 suscepti,

108 513 149 550 lotis
163 514 214 548 iuxta
228 524 299 548 morem
313 512 392 557 pedibus
406 523 448 548 cum
463 514 486 548 ad
499 523 583 548 mensam
596 514 650 548 locati
663 517 730 557 essent,
742 513 811 558 hospes

108 568 173 603 tertius
185 577 222 601 non
236 566 341 611 comparuit
365 566 422 601 Nocte
436 567 519 611 sequenti
532 566 607 611 quidam
618 568 670 602 vultu
684 567 778 611 preclarus
793 571 811 600 et

109 619 217 666 splendidus
231 619 251 653 in
265 619 350 664 sompnis
365 619 436 654 cuidam
450 619 501 655 fratri
517 627 609 664 apparens
625 619 681 655 dixit:
701 618 751 664 ‘Ego
770 629 810 654 sum

109 674 178 719 hospes
189 673 219 709 ille
230 673 328 709 hesternus
335 672 366 718 qui
377 672 400 708 ab
411 672 468 708 oculis
475 672 542 708 vestris
553 672 632 717 euanuit,
639 672 694 708 huius
705 673 740 707 loci
751 677 812 707 custos

83 739 121 763 roa
132 726 207 761 domino
219 726 332 760 constitutus.
355 726 461 760 Elemosine
476 727 525 761 enim
537 732 556 761 et
568 727 659 761 orationes
674 727 744 760 abbatis
756 726 812 766 vestri

110 779 157 815 sicut
164 779 225 814 sumus
233 785 335 813 aromatum
343 780 444 813 ascendunt
452 779 471 813 in
480 784 580 823 conspectu
587 779 666 814 domini!
688 778 725 813 Vix
733 783 764 813 aut
771 787 813 813 raro

110 832 213 868 orationem
226 832 266 867 sine
282 831 374 867 lachrimis
389 832 440 874 fudit,
454 832 547 866 rarissime
562 832 603 867 sine
617 832 662 867 fletu
676 832 752 866 missam
765 832 812 865 cele-

110 886 176 922 brauit.
220 878 308 930 Quadam
316 884 378 929 vigilia
385 884 484 929 epiphanie
494 885 569 929 domini,
578 884 663 920 iratribus
673 884 692 919 in
700 884 756 919 choro
764 883 813 930 psal·

111 939 196 981 lentibus,
208 939 253 973 vidit
266 938 285 972 in
298 938 362 982 spiritu
378 938 450 973 stellam
463 937 571 982 radiantem,
583 948 638 983 reges
651 938 674 972 ab
687 937 757 972 oriente
771 947 812 973 cum

85 1004 102 1035 ¹5
112 1002 179 1036 magno
197 995 285 1035 apparatu
301 991 397 1024 venientes
415 991 551 1034 precedentem,
566 994 584 1024 et
602 999 681 1035 puerum
701 989 776 1025 Ihesum
794 989 813 1023 in

111 1044 181 1090 gremio
192 1043 255 1078 matris
266 1042 344 1078 misticis
355 1043 461 1078 muneribus
472 1043 495 1078 ab
506 1042 551 1088 ipsis
560 1042 674 1086 honoratum,
682 1048 700 1077 et
710 1043 785 1077 demum
795 1042 814 1077 in

112 1096 195 1143 sompnis
206 1095 293 1131 diuinitus
305 1107 359 1141 reges
372 1095 475 1131 admonitos
487 1102 507 1131 vt
519 1107 554 1141 per
565 1096 618 1131 aliam
628 1096 677 1132 viam
690 1096 783 1132 redirent¹
794 1096 813 1131 in

112 1151 207 1195 regionem
218 1159 276 1184 suam.
321 1142 346 1183 In
357 1150 436 1193 quadam
448 1154 501 1184 noete
512 1150 587 1194 pasche,
599 1150 643 1183 dum
656 1149 749 1184 matutinis
761 1149 814 1184 insis-

112 1208 164 1247 teret,
172 1202 267 1238 videbatur
279 1200 313 1237 sibi
324 1201 387 1238 videre
400 1202 495 1237 dominum
509 1203 584 1237 Ihesum
597 1207 639 1248 post
651 1201 723 1248 flagella
735 1207 753 1238 et
766 1202 815 1238 illata

85 1271 104 1293 ro
112 1256 191 1292 ludibria
206 1256 251 1301 [et]²
266 1266 352 1290 coronam
371 1255 455 1300 spineam
474 1255 528 1300 capiti
545 1256 655 1300 impositam,
671 1255 778 1291 crucifixum
795 1256 814 1291 in

112 1310 199 1355 patibulo,
207 1310 278 1353 palmas
286 1314 304 1342 et
314 1309 386 1351 plantas
398 1308 454 1341 clauis
464 1308 563 1351 expositas,
570 1308 590 1341 in
597 1319 663 1343 manus
670 1309 727 1352 patris
734 1308 814 1342 animam

113 1362 273 1398 commendantem
284 1360 385 1406 expirasse,
397 1365 415 1396 et
426 1372 450 1396 ex
461 1361 518 1396 latere
529 1361 592 1397 lancea
602 1360 694 1406 perforato
706 1361 813 1406 sanguinem

114 1421 132 1452 et
150 1425 217 1459 aquam
235 1413 353 1459 profluxisse.
381 1414 543 1459 contemplabatur
561 1414 646 1458 animam,
665 1420 720 1450 exuto
739 1426 816 1459 corpore

113 1470 207 1504 baratrum
222 1467 337 1512 spoliantem,
355 1467 391 1502 ex³
409 1479 432 1502 eo
449 1467 564 1503 innumeram
582 1467 716 1503 multitudinem
731 1469 815 1511 educere,

87 1537 105 1567 ²⁵
115 1531 183 1566 corpus
194 1531 295 1562 resumere,
303 1525 322 1554 et
333 1519 400 1554 milites
411 1521 529 1566 sepulchrum
541 1521 663 1554 custodientes
673 1522 724 1555 velut
735 1527 817 1557 mortuos

115 1575 191 1609 effectos
202 1573 267 1614 iacere,
275 1577 293 1607 et
304 1573 378 1607 demum
386 1572 462 1617 [ipsum]
469 1573 476 1592 ²
483 1572 581 1607 letantibus
589 1573 649 1607 choris
657 1573 744 1618 angelicis
756 1575 815 1609 celum

115 1628 189 1662 intrare.
234 1618 361 1670 Completorio
372 1626 419 1660 dicto
427 1627 512 1671 precibus
519 1627 538 1660 in
546 1626 624 1661 ecclesia
631 1626 738 1661 incumbere
745 1626 815 1671 solitus,

115 1681 160 1717 vidit
175 1684 229 1714 nocte
244 1681 324 1725 quadam
339 1680 425 1724 angelum
440 1680 516 1715 sathane
531 1679 550 1714 in
562 1679 622 1715 varias
637 1679 706 1715 formas
721 1691 742 1715 se
757 1685 816 1715 trans·

116 1735 231 1779 figurantem.
258 1732 342 1776 Cumque
357 1743 377 1767 se
392 1733 489 1777 signasset,
502 1738 520 1768 et
534 1732 564 1768 ille
580 1743 699 1777 euanescens,
711 1734 785 1768 demum
798 1734 816 1768 in

87 1803 107 1834 30
115 1787 190 1833 specie⁴
198 1785 266 1821 loricati
277 1785 349 1821 militis*
356 1791 458 1831 appareret,
469 1790 488 1820 et
499 1785 561 1830 ignem
572 1786 595 1820 de
607 1797 639 1821 ore
651 1791 669 1822 et
680 1785 754 1822 naribus
765 1786 817 1822 emit-

115 1847 162 1883 tens,
177 1839 260 1874 lanceam
278 1843 341 1873 contra
354 1838 413 1873 virum
429 1838 459 1872 dei
474 1838 558 1881 vibraret,
574 1839 630 1872 abbas
649 1838 730 1882 pixidem
750 1850 817 1884 corpus

116 1891 185 1929 domini
198 1891 323 1926 continentem
335 1896 443 1926 reuerenter
454 1891 559 1935 assumpsit,
573 1896 591 1925 et
606 1902 683 1926 secum
697 1891 728 1926 iilo
742 1891 818 1937 signans

115 1953 179 1984 contra
193 1946 292 1981 demonem
304 1944 399 1989 processit,
411 1945 484 1980 dicens:
504 1945 564 1980 ‘Ecce
578 1945 659 1990 pessime
674 1945 732 1990 miles,
746 1945 818 1982 funeste

116 2000 196 2043 satelles,
210 1999 266 2034 iudex
281 2005 323 2033 tuus
338 2004 356 2033 te
371 1998 462 2034 missurus
477 1998 496 2033 in
511 1999 610 2042 abyssum;
627 2004 710 2044 expecta,
725 1999 741 2033 si
756 2001 818 2043 audes,

89 2069 108 2100 35
117 2054 178 2089 illum.¹
202 2053 233 2087 Ad
248 2053 296 2087 hanc
308 2062 372 2087 vocem
387 2052 446 2086 vietus
461 2057 480 2087 et
495 2052 581 2086 confusus
595 2052 681 2087 inimicus
695 2053 745 2087 velut
758 2053 819 2087 sumus

116 2105 194 2141 euanuit.
239 2098 292 2139 Vidit
303 2104 352 2138 enim
363 2104 402 2139 vice
413 2104 497 2149 quadam,
505 2103 542 2148 iugi
553 2103 631 2138 orationi
642 2110 661 2139 et
672 2105 820 2149 contemplationi

118 2160 196 2201 deditus,
204 2158 255 2192 celos
266 2163 341 2202 apertos
351 2163 369 2192 et
379 2158 456 2202 gloriam
466 2157 495 2192 dei
507 2163 525 2192 et
536 2157 643 2192 mansiones
653 2158 672 2192 in
684 2168 741 2202 reguo
752 2159 819 2193 celesti.

119 2205 186 2256 Equus
196 2222 247 2253 suus,
256 2211 300 2245 dum
308 2215 390 2246 sanctum
399 2211 475 2245 haberet
482 2221 580 2252 sessorem,
588 2211 641 2254 quasi
648 2221 706 2254 agnus
713 2218 820 2247 mansuetus

119 2266 202 2300 modeste
215 2274 236 2298 se
250 2264 317 2306 habuit,
331 2269 402 2298 etcum
415 2264 475 2298 abbati
488 2263 594 2299 asccndenti
606 2264 685 2299 famulus
696 2264 727 2308 qui
738 2270 820 2310 strepam

90 2334 111 2365 40
119 2322 191 2353 teneret
203 2327 241 2351 non
255 2317 334 2357 adesset,
347 2326 405 2358 equus
418 2327 479 2359 genua
491 2316 543 2350 flexit
556 2321 575 2350 et
586 2321 650 2350 ventre
665 2321 714 2350 terre
727 2318 820 2352 adherens

119 2372 167 2406 latus
180 2379 247 2404 versus
258 2369 342 2403 abbatem
354 2367 418 2412 vertit;
430 2374 448 2403 ct
459 2379 501 2403 cum
513 2368 570 2403 abbas
581 2369 604 2403 ad
615 2368 702 2413 placitum
713 2369 732 2404 in
743 2371 789 2407 sella
799 2382 820 2406 se

119 2423 258 2470 composuisset,
265 2432 324 2468 equus
331 2428 402 2458 mature
410 2432 488 2467 surgens
493 2426 542 2457 recto
548 2432 613 2468 gressu
618 2422 667 2458 viam
675 2423 759 2469 carp[s]it
765 2424 777 2461 ⁰.
800 2424 821 2461 Si

119 2478 229 2524 quandoque
238 2477 295 2511 abbas
304 2475 384 2511 dormire
395 2474 488 2521 inciperet,
496 2486 555 2521 equus
566 2475 595 2511 ille
603 2476 696 2513 moderate
704 2488 770 2522 passus
778 2477 821 2514 diri·

138 2557 270 2589 ²Vit.reuersos.
317 2555 365 2587 ²om.
412 2556 447 2585 ³T.
455 2556 472 2586 E.
480 2560 529 2586 etex.
575 2555 716 2596 ⁴T.E.speeiem.
762 2557 822 2588 imin

118 2598 180 2629 loricati
187 2597 241 2626 militis
248 2597 321 2635 speciem.
384 2595 390 2613 ⁶
400 2595 417 2625 T.
425 2595 442 2625 E.
450 2595 504 2635 carpit.
