<?xml version="1.0" encoding="UTF-8"?>
<!DOCTYPE html PUBLIC "-//W3C//DTD XHTML 1.0 Transitional//EN"
    "http://www.w3.org/TR/xhtml1/DTD/xhtml1-transitional.dtd">
<html xmlns="http://www.w3.org/1999/xhtml" xml:lang="en" lang="en">
 <head>
  <title>
</title>
<meta http-equiv="Content-Type" content="text/html;charset=utf-8" />
  <meta name='ocr-system' content='tesseract 3.04.00' />
  <meta name='ocr-capabilities' content='ocr_page ocr_carea ocr_par ocr_line ocrx_word'/>
</head>
<body>
  <div class='ocr_page' id='page_1' title='image "./MN5111ucmf_0/MN5111ucmf_0_1194.png"; bbox 0 0 1762 2803; ppageno 0'>
   <div class='ocr_carea' id='block_1_1' title="bbox 403 110 574 172">
    <p class='ocr_par' dir='ltr' id='par_1_1' title="bbox 403 110 574 172">
     <span class='ocr_line' id='line_1_1' title="bbox 403 110 574 172; baseline -0.023 -9"><span class='ocrx_word' id='word_1_1' title='bbox 403 110 526 172; x_wconf 68' lang='lat' dir='ltr'><strong>doomutt</strong></span> <span class='ocrx_word' id='word_1_2' title='bbox 543 113 574 159; x_wconf 90' lang='grc' dir='ltr'><strong>ΙΙ.</strong></span> 
     </span>
    </p>
   </div>
   <div class='ocr_carea' id='block_1_2' title="bbox 270 294 704 330">
    <p class='ocr_par' dir='ltr' id='par_1_2' title="bbox 270 294 704 330">
     <span class='ocr_line' id='line_1_2' title="bbox 270 294 704 330; baseline -0.005 0"><span class='ocrx_word' id='word_1_3' title='bbox 270 294 323 330; x_wconf 66' lang='lat' dir='ltr'><strong>tun</strong></span> <span class='ocrx_word' id='word_1_4' title='bbox 335 295 399 328; x_wconf 70' lang='lat' dir='ltr'><strong>Causa</strong></span> <span class='ocrx_word' id='word_1_5' title='bbox 411 296 507 328; x_wconf 73' lang='lat' dir='ltr'><strong>Manrrnn</strong></span> <span class='ocrx_word' id='word_1_6' title='bbox 519 296 589 329; x_wconf 80' lang='lat' dir='ltr'><strong>Snucrr</strong></span> <span class='ocrx_word' id='word_1_7' title='bbox 601 297 704 329; x_wconf 79' lang='lat' dir='ltr'><strong>Euxinum.</strong></span> 
     </span>
    </p>
   </div>
   <div class='ocr_carea' id='block_1_3' title="bbox 109 379 838 2581">
    <p class='ocr_par' dir='ltr' id='par_1_3' title="bbox 109 379 838 2581">
     <span class='ocr_line' id='line_1_3' title="bbox 183 379 837 417; baseline 0.002 -1"><span class='ocrx_word' id='word_1_8' title='bbox 183 408 186 416; x_wconf 92' lang='lat'>.</span> <span class='ocrx_word' id='word_1_9' title='bbox 288 408 292 416; x_wconf 94' lang='lat'><strong>.</strong></span> <span class='ocrx_word' id='word_1_10' title='bbox 417 399 419 404; x_wconf 50' lang='lat' dir='ltr'>v</span> <span class='ocrx_word' id='word_1_11' title='bbox 519 381 574 414; x_wconf 88' lang='lat' dir='ltr'><strong>Eatus</strong></span> <span class='ocrx_word' id='word_1_12' title='bbox 588 380 592 413; x_wconf 96' lang='lat' dir='ltr'><strong>i</strong></span> <span class='ocrx_word' id='word_1_13' title='bbox 606 381 639 414; x_wconf 89' lang='lat' dir='ltr'><strong>&#39;tur</strong></span> <span class='ocrx_word' id='word_1_14' title='bbox 651 379 754 413; x_wconf 89' lang='lat' dir='ltr'><strong>Edmundus</strong></span> <span class='ocrx_word' id='word_1_15' title='bbox 767 380 799 414; x_wconf 88' lang='lat' dir='ltr'><strong>ade</strong></span> <span class='ocrx_word' id='word_1_16' title='bbox 812 388 837 417; x_wconf 92' lang='lat' dir='ltr'><strong>tus</strong></span> 
     </span>
     <span class='ocr_line' id='line_1_4' title="bbox 158 379 837 476; baseline 0.004 -12"><span class='ocrx_word' id='word_1_17' title='bbox 158 407 338 449; x_wconf 50' lang='lat' dir='ltr'><strong>Mfflolamfflwyde</strong></span> <span class='ocrx_word' id='word_1_18' title='bbox 349 409 469 452; x_wconf 60' lang='lat' dir='ltr'><strong>Wmnffird&#39;</strong></span> <span class='ocrx_word' id='word_1_19' title='bbox 485 379 518 457; x_wconf 78' lang='lat' dir='ltr'>B</span> <span class='ocrx_word' id='word_1_20' title='bbox 541 391 610 464; x_wconf 65' lang='lat' dir='ltr'><strong>culmeii</strong></span> <span class='ocrx_word' id='word_1_21' title='bbox 619 430 706 473; x_wconf 88' lang='lat' dir='ltr'><strong>regiminis</strong></span> <span class='ocrx_word' id='word_1_22' title='bbox 716 430 734 462; x_wconf 92' lang='lat' dir='ltr'><strong>in</strong></span> <span class='ocrx_word' id='word_1_23' title='bbox 745 393 837 476; x_wconf 58' lang='lat' dir='ltr'><strong>Estanglia,</strong></span> 
     </span>
     <span class='ocr_line' id='line_1_5' title="bbox 137 479 837 523; baseline 0.006 -10"><span class='ocrx_word' id='word_1_24' title='bbox 137 480 201 521; x_wconf 83' lang='lat' dir='ltr'><strong>regiam</strong></span> <span class='ocrx_word' id='word_1_25' title='bbox 214 479 322 513; x_wconf 89' lang='lat' dir='ltr'><strong>maiestatem</strong></span> <span class='ocrx_word' id='word_1_26' title='bbox 333 491 369 514; x_wconf 91' lang='lat' dir='ltr'><strong>non</strong></span> <span class='ocrx_word' id='word_1_27' title='bbox 384 482 438 514; x_wconf 91' lang='lat' dir='ltr'><strong>solum</strong></span> <span class='ocrx_word' id='word_1_28' title='bbox 450 482 502 515; x_wconf 87' lang='lat' dir='ltr'><strong>armis</strong></span> <span class='ocrx_word' id='word_1_29' title='bbox 514 482 602 515; x_wconf 89' lang='lat' dir='ltr'><strong>decorauit</strong></span> <span class='ocrx_word' id='word_1_30' title='bbox 614 486 640 514; x_wconf 88' lang='lat' dir='ltr'><strong>set</strong></span> <span class='ocrx_word' id='word_1_31' title='bbox 653 487 670 513; x_wconf 94' lang='lat' dir='ltr'><strong>et</strong></span> <span class='ocrx_word' id='word_1_32' title='bbox 682 480 748 522; x_wconf 82' lang='lat' dir='ltr'><strong>legibus</strong></span> <span class='ocrx_word' id='word_1_33' title='bbox 759 482 837 523; x_wconf 80' lang='lat' dir='ltr'>equitatis</span> 
     </span>
     <span class='ocr_line' id='line_1_6' title="bbox 138 529 837 574; baseline 0.004 -10"><span class='ocrx_word' id='word_1_34' title='bbox 138 529 210 571; x_wconf 91' lang='lat' dir='ltr'><strong>ornauit,</strong></span> <span class='ocrx_word' id='word_1_35' title='bbox 222 529 320 573; x_wconf 85' lang='lat' dir='ltr'><strong>studuitque</strong></span> <span class='ocrx_word' id='word_1_36' title='bbox 332 531 427 565; x_wconf 88' lang='lat' dir='ltr'><strong>subiectam</strong></span> <span class='ocrx_word' id='word_1_37' title='bbox 439 532 507 574; x_wconf 86' lang='lat' dir='ltr'><strong>plebem</strong></span> <span class='ocrx_word' id='word_1_38' title='bbox 517 532 539 566; x_wconf 92' lang='lat' dir='ltr'><strong>ab</strong></span> <span class='ocrx_word' id='word_1_39' title='bbox 550 530 669 565; x_wconf 87' lang='lat' dir='ltr'><strong>infestanciurn</strong></span> <span class='ocrx_word' id='word_1_40' title='bbox 679 530 774 564; x_wconf 90' lang='lat' dir='ltr'><strong>incursibus</strong></span> <span class='ocrx_word' id='word_1_41' title='bbox 788 533 837 567; x_wconf 87' lang='lat' dir='ltr'><strong>armis</strong></span> 
     </span>
     <span class='ocr_line' id='line_1_7' title="bbox 120 580 838 623; baseline 0.006 -11"><span class='ocrx_word' id='word_1_42' title='bbox 120 593 128 622; x_wconf 80' lang='lat'>5</span> <span class='ocrx_word' id='word_1_43' title='bbox 137 586 231 623; x_wconf 83' lang='lat' dir='ltr'>protegere,</span> <span class='ocrx_word' id='word_1_44' title='bbox 240 580 282 613; x_wconf 89' lang='lat' dir='ltr'><strong>etin</strong></span> <span class='ocrx_word' id='word_1_45' title='bbox 290 582 328 613; x_wconf 89' lang='lat' dir='ltr'><strong>ocio</strong></span> <span class='ocrx_word' id='word_1_46' title='bbox 335 582 402 623; x_wconf 85' lang='lat' dir='ltr'><strong>legibus</strong></span> <span class='ocrx_word' id='word_1_47' title='bbox 409 582 450 615; x_wconf 82' lang='lat' dir='ltr'><strong>iun&#39;s</strong></span> <span class='ocrx_word' id='word_1_48' title='bbox 458 587 474 614; x_wconf 92' lang='lat' dir='ltr'><strong>et</strong></span> <span class='ocrx_word' id='word_1_49' title='bbox 482 582 561 623; x_wconf 83' lang='lat' dir='ltr'><strong>equitatis</strong></span> <span class='ocrx_word' id='word_1_50' title='bbox 569 582 666 613; x_wconf 79' lang='lat' dir='ltr'><strong>informare.</strong></span> <span class='ocrx_word' id='word_1_51' title='bbox 690 582 728 612; x_wconf 90' lang='lat' dir='ltr'><strong>Nec</strong></span> <span class='ocrx_word' id='word_1_52' title='bbox 735 580 838 616; x_wconf 88' lang='lat' dir='ltr'><strong>dominantis</strong></span> 
     </span>
     <span class='ocr_line' id='line_1_8' title="bbox 137 629 838 673; baseline 0.006 -12"><span class='ocrx_word' id='word_1_53' title='bbox 137 630 209 662; x_wconf 83' lang='lat' dir='ltr'><strong>licencia</strong></span> <span class='ocrx_word' id='word_1_54' title='bbox 220 631 324 673; x_wconf 84' lang='lat' dir='ltr'><strong>presumpsit</strong></span> <span class='ocrx_word' id='word_1_55' title='bbox 335 631 427 673; x_wconf 91' lang='lat' dir='ltr'><strong>aliquando</strong></span> <span class='ocrx_word' id='word_1_56' title='bbox 435 631 487 671; x_wconf 87' lang='lat' dir='ltr'><strong>abuti,</strong></span> <span class='ocrx_word' id='word_1_57' title='bbox 495 631 522 662; x_wconf 93' lang='lat' dir='ltr'><strong>vel</strong></span> <span class='ocrx_word' id='word_1_58' title='bbox 532 630 609 663; x_wconf 92' lang='lat' dir='ltr'><strong>innoxios</strong></span> <span class='ocrx_word' id='word_1_59' title='bbox 621 629 737 673; x_wconf 81' lang='lat' dir='ltr'><strong>deprimendo,</strong></span> <span class='ocrx_word' id='word_1_60' title='bbox 745 630 773 662; x_wconf 85' lang='lat' dir='ltr'><strong>vel</strong></span> <span class='ocrx_word' id='word_1_61' title='bbox 780 632 838 665; x_wconf 90' lang='lat' dir='ltr'><strong>noxios</strong></span> 
     </span>
     <span class='ocr_line' id='line_1_9' title="bbox 138 678 837 723; baseline 0.006 -12"><span class='ocrx_word' id='word_1_62' title='bbox 138 679 234 721; x_wconf 83' lang='lat' dir='ltr'><strong>inpunitate</strong></span> <span class='ocrx_word' id='word_1_63' title='bbox 245 678 262 711; x_wconf 92' lang='lat' dir='ltr'><strong>in</strong></span> <span class='ocrx_word' id='word_1_64' title='bbox 273 691 316 713; x_wconf 89' lang='lat' dir='ltr'><strong>ausu</strong></span> <span class='ocrx_word' id='word_1_65' title='bbox 327 680 409 723; x_wconf 85' lang='lat' dir='ltr'><strong>nephario</strong></span> <span class='ocrx_word' id='word_1_66' title='bbox 418 681 503 719; x_wconf 77' lang='lat' dir='ltr'><strong>fouendo;</strong></span> <span class='ocrx_word' id='word_1_67' title='bbox 515 686 541 714; x_wconf 84' lang='lat' dir='ltr'><strong>set</strong></span> <span class='ocrx_word' id='word_1_68' title='bbox 552 690 595 723; x_wconf 83' lang='lat' dir='ltr'><strong>equa</strong></span> <span class='ocrx_word' id='word_1_69' title='bbox 602 681 651 713; x_wconf 87' lang='lat' dir='ltr'><strong>lance</strong></span> <span class='ocrx_word' id='word_1_70' title='bbox 660 679 702 713; x_wconf 78' lang='lat' dir='ltr'><strong>fouit</strong></span> <span class='ocrx_word' id='word_1_71' title='bbox 710 678 814 720; x_wconf 86' lang='lat' dir='ltr'><strong>innocentes,</strong></span> <span class='ocrx_word' id='word_1_72' title='bbox 822 687 837 715; x_wconf 90' lang='lat' dir='ltr'><strong>et</strong></span> 
     </span>
     <span class='ocr_line' id='line_1_10' title="bbox 137 729 837 773; baseline 0.004 -11"><span class='ocrx_word' id='word_1_73' title='bbox 137 734 220 763; x_wconf 87' lang='lat' dir='ltr'><strong>nocentes</strong></span> <span class='ocrx_word' id='word_1_74' title='bbox 226 741 236 762; x_wconf 91' lang='lat' dir='ltr'><strong>a</strong></span> <span class='ocrx_word' id='word_1_75' title='bbox 242 740 295 771; x_wconf 85' lang='lat' dir='ltr'><strong>regno</strong></span> <span class='ocrx_word' id='word_1_76' title='bbox 301 742 331 763; x_wconf 90' lang='lat' dir='ltr'><strong>suo</strong></span> <span class='ocrx_word' id='word_1_77' title='bbox 336 731 446 773; x_wconf 86' lang='lat' dir='ltr'><strong>perturbauit.</strong></span> <span class='ocrx_word' id='word_1_78' title='bbox 468 732 535 763; x_wconf 91' lang='lat' dir='ltr'><strong>Etcum</strong></span> <span class='ocrx_word' id='word_1_79' title='bbox 541 741 601 763; x_wconf 88' lang='lat' dir='ltr'><strong>omnes</strong></span> <span class='ocrx_word' id='word_1_80' title='bbox 608 729 687 763; x_wconf 90' lang='lat' dir='ltr'><strong>homines</strong></span> <span class='ocrx_word' id='word_1_81' title='bbox 694 729 744 762; x_wconf 89' lang='lat' dir='ltr'><strong>sciret</strong></span> <span class='ocrx_word' id='word_1_82' title='bbox 752 741 773 762; x_wconf 84' lang='lat' dir='ltr'><strong>ex</strong></span> <span class='ocrx_word' id='word_1_83' title='bbox 780 737 837 765; x_wconf 90' lang='lat' dir='ltr'><strong>nature</strong></span> 
     </span>
     <span class='ocr_line' id='line_1_11' title="bbox 137 779 837 822; baseline 0.001 -9"><span class='ocrx_word' id='word_1_84' title='bbox 137 779 222 813; x_wconf 88' lang='lat' dir='ltr'><strong>beneficio</strong></span> <span class='ocrx_word' id='word_1_85' title='bbox 235 779 320 820; x_wconf 82' lang='lat' dir='ltr'><strong>parilitate</strong></span> <span class='ocrx_word' id='word_1_86' title='bbox 332 781 416 821; x_wconf 82' lang='lat' dir='ltr'><strong>gaudere:</strong></span> <span class='ocrx_word' id='word_1_87' title='bbox 433 792 453 813; x_wconf 89' lang='lat' dir='ltr'><strong>ex</strong></span> <span class='ocrx_word' id='word_1_88' title='bbox 467 786 524 813; x_wconf 90' lang='lat' dir='ltr'><strong>reatus</strong></span> <span class='ocrx_word' id='word_1_89' title='bbox 535 780 623 822; x_wconf 84' lang='lat' dir='ltr'><strong>exigencia</strong></span> <span class='ocrx_word' id='word_1_90' title='bbox 634 780 754 813; x_wconf 79' lang='lat' dir='ltr'><strong>nichilominus</strong></span> <span class='ocrx_word' id='word_1_91' title='bbox 766 782 837 815; x_wconf 85' lang='lat' dir='ltr'><strong>attendit</strong></span> 
     </span>
     <span class='ocr_line' id='line_1_12' title="bbox 111 828 837 871; baseline 0 -8"><span class='ocrx_word' id='word_1_92' title='bbox 111 842 130 863; x_wconf 87' lang='lat'><strong>10</strong></span> <span class='ocrx_word' id='word_1_93' title='bbox 138 839 176 863; x_wconf 89' lang='lat' dir='ltr'><strong>esse</strong></span> <span class='ocrx_word' id='word_1_94' title='bbox 184 829 230 871; x_wconf 90' lang='lat' dir='ltr'><strong>quod</strong></span> <span class='ocrx_word' id='word_1_95' title='bbox 238 828 308 870; x_wconf 89' lang='lat' dir='ltr'><strong>quidam</strong></span> <span class='ocrx_word' id='word_1_96' title='bbox 316 835 355 862; x_wconf 91' lang='lat' dir='ltr'><strong>sunt</strong></span> <span class='ocrx_word' id='word_1_97' title='bbox 363 829 452 868; x_wconf 83' lang='lat' dir='ltr'><strong>inferioris,</strong></span> <span class='ocrx_word' id='word_1_98' title='bbox 463 829 533 871; x_wconf 91' lang='lat' dir='ltr'><strong>quidam</strong></span> <span class='ocrx_word' id='word_1_99' title='bbox 544 828 636 870; x_wconf 88' lang='lat' dir='ltr'><strong>superioris</strong></span> <span class='ocrx_word' id='word_1_100' title='bbox 646 828 737 870; x_wconf 90' lang='lat' dir='ltr'><strong>potestatis</strong></span> <span class='ocrx_word' id='word_1_101' title='bbox 748 828 766 861; x_wconf 93' lang='lat' dir='ltr'><strong>in</strong></span> <span class='ocrx_word' id='word_1_102' title='bbox 776 832 837 871; x_wconf 91' lang='lat' dir='ltr'><strong>populo</strong></span> 
     </span>
     <span class='ocr_line' id='line_1_13' title="bbox 138 877 837 923; baseline 0 -10"><span class='ocrx_word' id='word_1_103' title='bbox 138 878 171 913; x_wconf 94' lang='lat' dir='ltr'><strong>dei.</strong></span> <span class='ocrx_word' id='word_1_104' title='bbox 188 878 262 920; x_wconf 85' lang='lat' dir='ltr'><strong>Ideoque</strong></span> <span class='ocrx_word' id='word_1_105' title='bbox 270 878 360 921; x_wconf 90' lang='lat' dir='ltr'><strong>imperium</strong></span> <span class='ocrx_word' id='word_1_106' title='bbox 368 890 418 912; x_wconf 88' lang='lat' dir='ltr'><strong>suum</strong></span> <span class='ocrx_word' id='word_1_107' title='bbox 426 890 461 912; x_wconf 90' lang='lat' dir='ltr'><strong>non</strong></span> <span class='ocrx_word' id='word_1_108' title='bbox 468 878 554 912; x_wconf 88' lang='lat' dir='ltr'><strong>natalibus</strong></span> <span class='ocrx_word' id='word_1_109' title='bbox 562 878 644 921; x_wconf 85' lang='lat' dir='ltr'><strong>ingenuis,</strong></span> <span class='ocrx_word' id='word_1_110' title='bbox 651 890 685 911; x_wconf 93' lang='lat' dir='ltr'><strong>non</strong></span> <span class='ocrx_word' id='word_1_111' title='bbox 692 877 756 911; x_wconf 86' lang='lat' dir='ltr'><strong>meritis</strong></span> <span class='ocrx_word' id='word_1_112' title='bbox 762 879 837 923; x_wconf 87' lang='lat' dir='ltr'><strong>propriis,</strong></span> 
     </span>
     <span class='ocr_line' id='line_1_14' title="bbox 138 928 837 972; baseline 0.001 -9"><span class='ocrx_word' id='word_1_113' title='bbox 138 934 164 963; x_wconf 91' lang='lat' dir='ltr'><strong>set</strong></span> <span class='ocrx_word' id='word_1_114' title='bbox 173 929 286 962; x_wconf 88' lang='lat' dir='ltr'><strong>subiectorum</strong></span> <span class='ocrx_word' id='word_1_115' title='bbox 295 939 364 962; x_wconf 90' lang='lat' dir='ltr'><strong>suorum</strong></span> <span class='ocrx_word' id='word_1_116' title='bbox 372 929 451 971; x_wconf 83' lang='lat' dir='ltr'><strong>ascripsit</strong></span> <span class='ocrx_word' id='word_1_117' title='bbox 463 928 546 962; x_wconf 90' lang='lat' dir='ltr'><strong>erratibus</strong></span> <span class='ocrx_word' id='word_1_118' title='bbox 557 934 573 962; x_wconf 93' lang='lat' dir='ltr'><strong>et</strong></span> <span class='ocrx_word' id='word_1_119' title='bbox 581 929 691 972; x_wconf 89' lang='lat' dir='ltr'><strong>peccancium</strong></span> <span class='ocrx_word' id='word_1_120' title='bbox 700 928 837 972; x_wconf 89' lang='lat' dir='ltr'><strong>obuencionibus,</strong></span> 
     </span>
     <span class='ocr_line' id='line_1_15' title="bbox 138 978 837 1022; baseline 0.001 -10"><span class='ocrx_word' id='word_1_121' title='bbox 138 986 226 1022; x_wconf 89' lang='lat' dir='ltr'><strong>totumque</strong></span> <span class='ocrx_word' id='word_1_122' title='bbox 238 990 256 1011; x_wconf 92' lang='lat' dir='ltr'><strong>se</strong></span> <span class='ocrx_word' id='word_1_123' title='bbox 267 978 345 1022; x_wconf 88' lang='lat' dir='ltr'><strong>inpendit</strong></span> <span class='ocrx_word' id='word_1_124' title='bbox 358 991 392 1012; x_wconf 96' lang='lat' dir='ltr'><strong>non</strong></span> <span class='ocrx_word' id='word_1_125' title='bbox 406 979 471 1012; x_wconf 89' lang='lat' dir='ltr'><strong>deliciis</strong></span> <span class='ocrx_word' id='word_1_126' title='bbox 483 979 596 1021; x_wconf 84' lang='lat' dir='ltr'><strong>affluentibus,</strong></span> <span class='ocrx_word' id='word_1_127' title='bbox 609 985 634 1012; x_wconf 89' lang='lat' dir='ltr'><strong>set</strong></span> <span class='ocrx_word' id='word_1_128' title='bbox 646 978 721 1021; x_wconf 87' lang='lat' dir='ltr'><strong>negociis</strong></span> <span class='ocrx_word' id='word_1_129' title='bbox 733 979 837 1013; x_wconf 87' lang='lat' dir='ltr'><strong>subditorum</strong></span> 
     </span>
     <span class='ocr_line' id='line_1_16' title="bbox 138 1029 837 1070; baseline 0 -8"><span class='ocrx_word' id='word_1_130' title='bbox 138 1029 228 1062; x_wconf 82' lang='lat' dir='ltr'><strong>casualiter</strong></span> <span class='ocrx_word' id='word_1_131' title='bbox 240 1029 371 1070; x_wconf 81' lang='lat' dir='ltr'><strong>emergentibus,</strong></span> <span class='ocrx_word' id='word_1_132' title='bbox 385 1036 403 1061; x_wconf 95' lang='lat' dir='ltr'><strong>et</strong></span> <span class='ocrx_word' id='word_1_133' title='bbox 416 1030 433 1061; x_wconf 95' lang='lat' dir='ltr'><strong>in</strong></span> <span class='ocrx_word' id='word_1_134' title='bbox 448 1029 486 1061; x_wconf 91' lang='lat' dir='ltr'><strong>dies</strong></span> <span class='ocrx_word' id='word_1_135' title='bbox 499 1030 634 1069; x_wconf 87' lang='lat' dir='ltr'><strong>confluentibus;</strong></span> <span class='ocrx_word' id='word_1_136' title='bbox 653 1040 686 1061; x_wconf 87' lang='lat' dir='ltr'><strong>nee</strong></span> <span class='ocrx_word' id='word_1_137' title='bbox 701 1029 774 1061; x_wconf 90' lang='lat' dir='ltr'><strong>credidit</strong></span> <span class='ocrx_word' id='word_1_138' title='bbox 788 1030 837 1062; x_wconf 85' lang='lat' dir='ltr'><strong>officii</strong></span> 
     </span>
     <span class='ocr_line' id='line_1_17' title="bbox 111 1076 837 1121; baseline -0.001 -9"><span class='ocrx_word' id='word_1_139' title='bbox 111 1091 128 1121; x_wconf 80' lang='lat'><strong>¹⁵</strong></span> <span class='ocrx_word' id='word_1_140' title='bbox 138 1080 174 1112; x_wconf 87' lang='lat' dir='ltr'><strong>fore</strong></span> <span class='ocrx_word' id='word_1_141' title='bbox 185 1077 226 1119; x_wconf 85' lang='lat' dir='ltr'><strong>regii</strong></span> <span class='ocrx_word' id='word_1_142' title='bbox 238 1077 337 1111; x_wconf 85' lang='lat' dir='ltr'><strong>domesticis</strong></span> <span class='ocrx_word' id='word_1_143' title='bbox 351 1089 421 1120; x_wconf 85' lang='lat' dir='ltr'><strong>operam</strong></span> <span class='ocrx_word' id='word_1_144' title='bbox 433 1078 474 1111; x_wconf 90' lang='lat' dir='ltr'><strong>dare</strong></span> <span class='ocrx_word' id='word_1_145' title='bbox 485 1078 566 1119; x_wconf 86' lang='lat' dir='ltr'><strong>negociis,</strong></span> <span class='ocrx_word' id='word_1_146' title='bbox 578 1078 611 1111; x_wconf 90' lang='lat' dir='ltr'><strong>nisi</strong></span> <span class='ocrx_word' id='word_1_147' title='bbox 623 1078 669 1120; x_wconf 89' lang='lat' dir='ltr'><strong>prius</strong></span> <span class='ocrx_word' id='word_1_148' title='bbox 681 1076 763 1119; x_wconf 85' lang='lat' dir='ltr'><strong>expeditis</strong></span> <span class='ocrx_word' id='word_1_149' title='bbox 775 1078 837 1112; x_wconf 87' lang='lat' dir='ltr'><strong>alienis.</strong></span> 
     </span>
     <span class='ocr_line' id='line_1_18' title="bbox 138 1126 837 1172; baseline -0.001 -9"><span class='ocrx_word' id='word_1_150' title='bbox 138 1130 170 1163; x_wconf 72' lang='lat' dir='ltr'><strong>Ex</strong></span> <span class='ocrx_word' id='word_1_151' title='bbox 180 1129 218 1161; x_wconf 82' lang='lat' dir='ltr'><strong>alia</strong></span> <span class='ocrx_word' id='word_1_152' title='bbox 232 1129 308 1171; x_wconf 73' lang='lat' dir='ltr'><strong>legenda.</strong></span> <span class='ocrx_word' id='word_1_153' title='bbox 331 1129 374 1162; x_wconf 86' lang='lat' dir='ltr'><strong>Erat</strong></span> <span class='ocrx_word' id='word_1_154' title='bbox 386 1135 443 1162; x_wconf 87' lang='lat' dir='ltr'><strong>autem</strong></span> <span class='ocrx_word' id='word_1_155' title='bbox 458 1134 522 1161; x_wconf 85' lang='lat' dir='ltr'><strong>statura</strong></span> <span class='ocrx_word' id='word_1_156' title='bbox 537 1140 622 1172; x_wconf 88' lang='lat' dir='ltr'><strong>procerus,</strong></span> <span class='ocrx_word' id='word_1_157' title='bbox 638 1128 710 1160; x_wconf 88' lang='lat' dir='ltr'><strong>decorus</strong></span> <span class='ocrx_word' id='word_1_158' title='bbox 724 1126 772 1169; x_wconf 83' lang='lat' dir='ltr'><strong>facie,</strong></span> <span class='ocrx_word' id='word_1_159' title='bbox 788 1139 837 1162; x_wconf 92' lang='lat' dir='ltr'><strong>manu</strong></span> 
     </span>
     <span class='ocr_line' id='line_1_19' title="bbox 137 1178 836 1221; baseline -0.001 -8"><span class='ocrx_word' id='word_1_160' title='bbox 137 1185 222 1221; x_wconf 85' lang='lat' dir='ltr'><strong>strenuus,</strong></span> <span class='ocrx_word' id='word_1_161' title='bbox 235 1179 313 1212; x_wconf 89' lang='lat' dir='ltr'><strong>laborum</strong></span> <span class='ocrx_word' id='word_1_162' title='bbox 326 1180 401 1221; x_wconf 83' lang='lat' dir='ltr'><strong>paciens,</strong></span> <span class='ocrx_word' id='word_1_163' title='bbox 415 1179 484 1221; x_wconf 88' lang='lat' dir='ltr'><strong>ingenio</strong></span> <span class='ocrx_word' id='word_1_164' title='bbox 497 1179 591 1221; x_wconf 83' lang='lat' dir='ltr'><strong>perspicax,</strong></span> <span class='ocrx_word' id='word_1_165' title='bbox 604 1179 686 1221; x_wconf 91' lang='lat' dir='ltr'><strong>prouidus</strong></span> <span class='ocrx_word' id='word_1_166' title='bbox 699 1178 717 1210; x_wconf 93' lang='lat' dir='ltr'><strong>in</strong></span> <span class='ocrx_word' id='word_1_167' title='bbox 730 1178 809 1219; x_wconf 85' lang='lat' dir='ltr'><strong>consiliis,</strong></span> <span class='ocrx_word' id='word_1_168' title='bbox 821 1180 836 1212; x_wconf 93' lang='lat' dir='ltr'><strong>in</strong></span> 
     </span>
     <span class='ocr_line' id='line_1_20' title="bbox 138 1227 837 1271; baseline -0.001 -8"><span class='ocrx_word' id='word_1_169' title='bbox 138 1229 204 1263; x_wconf 91' lang='lat' dir='ltr'><strong>iudiciis</strong></span> <span class='ocrx_word' id='word_1_170' title='bbox 215 1228 293 1262; x_wconf 86' lang='lat' dir='ltr'><strong>adhibita</strong></span> <span class='ocrx_word' id='word_1_171' title='bbox 304 1228 424 1262; x_wconf 90' lang='lat' dir='ltr'><strong>moderacione</strong></span> <span class='ocrx_word' id='word_1_172' title='bbox 435 1228 529 1262; x_wconf 89' lang='lat' dir='ltr'><strong>clemencie</strong></span> <span class='ocrx_word' id='word_1_173' title='bbox 540 1229 600 1271; x_wconf 89' lang='lat' dir='ltr'><strong>iustus,</strong></span> <span class='ocrx_word' id='word_1_174' title='bbox 608 1227 686 1267; x_wconf 86' lang='lat' dir='ltr'><strong>affabilis,</strong></span> <span class='ocrx_word' id='word_1_175' title='bbox 694 1238 746 1260; x_wconf 87' lang='lat' dir='ltr'><strong>verax</strong></span> <span class='ocrx_word' id='word_1_176' title='bbox 756 1233 773 1261; x_wconf 91' lang='lat' dir='ltr'><strong>et</strong></span> <span class='ocrx_word' id='word_1_177' title='bbox 785 1228 837 1262; x_wconf 91' lang='lat' dir='ltr'><strong>dulcis</strong></span> 
     </span>
     <span class='ocr_line' id='line_1_21' title="bbox 137 1277 837 1322; baseline 0 -10"><span class='ocrx_word' id='word_1_178' title='bbox 137 1280 209 1322; x_wconf 86' lang='lat' dir='ltr'><strong>eloquio,</strong></span> <span class='ocrx_word' id='word_1_179' title='bbox 216 1280 323 1321; x_wconf 88' lang='lat' dir='ltr'><strong>pacientibus</strong></span> <span class='ocrx_word' id='word_1_180' title='bbox 329 1291 370 1312; x_wconf 89' lang='lat' dir='ltr'><strong>vera</strong></span> <span class='ocrx_word' id='word_1_181' title='bbox 377 1279 498 1321; x_wconf 86' lang='lat' dir='ltr'><strong>compassione</strong></span> <span class='ocrx_word' id='word_1_182' title='bbox 506 1277 635 1321; x_wconf 87' lang='lat' dir='ltr'><strong>[compaciens],</strong></span> <span class='ocrx_word' id='word_1_183' title='bbox 641 1278 738 1311; x_wconf 91' lang='lat' dir='ltr'><strong>misericors</strong></span> <span class='ocrx_word' id='word_1_184' title='bbox 746 1278 768 1311; x_wconf 91' lang='lat' dir='ltr'><strong>ad</strong></span> <span class='ocrx_word' id='word_1_185' title='bbox 776 1289 837 1320; x_wconf 82' lang='lat' dir='ltr'><strong>egenos</strong></span> 
     </span>
     <span class='ocr_line' id='line_1_22' title="bbox 110 1327 837 1370; baseline -0.004 -7"><span class='ocrx_word' id='word_1_186' title='bbox 110 1345 129 1366; x_wconf 77' lang='lat'><strong>20</strong></span> <span class='ocrx_word' id='word_1_187' title='bbox 137 1329 230 1370; x_wconf 87' lang='lat' dir='ltr'><strong>beneficiis,</strong></span> <span class='ocrx_word' id='word_1_188' title='bbox 239 1329 306 1370; x_wconf 89' lang='lat' dir='ltr'><strong>pupillis</strong></span> <span class='ocrx_word' id='word_1_189' title='bbox 316 1335 334 1362; x_wconf 87' lang='lat' dir='ltr'><strong>et</strong></span> <span class='ocrx_word' id='word_1_190' title='bbox 343 1328 398 1361; x_wconf 90' lang='lat' dir='ltr'><strong>viduis</strong></span> <span class='ocrx_word' id='word_1_191' title='bbox 409 1328 558 1369; x_wconf 91' lang='lat' dir='ltr'><strong>clementissimus,</strong></span> <span class='ocrx_word' id='word_1_192' title='bbox 565 1329 650 1369; x_wconf 82' lang='lat' dir='ltr'><strong>benignus</strong></span> <span class='ocrx_word' id='word_1_193' title='bbox 661 1334 678 1361; x_wconf 92' lang='lat' dir='ltr'><strong>et</strong></span> <span class='ocrx_word' id='word_1_194' title='bbox 687 1327 733 1361; x_wconf 89' lang='lat' dir='ltr'><strong>mitis</strong></span> <span class='ocrx_word' id='word_1_195' title='bbox 743 1328 766 1360; x_wconf 87' lang='lat' dir='ltr'><strong>ad</strong></span> <span class='ocrx_word' id='word_1_196' title='bbox 775 1338 837 1369; x_wconf 91' lang='lat' dir='ltr'><strong>omnes,</strong></span> 
     </span>
     <span class='ocr_line' id='line_1_23' title="bbox 137 1378 837 1422; baseline -0.003 -10"><span class='ocrx_word' id='word_1_197' title='bbox 137 1385 154 1413; x_wconf 92' lang='lat' dir='ltr'><strong>et</strong></span> <span class='ocrx_word' id='word_1_198' title='bbox 166 1380 212 1422; x_wconf 90' lang='lat' dir='ltr'><strong>quod</strong></span> <span class='ocrx_word' id='word_1_199' title='bbox 220 1379 253 1412; x_wconf 94' lang='lat' dir='ltr'><strong>hiis</strong></span> <span class='ocrx_word' id='word_1_200' title='bbox 260 1379 340 1412; x_wconf 88' lang='lat' dir='ltr'><strong>omnibus</strong></span> <span class='ocrx_word' id='word_1_201' title='bbox 348 1379 403 1412; x_wconf 89' lang='lat' dir='ltr'><strong>maius</strong></span> <span class='ocrx_word' id='word_1_202' title='bbox 411 1384 443 1419; x_wconf 88' lang='lat' dir='ltr'><strong>est,</strong></span> <span class='ocrx_word' id='word_1_203' title='bbox 452 1379 507 1420; x_wconf 80' lang='lat' dir='ltr'><strong>legem</strong></span> <span class='ocrx_word' id='word_1_204' title='bbox 518 1378 545 1412; x_wconf 91' lang='lat' dir='ltr'><strong>dei</strong></span> <span class='ocrx_word' id='word_1_205' title='bbox 553 1390 584 1421; x_wconf 88' lang='lat' dir='ltr'><strong>per</strong></span> <span class='ocrx_word' id='word_1_206' title='bbox 594 1378 652 1411; x_wconf 91' lang='lat' dir='ltr'><strong>omnia</strong></span> <span class='ocrx_word' id='word_1_207' title='bbox 663 1378 770 1420; x_wconf 85' lang='lat' dir='ltr'><strong>sequebatur.</strong></span> <span class='ocrx_word' id='word_1_208' title='bbox 792 1379 808 1411; x_wconf 89' lang='grc' dir='ltr'><em>Α</em></span> <span class='ocrx_word' id='word_1_209' title='bbox 811 1379 837 1411; x_wconf 84' lang='lat' dir='ltr'><strong>bbo</strong></span> 
     </span>
     <span class='ocr_line' id='line_1_24' title="bbox 138 1429 836 1473; baseline -0.001 -10"><span class='ocrx_word' id='word_1_210' title='bbox 138 1431 213 1464; x_wconf 81' lang='lat' dir='ltr'><strong>Floriac.</strong></span> <span class='ocrx_word' id='word_1_211' title='bbox 236 1431 314 1473; x_wconf 90' lang='lat' dir='ltr'><strong>Cumque</strong></span> <span class='ocrx_word' id='word_1_212' title='bbox 323 1436 358 1463; x_wconf 91' lang='lat' dir='ltr'><strong>tam</strong></span> <span class='ocrx_word' id='word_1_213' title='bbox 366 1430 468 1472; x_wconf 88' lang='lat' dir='ltr'><strong>conspicuus</strong></span> <span class='ocrx_word' id='word_1_214' title='bbox 477 1429 545 1463; x_wconf 89' lang='lat' dir='ltr'><strong>Christo</strong></span> <span class='ocrx_word' id='word_1_215' title='bbox 554 1436 571 1463; x_wconf 91' lang='lat' dir='ltr'><strong>et</strong></span> <span class='ocrx_word' id='word_1_216' title='bbox 582 1429 654 1463; x_wconf 88' lang='lat' dir='ltr'><strong>ecclesie</strong></span> <span class='ocrx_word' id='word_1_217' title='bbox 664 1429 746 1463; x_wconf 87' lang='lat' dir='ltr'><strong>emineret</strong></span> <span class='ocrx_word' id='word_1_218' title='bbox 756 1429 836 1462; x_wconf 88' lang='lat' dir='ltr'><strong>bonomm</strong></span> 
     </span>
     <span class='ocr_line' id='line_1_25' title="bbox 138 1478 837 1522; baseline -0.003 -9"><span class='ocrx_word' id='word_1_219' title='bbox 138 1486 207 1514; x_wconf 85' lang='lat' dir='ltr'><strong>actuum</strong></span> <span class='ocrx_word' id='word_1_220' title='bbox 215 1479 331 1513; x_wconf 84' lang='lat' dir='ltr'><strong>ornamentis:</strong></span> <span class='ocrx_word' id='word_1_221' title='bbox 344 1479 415 1512; x_wconf 88' lang='lat' dir='ltr'><strong>humani</strong></span> <span class='ocrx_word' id='word_1_222' title='bbox 423 1479 490 1521; x_wconf 87' lang='lat' dir='ltr'><strong>generis</strong></span> <span class='ocrx_word' id='word_1_223' title='bbox 501 1478 579 1513; x_wconf 90' lang='lat' dir='ltr'><strong>inimicus</strong></span> <span class='ocrx_word' id='word_1_224' title='bbox 590 1479 673 1522; x_wconf 89' lang='lat' dir='ltr'><strong>quosdam</strong></span> <span class='ocrx_word' id='word_1_225' title='bbox 684 1489 704 1511; x_wconf 92' lang='lat' dir='ltr'><strong>ex</strong></span> <span class='ocrx_word' id='word_1_226' title='bbox 714 1478 749 1511; x_wconf 91' lang='lat' dir='ltr'><strong>suis</strong></span> <span class='ocrx_word' id='word_1_227' title='bbox 758 1478 837 1511; x_wconf 91' lang='lat' dir='ltr'><strong>membris</strong></span> 
     </span>
     <span class='ocr_line' id='line_1_26' title="bbox 138 1528 837 1571; baseline -0.003 -8"><span class='ocrx_word' id='word_1_228' title='bbox 138 1530 154 1564; x_wconf 87' lang='lat' dir='ltr'><strong>ei</strong></span> <span class='ocrx_word' id='word_1_229' title='bbox 169 1530 277 1563; x_wconf 87' lang='lat' dir='ltr'><strong>aduersarios</strong></span> <span class='ocrx_word' id='word_1_230' title='bbox 291 1530 356 1562; x_wconf 89' lang='lat' dir='ltr'><strong>inmisit</strong></span> <span class='ocrx_word' id='word_1_231' title='bbox 371 1530 400 1571; x_wconf 91' lang='lat' dir='ltr'><strong>qui</strong></span> <span class='ocrx_word' id='word_1_232' title='bbox 415 1530 468 1562; x_wconf 89' lang='lat' dir='ltr'><strong>fidem</strong></span> <span class='ocrx_word' id='word_1_233' title='bbox 483 1530 546 1563; x_wconf 88' lang='lat' dir='ltr'><strong>Christi</strong></span> <span class='ocrx_word' id='word_1_234' title='bbox 562 1530 595 1562; x_wconf 92' lang='lat' dir='ltr'><strong>sibi</strong></span> <span class='ocrx_word' id='word_1_235' title='bbox 608 1534 711 1568; x_wconf 87' lang='lat' dir='ltr'><strong>excuterent,</strong></span> <span class='ocrx_word' id='word_1_236' title='bbox 723 1534 740 1561; x_wconf 91' lang='lat' dir='ltr'><strong>et</strong></span> <span class='ocrx_word' id='word_1_237' title='bbox 753 1528 837 1570; x_wconf 87' lang='lat' dir='ltr'><strong>paciencie</strong></span> 
     </span>
     <span class='ocr_line' id='line_1_27' title="bbox 111 1578 762 1624; baseline -0.002 -13"><span class='ocrx_word' id='word_1_238' title='bbox 111 1594 129 1624; x_wconf 78' lang='lat'><strong>²5</strong></span> <span class='ocrx_word' id='word_1_239' title='bbox 139 1578 286 1621; x_wconf 84' lang='lat' dir='ltr'><strong>perseueranciam</strong></span> <span class='ocrx_word' id='word_1_240' title='bbox 298 1580 417 1611; x_wconf 88' lang='lat' dir='ltr'><strong>subtrahentes</strong></span> <span class='ocrx_word' id='word_1_241' title='bbox 428 1579 501 1611; x_wconf 82' lang='lat' dir='ltr'><strong>fructum</strong></span> <span class='ocrx_word' id='word_1_242' title='bbox 512 1579 557 1611; x_wconf 90' lang='lat' dir='ltr'><strong>bone</strong></span> <span class='ocrx_word' id='word_1_243' title='bbox 569 1579 661 1611; x_wconf 86' lang='lat' dir='ltr'><strong>voluntatis</strong></span> <span class='ocrx_word' id='word_1_244' title='bbox 673 1579 762 1610; x_wconf 86' lang='lat' dir='ltr'><strong>auferrent.</strong></span> 
     </span>
     <span class='ocr_line' id='line_1_28' title="bbox 161 1634 837 1679; baseline -0.003 -11"><span class='ocrx_word' id='word_1_245' title='bbox 161 1635 254 1679; x_wconf 75' lang='lat' dir='ltr'><strong>Galsridus</strong></span> <span class='ocrx_word' id='word_1_246' title='bbox 266 1637 286 1668; x_wconf 81' lang='lat' dir='ltr'><strong>de</strong></span> <span class='ocrx_word' id='word_1_247' title='bbox 300 1636 384 1668; x_wconf 80' lang='lat' dir='ltr'><strong>Fontibus</strong></span> <span class='ocrx_word' id='word_1_248' title='bbox 396 1636 416 1667; x_wconf 83' lang='lat' dir='ltr'><strong>de</strong></span> <span class='ocrx_word' id='word_1_249' title='bbox 428 1636 507 1678; x_wconf 80' lang='lat' dir='ltr'><strong>infancia</strong></span> <span class='ocrx_word' id='word_1_250' title='bbox 518 1636 614 1667; x_wconf 75' lang='lat' dir='ltr'><strong>Ednznnrli.</strong></span> <span class='ocrx_word' id='word_1_251' title='bbox 637 1636 713 1667; x_wconf 81' lang='lat' dir='ltr'><strong>Fuerunt</strong></span> <span class='ocrx_word' id='word_1_252' title='bbox 724 1640 782 1666; x_wconf 89' lang='lat' dir='ltr'><strong>autem</strong></span> <span class='ocrx_word' id='word_1_253' title='bbox 793 1634 837 1666; x_wconf 90' lang='lat' dir='ltr'><strong>idem</strong></span> 
     </span>
     <span class='ocr_line' id='line_1_29' title="bbox 138 1685 837 1728; baseline -0.004 -8"><span class='ocrx_word' id='word_1_254' title='bbox 138 1686 232 1720; x_wconf 89' lang='lat' dir='ltr'><strong>aduersarii</strong></span> <span class='ocrx_word' id='word_1_255' title='bbox 248 1687 323 1728; x_wconf 83' lang='lat' dir='ltr'><strong>Ingnuar</strong></span> <span class='ocrx_word' id='word_1_256' title='bbox 337 1692 354 1719; x_wconf 87' lang='lat' dir='ltr'><strong>et</strong></span> <span class='ocrx_word' id='word_1_257' title='bbox 369 1686 420 1719; x_wconf 88' lang='lat' dir='ltr'><strong>Vbba</strong></span> <span class='ocrx_word' id='word_1_258' title='bbox 435 1686 506 1727; x_wconf 84' lang='lat' dir='ltr'><strong>gentiles</strong></span> <span class='ocrx_word' id='word_1_259' title='bbox 526 1692 543 1719; x_wconf 90' lang='lat' dir='ltr'><strong>et</strong></span> <span class='ocrx_word' id='word_1_260' title='bbox 561 1686 629 1728; x_wconf 87' lang='lat' dir='ltr'><strong>pagani,</strong></span> <span class='ocrx_word' id='word_1_261' title='bbox 645 1685 674 1718; x_wconf 89' lang='lat' dir='ltr'><strong>filii</strong></span> <span class='ocrx_word' id='word_1_262' title='bbox 689 1685 735 1727; x_wconf 83' lang='lat' dir='ltr'><strong>regis</strong></span> <span class='ocrx_word' id='word_1_263' title='bbox 750 1686 837 1718; x_wconf 90' lang='lat' dir='ltr'><strong>Danorum</strong></span> 
     </span>
     <span class='ocr_line' id='line_1_30' title="bbox 138 1734 836 1779; baseline -0.001 -11"><span class='ocrx_word' id='word_1_264' title='bbox 138 1736 229 1769; x_wconf 90' lang='lat' dir='ltr'><strong>Lothbroci</strong></span> <span class='ocrx_word' id='word_1_265' title='bbox 245 1736 320 1776; x_wconf 85' lang='lat' dir='ltr'><strong>nomine,</strong></span> <span class='ocrx_word' id='word_1_266' title='bbox 334 1736 363 1779; x_wconf 90' lang='lat' dir='ltr'><strong>qui</strong></span> <span class='ocrx_word' id='word_1_267' title='bbox 376 1736 431 1768; x_wconf 88' lang='lat' dir='ltr'><strong>‘riuus</strong></span> <span class='ocrx_word' id='word_1_268' title='bbox 443 1736 522 1768; x_wconf 89' lang='lat' dir='ltr'><strong>odiosus’</strong></span> <span class='ocrx_word' id='word_1_269' title='bbox 536 1737 660 1778; x_wconf 88' lang='lat' dir='ltr'><strong>interpretatur.</strong></span> <span class='ocrx_word' id='word_1_270' title='bbox 684 1736 715 1768; x_wconf 90' lang='lat' dir='ltr'><strong>Isti</strong></span> <span class='ocrx_word' id='word_1_271' title='bbox 728 1746 768 1768; x_wconf 89' lang='lat' dir='ltr'><strong>curn</strong></span> <span class='ocrx_word' id='word_1_272' title='bbox 782 1734 836 1768; x_wconf 86' lang='lat' dir='ltr'><strong>multis</strong></span> 
     </span>
     <span class='ocr_line' id='line_1_31' title="bbox 138 1784 837 1830; baseline -0.004 -11"><span class='ocrx_word' id='word_1_273' title='bbox 138 1786 175 1820; x_wconf 89' lang='lat' dir='ltr'><strong>aliis</strong></span> <span class='ocrx_word' id='word_1_274' title='bbox 184 1787 201 1819; x_wconf 92' lang='lat' dir='ltr'><strong>in</strong></span> <span class='ocrx_word' id='word_1_275' title='bbox 207 1786 299 1830; x_wconf 89' lang='lat' dir='ltr'><strong>aquilonali</strong></span> <span class='ocrx_word' id='word_1_276' title='bbox 308 1786 347 1819; x_wconf 91' lang='lat' dir='ltr'><strong>sinu</strong></span> <span class='ocrx_word' id='word_1_277' title='bbox 356 1787 443 1820; x_wconf 87' lang='lat' dir='ltr'><strong>Dacorum</strong></span> <span class='ocrx_word' id='word_1_278' title='bbox 451 1792 522 1829; x_wconf 89' lang='lat' dir='ltr'><strong>propter</strong></span> <span class='ocrx_word' id='word_1_279' title='bbox 527 1787 594 1820; x_wconf 89' lang='lat' dir='ltr'><strong>Gothos</strong></span> <span class='ocrx_word' id='word_1_280' title='bbox 602 1791 736 1826; x_wconf 88' lang='lat' dir='ltr'><strong>commanentes,</strong></span> <span class='ocrx_word' id='word_1_281' title='bbox 742 1796 762 1818; x_wconf 91' lang='lat' dir='ltr'><strong>ex</strong></span> <span class='ocrx_word' id='word_1_282' title='bbox 769 1784 837 1827; x_wconf 88' lang='lat' dir='ltr'><strong>antiqua</strong></span> 
     </span>
     <span class='ocr_line' id='line_1_32' title="bbox 110 1835 836 1879; baseline -0.004 -10"><span class='ocrx_word' id='word_1_283' title='bbox 110 1845 129 1873; x_wconf 80' lang='lat'><strong>30</strong></span> <span class='ocrx_word' id='word_1_284' title='bbox 138 1836 261 1870; x_wconf 89' lang='lat' dir='ltr'><strong>consuetudine</strong></span> <span class='ocrx_word' id='word_1_285' title='bbox 269 1837 359 1879; x_wconf 85' lang='lat' dir='ltr'><strong>piraticam</strong></span> <span class='ocrx_word' id='word_1_286' title='bbox 369 1836 435 1869; x_wconf 87' lang='lat' dir='ltr'><strong>rabiem</strong></span> <span class='ocrx_word' id='word_1_287' title='bbox 445 1841 548 1876; x_wconf 87' lang='lat' dir='ltr'><strong>exercentes,</strong></span> <span class='ocrx_word' id='word_1_288' title='bbox 556 1836 649 1868; x_wconf 85' lang='lat' dir='ltr'><strong>latrociniis</strong></span> <span class='ocrx_word' id='word_1_289' title='bbox 659 1842 676 1869; x_wconf 87' lang='lat' dir='ltr'><strong>et</strong></span> <span class='ocrx_word' id='word_1_290' title='bbox 686 1835 836 1877; x_wconf 88' lang='lat' dir='ltr'><strong>depredacionibus</strong></span> 
     </span>
     <span class='ocr_line' id='line_1_33' title="bbox 137 1885 836 1930; baseline -0.006 -11"><span class='ocrx_word' id='word_1_291' title='bbox 137 1898 158 1920; x_wconf 89' lang='lat' dir='ltr'><strong>ex</strong></span> <span class='ocrx_word' id='word_1_292' title='bbox 165 1892 202 1919; x_wconf 89' lang='lat' dir='ltr'><strong>toto</strong></span> <span class='ocrx_word' id='word_1_293' title='bbox 210 1897 228 1919; x_wconf 94' lang='lat' dir='ltr'><strong>se</strong></span> <span class='ocrx_word' id='word_1_294' title='bbox 236 1886 376 1930; x_wconf 88' lang='lat' dir='ltr'><strong>mancipauerant</strong></span> <span class='ocrx_word' id='word_1_295' title='bbox 382 1893 399 1919; x_wconf 92' lang='lat' dir='ltr'><strong>et</strong></span> <span class='ocrx_word' id='word_1_296' title='bbox 406 1887 463 1930; x_wconf 87' lang='lat' dir='ltr'><strong>plures</strong></span> <span class='ocrx_word' id='word_1_297' title='bbox 469 1886 566 1929; x_wconf 88' lang='lat' dir='ltr'><strong>prouincias</strong></span> <span class='ocrx_word' id='word_1_298' title='bbox 573 1886 636 1919; x_wconf 88' lang='lat' dir='ltr'><strong>crudeli</strong></span> <span class='ocrx_word' id='word_1_299' title='bbox 643 1885 743 1919; x_wconf 90' lang='lat' dir='ltr'><strong>exterminio</strong></span> <span class='ocrx_word' id='word_1_300' title='bbox 751 1885 836 1917; x_wconf 87' lang='lat' dir='ltr'><strong>dederant.</strong></span> 
     </span>
     <span class='ocr_line' id='line_1_34' title="bbox 137 1935 836 1978; baseline -0.004 -8"><span class='ocrx_word' id='word_1_301' title='bbox 137 1938 170 1970; x_wconf 86' lang='lat' dir='ltr'><strong>Est</strong></span> <span class='ocrx_word' id='word_1_302' title='bbox 181 1937 227 1970; x_wconf 92' lang='lat' dir='ltr'><strong>enirn</strong></span> <span class='ocrx_word' id='word_1_303' title='bbox 238 1947 280 1978; x_wconf 82' lang='lat' dir='ltr'><strong>gens</strong></span> <span class='ocrx_word' id='word_1_304' title='bbox 292 1937 336 1970; x_wconf 86' lang='lat' dir='ltr'><strong>mole</strong></span> <span class='ocrx_word' id='word_1_305' title='bbox 348 1937 424 1978; x_wconf 90' lang='lat' dir='ltr'><strong>corporis</strong></span> <span class='ocrx_word' id='word_1_306' title='bbox 435 1938 489 1970; x_wconf 89' lang='lat' dir='ltr'><strong>ardua</strong></span> <span class='ocrx_word' id='word_1_307' title='bbox 499 1942 516 1969; x_wconf 90' lang='lat' dir='ltr'><strong>et</strong></span> <span class='ocrx_word' id='word_1_308' title='bbox 527 1937 579 1977; x_wconf 85' lang='lat' dir='ltr'><strong>fortis,</strong></span> <span class='ocrx_word' id='word_1_309' title='bbox 588 1947 674 1970; x_wconf 91' lang='lat' dir='ltr'><strong>armorum</strong></span> <span class='ocrx_word' id='word_1_310' title='bbox 686 1946 748 1978; x_wconf 82' lang='lat' dir='ltr'><strong>genere</strong></span> <span class='ocrx_word' id='word_1_311' title='bbox 755 1935 836 1973; x_wconf 72' lang='lat' dir='ltr'><strong>terribilis</strong></span> 
     </span>
     <span class='ocr_line' id='line_1_35' title="bbox 138 1986 837 2030; baseline -0.003 -11"><span class='ocrx_word' id='word_1_312' title='bbox 138 1988 234 2021; x_wconf 89' lang='lat' dir='ltr'><strong>Gothorum</strong></span> <span class='ocrx_word' id='word_1_313' title='bbox 242 1987 315 2027; x_wconf 88' lang='lat' dir='ltr'><strong>soboles,</strong></span> <span class='ocrx_word' id='word_1_314' title='bbox 323 1993 340 2020; x_wconf 90' lang='lat' dir='ltr'><strong>et</strong></span> <span class='ocrx_word' id='word_1_315' title='bbox 348 1988 403 2020; x_wconf 86' lang='lat' dir='ltr'><strong>dictos</strong></span> <span class='ocrx_word' id='word_1_316' title='bbox 412 1999 430 2020; x_wconf 91' lang='lat' dir='ltr'><strong>se</strong></span> <span class='ocrx_word' id='word_1_317' title='bbox 439 1993 500 2029; x_wconf 86' lang='lat' dir='ltr'><strong>putant</strong></span> <span class='ocrx_word' id='word_1_318' title='bbox 510 1988 574 2027; x_wconf 89' lang='lat' dir='ltr'><strong>Dacos,</strong></span> <span class='ocrx_word' id='word_1_319' title='bbox 582 1987 630 2030; x_wconf 87' lang='lat' dir='ltr'><strong>quasi</strong></span> <span class='ocrx_word' id='word_1_320' title='bbox 639 1988 704 2028; x_wconf 82' lang='lat' dir='ltr'><strong>Dagos.</strong></span> <span class='ocrx_word' id='word_1_321' title='bbox 714 1987 736 2019; x_wconf 94' lang='lat' dir='ltr'><strong>de</strong></span> <span class='ocrx_word' id='word_1_322' title='bbox 744 1986 837 2019; x_wconf 87' lang='lat' dir='ltr'><strong>Gothorum</strong></span> 
     </span>
     <span class='ocr_line' id='line_1_36' title="bbox 138 2034 836 2078; baseline -0.003 -10"><span class='ocrx_word' id='word_1_323' title='bbox 138 2037 217 2069; x_wconf 87' lang='lat' dir='ltr'><strong>videlicet</strong></span> <span class='ocrx_word' id='word_1_324' title='bbox 226 2036 278 2077; x_wconf 79' lang='lat' dir='ltr'><strong>stirpe</strong></span> <span class='ocrx_word' id='word_1_325' title='bbox 287 2041 358 2069; x_wconf 90' lang='lat' dir='ltr'><strong>creatos.</strong></span> <span class='ocrx_word' id='word_1_326' title='bbox 380 2038 434 2078; x_wconf 71' lang='lat' dir='ltr'><strong>ilQui</strong></span> <span class='ocrx_word' id='word_1_327' title='bbox 442 2043 499 2069; x_wconf 89' lang='lat' dir='ltr'><strong>tamen</strong></span> <span class='ocrx_word' id='word_1_328' title='bbox 511 2048 545 2069; x_wconf 90' lang='lat' dir='ltr'><strong>non</strong></span> <span class='ocrx_word' id='word_1_329' title='bbox 557 2043 622 2069; x_wconf 89' lang='lat' dir='ltr'><strong>tantum</strong></span> <span class='ocrx_word' id='word_1_330' title='bbox 632 2036 742 2069; x_wconf 87' lang='lat' dir='ltr'><strong>confidebant</strong></span> <span class='ocrx_word' id='word_1_331' title='bbox 753 2036 770 2068; x_wconf 92' lang='lat' dir='ltr'><strong>in</strong></span> <span class='ocrx_word' id='word_1_332' title='bbox 782 2034 836 2071; x_wconf 88' lang='lat' dir='ltr'><strong>armis,</strong></span> 
     </span>
     <span class='ocr_line' id='line_1_37' title="bbox 110 2082 836 2128; baseline -0.003 -11"><span class='ocrx_word' id='word_1_333' title='bbox 110 2094 128 2124; x_wconf 76' lang='lat'><strong>55</strong></span> <span class='ocrx_word' id='word_1_334' title='bbox 138 2091 221 2128; x_wconf 87' lang='lat' dir='ltr'><strong>quantum</strong></span> <span class='ocrx_word' id='word_1_335' title='bbox 229 2085 246 2117; x_wconf 94' lang='lat' dir='ltr'><strong>in</strong></span> <span class='ocrx_word' id='word_1_336' title='bbox 254 2086 303 2119; x_wconf 90' lang='lat' dir='ltr'><strong>Vbbe</strong></span> <span class='ocrx_word' id='word_1_337' title='bbox 315 2084 420 2118; x_wconf 87' lang='lat' dir='ltr'><strong>demoniacis</strong></span> <span class='ocrx_word' id='word_1_338' title='bbox 432 2085 497 2118; x_wconf 92' lang='lat' dir='ltr'><strong>artibus</strong></span> <span class='ocrx_word' id='word_1_339' title='bbox 509 2091 525 2118; x_wconf 91' lang='lat' dir='ltr'><strong>et</strong></span> <span class='ocrx_word' id='word_1_340' title='bbox 537 2085 624 2128; x_wconf 90' lang='lat' dir='ltr'><strong>inquibus</strong></span> <span class='ocrx_word' id='word_1_341' title='bbox 636 2085 744 2118; x_wconf 88' lang='lat' dir='ltr'><strong>imbuebatur</strong></span> <span class='ocrx_word' id='word_1_342' title='bbox 751 2082 836 2117; x_wconf 86' lang='lat' dir='ltr'><strong>maleficiis</strong></span> 
     </span>
     <span class='ocr_line' id='line_1_38' title="bbox 138 2131 836 2178; baseline -0.006 -9"><span class='ocrx_word' id='word_1_343' title='bbox 138 2140 155 2169; x_wconf 91' lang='lat' dir='ltr'><strong>et</strong></span> <span class='ocrx_word' id='word_1_344' title='bbox 164 2135 251 2169; x_wconf 91' lang='lat' dir='ltr'><strong>virulentis</strong></span> <span class='ocrx_word' id='word_1_345' title='bbox 261 2135 353 2178; x_wconf 85' lang='lat' dir='ltr'><strong>prestigiis.</strong></span> <span class='ocrx_word' id='word_1_346' title='bbox 397 2135 437 2169; x_wconf 84' lang='lat' dir='ltr'><strong>Fuit</strong></span> <span class='ocrx_word' id='word_1_347' title='bbox 448 2134 494 2169; x_wconf 90' lang='lat' dir='ltr'><strong>enim</strong></span> <span class='ocrx_word' id='word_1_348' title='bbox 505 2145 526 2168; x_wconf 85' lang='lat' dir='ltr'><strong>ex</strong></span> <span class='ocrx_word' id='word_1_349' title='bbox 537 2142 573 2170; x_wconf 90' lang='lat' dir='ltr'><strong>toto</strong></span> <span class='ocrx_word' id='word_1_350' title='bbox 583 2135 661 2169; x_wconf 91' lang='lat' dir='ltr'><strong>minister</strong></span> <span class='ocrx_word' id='word_1_351' title='bbox 672 2134 772 2178; x_wconf 86' lang='lat' dir='ltr'><strong>iniquitatis,</strong></span> <span class='ocrx_word' id='word_1_352' title='bbox 780 2140 796 2168; x_wconf 87' lang='lat' dir='ltr'><strong>et</strong></span> <span class='ocrx_word' id='word_1_353' title='bbox 807 2131 836 2166; x_wconf 88' lang='lat' dir='ltr'><strong>sibi</strong></span> 
     </span>
     <span class='ocr_line' id='line_1_39' title="bbox 139 2180 836 2229; baseline -0.007 -10"><span class='ocrx_word' id='word_1_354' title='bbox 139 2185 272 2228; x_wconf 88' lang='lat' dir='ltr'><strong>obsequentibus</strong></span> <span class='ocrx_word' id='word_1_355' title='bbox 284 2186 324 2219; x_wconf 88' lang='lat' dir='ltr'><strong>artis</strong></span> <span class='ocrx_word' id='word_1_356' title='bbox 335 2186 432 2219; x_wconf 87' lang='lat' dir='ltr'><strong>matheseos</strong></span> <span class='ocrx_word' id='word_1_357' title='bbox 443 2185 530 2228; x_wconf 84' lang='lat' dir='ltr'><strong>magister.</strong></span> <span class='ocrx_word' id='word_1_358' title='bbox 552 2187 643 2229; x_wconf 92' lang='lat' dir='ltr'><strong>Tantaque</strong></span> <span class='ocrx_word' id='word_1_359' title='bbox 655 2185 745 2219; x_wconf 87' lang='lat' dir='ltr'><strong>securitate</strong></span> <span class='ocrx_word' id='word_1_360' title='bbox 757 2184 796 2217; x_wconf 92' lang='lat' dir='ltr'><strong>huic</strong></span> <span class='ocrx_word' id='word_1_361' title='bbox 807 2180 836 2216; x_wconf 86' lang='lat' dir='ltr'><strong>arti</strong></span> 
     </span>
     <span class='ocr_line' id='line_1_40' title="bbox 138 2232 835 2279; baseline -0.007 -9"><span class='ocrx_word' id='word_1_362' title='bbox 138 2237 232 2270; x_wconf 89' lang='lat' dir='ltr'><strong>inoleuerat</strong></span> <span class='ocrx_word' id='word_1_363' title='bbox 242 2237 288 2278; x_wconf 93' lang='lat' dir='ltr'><strong>quod</strong></span> <span class='ocrx_word' id='word_1_364' title='bbox 298 2236 354 2270; x_wconf 87' lang='lat' dir='ltr'><strong>hostili</strong></span> <span class='ocrx_word' id='word_1_365' title='bbox 365 2236 445 2270; x_wconf 89' lang='lat' dir='ltr'><strong>exercitui</strong></span> <span class='ocrx_word' id='word_1_366' title='bbox 456 2236 600 2279; x_wconf 87' lang='lat' dir='ltr'><strong>appropinquans,</strong></span> <span class='ocrx_word' id='word_1_367' title='bbox 609 2236 683 2270; x_wconf 90' lang='lat' dir='ltr'><strong>diceret:</strong></span> <span class='ocrx_word' id='word_1_368' title='bbox 696 2235 773 2278; x_wconf 79' lang='lat' dir='ltr'><strong>‘Edgite</strong></span> <span class='ocrx_word' id='word_1_369' title='bbox 784 2244 811 2267; x_wconf 90' lang='lat' dir='ltr'><strong>me</strong></span> <span class='ocrx_word' id='word_1_370' title='bbox 820 2232 835 2265; x_wconf 89' lang='lat' dir='ltr'><strong>in</strong></span> 
     </span>
     <span class='ocr_line' id='line_1_41' title="bbox 138 2284 836 2329; baseline 0 -10"><span class='ocrx_word' id='word_1_371' title='bbox 138 2286 192 2319; x_wconf 84' lang='lat' dir='ltr'><strong>altum</strong></span> <span class='ocrx_word' id='word_1_372' title='bbox 203 2291 221 2318; x_wconf 88' lang='lat' dir='ltr'><strong>vt</strong></span> <span class='ocrx_word' id='word_1_373' title='bbox 233 2286 353 2327; x_wconf 86' lang='lat' dir='ltr'><strong>superuideam</strong></span> <span class='ocrx_word' id='word_1_374' title='bbox 364 2286 466 2319; x_wconf 68' lang='lat' dir='ltr'><strong>exercitum!</strong></span> <span class='ocrx_word' id='word_1_375' title='bbox 493 2287 549 2329; x_wconf 77' lang='lat' dir='ltr'><strong>Quem</strong></span> <span class='ocrx_word' id='word_1_376' title='bbox 560 2287 574 2319; x_wconf 93' lang='lat' dir='ltr'><strong>si</strong></span> <span class='ocrx_word' id='word_1_377' title='bbox 586 2287 692 2328; x_wconf 88' lang='lat' dir='ltr'><strong>contingeret</strong></span> <span class='ocrx_word' id='word_1_378' title='bbox 704 2284 836 2327; x_wconf 73' lang='lat' dir='ltr'><strong>circumspicere,</strong></span> 
     </span>
     <span class='ocr_line' id='line_1_42' title="bbox 109 2333 836 2379; baseline -0.01 -10"><span class='ocrx_word' id='word_1_379' title='bbox 109 2349 129 2379; x_wconf 80' lang='lat'><strong>40</strong></span> <span class='ocrx_word' id='word_1_380' title='bbox 138 2335 248 2376; x_wconf 81' lang='lat' dir='ltr'><strong>contingebat</strong></span> <span class='ocrx_word' id='word_1_381' title='bbox 256 2336 346 2368; x_wconf 89' lang='lat' dir='ltr'><strong>aduersam</strong></span> <span class='ocrx_word' id='word_1_382' title='bbox 358 2341 424 2377; x_wconf 86' lang='lat' dir='ltr'><strong>partem</strong></span> <span class='ocrx_word' id='word_1_383' title='bbox 436 2335 535 2377; x_wconf 89' lang='lat' dir='ltr'><strong>pessumire,</strong></span> <span class='ocrx_word' id='word_1_384' title='bbox 543 2335 572 2368; x_wconf 95' lang='lat' dir='ltr'><strong>illo</strong></span> <span class='ocrx_word' id='word_1_385' title='bbox 582 2335 653 2377; x_wconf 84' lang='lat' dir='ltr'><strong>magicis</strong></span> <span class='ocrx_word' id='word_1_386' title='bbox 664 2335 766 2378; x_wconf 91' lang='lat' dir='ltr'><strong>quibusdam</strong></span> <span class='ocrx_word' id='word_1_387' title='bbox 774 2333 836 2366; x_wconf 86' lang='lat' dir='ltr'><strong>artibus</strong></span> 
     </span>
     <span class='ocr_line' id='line_1_43' title="bbox 137 2379 836 2431; baseline -0.01 -12"><span class='ocrx_word' id='word_1_388' title='bbox 137 2387 247 2431; x_wconf 84' lang='lat' dir='ltr'><strong>preualente;</strong></span> <span class='ocrx_word' id='word_1_389' title='bbox 259 2396 294 2419; x_wconf 93' lang='lat' dir='ltr'><strong>non</strong></span> <span class='ocrx_word' id='word_1_390' title='bbox 302 2385 342 2429; x_wconf 93' lang='lat' dir='ltr'><strong>quia</strong></span> <span class='ocrx_word' id='word_1_391' title='bbox 350 2385 444 2419; x_wconf 86' lang='lat' dir='ltr'><strong>efficaciam</strong></span> <span class='ocrx_word' id='word_1_392' title='bbox 451 2386 526 2419; x_wconf 90' lang='lat' dir='ltr'><strong>habeant</strong></span> <span class='ocrx_word' id='word_1_393' title='bbox 537 2386 587 2420; x_wconf 92' lang='lat' dir='ltr'><strong>huius</strong></span> <span class='ocrx_word' id='word_1_394' title='bbox 598 2386 640 2420; x_wconf 87' lang='lat' dir='ltr'><strong>artis</strong></span> <span class='ocrx_word' id='word_1_395' title='bbox 647 2386 735 2425; x_wconf 85' lang='lat' dir='ltr'><strong>maleficia,</strong></span> <span class='ocrx_word' id='word_1_396' title='bbox 743 2383 775 2418; x_wconf 92' lang='lat' dir='ltr'><strong>nisi</strong></span> <span class='ocrx_word' id='word_1_397' title='bbox 783 2394 803 2416; x_wconf 89' lang='lat' dir='ltr'><strong>ex</strong></span> <span class='ocrx_word' id='word_1_398' title='bbox 811 2379 836 2414; x_wconf 90' lang='lat' dir='ltr'><strong>dei</strong></span> 
     </span>
     <span class='ocr_line' id='line_1_44' title="bbox 137 2432 836 2480; baseline -0.007 -9"><span class='ocrx_word' id='word_1_399' title='bbox 137 2443 190 2471; x_wconf 85' lang='lat' dir='ltr'><strong>cunta</strong></span> <span class='ocrx_word' id='word_1_400' title='bbox 201 2437 308 2480; x_wconf 88' lang='lat' dir='ltr'><strong>disponentis</strong></span> <span class='ocrx_word' id='word_1_401' title='bbox 318 2436 436 2479; x_wconf 86' lang='lat' dir='ltr'><strong>prouidencia,</strong></span> <span class='ocrx_word' id='word_1_402' title='bbox 447 2442 464 2469; x_wconf 81' lang='lat' dir='ltr'><strong>et</strong></span> <span class='ocrx_word' id='word_1_403' title='bbox 475 2447 496 2469; x_wconf 90' lang='lat' dir='ltr'><strong>ex</strong></span> <span class='ocrx_word' id='word_1_404' title='bbox 509 2437 569 2471; x_wconf 91' lang='lat' dir='ltr'><strong>merito</strong></span> <span class='ocrx_word' id='word_1_405' title='bbox 583 2437 666 2480; x_wconf 89' lang='lat' dir='ltr'><strong>pacientis</strong></span> <span class='ocrx_word' id='word_1_406' title='bbox 678 2436 753 2470; x_wconf 91' lang='lat' dir='ltr'><strong>hominis</strong></span> <span class='ocrx_word' id='word_1_407' title='bbox 766 2432 836 2468; x_wconf 80' lang='lat' dir='ltr'><strong>miseria·</strong></span> 
     </span>
     <span class='ocr_line' id='line_1_45' title="bbox 137 2481 836 2530; baseline -0.004 -10"><span class='ocrx_word' id='word_1_408' title='bbox 137 2487 148 2519; x_wconf 79' lang='lat' dir='ltr'><strong>tl</strong></span> <span class='ocrx_word' id='word_1_409' title='bbox 158 2488 238 2529; x_wconf 82' lang='lat' dir='ltr'><strong>Quadam</strong></span> <span class='ocrx_word' id='word_1_410' title='bbox 249 2487 300 2528; x_wconf 84' lang='lat' dir='ltr'><strong>igitur</strong></span> <span class='ocrx_word' id='word_1_411' title='bbox 312 2487 340 2519; x_wconf 93' lang='lat' dir='ltr'><strong>die</strong></span> <span class='ocrx_word' id='word_1_412' title='bbox 353 2487 393 2519; x_wconf 91' lang='lat' dir='ltr'><strong>dum</strong></span> <span class='ocrx_word' id='word_1_413' title='bbox 405 2486 506 2519; x_wconf 82' lang='lat' dir='ltr'><strong>fraudulenti</strong></span> <span class='ocrx_word' id='word_1_414' title='bbox 518 2487 547 2520; x_wconf 90' lang='lat' dir='ltr'><strong>filii</strong></span> <span class='ocrx_word' id='word_1_415' title='bbox 560 2488 604 2529; x_wconf 88' lang='lat' dir='ltr'><strong>patri</strong></span> <span class='ocrx_word' id='word_1_416' title='bbox 615 2498 690 2530; x_wconf 92' lang='lat' dir='ltr'><strong>nequam</strong></span> <span class='ocrx_word' id='word_1_417' title='bbox 701 2487 805 2524; x_wconf 87' lang='lat' dir='ltr'><strong>assisterent,</strong></span> <span class='ocrx_word' id='word_1_418' title='bbox 816 2481 836 2514; x_wconf 70' lang='lat' dir='ltr'><strong>de</strong></span> 
     </span>
     <span class='ocr_line' id='line_1_46' title="bbox 137 2536 835 2581; baseline -0.004 -11"><span class='ocrx_word' id='word_1_419' title='bbox 137 2537 221 2581; x_wconf 87' lang='lat' dir='ltr'><strong>probitate</strong></span> <span class='ocrx_word' id='word_1_420' title='bbox 227 2536 304 2580; x_wconf 83' lang='lat' dir='ltr'><strong>maligna</strong></span> <span class='ocrx_word' id='word_1_421' title='bbox 309 2543 326 2570; x_wconf 92' lang='lat' dir='ltr'><strong>et</strong></span> <span class='ocrx_word' id='word_1_422' title='bbox 333 2536 426 2570; x_wconf 90' lang='lat' dir='ltr'><strong>insolencia</strong></span> <span class='ocrx_word' id='word_1_423' title='bbox 433 2546 464 2570; x_wconf 92' lang='lat' dir='ltr'><strong>sua</strong></span> <span class='ocrx_word' id='word_1_424' title='bbox 470 2537 542 2579; x_wconf 90' lang='lat' dir='ltr'><strong>superbe</strong></span> <span class='ocrx_word' id='word_1_425' title='bbox 548 2538 664 2571; x_wconf 87' lang='lat' dir='ltr'><strong>conserentes:</strong></span> <span class='ocrx_word' id='word_1_426' title='bbox 677 2543 725 2581; x_wconf 92' lang='lat' dir='ltr'><strong>pater</strong></span> <span class='ocrx_word' id='word_1_427' title='bbox 733 2544 791 2570; x_wconf 89' lang='lat' dir='ltr'><strong>eorum</strong></span> <span class='ocrx_word' id='word_1_428' title='bbox 799 2540 835 2567; x_wconf 81' lang='lat' dir='ltr'><strong>cum</strong></span> 
     </span>
    </p>
   </div>
   <div class='ocr_carea' id='block_1_4' title="bbox 0 0 886 2803">
    <p class='ocr_par' dir='ltr' id='par_1_4' title="bbox 0 0 886 2803">
     <span class='ocr_line' id='line_1_47' title="bbox 0 0 886 2803; baseline 0 0"><span class='ocrx_word' id='word_1_429' title='bbox 0 0 886 2803; x_wconf 95' lang='lat' dir='ltr'><strong> </strong></span> 
     </span>
    </p>
   </div>
  </div>
 </body>
</html>
