1762 2803
158 167 218 213 370⁴
349 156 428 209 aaut
444 152 560 216 tramea
575 152 669 216 anglic.

159 277 252 322 Egbinus,·
264 278 287 311 ad
303 287 357 321 quem
370 276 386 310 si
399 276 457 310 filium
468 281 520 310 tuum
536 275 615 319 duxeris,
629 276 725 310 sanitatem
739 276 777 310 suis
789 275 860 310 meritis

158 331 175 366 ei
187 329 310 376 impetrabis.’'
331 328 381 363 Viuit
393 340 437 373 ergo
449 329 534 364 dominus
546 330 594 374 quod
604 340 615 364 a
625 334 643 363 te
654 339 691 363 non
703 330 794 372 recedam,
802 329 860 363 donec

159 385 217 417 filium
225 393 287 416 meum
294 383 404 416 incolumem
412 388 454 416 ante
462 393 492 416 me
500 384 598 417 reducam!
620 383 673 417 Tunc
681 388 754 416 sanctus
762 381 860 416 oratorium

159 437 234 477 intrans,
242 436 261 469 in
273 435 355 468 oratione
366 440 409 468 ante
416 435 473 468 altare
481 434 540 475 iacuit,
548 445 642 478 quousque
654 434 761 469 adolescens
772 434 794 468 a¹
806 435 861 467 domo

142 487 222 529 5matris
238 488 314 522 veniens
330 487 387 521 dixit:
405 487 489 521 ‘Gratias
506 487 539 521 tibi
554 498 588 531 ago
603 492 656 531 pater
662 488 673 530 ²,
688 487 719 531 qui
734 497 765 521 me
781 487 799 520 in
814 487 861 520 lecto

159 539 266 584 egritudinis
278 541 367 574 iacentem
378 539 456 573 visitasti
469 545 488 573 et
498 540 535 574 tuis
546 539 630 574 manibus
643 540 723 581 erexisti,
735 545 822 583 tanteque
833 538 862 572 in-

159 593 239 627 firmitati
258 592 354 627 sanitatem
374 592 455 626 donasti)
477 592 530 626 Tunc
549 593 622 636 erigens
637 592 701 627 sevir
716 597 790 626 sanctus
806 593 861 626 deum

159 646 258 689 benedixit,
264 651 282 680 et
290 645 402 680 adolescenti
407 645 418 687 ³,
425 651 444 680 vt
450 646 521 680 nemini
527 646 601 688 diceret,
608 656 630 680 eo
638 646 687 689 quod
695 656 732 679 non
740 646 778 679 suis
786 644 861 688 meritis,

103 739 105 743 ,
159 701 192 735 sed
204 700 262 743 gratia
273 699 303 733 del
314 704 389 733 sanatus
401 705 457 740 esset,
469 699 555 742 precepit.
577 698 628 733 Vixit
639 704 700 732 autem
712 698 731 732 in
744 699 810 732 eodem
822 698 862 731 loco

132 766 151 786 ro
159 758 233 787 sanctus
244 752 273 786 dei
283 750 414 795 annisviginti,
425 762 472 795 opus
482 751 513 785 dei
524 762 604 795 operans
616 756 634 785 et
644 751 742 785 sanitatem
753 751 862 785 infirmanti-

160 807 194 839 bus
208 806 283 839 donans.
305 804 365 838 Tante
376 804 401 838 ibi
412 804 445 838 fuit
457 804 573 846 abstinentie,
584 809 603 839 vt
617 804 732 839 hebdomada
745 804 796 838 cibus
809 804 862 838 ineo

160 869 196 892 non
207 858 289 900 intraret,
299 858 334 891 nisi
343 863 414 892 tantum
424 859 487 901 quinta
497 857 543 892 feria
553 857 606 901 panis
619 863 637 891 et
647 868 699 901 aqua.
721 856 790 890 Vinum
801 861 862 890 autem

160 922 197 945 non
205 911 279 944 bibebat
287 910 322 944 nisi
329 911 403 954 quando
411 910 561 944 communicabat.
580 910 662 953 Cumque
670 909 706 943 iam
714 915 765 943 esset
772 909 862 953 octoginta

160 962 216 996 trium
227 962 266 996 fere
278 973 374 1004 annorum,
387 962 425 996 acri
440 962 503 996 dolore
518 962 608 1006 fatigatus,
622 961 708 996 fratribus
722 962 783 1005 quiin
797 962 862 995 eadem

134 1016 220 1058 15insula
239 1016 356 1048 morabantur
373 1014 476 1047 conuocatis
491 1014 559 1047 obitum
578 1024 632 1048 suum
647 1014 732 1057 predixit,
746 1024 814 1057 eosque
828 1014 863 1048 deo

161 1069 298 1109 commendans,
306 1067 391 1111 spiritum
399 1067 483 1108 reddidit,
492 1067 628 1111 quartodecimo
636 1067 725 1102 kalendas
733 1065 845 1102 nouembris.

183 1141 230 1184 [MS.
239 1142 259 1174 T.
268 1142 325 1174 adds:
451 1140 537 1174 Narratio
542 1141 553 1175 ⁴.

182 1192 281 1233 Venerunt
297 1198 371 1243 quidam
385 1199 452 1232 fratres
466 1199 489 1233 ad
503 1199 595 1243 quendam
611 1208 682 1239 senem,
695 1198 785 1232 habentes
799 1208 863 1233 secum

122 1284 124 1288 ,
161 1262 218 1285 unum
227 1251 375 1294 quiademonio
385 1251 491 1292 uexabatun
500 1257 519 1284 ut
529 1256 622 1285 curaretur
631 1253 654 1285 ab
664 1251 695 1285 illo
706 1262 755 1286 sene.
800 1251 864 1285 Senex

161 1314 205 1347 ergo
219 1314 261 1337 cum
276 1303 307 1337 din
320 1308 421 1347 rogaretur,
437 1303 482 1339 dixit
497 1303 581 1338 demoni:
595 1303 639 1337 ‘Exi
654 1303 677 1337 de
693 1303 762 1337 factura
777 1303 817 1337 dei!
841 1303 864 1336 Et

134 1368 154 1390 ιο
161 1357 257 1400 respondit
265 1357 342 1390 demon:
355 1356 422 1391 ‘Exeo
445 1355 478 1389 Set
486 1356 578 1399 interrogo
589 1361 607 1390 te
618 1366 675 1389 unum
682 1356 770 1390 uerbum:
783 1361 803 1389 ut
814 1356 864 1390 dicas

162 1409 217 1443 michi
228 1409 259 1452 qui
269 1415 311 1443 sunt
321 1408 356 1450 edi,
365 1413 382 1442 et
391 1407 421 1452 qui
433 1412 476 1442 sunt
485 1409 537 1452 agni!
561 1408 584 1442 Et
596 1408 641 1442 dixit
652 1418 723 1442 senex:
736 1408 780 1442 ‘Edi
790 1409 864 1452 quidem

161 1462 207 1496 tales
219 1466 262 1495 sunt
272 1461 330 1506 qualis
342 1472 388 1504 ego:
402 1472 459 1504 agnos
466 1471 511 1495 vero
522 1461 552 1495 dei
564 1460 605 1505 quis
617 1460 683 1495 seit⁶t¹
708 1461 730 1496 Et
742 1461 819 1495 audiens
830 1461 864 1495 hoc

162 1515 235 1557 demon,
249 1514 334 1548 clamauit
345 1525 390 1548 uoce
403 1525 471 1558 magna
482 1513 557 1548 dicens:
570 1514 629 1548 ‘Ecce
640 1518 717 1557 propter
728 1513 782 1548 istam
794 1514 864 1548 humili-

162 1574 218 1602 tatem
226 1574 276 1601 tuam
287 1568 343 1601 exeo!
367 1567 391 1601 Et
401 1567 445 1601 exiit
454 1568 519 1601 eadem
527 1567 576 1601 hora.
621 1559 714 1601 *Cuidam
722 1567 772 1607 lratri
781 1566 865 1611 apparuit

136 1631 154 1663 ²5
163 1619 245 1655 diabolus
260 1619 401 1654 transformatus
416 1618 435 1653 in
450 1619 536 1663 angelum
552 1620 604 1660 lucis,
617 1625 635 1653 et
651 1619 696 1653 dixit
711 1620 734 1653 ad
750 1630 803 1653 eum:
815 1619 865 1664 ‘Ego

163 1684 204 1709 sum
213 1673 291 1715 Gabriel,
303 1678 321 1706 et
332 1674 400 1707 missus
410 1684 451 1706 sum
462 1674 485 1707 ad
496 1676 524 1707 te!
547 1673 580 1707 llle
589 1683 634 1706 uero
644 1672 689 1706 dixit
699 1672 726 1707 ei:
739 1672 797 1707 ‘Vide
809 1684 832 1707 ne
842 1673 865 1707 ad

163 1727 218 1760 alium
231 1727 299 1759 missus
311 1725 348 1759 sis:
361 1736 395 1769 ego
408 1731 469 1759 autem
482 1737 520 1759 non
535 1736 576 1760 sum
588 1727 654 1769 dignus
666 1731 685 1759 ut
697 1727 773 1770 angelus
785 1727 866 1761 mittatur

162 1781 186 1814 ad
199 1781 239 1813 me)
262 1779 350 1813 Diabolus
361 1779 423 1813 statim
437 1790 474 1813 non
490 1779 596 1822 comparuit.
642 1771 736 1813 Dicebant
752 1791 808 1814 senes
824 1779 866 1824 quia

163 1830 178 1865 si
186 1842 220 1875 pro
228 1831 304 1864 ueritate
312 1832 388 1873 angelus
396 1832 429 1864 tibi
436 1837 529 1874 appareat,
539 1841 576 1864 non
588 1832 679 1874 suscipias
689 1831 747 1872 facile,
755 1837 783 1866 set
791 1832 867 1866 humilia

135 1897 155 1926 30
162 1884 286 1927 temetipsum,
298 1884 372 1918 dicens:
388 1883 440 1917 ‘Non
456 1893 497 1917 sum
509 1884 575 1928 dignus
588 1883 675 1929 angelum
686 1884 755 1927 uidere,
767 1884 832 1919 uluens
847 1884 866 1918 in

162 1936 261 1982 peccatis.¹]

258 2000 273 2036 il
286 1992 319 2034 Da
331 2009 401 2034 sxncro
414 1991 494 2033 Eowrno
505 2009 593 2034 nrrscoro
604 2010 627 2033 ar
638 2010 756 2034 conrnssonn
761 2000 773 2033 ⁷.

163 2060 314 2140 TEmporibus
333 2070 397 2105 regum
416 2059 511 2096 Ethelredi
530 2066 584 2105 atque
602 2059 689 2103 Kenredi,
706 2060 737 2105 qui
756 2060 867 2096 Merciorum

223 2114 306 2158 regimen
324 2115 447 2156 obtinuerunt,
466 2115 485 2148 in
503 2115 595 2148 territorio
614 2114 742 2157 Wigorniensi
761 2115 821 2150 extitit
839 2116 868 2151 vir

163 2167 260 2211 religiosus
273 2166 348 2201 nomine
361 2166 453 2210 Egninus,
465 2167 522 2211 regali
536 2178 560 2201 ex
573 2167 659 2211 prosapia
672 2173 734 2211 ortus,
749 2167 811 2212 quiin
823 2170 867 2203 ado-

136 2229 154 2261 35
163 2220 251 2255 lescentia
265 2221 342 2264 positus,
353 2220 455 2263 postposita
465 2219 554 2254 secularis
565 2219 624 2254 fastus
635 2221 736 2256 ambitione
748 2226 766 2256 et
777 2221 868 2256 bonorum

163 2273 292 2316 temporalium
306 2272 422 2311 iocunditate,
437 2277 567 2315 paupertatem
581 2273 703 2307 voluntariam
720 2279 797 2317 propter
812 2275 868 2308 deum

164 2325 263 2370 appetiuit,
271 2331 289 2360 et
300 2324 424 2359 ecclesiastico
435 2324 491 2358 cultui
503 2324 607 2369 diuinisque
618 2325 683 2359 officiis
695 2336 716 2360 se
729 2325 803 2360 omnino
816 2337 867 2361 man·

183 2405 217 2434 1Ε.
225 2405 247 2434 in.
298 2404 332 2434 ²13.
340 2409 426 2441 paterago.
478 2403 638 2433 ³E.adolescentull.
696 2404 775 2433 ⁴Exvit,
783 2405 824 2434 Patr.
832 2407 867 2442 964.

164 2445 170 2463 ⁵
178 2444 211 2474 VP.
219 2445 300 2482 agnivero
307 2444 333 2482 qui
340 2444 377 2480 sint,
385 2444 425 2473 deus
432 2443 466 2472 scit.
522 2442 528 2460 ⁴¹
538 2442 569 2473 Vit.
578 2444 611 2473 Pat.
618 2444 653 2481 965.
710 2442 715 2460 ⁷
727 2443 761 2481 Ed,
768 2443 808 2474 from
815 2454 825 2474 a
832 2444 868 2474 MS.

164 2485 206 2515 Rub.
211 2485 261 2514 Vallis
268 2485 299 2513 and
306 2485 369 2522 Capgr,
376 2484 393 2512 in
400 2483 435 2513 Act.
444 2483 473 2512 SS.
480 2482 519 2511 Boll.
528 2483 560 2513 lan.
569 2483 581 2512 l.
588 2493 604 2520 p.
613 2493 646 2521 707,
654 2484 685 2512 and
692 2483 708 2512 in
716 2483 790 2513 Mabillon
798 2484 827 2513 Ill.
833 2486 868 2520 318.

163 2525 198 2554 The
205 2528 239 2554 text
248 2525 261 2553 is
272 2534 293 2554 an
300 2525 400 2561 abridgment
409 2524 428 2553 of
436 2523 463 2552 the
470 2522 506 2552 Vita
515 2523 537 2560 by
545 2523 618 2553 Dominio
625 2523 641 2553 in
649 2523 682 2554 MS.
691 2523 743 2554 Rawl,
749 2523 765 2554 A
772 2525 807 2562 287,
815 2524 839 2554 ed.
847 2524 868 2562 by

164 2564 229 2602 Macray
235 2565 252 2593 in
259 2564 318 2594 Chron.
327 2564 397 2594 abbatiae
404 2563 424 2592 de
432 2563 510 2592 Evesharn
518 2562 575 2603 (Roll's
583 2564 641 2602 Series,
652 2564 705 2604 1883),
713 2564 766 2594 which
774 2564 788 2594 is
797 2564 868 2595 founded

164 2613 185 2635 on
192 2605 220 2634 the
227 2604 272 2634 older
278 2604 304 2634 lite
311 2605 327 2633 in
335 2604 369 2635 MS,
377 2603 420 2633 Nero
428 2603 441 2634 E
450 2614 463 2634 1.
