1762 2803
247 61 293 117 Dr
308 59 410 114 &anda
425 59 527 122 ortona
711 75 738 117 19

35 189 86 224 stella
98 184 186 220 matutina
197 185 245 218 inter
256 182 333 217 nebulas
345 182 409 227 glorie,
420 187 488 216 extunc
496 181 547 226 quasi
559 181 603 216 luna
614 181 670 225 plena
681 185 737 225 atque

35 241 115 285 perfecta
123 239 141 272 in
150 238 215 271 diebus
223 235 261 270 suis
270 235 327 269 eluxit
338 241 355 269 et
367 234 469 270 misterium
477 234 557 269 nominis
565 234 593 269 sui
602 233 676 278 (helena
687 234 736 268 enim

34 305 94 338 grece,
108 291 170 325 ‘luna’
182 290 248 323 dicitur
263 288 325 330 latine)
341 287 431 333 preclaris
443 287 525 322 moribus
541 288 610 322 mundo
626 286 736 329 declarauit;

35 348 85 381 cuius
93 345 154 389 vtique
163 342 249 377 sanctitas
255 341 346 376 immensa
354 341 424 376 cunctis
432 341 515 382 innotuit,
523 352 544 375 ac
552 340 582 385 pie
591 341 737 375 conuersationis

34 404 52 433 et
64 396 166 432 deuotionis
178 395 256 439 prestitit
270 395 381 438 exemplum.
402 393 462 427 ¹Nam
473 399 492 427 et
505 394 567 427 omnia
578 394 618 427 loca
629 398 736 438 sanctaque
746 405 756 434 5

34 457 71 485 tam
78 450 97 484 in
105 449 187 493 partibus
193 446 359 482 hierosolomitanis
365 457 419 491 quam
425 446 443 480 in
450 446 490 481 aliis
498 446 580 490 partibus
585 446 666 480 saluator
673 452 737 481 noster

35 503 117 538 Christus
131 502 196 535 Ihesus
208 511 241 534 sua
253 499 321 534 deitate
332 505 350 534 et
362 498 473 534 humanitate
485 510 506 534 ac
517 499 598 543 potentia
610 500 736 542 consecrauit;

35 567 70 599 que
82 562 100 589 et
108 554 159 598 prius
167 564 191 587 ex
199 553 317 597 suggestione
325 552 423 597 impiorum
432 552 531 586 Iudeorum
539 552 580 597 ipsa
590 557 654 586 sancta
663 551 736 586 Helena

34 608 147 652 prophanata
158 605 221 640 habuit
234 611 252 639 et
264 605 332 647 odiosa,
346 605 410 639 eadem
424 606 541 649 postmodum
555 606 578 639 ad
592 605 665 639 laudem
676 605 706 639 dei
717 611 737 638 et

35 660 160 695 confusionem
173 659 271 693 Iudeorum
285 658 378 692 humiliter
389 657 469 692 visitauit
485 664 503 692 et
516 658 635 692 deuotissime
648 658 736 700 adorauit,
747 667 765 689 ιο

35 712 98 746 ditauit
105 717 123 745 et
130 711 228 754 ampliauit.
250 711 291 744 Non
300 711 360 744 solum
368 717 429 744 autem
438 711 478 752 hoc,
486 711 519 744 sed
527 716 546 744 et
553 721 610 754 super
617 711 689 754 singula
696 712 737 744 loca

34 763 167 809 pulcherrimas
175 763 263 797 ecelesias
271 763 397 807 ditissimaque
402 763 514 798 monasteria
519 763 559 799 siue
567 763 643 808 collegia
648 762 736 805 fundauit,

35 817 82 851 etin
94 818 122 851 his
134 817 252 861 patriarchas,
263 816 418 860 archiepiscopos,
430 816 533 862 episcopos,
541 816 624 859 abbates,
633 822 651 851 et
664 816 736 860 presbi-

34 876 84 904 teros
92 880 112 903 ac
121 870 151 903 dei
159 868 253 903 ministros
264 868 341 903 instituit
353 875 370 903 et
380 869 476 912 ordinauit,
485 869 551 915 quibus
559 874 577 903 et
585 869 654 914 predia,
661 880 736 913 posses-

35 922 97 957 siones
105 932 126 955 ae
133 922 215 956 decimas
222 921 379 956 abundantissime
388 922 484 966 errogauit.
506 922 562 958 Vnde
572 928 596 963 et,
603 928 702 967 postquam
710 926 736 965 (vt
746 934 764 965 15

35 974 127 1016 diximus),
143 974 255 1008 reuelatione
270 974 337 1015 diuina,
352 975 445 1009 salutifere
460 976 519 1009 crucis
534 975 622 1009 vexillum
638 986 659 1009 ac
674 976 736 1009 clauos

35 1025 104 1061 domini
120 1026 187 1062 meruit
201 1026 291 1069 inuenire,
303 1032 371 1062 extunc
390 1038 446 1072 super
462 1028 541 1063 eundem
560 1027 620 1063 locum
639 1027 658 1063 in
673 1032 737 1063 monte

36 1080 124 1121 Caluarie,
131 1079 161 1114 vbi
170 1085 188 1114 et
196 1080 313 1123 sepulchrum
320 1086 348 1114 est
355 1080 427 1121 Christi,
436 1081 579 1124 pulcherrimam
588 1081 684 1115 ecclesiam
692 1092 737 1115 con·

35 1131 105 1173 struxit,
119 1131 245 1177 citissimeque
258 1133 332 1168 dotauit.
356 1133 417 1179 Super
431 1134 482 1169 illum
494 1133 549 1170 etiam
565 1134 624 1169 locum
632 1134 663 1169 vbi
675 1134 736 1179 angeli

35 1186 137 1229 pastoribus
142 1191 253 1230 apparentes
258 1186 370 1221 natiuitatem
377 1187 444 1222 Christi
451 1188 610 1222 annunciauerunt
620 1188 735 1232 et‘gloriain
746 1202 765 1222 ιο

35 1237 114 1272 excelsis
123 1239 166 1272 deo’
176 1244 301 1281 cananei-unt,
308 1245 371 1274 sancta
376 1240 449 1275 Helena
455 1241 608 1275 formosissimam
616 1251 637 1275 ac
644 1241 736 1286 duplicem

35 1291 130 1323 ecclesiam
135 1291 241 1333 construxit,
247 1303 302 1335 quarn
311 1292 382 1326 ‘Gloria
387 1293 406 1327 in
412 1293 500 1328 excelsis'
507 1293 584 1335 vocauit,
590 1293 736 1338 ditissimumque

35 1342 130 1387 collegium
135 1344 264 1378 canonicorum
270 1344 294 1378 ibi
300 1344 387 1380 fundauit.
395 1346 457 1381 Aliam
464 1357 536 1390 quoque
541 1346 588 1381 mire
594 1347 737 1391 pulchritudinis

35 1394 130 1428 ecclesiam
142 1395 183 1429 fecit
194 1397 213 1429 in
225 1396 297 1430 ciuitate
307 1397 399 1431 Nazareth
411 1398 430 1431 in
442 1399 482 1432 loco
493 1398 524 1433 vbi
535 1400 602 1433 domus
613 1399 666 1433 beate
677 1398 736 1433 Marie

35 1452 72 1480 erat
80 1447 125 1489 sita3
136 1447 155 1481 in
163 1459 199 1491 qua
207 1453 225 1482 et
232 1449 391 1494 archiepiscopum
400 1455 454 1495 atque
462 1451 560 1486 canonicos
571 1452 675 1497 multosque
683 1462 735 1496 pres·
746 1467 764 1498 25

34 1497 101 1534 hiteros
106 1500 201 1535 ordinauit.
223 1502 285 1535 Aliam
292 1502 374 1546 insuper,
381 1509 400 1537 et
405 1504 488 1538 eiusdem
494 1504 640 1548 pulchritudinis,
648 1505 667 1539 in
673 1510 735 1539 monte

34 1550 118 1595 Thabor;
130 1552 161 1587 vbi
169 1558 187 1587 et
196 1553 316 1589 fortissimum
324 1556 457 1592 monasterium
463 1556 546 1592 fundauit
551 1561 569 1592 et
574 1556 593 1592 in
600 1558 675 1592 modum
681 1557 736 1593 castri

34 1605 113 1639 turribus
124 1617 145 1641 ac
155 1607 213 1641 muris
225 1619 246 1641 ac
258 1610 402 1653 propugnaculis
411 1610 492 1654 vndique
504 1610 594 1653 firmauit;
607 1611 659 1645 cuius
674 1612 736 1652 abbas,

34 1657 103 1691 ordinis
119 1660 177 1692 sancti
193 1659 292 1703 Benedicti,
307 1661 369 1704 infula,
384 1663 444 1705 anulo,
460 1663 527 1697 baculo
546 1663 632 1707 pastorali
652 1674 673 1698 ac
688 1664 737 1698 hulla

34 1708 119 1751 plumbea
131 1712 220 1746 utebatur.
242 1713 285 1747 Alia
297 1724 370 1758 quoque
382 1715 435 1759 plura
447 1717 560 1750 monasteria
575 1716 648 1760 singula
659 1716 678 1750 in
691 1717 736 1751 locis
745 1732 765 1762 30

34 1762 122 1804 singulis2
129 1764 230 1807 edificabat,
237 1766 260 1799 de
266 1766 332 1809 quibus
338 1768 423 1802 omnibus
429 1768 504 1811 longum
511 1775 562 1803 esset
569 1771 665 1803 enarratio.
678 1769 736 1803 Porro

34 1814 62 1855 (vt
77 1815 100 1848 de
117 1815 199 1859 pluribus
209 1817 239 1851 vel
251 1828 309 1861 pauca
321 1819 430 1864 edisseram)
442 1821 476 1855 hec
490 1822 614 1856 sacratissima
626 1821 735 1866 imperatrix

35 1865 112 1908 Helena,
118 1873 215 1913 postquam
223 1876 306 1906 montem
314 1871 428 1916 Caluarie,vt
434 1875 559 1918 supradictum
565 1880 599 1917 est,
604 1879 622 1909 et
630 1875 665 1909 alia
672 1881 736 1910 sancta

34 1918 73 1953 loca
80 1921 146 1956 deuote
153 1922 252 1966 visitasset,
257 1925 336 1960 veniens
343 1926 437 1961 Bethleem
443 1927 466 1961 ad
472 1927 579 1971 speluncam
585 1934 603 1962 et
614 1928 708 1972 tugurium
715 1930 734 1963 in

35 1981 70 2014 quo
79 1974 124 2007 deus
132 1974 165 2008 fuit
173 1975 228 2010 homo
236 1982 295 2020 natus,
301 1976 320 2012 in
327 1990 382 2023 quam
388 1979 456 2014 scilicet
461 1980 569 2025 speluncam
574 1986 616 2026 post
622 1981 735 2017 natiuitatcm
744 1996 764 2027 35

35 2024 166 2071 dominivsque
172 2030 195 2063 ad
201 2029 244 2064 illud
251 2035 325 2076 tempus
331 2032 527 2078 (diuinaprouidentia)
535 2034 587 2069 Iudei
593 2045 617 2069 ex
622 2034 690 2070 inuidia
694 2036 735 2070 nul-

34 2075 72 2111 lum
78 2077 146 2115 intrare
152 2082 276 2124 permiserunt
283 2086 333 2127 (nam
339 2091 357 2119 et
362 2085 423 2129 ipsum
428 2087 488 2121 locum
493 2098 527 2131 pro
532 2088 572 2123 loco
577 2088 673 2135 maledicto
678 2089 735 2123 habu-

34 2135 87 2162 erunt
95 2136 113 2163 et
120 2134 241 2177 prophanam)
249 2148 253 2169 :
265 2136 284 2168 in
292 2136 353 2181 ipsum
362 2138 485 2173 diuersorium
492 2140 547 2174 beata
554 2140 628 2175 Helena
634 2141 700 2175 deuote
705 2142 734 2175 in-

35 2185 90 2224 trans,
98 2182 168 2218 inuenit
175 2186 200 2220 ibi
211 2197 284 2222 sacrum
292 2199 371 2234 presepe
379 2191 398 2225 in
406 2192 454 2234 quod
464 2191 530 2227 Ihesus
537 2192 637 2227 infantulus
646 2193 708 2228 iacens
715 2193 734 2228 in

34 2232 76 2266 feno
82 2240 125 2269 ante
132 2236 204 2271 asinum
212 2244 230 2272 et
236 2240 302 2274 bouem
309 2240 342 2275 fuit
346 2243 423 2286 positus,
429 2249 447 2277 et
454 2244 474 2277 iu
479 2244 520 2288 ipso
525 2246 612 2289 presepio
617 2257 690 2289 pannos
695 2246 736 2290 qui·
744 2260 764 2290 qo

35 2283 68 2318 bus
76 2285 116 2329 ipse
123 2287 189 2324 Ihesus
197 2291 264 2326 ibidem
271 2292 330 2327 extitit
338 2295 436 2338 inuolutus‚
442 2296 504 2331 fenum
510 2297 587 2344 insuper
592 2299 611 2334 in
618 2309 654 2343 quo
659 2298 735 2341 iacebat,

34 2340 52 2369 et
60 2340 152 2397 camisiam
160 2342 265 2379 beatissime
270 2346 347 2391 virginis
354 2347 412 2383 Marie
420 2349 513 2392 genitricis
518 2351 554 2394 dei,
559 2362 615 2395 quam
621 2352 640 2386 in
648 2353 736 2397 presepio

35 2388 88 2424 obhta
98 2391 138 2435 ipsa
150 2395 244 2431 dimiserat
251 2399 325 2442 quando
337 2410 378 2435 cum
390 2401 479 2437 infantulo
489 2403 545 2439 Ihesu
556 2405 580 2439 de
591 2405 680 2451 spelunca
689 2405 737 2450 fugit

177 2499 183 2519 ¹
194 2500 218 2533 Cf.
226 2502 299 2534 Historia
305 2505 352 2535 trium
360 2505 428 2543 Regum„
493 2508 499 2528 ²
506 2508 525 2539 E.
532 2510 593 2548 singlis.

369 2564 380 2589 C
387 2565 399 2589 2
