<?xml version="1.0" encoding="UTF-8"?>
<!DOCTYPE html PUBLIC "-//W3C//DTD XHTML 1.0 Transitional//EN"
    "http://www.w3.org/TR/xhtml1/DTD/xhtml1-transitional.dtd">
<html xmlns="http://www.w3.org/1999/xhtml" xml:lang="en" lang="en">
 <head>
  <title>
</title>
<meta http-equiv="Content-Type" content="text/html;charset=utf-8" />
  <meta name='ocr-system' content='tesseract 3.04.00' />
  <meta name='ocr-capabilities' content='ocr_page ocr_carea ocr_par ocr_line ocrx_word'/>
</head>
<body>
  <div class='ocr_page' id='page_1' title='image "./MN5111ucmf_0/MN5111ucmf_0_1112.png"; bbox 0 0 1762 2803; ppageno 0'>
   <div class='ocr_carea' id='block_1_1' title="bbox 150 121 852 185">
    <p class='ocr_par' dir='ltr' id='par_1_1' title="bbox 150 121 852 185">
     <span class='ocr_line' id='line_1_1' title="bbox 150 121 852 185; baseline -0.017 -5"><span class='ocrx_word' id='word_1_1' title='bbox 150 128 195 181; x_wconf 82' lang='lat'>49⁶</span> <span class='ocrx_word' id='word_1_2' title='bbox 214 165 216 171; x_wconf 71' lang='lat'>,</span> <span class='ocrx_word' id='word_1_3' title='bbox 342 124 422 176; x_wconf 74' lang='lat' dir='ltr'>mona</span> <span class='ocrx_word' id='word_1_4' title='bbox 437 121 554 184; x_wconf 65' lang='lat' dir='ltr'>tremor</span> <span class='ocrx_word' id='word_1_5' title='bbox 570 123 663 185; x_wconf 70' lang='lat' dir='ltr'>tinnire.</span> <span class='ocrx_word' id='word_1_6' title='bbox 731 125 852 170; x_wconf 54' lang='lat' dir='ltr'>[mnne.</span> 
     </span>
    </p>
   </div>
   <div class='ocr_carea' id='block_1_2' title="bbox 175 250 826 349">
    <p class='ocr_par' dir='ltr' id='par_1_2' title="bbox 175 250 826 349">
     <span class='ocr_line' id='line_1_2' title="bbox 175 250 826 297; baseline 0.003 -12"><span class='ocrx_word' id='word_1_7' title='bbox 175 252 191 289; x_wconf 65' lang='lat' dir='ltr'>ii</span> <span class='ocrx_word' id='word_1_8' title='bbox 203 251 257 294; x_wconf 77' lang='lat' dir='ltr'>Quod</span> <span class='ocrx_word' id='word_1_9' title='bbox 265 251 288 285; x_wconf 90' lang='lat' dir='ltr'>de</span> <span class='ocrx_word' id='word_1_10' title='bbox 296 250 361 296; x_wconf 88' lang='lat' dir='ltr'>quouis</span> <span class='ocrx_word' id='word_1_11' title='bbox 369 255 474 285; x_wconf 87' lang='lat' dir='ltr'>sanctorum</span> <span class='ocrx_word' id='word_1_12' title='bbox 482 251 546 286; x_wconf 84' lang='lat' dir='ltr'>ordine</span> <span class='ocrx_word' id='word_1_13' title='bbox 553 251 616 297; x_wconf 90' lang='lat' dir='ltr'>plures</span> <span class='ocrx_word' id='word_1_14' title='bbox 624 251 660 285; x_wconf 93' lang='lat' dir='ltr'>illis</span> <span class='ocrx_word' id='word_1_15' title='bbox 668 252 741 286; x_wconf 84' lang='lat' dir='ltr'>obuiam</span> <span class='ocrx_word' id='word_1_16' title='bbox 748 252 826 287; x_wconf 89' lang='lat' dir='ltr'>veniunt</span> 
     </span>
     <span class='ocr_line' id='line_1_3' title="bbox 263 304 745 349; baseline 0.002 -11"><span class='ocrx_word' id='word_1_17' title='bbox 263 304 294 348; x_wconf 94' lang='lat' dir='ltr'>qui</span> <span class='ocrx_word' id='word_1_18' title='bbox 301 304 372 338; x_wconf 90' lang='lat' dir='ltr'>animas</span> <span class='ocrx_word' id='word_1_19' title='bbox 379 305 451 338; x_wconf 89' lang='lat' dir='ltr'>illarum</span> <span class='ocrx_word' id='word_1_20' title='bbox 459 306 482 338; x_wconf 90' lang='lat' dir='ltr'>ad</span> <span class='ocrx_word' id='word_1_21' title='bbox 490 305 566 340; x_wconf 89' lang='lat' dir='ltr'>celestia</span> <span class='ocrx_word' id='word_1_22' title='bbox 573 305 639 349; x_wconf 85' lang='lat' dir='ltr'>gaudia</span> <span class='ocrx_word' id='word_1_23' title='bbox 646 306 745 349; x_wconf 73' lang='lat' dir='ltr'>perferant,</span> 
     </span>
    </p>
   </div>
   <div class='ocr_carea' id='block_1_3' title="bbox 124 375 854 2396">
    <p class='ocr_par' dir='ltr' id='par_1_3' title="bbox 151 375 853 587">
     <span class='ocr_line' id='line_1_4' title="bbox 173 375 852 427; baseline 0.003 -13"><span class='ocrx_word' id='word_1_24' title='bbox 173 375 272 415; x_wconf 83' lang='lat' dir='ltr'>‘Vniuersi</span> <span class='ocrx_word' id='word_1_25' title='bbox 287 382 382 415; x_wconf 79' lang='lat' dir='ltr'><strong>celestium</strong></span> <span class='ocrx_word' id='word_1_26' title='bbox 398 381 482 415; x_wconf 83' lang='lat' dir='ltr'>ordinum</span> <span class='ocrx_word' id='word_1_27' title='bbox 497 382 554 424; x_wconf 86' lang='lat' dir='ltr'>chori,</span> <span class='ocrx_word' id='word_1_28' title='bbox 566 387 604 416; x_wconf 90' lang='lat' dir='ltr'>tam</span> <span class='ocrx_word' id='word_1_29' title='bbox 616 382 722 426; x_wconf 82' lang='lat' dir='ltr'><strong>angelorum</strong></span> <span class='ocrx_word' id='word_1_30' title='bbox 738 393 794 427; x_wconf 90' lang='lat' dir='ltr'>quam</span> <span class='ocrx_word' id='word_1_31' title='bbox 810 383 852 417; x_wconf 89' lang='lat' dir='ltr'>reli-</span> 
     </span>
     <span class='ocr_line' id='line_1_5' title="bbox 151 435 853 480; baseline 0 -10"><span class='ocrx_word' id='word_1_32' title='bbox 151 444 229 480; x_wconf 91' lang='lat' dir='ltr'>quorum</span> <span class='ocrx_word' id='word_1_33' title='bbox 237 439 347 477; x_wconf 88' lang='lat' dir='ltr'>sanctorum,</span> <span class='ocrx_word' id='word_1_34' title='bbox 355 435 413 479; x_wconf 91' lang='lat' dir='ltr'>inquit</span> <span class='ocrx_word' id='word_1_35' title='bbox 422 436 487 469; x_wconf 87' lang='lat' dir='ltr'>eadem</span> <span class='ocrx_word' id='word_1_36' title='bbox 494 435 552 480; x_wconf 85' lang='lat' dir='ltr'>virgo,</span> <span class='ocrx_word' id='word_1_37' title='bbox 561 437 584 470; x_wconf 92' lang='lat' dir='ltr'>de</span> <span class='ocrx_word' id='word_1_38' title='bbox 592 436 631 470; x_wconf 90' lang='lat' dir='ltr'>suis</span> <span class='ocrx_word' id='word_1_39' title='bbox 639 435 729 470; x_wconf 84' lang='lat' dir='ltr'>consociis</span> <span class='ocrx_word' id='word_1_40' title='bbox 739 436 792 479; x_wconf 88' lang='lat' dir='ltr'>plura</span> <span class='ocrx_word' id='word_1_41' title='bbox 800 437 853 471; x_wconf 90' lang='lat' dir='ltr'>nobis</span> 
     </span>
     <span class='ocr_line' id='line_1_6' title="bbox 151 488 852 534; baseline 0.003 -11"><span class='ocrx_word' id='word_1_42' title='bbox 151 489 224 525; x_wconf 92' lang='lat' dir='ltr'>obuiam</span> <span class='ocrx_word' id='word_1_43' title='bbox 235 488 286 523; x_wconf 88' lang='lat' dir='ltr'>milia</span> <span class='ocrx_word' id='word_1_44' title='bbox 296 489 392 532; x_wconf 83' lang='lat' dir='ltr'>miserunt,</span> <span class='ocrx_word' id='word_1_45' title='bbox 400 494 463 533; x_wconf 88' lang='lat' dir='ltr'>preter</span> <span class='ocrx_word' id='word_1_46' title='bbox 470 489 552 531; x_wconf 78' lang='lat' dir='ltr'>thronos,</span> <span class='ocrx_word' id='word_1_47' title='bbox 561 489 592 534; x_wconf 91' lang='lat' dir='ltr'>qui</span> <span class='ocrx_word' id='word_1_48' title='bbox 599 500 669 534; x_wconf 89' lang='lat' dir='ltr'>paucos</span> <span class='ocrx_word' id='word_1_49' title='bbox 679 490 702 524; x_wconf 88' lang='lat' dir='ltr'>de</span> <span class='ocrx_word' id='word_1_50' title='bbox 712 500 745 523; x_wconf 90' lang='lat' dir='ltr'>suo</span> <span class='ocrx_word' id='word_1_51' title='bbox 753 489 826 534; x_wconf 81' lang='lat' dir='ltr'>agmine</span> <span class='ocrx_word' id='word_1_52' title='bbox 834 490 852 525; x_wconf 92' lang='lat' dir='ltr'>in</span> 
     </span>
     <span class='ocr_line' id='line_1_7' title="bbox 151 542 852 587; baseline 0.001 -10"><span class='ocrx_word' id='word_1_53' title='bbox 151 552 247 578; x_wconf 87' lang='lat' dir='ltr'>occursum</span> <span class='ocrx_word' id='word_1_54' title='bbox 255 546 338 576; x_wconf 90' lang='lat' dir='ltr'>nostrum</span> <span class='ocrx_word' id='word_1_55' title='bbox 346 542 459 577; x_wconf 81' lang='lat' dir='ltr'>direxerunt.</span> <span class='ocrx_word' id='word_1_56' title='bbox 481 542 552 577; x_wconf 88' lang='lat' dir='ltr'>Throni</span> <span class='ocrx_word' id='word_1_57' title='bbox 562 553 642 587; x_wconf 90' lang='lat' dir='ltr'>namque</span> <span class='ocrx_word' id='word_1_58' title='bbox 652 543 676 577; x_wconf 93' lang='lat' dir='ltr'>ita</span> <span class='ocrx_word' id='word_1_59' title='bbox 688 543 707 577; x_wconf 93' lang='lat' dir='ltr'>in</span> <span class='ocrx_word' id='word_1_60' title='bbox 718 542 748 577; x_wconf 91' lang='lat' dir='ltr'>dei</span> <span class='ocrx_word' id='word_1_61' title='bbox 759 544 852 587; x_wconf 83' lang='lat' dir='ltr'>presentia</span> 
     </span>
    </p>

    <p class='ocr_par' dir='ltr' id='par_1_4' title="bbox 124 595 854 2396">
     <span class='ocr_line' id='line_1_8' title="bbox 134 595 853 639; baseline 0.001 -10"><span class='ocrx_word' id='word_1_62' title='bbox 134 595 253 635; x_wconf 87' lang='lat' dir='ltr'>5confirmati</span> <span class='ocrx_word' id='word_1_63' title='bbox 264 600 312 638; x_wconf 86' lang='lat' dir='ltr'>sunt,</span> <span class='ocrx_word' id='word_1_64' title='bbox 324 601 344 629; x_wconf 91' lang='lat' dir='ltr'>vt</span> <span class='ocrx_word' id='word_1_65' title='bbox 355 595 408 629; x_wconf 89' lang='lat' dir='ltr'>facile</span> <span class='ocrx_word' id='word_1_66' title='bbox 419 596 441 628; x_wconf 89' lang='lat' dir='ltr'>ab</span> <span class='ocrx_word' id='word_1_67' title='bbox 453 607 475 629; x_wconf 91' lang='lat' dir='ltr'>eo</span> <span class='ocrx_word' id='word_1_68' title='bbox 486 597 569 639; x_wconf 87' lang='lat' dir='ltr'>separari</span> <span class='ocrx_word' id='word_1_69' title='bbox 580 607 617 629; x_wconf 91' lang='lat' dir='ltr'>non</span> <span class='ocrx_word' id='word_1_70' title='bbox 628 596 705 639; x_wconf 84' lang='lat' dir='ltr'>possint.</span> <span class='ocrx_word' id='word_1_71' title='bbox 728 595 765 630; x_wconf 89' lang='lat' dir='ltr'>Sed</span> <span class='ocrx_word' id='word_1_72' title='bbox 777 607 819 630; x_wconf 92' lang='lat' dir='ltr'>cum</span> <span class='ocrx_word' id='word_1_73' title='bbox 831 598 853 631; x_wconf 89' lang='lat' dir='ltr'>ab</span> 
     </span>
     <span class='ocr_line' id='line_1_9' title="bbox 151 648 853 693; baseline -0.001 -10"><span class='ocrx_word' id='word_1_74' title='bbox 151 648 221 692; x_wconf 84' lang='lat' dir='ltr'>angelis</span> <span class='ocrx_word' id='word_1_75' title='bbox 227 648 246 681; x_wconf 94' lang='lat' dir='ltr'>in</span> <span class='ocrx_word' id='word_1_76' title='bbox 253 648 312 682; x_wconf 89' lang='lat' dir='ltr'>celum</span> <span class='ocrx_word' id='word_1_77' title='bbox 317 648 452 691; x_wconf 87' lang='lat' dir='ltr'>defer[r]emur,</span> <span class='ocrx_word' id='word_1_78' title='bbox 459 648 504 693; x_wconf 86' lang='lat' dir='ltr'>ipsi¹</span> <span class='ocrx_word' id='word_1_79' title='bbox 510 649 568 682; x_wconf 82' lang='lat' dir='ltr'>saneti</span> <span class='ocrx_word' id='word_1_80' title='bbox 575 650 627 682; x_wconf 92' lang='lat' dir='ltr'>nobis</span> <span class='ocrx_word' id='word_1_81' title='bbox 634 649 701 693; x_wconf 90' lang='lat' dir='ltr'>vbique</span> <span class='ocrx_word' id='word_1_82' title='bbox 707 649 784 682; x_wconf 84' lang='lat' dir='ltr'>letantes</span> <span class='ocrx_word' id='word_1_83' title='bbox 790 659 853 683; x_wconf 90' lang='lat' dir='ltr'>occur-</span> 
     </span>
     <span class='ocr_line' id='line_1_10' title="bbox 151 702 853 748; baseline 0.003 -12"><span class='ocrx_word' id='word_1_84' title='bbox 151 707 219 738; x_wconf 84' lang='lat' dir='ltr'>rerunt.</span> <span class='ocrx_word' id='word_1_85' title='bbox 241 702 323 737; x_wconf 88' lang='lat' dir='ltr'>Vicinius</span> <span class='ocrx_word' id='word_1_86' title='bbox 334 707 396 737; x_wconf 91' lang='lat' dir='ltr'>tamen</span> <span class='ocrx_word' id='word_1_87' title='bbox 406 702 458 737; x_wconf 88' lang='lat' dir='ltr'>nobis</span> <span class='ocrx_word' id='word_1_88' title='bbox 468 707 520 737; x_wconf 89' lang='lat' dir='ltr'>erant</span> <span class='ocrx_word' id='word_1_89' title='bbox 531 702 643 748; x_wconf 91' lang='lat' dir='ltr'>propiusque</span> <span class='ocrx_word' id='word_1_90' title='bbox 655 704 678 737; x_wconf 84' lang='lat' dir='ltr'>ad</span> <span class='ocrx_word' id='word_1_91' title='bbox 690 713 724 738; x_wconf 91' lang='lat' dir='ltr'>nos</span> <span class='ocrx_word' id='word_1_92' title='bbox 736 709 853 738; x_wconf 85' lang='lat' dir='ltr'>accesserunt</span> 
     </span>
     <span class='ocr_line' id='line_1_11' title="bbox 151 755 852 800; baseline 0.003 -10"><span class='ocrx_word' id='word_1_93' title='bbox 151 756 268 791; x_wconf 77' lang='lat' dir='ltr'>sanctarum²</span> <span class='ocrx_word' id='word_1_94' title='bbox 282 755 373 800; x_wconf 87' lang='lat' dir='ltr'>virginum</span> <span class='ocrx_word' id='word_1_95' title='bbox 392 755 522 797; x_wconf 85' lang='lat' dir='ltr'>multitudines,</span> <span class='ocrx_word' id='word_1_96' title='bbox 541 761 595 800; x_wconf 90' lang='lat' dir='ltr'>atque</span> <span class='ocrx_word' id='word_1_97' title='bbox 614 757 709 790; x_wconf 91' lang='lat' dir='ltr'>beatarum</span> <span class='ocrx_word' id='word_1_98' title='bbox 728 761 852 792; x_wconf 88' lang='lat' dir='ltr'>matronamm</span> 
     </span>
     <span class='ocr_line' id='line_1_12' title="bbox 152 809 852 854; baseline 0 -10"><span class='ocrx_word' id='word_1_99' title='bbox 152 811 206 851; x_wconf 87' lang='lat' dir='ltr'>acies,</span> <span class='ocrx_word' id='word_1_100' title='bbox 218 820 254 852; x_wconf 91' lang='lat' dir='ltr'>quc</span> <span class='ocrx_word' id='word_1_101' title='bbox 266 809 318 853; x_wconf 84' lang='lat' dir='ltr'>quasi</span> <span class='ocrx_word' id='word_1_102' title='bbox 330 810 412 844; x_wconf 86' lang='lat' dir='ltr'>certatim</span> <span class='ocrx_word' id='word_1_103' title='bbox 424 810 447 843; x_wconf 91' lang='lat' dir='ltr'>ad</span> <span class='ocrx_word' id='word_1_104' title='bbox 458 821 492 844; x_wconf 90' lang='lat' dir='ltr'>nos</span> <span class='ocrx_word' id='word_1_105' title='bbox 503 815 626 854; x_wconf 80' lang='lat' dir='ltr'>properantes</span> <span class='ocrx_word' id='word_1_106' title='bbox 638 809 745 843; x_wconf 87' lang='lat' dir='ltr'>familiarius</span> <span class='ocrx_word' id='word_1_107' title='bbox 757 809 810 843; x_wconf 93' lang='lat' dir='ltr'>nobis</span> <span class='ocrx_word' id='word_1_108' title='bbox 822 812 852 844; x_wconf 90' lang='lat' dir='ltr'>ad-</span> 
     </span>
     <span class='ocr_line' id='line_1_13' title="bbox 125 861 852 905; baseline 0.001 -10"><span class='ocrx_word' id='word_1_109' title='bbox 125 874 143 895; x_wconf 88' lang='lat' dir='ltr'>ro</span> <span class='ocrx_word' id='word_1_110' title='bbox 152 863 246 896; x_wconf 84' lang='lat' dir='ltr'>heserunt.</span> <span class='ocrx_word' id='word_1_111' title='bbox 269 862 293 894; x_wconf 87' lang='lat' dir='ltr'>Et</span> <span class='ocrx_word' id='word_1_112' title='bbox 305 872 346 895; x_wconf 89' lang='lat' dir='ltr'>cum</span> <span class='ocrx_word' id='word_1_113' title='bbox 358 862 427 904; x_wconf 88' lang='lat' dir='ltr'>apertis</span> <span class='ocrx_word' id='word_1_114' title='bbox 440 862 490 903; x_wconf 85' lang='lat' dir='ltr'>celis,</span> <span class='ocrx_word' id='word_1_115' title='bbox 503 862 526 895; x_wconf 91' lang='lat' dir='ltr'>ab</span> <span class='ocrx_word' id='word_1_116' title='bbox 540 861 610 905; x_wconf 85' lang='lat' dir='ltr'>angelis</span> <span class='ocrx_word' id='word_1_117' title='bbox 624 862 728 905; x_wconf 89' lang='lat' dir='ltr'>ceterisque</span> <span class='ocrx_word' id='word_1_118' title='bbox 741 862 808 895; x_wconf 89' lang='lat' dir='ltr'>sanctis</span> <span class='ocrx_word' id='word_1_119' title='bbox 822 864 852 905; x_wconf 92' lang='lat' dir='ltr'>qui</span> 
     </span>
     <span class='ocr_line' id='line_1_14' title="bbox 152 913 853 959; baseline 0 -10"><span class='ocrx_word' id='word_1_120' title='bbox 152 914 205 950; x_wconf 87' lang='lat' dir='ltr'>nobis</span> <span class='ocrx_word' id='word_1_121' title='bbox 217 914 318 958; x_wconf 85' lang='lat' dir='ltr'>gaudentes</span> <span class='ocrx_word' id='word_1_122' title='bbox 330 919 452 956; x_wconf 86' lang='lat' dir='ltr'>occurrerant,</span> <span class='ocrx_word' id='word_1_123' title='bbox 464 924 505 949; x_wconf 95' lang='lat' dir='ltr'>cum</span> <span class='ocrx_word' id='word_1_124' title='bbox 517 913 586 959; x_wconf 84' lang='lat' dir='ltr'>ingenti</span> <span class='ocrx_word' id='word_1_125' title='bbox 598 913 678 959; x_wconf 78' lang='lat' dir='ltr'>trIpudio</span> <span class='ocrx_word' id='word_1_126' title='bbox 689 914 853 958; x_wconf 76' lang='lat' dir='ltr'>introduceremus,</span> 
     </span>
     <span class='ocr_line' id='line_1_15' title="bbox 151 966 852 1011; baseline 0 -8"><span class='ocrx_word' id='word_1_127' title='bbox 151 967 233 1004; x_wconf 81' lang='lat' dir='ltr'>uniuersi</span> <span class='ocrx_word' id='word_1_128' title='bbox 246 967 304 1002; x_wconf 89' lang='lat' dir='ltr'>ferme</span> <span class='ocrx_word' id='word_1_129' title='bbox 317 966 375 1002; x_wconf 88' lang='lat' dir='ltr'>sancti</span> <span class='ocrx_word' id='word_1_130' title='bbox 387 967 418 1011; x_wconf 94' lang='lat' dir='ltr'>qui</span> <span class='ocrx_word' id='word_1_131' title='bbox 430 967 449 1002; x_wconf 89' lang='lat' dir='ltr'>in</span> <span class='ocrx_word' id='word_1_132' title='bbox 463 967 502 1003; x_wconf 88' lang='lat' dir='ltr'>celo</span> <span class='ocrx_word' id='word_1_133' title='bbox 514 972 647 1010; x_wconf 85' lang='lat' dir='ltr'>remanserant,</span> <span class='ocrx_word' id='word_1_134' title='bbox 660 978 702 1003; x_wconf 87' lang='lat' dir='ltr'>curn</span> <span class='ocrx_word' id='word_1_135' title='bbox 715 978 787 1002; x_wconf 91' lang='lat' dir='ltr'>summo</span> <span class='ocrx_word' id='word_1_136' title='bbox 800 968 852 1003; x_wconf 91' lang='lat' dir='ltr'>nobis</span> 
     </span>
     <span class='ocr_line' id='line_1_16' title="bbox 151 1021 852 1067; baseline 0 -10"><span class='ocrx_word' id='word_1_137' title='bbox 151 1021 217 1067; x_wconf 83' lang='lat' dir='ltr'>gaudio</span> <span class='ocrx_word' id='word_1_138' title='bbox 226 1026 344 1056; x_wconf 86' lang='lat' dir='ltr'>occurrerunt</span> <span class='ocrx_word' id='word_1_139' title='bbox 351 1033 355 1064; x_wconf 86' lang='lat'>;</span> <span class='ocrx_word' id='word_1_140' title='bbox 367 1021 429 1055; x_wconf 85' lang='lat' dir='ltr'>onmia</span> <span class='ocrx_word' id='word_1_141' title='bbox 437 1021 519 1056; x_wconf 86' lang='lat' dir='ltr'>cantibus</span> <span class='ocrx_word' id='word_1_142' title='bbox 531 1021 631 1056; x_wconf 90' lang='lat' dir='ltr'>dulcisonis</span> <span class='ocrx_word' id='word_1_143' title='bbox 639 1032 660 1056; x_wconf 86' lang='lat' dir='ltr'>ac</span> <span class='ocrx_word' id='word_1_144' title='bbox 668 1021 773 1057; x_wconf 86' lang='lat' dir='ltr'>iubilatione</span> <span class='ocrx_word' id='word_1_145' title='bbox 781 1021 852 1066; x_wconf 89' lang='lat' dir='ltr'>replent</span> 
     </span>
     <span class='ocr_line' id='line_1_17' title="bbox 151 1074 853 1120; baseline -0.001 -10"><span class='ocrx_word' id='word_1_146' title='bbox 151 1075 266 1117; x_wconf 85' lang='lat' dir='ltr'>suauissima,</span> <span class='ocrx_word' id='word_1_147' title='bbox 274 1075 293 1108; x_wconf 93' lang='lat' dir='ltr'>in</span> <span class='ocrx_word' id='word_1_148' title='bbox 301 1075 412 1118; x_wconf 89' lang='lat' dir='ltr'>presentiam</span> <span class='ocrx_word' id='word_1_149' title='bbox 424 1075 493 1109; x_wconf 93' lang='lat' dir='ltr'>domini</span> <span class='ocrx_word' id='word_1_150' title='bbox 505 1080 560 1120; x_wconf 85' lang='lat' dir='ltr'>atque</span> <span class='ocrx_word' id='word_1_151' title='bbox 571 1075 590 1109; x_wconf 90' lang='lat' dir='ltr'>in</span> <span class='ocrx_word' id='word_1_152' title='bbox 602 1080 721 1119; x_wconf 86' lang='lat' dir='ltr'>conspectum</span> <span class='ocrx_word' id='word_1_153' title='bbox 728 1074 734 1094; x_wconf 80' lang='lat'>³</span> <span class='ocrx_word' id='word_1_154' title='bbox 742 1074 806 1109; x_wconf 86' lang='lat' dir='ltr'>matris</span> <span class='ocrx_word' id='word_1_155' title='bbox 813 1075 853 1110; x_wconf 88' lang='lat' dir='ltr'>eius</span> 
     </span>
     <span class='ocr_line' id='line_1_18' title="bbox 124 1128 852 1173; baseline 0.003 -13"><span class='ocrx_word' id='word_1_156' title='bbox 124 1139 142 1169; x_wconf 84' lang='lat'>15</span> <span class='ocrx_word' id='word_1_157' title='bbox 152 1128 231 1173; x_wconf 83' lang='lat' dir='ltr'>gloriose</span> <span class='ocrx_word' id='word_1_158' title='bbox 239 1138 273 1162; x_wconf 91' lang='lat' dir='ltr'>nos</span> <span class='ocrx_word' id='word_1_159' title='bbox 281 1129 388 1171; x_wconf 88' lang='lat' dir='ltr'>perducunt.</span> <span class='ocrx_word' id='word_1_160' title='bbox 401 1128 447 1169; x_wconf 67' lang='lat' dir='ltr'>‚Qui</span> <span class='ocrx_word' id='word_1_161' title='bbox 455 1133 517 1162; x_wconf 89' lang='lat' dir='ltr'>nostre</span> <span class='ocrx_word' id='word_1_162' title='bbox 525 1129 611 1163; x_wconf 88' lang='lat' dir='ltr'>continuo</span> <span class='ocrx_word' id='word_1_163' title='bbox 619 1129 767 1171; x_wconf 87' lang='lat' dir='ltr'>congratulantes</span> <span class='ocrx_word' id='word_1_164' title='bbox 772 1128 852 1170; x_wconf 88' lang='lat' dir='ltr'>victorie,</span> 
     </span>
     <span class='ocr_line' id='line_1_19' title="bbox 151 1179 852 1225; baseline -0.001 -9"><span class='ocrx_word' id='word_1_165' title='bbox 151 1181 215 1218; x_wconf 87' lang='lat' dir='ltr'>iubent</span> <span class='ocrx_word' id='word_1_166' title='bbox 223 1179 308 1224; x_wconf 85' lang='lat' dir='ltr'>angeli[s]</span> <span class='ocrx_word' id='word_1_167' title='bbox 319 1184 409 1224; x_wconf 86' lang='lat' dir='ltr'>quatenus</span> <span class='ocrx_word' id='word_1_168' title='bbox 419 1180 471 1216; x_wconf 88' lang='lat' dir='ltr'>stolis</span> <span class='ocrx_word' id='word_1_169' title='bbox 481 1180 578 1216; x_wconf 88' lang='lat' dir='ltr'>induamur</span> <span class='ocrx_word' id='word_1_170' title='bbox 586 1180 710 1225; x_wconf 87' lang='lat' dir='ltr'>virginalibus,</span> <span class='ocrx_word' id='word_1_171' title='bbox 718 1180 791 1216; x_wconf 91' lang='lat' dir='ltr'>coronis</span> <span class='ocrx_word' id='word_1_172' title='bbox 799 1180 852 1215; x_wconf 89' lang='lat' dir='ltr'>ador-</span> 
     </span>
     <span class='ocr_line' id='line_1_20' title="bbox 151 1233 852 1279; baseline -0.003 -9"><span class='ocrx_word' id='word_1_173' title='bbox 151 1233 338 1278; x_wconf 83' lang='lat' dir='ltr'>nemurpresulgidis.</span> <span class='ocrx_word' id='word_1_174' title='bbox 361 1233 496 1269; x_wconf 90' lang='lat' dir='ltr'>Introducimur</span> <span class='ocrx_word' id='word_1_175' title='bbox 503 1233 594 1279; x_wconf 89' lang='lat' dir='ltr'>siquidem</span> <span class='ocrx_word' id='word_1_176' title='bbox 604 1234 622 1269; x_wconf 92' lang='lat' dir='ltr'>in</span> <span class='ocrx_word' id='word_1_177' title='bbox 635 1234 748 1269; x_wconf 87' lang='lat' dir='ltr'>mansionem</span> <span class='ocrx_word' id='word_1_178' title='bbox 760 1234 852 1278; x_wconf 87' lang='lat' dir='ltr'>quandam</span> 
     </span>
     <span class='ocr_line' id='line_1_21' title="bbox 151 1287 852 1331; baseline -0.003 -8"><span class='ocrx_word' id='word_1_179' title='bbox 151 1300 162 1323; x_wconf 88' lang='lat' dir='ltr'>a</span> <span class='ocrx_word' id='word_1_180' title='bbox 170 1287 235 1322; x_wconf 89' lang='lat' dir='ltr'>ceteris</span> <span class='ocrx_word' id='word_1_181' title='bbox 241 1287 342 1331; x_wconf 86' lang='lat' dir='ltr'>virginibus</span> <span class='ocrx_word' id='word_1_182' title='bbox 350 1288 407 1321; x_wconf 90' lang='lat' dir='ltr'>sacris</span> <span class='ocrx_word' id='word_1_183' title='bbox 413 1287 420 1306; x_wconf 70' lang='lat'><em>4</em></span> <span class='ocrx_word' id='word_1_184' title='bbox 426 1288 532 1329; x_wconf 88' lang='lat' dir='ltr'>seiunctam,</span> <span class='ocrx_word' id='word_1_185' title='bbox 537 1288 573 1322; x_wconf 87' lang='lat' dir='ltr'>iarn</span> <span class='ocrx_word' id='word_1_186' title='bbox 579 1294 621 1322; x_wconf 87' lang='lat' dir='ltr'>ante</span> <span class='ocrx_word' id='word_1_187' title='bbox 630 1287 683 1322; x_wconf 92' lang='lat' dir='ltr'>nobis</span> <span class='ocrx_word' id='word_1_188' title='bbox 691 1298 702 1321; x_wconf 89' lang='lat' dir='ltr'>a</span> <span class='ocrx_word' id='word_1_189' title='bbox 709 1289 744 1321; x_wconf 87' lang='lat' dir='ltr'>deo</span> <span class='ocrx_word' id='word_1_190' title='bbox 751 1288 758 1306; x_wconf 74' lang='lat' dir='ltr'>a</span> <span class='ocrx_word' id='word_1_191' title='bbox 765 1297 852 1331; x_wconf 87' lang='lat' dir='ltr'>prepara-</span> 
     </span>
     <span class='ocr_line' id='line_1_22' title="bbox 151 1339 852 1384; baseline -0.001 -10"><span class='ocrx_word' id='word_1_192' title='bbox 151 1346 195 1383; x_wconf 85' lang='lat' dir='ltr'>tam,</span> <span class='ocrx_word' id='word_1_193' title='bbox 206 1341 237 1373; x_wconf 90' lang='lat' dir='ltr'>vbi</span> <span class='ocrx_word' id='word_1_194' title='bbox 248 1340 317 1383; x_wconf 86' lang='lat' dir='ltr'>pariter</span> <span class='ocrx_word' id='word_1_195' title='bbox 329 1351 363 1372; x_wconf 90' lang='lat' dir='ltr'>nos</span> <span class='ocrx_word' id='word_1_196' title='bbox 373 1339 459 1373; x_wconf 87' lang='lat' dir='ltr'>vndecim</span> <span class='ocrx_word' id='word_1_197' title='bbox 471 1340 521 1373; x_wconf 87' lang='lat' dir='ltr'>milia</span> <span class='ocrx_word' id='word_1_198' title='bbox 528 1340 620 1384; x_wconf 84' lang='lat' dir='ltr'>virginum</span> <span class='ocrx_word' id='word_1_199' title='bbox 631 1350 673 1373; x_wconf 88' lang='lat' dir='ltr'>eum</span> <span class='ocrx_word' id='word_1_200' title='bbox 685 1340 777 1384; x_wconf 89' lang='lat' dir='ltr'>perhenni</span> <span class='ocrx_word' id='word_1_201' title='bbox 788 1350 852 1373; x_wconf 91' lang='lat' dir='ltr'>sumus</span> 
     </span>
     <span class='ocr_line' id='line_1_23' title="bbox 124 1392 851 1437; baseline -0.001 -11"><span class='ocrx_word' id='word_1_202' title='bbox 124 1406 143 1426; x_wconf 81' lang='lat' dir='ltr'>ao</span> <span class='ocrx_word' id='word_1_203' title='bbox 151 1392 261 1428; x_wconf 87' lang='lat' dir='ltr'>iocunditate</span> <span class='ocrx_word' id='word_1_204' title='bbox 267 1393 350 1426; x_wconf 83' lang='lat' dir='ltr'>letantes.</span> <span class='ocrx_word' id='word_1_205' title='bbox 363 1392 437 1436; x_wconf 81' lang='lat' dir='ltr'>⁶[quta</span> <span class='ocrx_word' id='word_1_206' title='bbox 442 1398 503 1426; x_wconf 89' lang='lat' dir='ltr'>autem</span> <span class='ocrx_word' id='word_1_207' title='bbox 509 1403 543 1426; x_wconf 91' lang='lat' dir='ltr'>nos</span> <span class='ocrx_word' id='word_1_208' title='bbox 548 1393 567 1426; x_wconf 93' lang='lat' dir='ltr'>in</span> <span class='ocrx_word' id='word_1_209' title='bbox 572 1398 625 1437; x_wconf 88' lang='lat' dir='ltr'>parte</span> <span class='ocrx_word' id='word_1_210' title='bbox 630 1403 667 1426; x_wconf 89' lang='lat' dir='ltr'>vna</span> <span class='ocrx_word' id='word_1_211' title='bbox 673 1403 726 1426; x_wconf 90' lang='lat' dir='ltr'>meus</span> <span class='ocrx_word' id='word_1_212' title='bbox 732 1398 760 1426; x_wconf 91' lang='lat' dir='ltr'>est</span> <span class='ocrx_word' id='word_1_213' title='bbox 766 1402 851 1436; x_wconf 85' lang='lat' dir='ltr'>sponsus,</span> 
     </span>
     <span class='ocr_line' id='line_1_24' title="bbox 152 1445 853 1490; baseline -0.003 -9"><span class='ocrx_word' id='word_1_214' title='bbox 152 1453 171 1482; x_wconf 85' lang='lat' dir='ltr'>ct</span> <span class='ocrx_word' id='word_1_215' title='bbox 180 1447 200 1481; x_wconf 89' lang='lat' dir='ltr'>B.</span> <span class='ocrx_word' id='word_1_216' title='bbox 209 1446 259 1490; x_wconf 88' lang='lat' dir='ltr'>Papa</span> <span class='ocrx_word' id='word_1_217' title='bbox 267 1445 358 1488; x_wconf 87' lang='lat' dir='ltr'>Cyriacus,</span> <span class='ocrx_word' id='word_1_218' title='bbox 366 1456 408 1479; x_wconf 92' lang='lat' dir='ltr'>cum</span> <span class='ocrx_word' id='word_1_219' title='bbox 417 1446 492 1490; x_wconf 87' lang='lat' dir='ltr'>reliquis</span> <span class='ocrx_word' id='word_1_220' title='bbox 500 1447 592 1480; x_wconf 90' lang='lat' dir='ltr'>sodalibus</span> <span class='ocrx_word' id='word_1_221' title='bbox 600 1446 669 1480; x_wconf 89' lang='lat' dir='ltr'>nostris</span> <span class='ocrx_word' id='word_1_222' title='bbox 674 1446 724 1488; x_wconf 90' lang='lat' dir='ltr'>viris,</span> <span class='ocrx_word' id='word_1_223' title='bbox 730 1446 749 1480; x_wconf 92' lang='lat' dir='ltr'>in</span> <span class='ocrx_word' id='word_1_224' title='bbox 757 1445 853 1480; x_wconf 84' lang='lat' dir='ltr'>mansione</span> 
     </span>
     <span class='ocr_line' id='line_1_25' title="bbox 152 1498 853 1546; baseline -0.003 -12"><span class='ocrx_word' id='word_1_225' title='bbox 152 1500 231 1546; x_wconf 83' lang='lat' dir='ltr'>quadam</span> <span class='ocrx_word' id='word_1_226' title='bbox 243 1498 342 1544; x_wconf 83' lang='lat' dir='ltr'>perlucida,</span> <span class='ocrx_word' id='word_1_227' title='bbox 354 1503 418 1533; x_wconf 85' lang='lat' dir='ltr'>eterna</span> <span class='ocrx_word' id='word_1_228' title='bbox 431 1498 488 1533; x_wconf 90' lang='lat' dir='ltr'>letitia</span> <span class='ocrx_word' id='word_1_229' title='bbox 501 1498 627 1544; x_wconf 73' lang='lat' dir='ltr'>gaudentes.]t</span> <span class='ocrx_word' id='word_1_230' title='bbox 649 1498 678 1533; x_wconf 84' lang='lat' dir='ltr'>Ex</span> <span class='ocrx_word' id='word_1_231' title='bbox 688 1499 746 1533; x_wconf 91' lang='lat' dir='ltr'>latere</span> <span class='ocrx_word' id='word_1_232' title='bbox 761 1509 806 1533; x_wconf 86' lang='lat' dir='ltr'>sane</span> <span class='ocrx_word' id='word_1_233' title='bbox 817 1508 853 1533; x_wconf 91' lang='lat' dir='ltr'>vno</span> 
     </span>
     <span class='ocr_line' id='line_1_26' title="bbox 152 1552 852 1596; baseline -0.004 -8"><span class='ocrx_word' id='word_1_234' title='bbox 152 1558 235 1588; x_wconf 87' lang='lat' dir='ltr'>matrone</span> <span class='ocrx_word' id='word_1_235' title='bbox 247 1563 299 1587; x_wconf 88' lang='lat' dir='ltr'>sacre</span> <span class='ocrx_word' id='word_1_236' title='bbox 311 1557 405 1587; x_wconf 89' lang='lat' dir='ltr'>consortes</span> <span class='ocrx_word' id='word_1_237' title='bbox 416 1558 479 1587; x_wconf 90' lang='lat' dir='ltr'>nostre</span> <span class='ocrx_word' id='word_1_238' title='bbox 491 1554 596 1596; x_wconf 89' lang='lat' dir='ltr'>deputatam</span> <span class='ocrx_word' id='word_1_239' title='bbox 608 1552 643 1587; x_wconf 92' lang='lat' dir='ltr'>sibi</span> <span class='ocrx_word' id='word_1_240' title='bbox 654 1553 722 1586; x_wconf 88' lang='lat' dir='ltr'>habent</span> <span class='ocrx_word' id='word_1_241' title='bbox 734 1552 852 1593; x_wconf 84' lang='lat' dir='ltr'>mansionem,</span> 
     </span>
     <span class='ocr_line' id='line_1_27' title="bbox 151 1605 853 1649; baseline -0.003 -8"><span class='ocrx_word' id='word_1_242' title='bbox 151 1606 239 1642; x_wconf 83' lang='lat' dir='ltr'>ineffabili</span> <span class='ocrx_word' id='word_1_243' title='bbox 251 1605 332 1640; x_wconf 87' lang='lat' dir='ltr'>claritate</span> <span class='ocrx_word' id='word_1_244' title='bbox 348 1606 494 1648; x_wconf 84' lang='lat' dir='ltr'>choruscantem,</span> <span class='ocrx_word' id='word_1_245' title='bbox 505 1605 524 1639; x_wconf 93' lang='lat' dir='ltr'>in</span> <span class='ocrx_word' id='word_1_246' title='bbox 538 1611 604 1649; x_wconf 87' lang='lat' dir='ltr'>quaet</span> <span class='ocrx_word' id='word_1_247' title='bbox 617 1607 658 1649; x_wconf 92' lang='lat' dir='ltr'>ipse</span> <span class='ocrx_word' id='word_1_248' title='bbox 671 1605 718 1640; x_wconf 85' lang='lat' dir='ltr'>felici</span> <span class='ocrx_word' id='word_1_249' title='bbox 732 1605 798 1649; x_wconf 87' lang='lat' dir='ltr'>gaudio</span> <span class='ocrx_word' id='word_1_250' title='bbox 811 1610 853 1639; x_wconf 89' lang='lat' dir='ltr'>sunt</span> 
     </span>
     <span class='ocr_line' id='line_1_28' title="bbox 125 1657 853 1703; baseline -0.004 -8"><span class='ocrx_word' id='word_1_251' title='bbox 125 1674 143 1703; x_wconf 84' lang='lat'>²5</span> <span class='ocrx_word' id='word_1_252' title='bbox 153 1660 256 1696; x_wconf 79' lang='lat' dir='ltr'>exultantes</span> <span class='ocrx_word' id='word_1_253' title='bbox 267 1664 362 1702; x_wconf 87' lang='lat' dir='ltr'>perpetuo.</span> <span class='ocrx_word' id='word_1_254' title='bbox 385 1659 443 1694; x_wconf 85' lang='lat' dir='ltr'>Porro</span> <span class='ocrx_word' id='word_1_255' title='bbox 454 1660 519 1694; x_wconf 89' lang='lat' dir='ltr'>beatus</span> <span class='ocrx_word' id='word_1_256' title='bbox 531 1658 610 1693; x_wconf 85' lang='lat' dir='ltr'>Michael</span> <span class='ocrx_word' id='word_1_257' title='bbox 621 1664 639 1694; x_wconf 92' lang='lat' dir='ltr'>et</span> <span class='ocrx_word' id='word_1_258' title='bbox 657 1663 731 1693; x_wconf 88' lang='lat' dir='ltr'>sanctus</span> <span class='ocrx_word' id='word_1_259' title='bbox 743 1657 853 1702; x_wconf 86' lang='lat' dir='ltr'>euangelista</span> 
     </span>
     <span class='ocr_line' id='line_1_29' title="bbox 153 1711 852 1755; baseline -0.004 -9"><span class='ocrx_word' id='word_1_260' title='bbox 153 1713 250 1753; x_wconf 85' lang='lat' dir='ltr'>lohannes,</span> <span class='ocrx_word' id='word_1_261' title='bbox 265 1711 297 1755; x_wconf 92' lang='lat' dir='ltr'>qui</span> <span class='ocrx_word' id='word_1_262' title='bbox 312 1711 388 1744; x_wconf 88' lang='lat' dir='ltr'>comites</span> <span class='ocrx_word' id='word_1_263' title='bbox 403 1711 466 1745; x_wconf 75' lang='lat' dir='ltr'>nobis⁴</span> <span class='ocrx_word' id='word_1_264' title='bbox 479 1711 568 1745; x_wconf 88' lang='lat' dir='ltr'>indiuidui</span> <span class='ocrx_word' id='word_1_265' title='bbox 583 1711 656 1745; x_wconf 86' lang='lat' dir='ltr'>fuerunt</span> <span class='ocrx_word' id='word_1_266' title='bbox 671 1722 692 1745; x_wconf 91' lang='lat' dir='ltr'>ac</span> <span class='ocrx_word' id='word_1_267' title='bbox 711 1711 796 1744; x_wconf 87' lang='lat' dir='ltr'>custodes</span> <span class='ocrx_word' id='word_1_268' title='bbox 816 1715 852 1743; x_wconf 93' lang='lat' dir='ltr'>toto</span> 
     </span>
     <span class='ocr_line' id='line_1_30' title="bbox 152 1763 853 1809; baseline -0.004 -9"><span class='ocrx_word' id='word_1_269' title='bbox 152 1766 217 1802; x_wconf 88' lang='lat' dir='ltr'>itinere</span> <span class='ocrx_word' id='word_1_270' title='bbox 226 1769 288 1799; x_wconf 91' lang='lat' dir='ltr'>nostro</span> <span class='ocrx_word' id='word_1_271' title='bbox 300 1764 405 1806; x_wconf 82' lang='lat' dir='ltr'>extiterunt,</span> <span class='ocrx_word' id='word_1_272' title='bbox 413 1774 455 1799; x_wconf 89' lang='lat' dir='ltr'>cum</span> <span class='ocrx_word' id='word_1_273' title='bbox 463 1763 546 1809; x_wconf 90' lang='lat' dir='ltr'>pluribus</span> <span class='ocrx_word' id='word_1_274' title='bbox 557 1764 665 1808; x_wconf 85' lang='lat' dir='ltr'>angelorum</span> <span class='ocrx_word' id='word_1_275' title='bbox 674 1763 767 1808; x_wconf 89' lang='lat' dir='ltr'>obsequiis</span> <span class='ocrx_word' id='word_1_276' title='bbox 776 1768 794 1797; x_wconf 87' lang='lat' dir='ltr'>et</span> <span class='ocrx_word' id='word_1_277' title='bbox 802 1773 853 1797; x_wconf 86' lang='lat' dir='ltr'>sanc·</span> 
     </span>
     <span class='ocr_line' id='line_1_31' title="bbox 151 1817 853 1861; baseline -0.004 -7"><span class='ocrx_word' id='word_1_278' title='bbox 151 1826 217 1861; x_wconf 86' lang='lat' dir='ltr'>torum,</span> <span class='ocrx_word' id='word_1_279' title='bbox 226 1829 267 1852; x_wconf 89' lang='lat' dir='ltr'>cum</span> <span class='ocrx_word' id='word_1_280' title='bbox 278 1829 312 1861; x_wconf 86' lang='lat' dir='ltr'>ego</span> <span class='ocrx_word' id='word_1_281' title='bbox 323 1817 362 1852; x_wconf 87' lang='lat' dir='ltr'>fere</span> <span class='ocrx_word' id='word_1_282' title='bbox 373 1817 455 1852; x_wconf 92' lang='lat' dir='ltr'>omnium</span> <span class='ocrx_word' id='word_1_283' title='bbox 463 1817 564 1852; x_wconf 89' lang='lat' dir='ltr'>nouissima</span> <span class='ocrx_word' id='word_1_284' title='bbox 574 1817 696 1860; x_wconf 87' lang='lat' dir='ltr'>interimerer,</span> <span class='ocrx_word' id='word_1_285' title='bbox 704 1817 784 1851; x_wconf 89' lang='lat' dir='ltr'>animam</span> <span class='ocrx_word' id='word_1_286' title='bbox 792 1826 853 1851; x_wconf 81' lang='lat' dir='ltr'>meam</span> 
     </span>
     <span class='ocr_line' id='line_1_32' title="bbox 151 1870 853 1915; baseline -0.007 -7"><span class='ocrx_word' id='word_1_287' title='bbox 151 1884 194 1908; x_wconf 89' lang='lat' dir='ltr'>curn</span> <span class='ocrx_word' id='word_1_288' title='bbox 202 1882 275 1906; x_wconf 88' lang='lat' dir='ltr'>summa</span> <span class='ocrx_word' id='word_1_289' title='bbox 281 1871 341 1905; x_wconf 86' lang='lat' dir='ltr'>leticia</span> <span class='ocrx_word' id='word_1_290' title='bbox 351 1871 478 1915; x_wconf 88' lang='lat' dir='ltr'>suscipientes,</span> <span class='ocrx_word' id='word_1_291' title='bbox 487 1871 561 1905; x_wconf 89' lang='lat' dir='ltr'>domino</span> <span class='ocrx_word' id='word_1_292' title='bbox 569 1882 639 1915; x_wconf 87' lang='lat' dir='ltr'>sueque</span> <span class='ocrx_word' id='word_1_293' title='bbox 649 1870 733 1915; x_wconf 85' lang='lat' dir='ltr'>genitrici</span> <span class='ocrx_word' id='word_1_294' title='bbox 740 1871 794 1904; x_wconf 90' lang='lat' dir='ltr'>beate</span> <span class='ocrx_word' id='word_1_295' title='bbox 801 1870 853 1903; x_wconf 71' lang='lat' dir='ltr'>⁴earn</span> 
     </span>
     <span class='ocr_line' id='line_1_33' title="bbox 125 1922 853 1969; baseline -0.004 -9"><span class='ocrx_word' id='word_1_296' title='bbox 125 1938 144 1968; x_wconf 75' lang='lat'>3⁰</span> <span class='ocrx_word' id='word_1_297' title='bbox 152 1926 231 1960; x_wconf 88' lang='lat' dir='ltr'>offerunt</span> <span class='ocrx_word' id='word_1_298' title='bbox 238 1925 378 1969; x_wconf 68' lang='lat' dir='ltr'>presentantes)</span> <span class='ocrx_word' id='word_1_299' title='bbox 393 1924 429 1958; x_wconf 93' lang='lat' dir='ltr'>Hic</span> <span class='ocrx_word' id='word_1_300' title='bbox 437 1935 502 1959; x_wconf 88' lang='lat' dir='ltr'>reuera</span> <span class='ocrx_word' id='word_1_301' title='bbox 509 1925 573 1958; x_wconf 88' lang='lat' dir='ltr'>beatus</span> <span class='ocrx_word' id='word_1_302' title='bbox 581 1929 631 1958; x_wconf 83' lang='lat' dir='ltr'>extat</span> <span class='ocrx_word' id='word_1_303' title='bbox 638 1923 681 1959; x_wconf 86' lang='lat' dir='ltr'>finis</span> <span class='ocrx_word' id='word_1_304' title='bbox 687 1923 778 1967; x_wconf 85' lang='lat' dir='ltr'>virginum</span> <span class='ocrx_word' id='word_1_305' title='bbox 787 1922 853 1957; x_wconf 88' lang='lat' dir='ltr'>beatis·</span> 
     </span>
     <span class='ocr_line' id='line_1_34' title="bbox 152 1976 853 2021; baseline -0.009 -7"><span class='ocrx_word' id='word_1_306' title='bbox 152 1979 240 2014; x_wconf 89' lang='lat' dir='ltr'>simarum</span> <span class='ocrx_word' id='word_1_307' title='bbox 247 1977 333 2011; x_wconf 89' lang='lat' dir='ltr'>vndecim</span> <span class='ocrx_word' id='word_1_308' title='bbox 344 1976 415 2010; x_wconf 92' lang='lat' dir='ltr'>milium</span> <span class='ocrx_word' id='word_1_309' title='bbox 422 1977 551 2021; x_wconf 89' lang='lat' dir='ltr'>sociorumque</span> <span class='ocrx_word' id='word_1_310' title='bbox 559 1977 631 2010; x_wconf 91' lang='lat' dir='ltr'>illarum</span> <span class='ocrx_word' id='word_1_311' title='bbox 639 1976 734 2010; x_wconf 89' lang='lat' dir='ltr'>laudabilis</span> <span class='ocrx_word' id='word_1_312' title='bbox 742 1981 761 2010; x_wconf 91' lang='lat' dir='ltr'>et</span> <span class='ocrx_word' id='word_1_313' title='bbox 769 1980 853 2010; x_wconf 86' lang='lat' dir='ltr'>sanctus:</span> 
     </span>
     <span class='ocr_line' id='line_1_35' title="bbox 152 2027 853 2078; baseline -0.006 -12"><span class='ocrx_word' id='word_1_314' title='bbox 152 2030 281 2078; x_wconf 90' lang='lat' dir='ltr'>quevniuerse</span> <span class='ocrx_word' id='word_1_315' title='bbox 293 2030 409 2074; x_wconf 87' lang='lat' dir='ltr'>triumphalis</span> <span class='ocrx_word' id='word_1_316' title='bbox 421 2030 472 2064; x_wconf 86' lang='lat' dir='ltr'>necis</span> <span class='ocrx_word' id='word_1_317' title='bbox 481 2030 562 2074; x_wconf 84' lang='lat' dir='ltr'>palmam</span> <span class='ocrx_word' id='word_1_318' title='bbox 575 2027 757 2074; x_wconf 86' lang='lat' dir='ltr'>perhennisquevite</span> <span class='ocrx_word' id='word_1_319' title='bbox 769 2037 853 2063; x_wconf 87' lang='lat' dir='ltr'>coronam</span> 
     </span>
     <span class='ocr_line' id='line_1_36' title="bbox 152 2079 854 2128; baseline -0.004 -9"><span class='ocrx_word' id='word_1_320' title='bbox 152 2085 201 2121; x_wconf 86' lang='lat' dir='ltr'>rosei</span> <span class='ocrx_word' id='word_1_321' title='bbox 208 2084 298 2119; x_wconf 87' lang='lat' dir='ltr'>effusione</span> <span class='ocrx_word' id='word_1_322' title='bbox 307 2083 376 2118; x_wconf 92' lang='lat' dir='ltr'>cruoris</span> <span class='ocrx_word' id='word_1_323' title='bbox 387 2085 453 2127; x_wconf 89' lang='lat' dir='ltr'>adepte</span> <span class='ocrx_word' id='word_1_324' title='bbox 464 2089 507 2118; x_wconf 92' lang='lat' dir='ltr'>sunt</span> <span class='ocrx_word' id='word_1_325' title='bbox 518 2083 633 2128; x_wconf 59' lang='lat' dir='ltr'>gloriosam,</span> <span class='ocrx_word' id='word_1_326' title='bbox 641 2088 696 2127; x_wconf 89' lang='lat' dir='ltr'>atque</span> <span class='ocrx_word' id='word_1_327' title='bbox 707 2082 780 2117; x_wconf 87' lang='lat' dir='ltr'>celestis</span> <span class='ocrx_word' id='word_1_328' title='bbox 791 2079 854 2126; x_wconf 88' lang='lat' dir='ltr'>sponsi</span> 
     </span>
     <span class='ocr_line' id='line_1_37' title="bbox 152 2135 853 2182; baseline -0.01 -8"><span class='ocrx_word' id='word_1_329' title='bbox 152 2136 268 2182; x_wconf 77' lang='lat' dir='ltr'>amplexibus</span> <span class='ocrx_word' id='word_1_330' title='bbox 286 2137 345 2171; x_wconf 87' lang='lat' dir='ltr'>beatis</span> <span class='ocrx_word' id='word_1_331' title='bbox 363 2143 453 2181; x_wconf 89' lang='lat' dir='ltr'>perpetuo</span> <span class='ocrx_word' id='word_1_332' title='bbox 471 2138 566 2171; x_wconf 87' lang='lat' dir='ltr'>associate.</span> <span class='ocrx_word' id='word_1_333' title='bbox 599 2137 635 2171; x_wconf 90' lang='lat' dir='ltr'>Pro</span> <span class='ocrx_word' id='word_1_334' title='bbox 654 2137 705 2171; x_wconf 92' lang='lat' dir='ltr'>cuius</span> <span class='ocrx_word' id='word_1_335' title='bbox 724 2135 772 2170; x_wconf 91' lang='lat' dir='ltr'>dulci</span> <span class='ocrx_word' id='word_1_336' title='bbox 791 2145 853 2170; x_wconf 88' lang='lat' dir='ltr'>amore</span> 
     </span>
     <span class='ocr_line' id='line_1_38' title="bbox 125 2186 853 2237; baseline -0.007 -11"><span class='ocrx_word' id='word_1_337' title='bbox 125 2204 144 2237; x_wconf 78' lang='lat'>35</span> <span class='ocrx_word' id='word_1_338' title='bbox 153 2191 236 2236; x_wconf 87' lang='lat' dir='ltr'>patriam,</span> <span class='ocrx_word' id='word_1_339' title='bbox 241 2195 334 2234; x_wconf 88' lang='lat' dir='ltr'>parentes,</span> <span class='ocrx_word' id='word_1_340' title='bbox 339 2189 412 2225; x_wconf 90' lang='lat' dir='ltr'>diuitias</span> <span class='ocrx_word' id='word_1_341' title='bbox 420 2196 474 2234; x_wconf 91' lang='lat' dir='ltr'>atque</span> <span class='ocrx_word' id='word_1_342' title='bbox 483 2190 558 2225; x_wconf 88' lang='lat' dir='ltr'>delicias</span> <span class='ocrx_word' id='word_1_343' title='bbox 566 2189 697 2234; x_wconf 88' lang='lat' dir='ltr'>relinquentes,</span> <span class='ocrx_word' id='word_1_344' title='bbox 706 2189 770 2223; x_wconf 83' lang='lat' dir='ltr'>liorem</span> <span class='ocrx_word' id='word_1_345' title='bbox 777 2186 853 2233; x_wconf 86' lang='lat' dir='ltr'>virginei</span> 
     </span>
     <span class='ocr_line' id='line_1_39' title="bbox 153 2242 854 2287; baseline -0.004 -10"><span class='ocrx_word' id='word_1_346' title='bbox 153 2244 229 2287; x_wconf 88' lang='lat' dir='ltr'>pudoris</span> <span class='ocrx_word' id='word_1_347' title='bbox 241 2248 259 2275; x_wconf 93' lang='lat' dir='ltr'>et</span> <span class='ocrx_word' id='word_1_348' title='bbox 270 2242 382 2276; x_wconf 89' lang='lat' dir='ltr'>immaculati</span> <span class='ocrx_word' id='word_1_349' title='bbox 391 2243 503 2277; x_wconf 87' lang='lat' dir='ltr'>mundiciam</span> <span class='ocrx_word' id='word_1_350' title='bbox 512 2247 669 2276; x_wconf 88' lang='lat' dir='ltr'>conseruaucrunt</span> <span class='ocrx_word' id='word_1_351' title='bbox 679 2243 770 2283; x_wconf 85' lang='lat' dir='ltr'>candoris,</span> <span class='ocrx_word' id='word_1_352' title='bbox 779 2243 802 2275; x_wconf 87' lang='lat' dir='ltr'>ab</span> <span class='ocrx_word' id='word_1_353' title='bbox 814 2242 854 2285; x_wconf 89' lang='lat' dir='ltr'>ipso</span> 
     </span>
     <span class='ocr_line' id='line_1_40' title="bbox 153 2293 853 2339; baseline -0.006 -7"><span class='ocrx_word' id='word_1_354' title='bbox 153 2307 198 2332; x_wconf 85' lang='lat' dir='ltr'>sane</span> <span class='ocrx_word' id='word_1_355' title='bbox 211 2295 230 2328; x_wconf 95' lang='lat' dir='ltr'>in</span> <span class='ocrx_word' id='word_1_356' title='bbox 244 2299 307 2328; x_wconf 90' lang='lat' dir='ltr'>eterne</span> <span class='ocrx_word' id='word_1_357' title='bbox 319 2294 436 2329; x_wconf 86' lang='lat' dir='ltr'>beatitudinis</span> <span class='ocrx_word' id='word_1_358' title='bbox 451 2295 552 2329; x_wconf 88' lang='lat' dir='ltr'>thalamum</span> <span class='ocrx_word' id='word_1_359' title='bbox 568 2295 677 2338; x_wconf 90' lang='lat' dir='ltr'>introducte,</span> <span class='ocrx_word' id='word_1_360' title='bbox 688 2293 762 2339; x_wconf 87' lang='lat' dir='ltr'>perpeti</span> <span class='ocrx_word' id='word_1_361' title='bbox 778 2304 820 2329; x_wconf 88' lang='lat' dir='ltr'>curn</span> <span class='ocrx_word' id='word_1_362' title='bbox 832 2303 853 2328; x_wconf 82' lang='lat' dir='ltr'>eo</span> 
     </span>
     <span class='ocr_line' id='line_1_41' title="bbox 153 2347 496 2396; baseline -0.006 -10"><span class='ocrx_word' id='word_1_363' title='bbox 153 2350 219 2396; x_wconf 83' lang='lat' dir='ltr'>gaudio</span> <span class='ocrx_word' id='word_1_364' title='bbox 227 2347 353 2383; x_wconf 75' lang='lat' dir='ltr'>iocunditatis⁸</span> <span class='ocrx_word' id='word_1_365' title='bbox 361 2348 478 2392; x_wconf 80' lang='lat' dir='ltr'>perfruentur</span> <span class='ocrx_word' id='word_1_366' title='bbox 484 2349 496 2384; x_wconf 79' lang='lat'>⁹.</span> 
     </span>
    </p>
   </div>
   <div class='ocr_carea' id='block_1_4' title="bbox 152 2439 853 2562">
    <p class='ocr_par' dir='ltr' id='par_1_5' title="bbox 152 2439 853 2562">
     <span class='ocr_line' id='line_1_42' title="bbox 173 2439 853 2481; baseline -0.007 -7"><span class='ocrx_word' id='word_1_367' title='bbox 173 2443 178 2462; x_wconf 89' lang='lat'><em>¹</em></span> <span class='ocrx_word' id='word_1_368' title='bbox 189 2443 207 2474; x_wconf 90' lang='lat' dir='ltr'>E.</span> <span class='ocrx_word' id='word_1_369' title='bbox 215 2442 281 2480; x_wconf 88' lang='lat' dir='ltr'>ipsique.</span> <span class='ocrx_word' id='word_1_370' title='bbox 353 2440 359 2458; x_wconf 77' lang='lat'>²</span> <span class='ocrx_word' id='word_1_371' title='bbox 370 2441 388 2473; x_wconf 92' lang='grc' dir='ltr'>Β,</span> <span class='ocrx_word' id='word_1_372' title='bbox 396 2450 480 2472; x_wconf 86' lang='lat' dir='ltr'>sacrarum.</span> <span class='ocrx_word' id='word_1_373' title='bbox 551 2441 558 2459; x_wconf 77' lang='lat'>³</span> <span class='ocrx_word' id='word_1_374' title='bbox 568 2442 587 2472; x_wconf 75' lang='grc' dir='ltr'>Β,</span> <span class='ocrx_word' id='word_1_375' title='bbox 595 2446 685 2481; x_wconf 84' lang='lat' dir='ltr'>conspeetu.</span> <span class='ocrx_word' id='word_1_376' title='bbox 757 2442 763 2460; x_wconf 89' lang='lat'><strong>⁴</strong></span> <span class='ocrx_word' id='word_1_377' title='bbox 774 2451 804 2472; x_wconf 86' lang='lat' dir='ltr'>om.</span> <span class='ocrx_word' id='word_1_378' title='bbox 811 2441 828 2471; x_wconf 88' lang='lat' dir='ltr'>in</span> <span class='ocrx_word' id='word_1_379' title='bbox 835 2439 853 2470; x_wconf 87' lang='grc' dir='ltr'>Β.</span> 
     </span>
     <span class='ocr_line' id='line_1_43' title="bbox 152 2480 853 2521; baseline -0.007 -6"><span class='ocrx_word' id='word_1_380' title='bbox 152 2485 159 2504; x_wconf 84' lang='lat'>¹⁵</span> <span class='ocrx_word' id='word_1_381' title='bbox 170 2485 188 2516; x_wconf 90' lang='lat' dir='ltr'>B.</span> <span class='ocrx_word' id='word_1_382' title='bbox 197 2483 267 2513; x_wconf 85' lang='lat' dir='ltr'>domino.</span> <span class='ocrx_word' id='word_1_383' title='bbox 315 2480 337 2505; x_wconf 55' lang='grc' dir='ltr'>Μ’</span> <span class='ocrx_word' id='word_1_384' title='bbox 347 2491 366 2513; x_wconf 88' lang='lat' dir='ltr'>so</span> <span class='ocrx_word' id='word_1_385' title='bbox 374 2482 398 2520; x_wconf 91' lang='lat' dir='ltr'>B.,</span> <span class='ocrx_word' id='word_1_386' title='bbox 406 2491 436 2513; x_wconf 89' lang='lat' dir='ltr'>om.</span> <span class='ocrx_word' id='word_1_387' title='bbox 445 2482 461 2512; x_wconf 90' lang='lat' dir='ltr'>in</span> <span class='ocrx_word' id='word_1_388' title='bbox 469 2483 487 2513; x_wconf 88' lang='lat' dir='ltr'>E.</span> <span class='ocrx_word' id='word_1_389' title='bbox 534 2481 540 2501; x_wconf 58' lang='grc' dir='ltr'>ἵ</span> <span class='ocrx_word' id='word_1_390' title='bbox 551 2482 570 2513; x_wconf 93' lang='lat' dir='ltr'>B.</span> <span class='ocrx_word' id='word_1_391' title='bbox 577 2482 646 2521; x_wconf 84' lang='lat' dir='ltr'>gloriam.</span> <span class='ocrx_word' id='word_1_392' title='bbox 703 2482 709 2502; x_wconf 72' lang='lat' dir='ltr'>l</span> <span class='ocrx_word' id='word_1_393' title='bbox 719 2482 738 2513; x_wconf 92' lang='lat' dir='ltr'>B.</span> <span class='ocrx_word' id='word_1_394' title='bbox 746 2482 853 2514; x_wconf 83' lang='lat' dir='ltr'>iucundautes.</span> 
     </span>
     <span class='ocr_line' id='line_1_44' title="bbox 152 2522 302 2562; baseline -0.033 -7"><span class='ocrx_word' id='word_1_395' title='bbox 152 2525 158 2543; x_wconf 70' lang='lat'>⁰</span> <span class='ocrx_word' id='word_1_396' title='bbox 169 2526 188 2555; x_wconf 89' lang='lat' dir='ltr'>B.</span> <span class='ocrx_word' id='word_1_397' title='bbox 196 2522 302 2562; x_wconf 80' lang='lat' dir='ltr'>perfruuntur.</span> 
     </span>
    </p>
   </div>
   <div class='ocr_carea' id='block_1_5' title="bbox 0 0 887 2803">
    <p class='ocr_par' dir='ltr' id='par_1_6' title="bbox 0 0 887 2803">
     <span class='ocr_line' id='line_1_45' title="bbox 0 0 887 2803; baseline 0 0"><span class='ocrx_word' id='word_1_398' title='bbox 0 0 887 2803; x_wconf 95' lang='lat' dir='ltr'> </span> 
     </span>
    </p>
   </div>
  </div>
 </body>
</html>
