1762 2803
255 123 300 179 Bt
315 122 417 177 banna
431 123 526 187 unna.
701 140 743 183 103

41 248 123 283 censium
134 245 209 279 nomine
220 245 329 289 Braghanus
340 252 383 279 erat.
406 246 488 280 Fuerunt
497 252 558 280 autem
570 247 609 290 regi
619 246 644 280 illi
654 246 685 280 filii
697 247 743 280 duo-

41 300 100 337 decim
110 305 128 333 et
138 298 174 333 filie
186 297 267 339 totidem,
278 308 344 332 omnes
355 299 391 333 deo
400 298 495 342 placentes
507 305 525 333 et
534 298 570 333 vite
581 305 650 333 sancte.
673 299 743 333 Primo·

40 353 112 399 genitus
120 352 160 386 eius
168 356 207 386 erat
219 357 293 386 sanctus
304 351 412 394 Canachus;
423 350 546 396 primogenita
555 352 591 386 filia
601 352 676 395 Gladus,
684 358 744 387 mater

40 406 98 443 sancti
106 404 172 440 Cadoci
179 417 183 447 ;
196 406 276 439 secunda
285 404 354 447 Melari,
361 410 420 439 mater
427 405 484 449 patris
492 405 551 440 sancti
558 405 617 440 Dauid
624 405 744 440 menenensis

40 457 178 502 archiepiscopi.
207 457 278 492 Ceteris
286 468 330 492 vero
338 464 415 501 propter
422 458 544 502 prolixitatem
553 458 632 500 omissis,
640 459 663 492 ad
671 460 742 493 beatam
751 469 760 500 5

41 514 127 557 Keynam
142 510 204 546 stilum
219 510 347 546 conuertimus.
370 511 475 555 Antequam
491 511 540 545 enim
556 518 668 552 nasceretur,
684 518 743 545 mater

41 567 80 600 eius
91 565 110 598 in
121 564 192 597 visione
202 563 245 597 vidit
255 563 316 597 sinum
326 573 380 597 suum
390 562 446 598 mirra
457 568 476 598 et
487 563 569 598 balsamo
581 564 662 607 plenum,
674 569 692 597 et
704 575 743 597 ma-

40 618 100 651 millas
109 626 153 650 suas
163 615 227 650 celesti
235 615 303 650 lumine
315 615 413 651 radiantes.
436 615 486 650 Vidit
498 621 516 651 et
528 615 602 651 niueam
613 627 634 651 se
646 627 679 662 pro
691 617 743 661 prole

40 669 136 716 peperisse
154 669 262 703 columbam.
290 668 336 704 Cum
351 680 396 704 vero
411 668 484 704 enixam
500 669 556 705 filiam
572 674 631 705 mater
646 669 744 715 diligenter

40 725 131 765 educaret,
143 723 190 756 mira
202 723 281 766 quedam
293 722 393 766 spiritualis
405 724 463 767 gratie
475 728 562 757 venustas
575 723 594 757 in
607 722 653 757 facie
666 723 743 767 virginis
752 736 771 757 ro

39 777 144 820 apparebat,
150 775 199 809 itavt
207 775 317 818 quandoque
325 775 371 807 sicut
379 774 416 814 nix,
424 776 535 818 quandoque
542 775 588 808 sicut
596 775 662 808 solaris
670 776 743 809 claritas

40 828 143 872 refulgeret.
167 827 250 872 Cumque
261 827 284 860 ad
295 837 354 860 annos
366 826 437 862 nubiles
448 827 570 871 peruenisset,
578 832 596 861 et
608 827 659 862 multi
671 827 743 862 nobiles

40 892 81 915 eam
91 881 110 914 in
118 880 223 924 coniugium
232 880 349 922 affectarent;
358 881 411 924 virgo
419 885 487 921 sancta,
495 879 567 914 virilem
577 879 661 923 copulam
667 879 743 915 omnino

40 944 132 975 recusans,
141 933 264 976 virginitatem
272 943 324 967 suam
333 937 375 966 voto
387 938 478 977 perpetuo
487 932 562 967 domino
571 932 690 967 consecrauit.
713 933 743 968 Ob

40 987 73 1021 hoc
81 987 137 1028 enim,
145 997 180 1030 que
189 987 240 1029 prius
251 985 318 1029 Keyna
328 986 432 1028 vocabatur,
440 991 504 1030 postea
514 986 616 1020 britannice
624 985 742 1030 ‘Keymviri,'
752 1001 769 1032 ¹5

40 1040 57 1073 id
65 1045 93 1074 est
101 1039 167 1083 ‘Keyn
174 1039 235 1083 virgo’
243 1039 291 1072 dicta
300 1043 332 1072 est.
355 1038 453 1083 Proposuit
461 1039 534 1073 tandem
543 1039 621 1083 patriam
629 1039 716 1074 descrere
724 1045 742 1074 et

39 1093 98 1127 locum
112 1093 212 1133 desertum,
224 1092 254 1125 vbi
270 1091 420 1135 contemplationi
434 1098 513 1131 vacaret,
526 1102 616 1135 querere:
635 1098 653 1125 et
668 1098 742 1135 arrepto

39 1146 109 1186 itinere,
115 1146 162 1178 vltra
170 1144 268 1178 Sabrinam
275 1144 358 1185 veniens,
363 1144 442 1187 repertis
450 1143 558 1188 quibusdam
567 1144 612 1177 locis
620 1144 742 1186 siluestribus,

39 1208 49 1231 a
61 1208 104 1240 rege
115 1196 164 1230 illius
175 1196 268 1241 prouincie
280 1196 396 1230 solitudinem
408 1197 457 1231 iilam
469 1196 488 1231 in
502 1206 538 1241 qua
548 1197 584 1231 deo
595 1196 666 1232 seruire
678 1202 742 1242 posset

39 1250 125 1294 expetiit:
143 1250 177 1292 cui,
189 1250 238 1294 quod
253 1250 306 1295 petiit
321 1250 402 1284 hilariter
414 1260 435 1284 se
450 1260 581 1284 concessurum
593 1251 694 1294 respondit,
706 1251 741 1285 nisi
750 1266 770 1289 io

39 1303 81 1347 quia
93 1303 144 1337 locus
157 1302 188 1337 ille
201 1309 251 1337 tanta
265 1303 380 1347 serpentium
392 1303 508 1337 multitudine
521 1303 630 1347 repleretur,
642 1304 691 1348 quod
703 1308 741 1338 tam

39 1356 143 1390 hominibus
151 1367 205 1400 quam
213 1356 299 1391 iumentis
307 1361 326 1391 et
334 1355 378 1390 seris
386 1356 510 1390 inhabitabilis
518 1355 613 1391 extitisset.
632 1355 690 1401 Virgo
698 1368 741 1391 vero

39 1415 143 1443 constanter
155 1410 256 1451 respondit,
268 1420 289 1442 se
301 1409 394 1442 confidere
408 1409 426 1441 in
439 1409 528 1442 adiutorio
540 1408 628 1450 altissimi,
640 1409 689 1443 etin
702 1409 742 1443 eius

39 1461 112 1495 nomine
124 1473 145 1496 se
157 1461 205 1496 velle
217 1467 235 1495 et
248 1472 304 1506 posse
319 1471 394 1496 omnem
409 1461 459 1496 illam
471 1461 592 1497 virulentam¹
605 1461 741 1497 multitudinem

39 1515 125 1559 effugare.
149 1515 243 1550 Concessa
251 1515 306 1560 igitur
313 1514 379 1559 virgini
387 1515 432 1556 loco,
440 1515 462 1549 ad
471 1515 533 1549 solitas
541 1525 606 1558 preces
614 1525 635 1549 se
643 1515 741 1559 prostrauit
750 1527 769 1557 ²5

39 1574 56 1601 et
64 1570 125 1602 omnia
132 1568 163 1602 illa
171 1578 214 1602 mox
222 1567 315 1611 genimina
321 1569 425 1611 viperarum
431 1567 539 1602 mortificata
545 1567 563 1601 in
569 1568 650 1612 lapidum
656 1568 740 1603 duritiem

39 1622 161 1655 commutauit.
192 1620 273 1665 Lapides
288 1621 338 1655 enim
353 1631 412 1665 vsque
427 1620 481 1655 hodie
496 1620 596 1664 imaginem
615 1621 740 1665 serpentinam

38 1674 145 1718 exprimunt
159 1684 194 1718 per
209 1684 285 1718 campos
300 1680 318 1708 et
330 1672 385 1716 vicos,
397 1674 449 1717 quasi
464 1678 504 1708 arte
518 1673 594 1707 lathomi
608 1674 741 1718 sculperentur.

40 1719 116 1770 Elapsis
127 1732 188 1760 autem
200 1726 263 1760 multis
273 1727 332 1767 annis,
340 1736 382 1759 cum
393 1726 441 1759 sama
450 1731 512 1759 sancte
521 1726 597 1769 virginis
606 1726 674 1771 ubique
682 1727 741 1761 diuul-

38 1784 79 1821 gata
90 1784 146 1821 esset,
157 1784 175 1814 et
186 1778 263 1812 visitatis
276 1778 344 1820 multis,
356 1778 434 1812 oratoria
446 1779 502 1813 multa
515 1778 654 1821 constnrxisset,
666 1785 741 1814 sanctus
750 1791 769 1821 ³0

39 1830 121 1866 Cadocus
135 1832 217 1866 Montem
233 1832 291 1866 saneti
307 1832 402 1866 Michaelis
417 1831 572 1877 peregrinationis
587 1833 645 1877 gratia
658 1832 741 1874 visitans,

38 1891 120 1920 sanctam
135 1886 227 1931 Keynam,
242 1891 360 1920 materteram
376 1896 434 1926 suam,
449 1885 518 1920 ibidem
535 1886 620 1930 repperit,
636 1890 654 1920 et
674 1896 741 1931 magno

39 1940 120 1983 repletus
133 1940 205 1984 gaudio,
218 1950 260 1974 cum
272 1939 322 1973 illam
334 1940 357 1974 ad
371 1945 439 1974 terram
451 1938 545 1983 propriam
558 1940 646 1974 reducere
657 1940 717 1980 vellet,
729 1950 741 1973 a

38 1994 105 2036 populo
123 1998 172 2027 terre
188 1993 290 2036 permissus
306 2003 343 2026 non
358 1998 392 2026 est.
422 1992 554 2026 Admonitione
568 1993 643 2025 demum
659 1992 740 2036 angelica

38 2046 88 2088 virgo
103 2050 167 2079 sancta
181 2046 204 2078 ad
219 2045 296 2088 patriam
312 2055 364 2078 suam
380 2045 460 2085 rediens,
475 2044 494 2077 in
509 2044 588 2088 quodam
604 2043 703 2078 monticulo
716 2045 740 2078 ad
749 2055 768 2086 35

38 2098 108 2132 radices
120 2098 215 2132 cuiusdam
227 2096 296 2132 montis
309 2096 372 2140 magni
386 2096 516 2131 habitationem
528 2096 563 2130 sibi
575 2095 650 2139 iaciens,
663 2096 704 2131 lusa
716 2099 739 2131 ad

38 2151 92 2186 deum
105 2162 161 2196 prece
176 2151 246 2186 sontem
261 2151 285 2186 de
299 2155 349 2185 terra
367 2149 459 2195 produxit,
474 2150 505 2194 qui
524 2149 586 2185 multis
604 2150 740 2186 infirmitatibus

38 2205 107 2240 meritis
114 2205 190 2250 virginis
198 2210 261 2240 sancte
269 2205 347 2239 salutem
355 2203 434 2248 prebuit.
468 2196 520 2239 Cum
527 2210 595 2246 autern,
603 2204 668 2249 spiritu
676 2212 740 2240 sancto

38 2260 136 2301 reuelante,
144 2258 184 2293 dies
195 2257 358 2293 consummationis
367 2258 407 2292 eius
418 2257 580 2303 appropinquaret,
588 2257 632 2292 vidit
642 2257 661 2292 in
669 2257 740 2293 visione

38 2312 95 2347 noctis
106 2313 223 2356 columpnam
235 2311 287 2355 quasi
299 2311 372 2356 igneam
384 2322 443 2355 vsque
455 2311 478 2345 ad
489 2310 550 2345 lectuli
561 2311 601 2345 eius
613 2311 739 2355 pauimentum
748 2326 768 2353 io

38 2364 191 2399 descendere—in
199 2365 248 2398 nudo
256 2364 305 2398 enim
311 2364 418 2409 pauimento
424 2363 532 2399 ramusculis
538 2364 624 2399 arborum
630 2364 739 2408 superiectis

38 2417 117 2452 dormire
132 2418 208 2452 solebat,
236 2417 259 2451 Et
275 2417 336 2460 angeli
351 2417 387 2451 duo
402 2416 437 2450 sibi
453 2416 578 2461 apparebant;
596 2427 673 2461 quorum
692 2418 739 2452 alter

38 2475 143 2505 reuerenter
151 2470 174 2505 ad
185 2469 235 2504 illam
243 2471 339 2511 accedens,
347 2470 425 2504 cilicium
435 2480 471 2515 quo
479 2470 588 2504 induebatur
598 2470 675 2505 leniter²
682 2470 738 2513 exuit,

38 2527 55 2556 et
66 2524 128 2559 casula
139 2523 208 2558 bissina
219 2535 256 2558 vna
268 2523 322 2558 eum⁵
334 2523 396 2557 tunica
407 2523 497 2563 coccinea,
509 2534 551 2557 cum
563 2523 641 2557 clamide
652 2524 738 2566 quoque*

61 2586 94 2619 1Ε.
103 2588 200 2618 virulentem.
243 2586 346 2617 ²E.leuiter.
390 2586 572 2622 ’nvnaeumnet
615 2585 712 2617 *omnum
