1762 2803
331 164 468 225 lDtsslssssUfl·
740 181 752 221 3

50 289 131 334 plaeenS,
141 286 241 320 translatus
253 283 311 320 estin
324 284 431 318 Paradisum
443 294 467 318 ne
479 288 557 318 mortem
568 284 646 326 videret,
657 285 690 318 sed
702 285 753 319 daret

50 340 135 387 gentibus
150 337 268 382 sapientiam
286 336 380 371 Abraham
397 347 470 380 quoque
486 347 639 377 commemorans,
653 337 702 380 quod
717 337 754 370 fide

51 393 157 428 iustificatus
169 391 204 432 sit;
220 395 238 424 et
251 389 329 433 Moysen
341 394 431 431 sanctum,
442 389 473 432 qui
484 388 513 424 vir
526 394 565 423 erat
578 388 686 422 mitissimus
699 398 755 433 super

51 453 124 485 terram,
132 444 151 478 in
162 455 199 488 quo
209 443 273 477 mundi
283 447 410 485 contemptum
421 442 508 484 laudauit,
516 452 539 476 eo
549 443 598 486 quod
607 442 668 486 Egipti
678 442 755 485 gloriam

51 497 151 539 fastidiens,
166 496 234 539 ‘magis
249 494 304 539 elegit
318 494 374 537 affligi
389 504 431 527 eum
447 494 515 538 populo
529 494 564 535 dei,
578 504 633 538 quam
648 494 774 538 temporaliss

52 549 121 595 peccati
129 547 367 589 habereiocunditatem13'
379 546 438 581 sancti
446 546 526 591 denique
536 558 601 582 omnes
610 548 711 592 ‘quomodo
722 558 757 592 per

52 604 107 637 fidem
118 602 202 637 vicerunt
213 611 277 645 regna,
285 599 355 645 operati
367 604 411 634 sunt
421 599 517 642 iusticiam,
527 600 589 645 adepti
601 606 644 636 sunt
655 601 756 645 repromis-

52 655 132 691 εἱοηεεἮ
141 659 159 688 et
167 659 228 688 cetera
235 664 271 697 que
279 658 387 698 sequuntur.

74 708 158 747 Proinde,
170 712 189 740 vt
202 706 257 740 etiam
269 707 292 739 ad
306 712 379 740 sanctos
392 706 563 751 ecclesiasticosque
575 706 649 741 veniam
664 707 755 748 doctores,

52 762 116 796 beatus
123 759 154 794 ille
162 758 341 794 lheronimus³vitas
349 764 454 794 sanctorum
465 765 537 804 patrum
548 761 578 803 qui
589 760 608 794 in
619 761 695 794 heremo
703 760 756 794 victi·
766 772 785 793 ιο

52 815 119 854 tabant,
130 818 181 846 tanto
193 812 254 846 studio
267 812 286 846 in
299 822 356 846 vnum
370 812 442 857 collegit
454 811 567 854 fasciculum,
579 818 599 847 vt
612 812 756 848 innumerabiles

52 867 201 910 immortalesque
211 865 293 908 virtutes,
302 865 403 900 immensas
415 865 528 910 singulorum
540 865 640 900 diuisiones
651 865 756 910 gratiarum,

52 919 162 962 uiuendique
174 918 300 953 efficacissima
312 918 403 963 exempla,
414 923 432 952 et
443 918 563 962 plurimorum
577 918 672 963 signorum
685 919 756 953 infinita

53 971 135 1016 prodigia
149 971 258 1005 intuentium
273 970 330 1006 oculis
345 970 456 1016 aspicienda,
471 970 524 1005 breui
541 971 648 1006 membrana
667 978 758 1014 exararet,

53 1025 130 1060 Paulum
139 1024 275 1059 sanctissimum
286 1024 375 1058 inducens
386 1024 532 1058 anachoritarum
543 1023 646 1068 principem
656 1030 711 1067 atquc
719 1025 757 1068 pri·
767 1036 785 1068 ¹5

53 1076 137 1118 marium,
152 1077 254 1110 Antonium
269 1086 349 1119 quoque,
364 1082 382 1109 et
398 1075 529 1119 hilarionem,
544 1081 652 1120 ceterosque
667 1087 716 1120 pene
730 1076 757 1111 in·

53 1127 181 1170 numerabiles,
201 1128 237 1173 qui,
256 1128 353 1174 ‘tanquam
371 1134 493 1174 purgamenta
512 1129 567 1164 huius
586 1129 656 1173 mundi,
674 1130 757 1165 omniurn

53 1182 182 1227 peripsima¹⁶,
190 1182 241 1217 stulti
252 1192 294 1218 esse
301 1183 400 1218 voluerunt
411 1189 431 1218 vt
442 1188 506 1218 essent
517 1182 632 1228 sapientes‘u
647 1184 678 1228 qui
686 1195 758 1228 omneS,

54 1236 106 1280 quasi
113 1236 138 1269 dii
146 1235 220 1280 quidam
229 1235 254 1279 [vt
261 1236 286 1271 ita
294 1236 360 1280 dicam)
369 1236 388 1270 in
399 1236 494 1271 hominum
505 1236 567 1281 effigie
576 1237 674 1279 latitantes,
683 1243 758 1283 peccata

54 1289 149 1323 hominum
166 1289 204 1323 suis
221 1289 319 1334 expiarunt
334 1289 462 1324 sacratissimis
477 1290 553 1333 meritis,
568 1296 587 1325 et
605 1291 660 1325 deum
679 1292 758 1335 quadam
768 1302 787 1324 ro

54 1342 143 1384 violentia,
155 1353 179 1377 ne
190 1343 213 1376 ad
224 1342 353 1376 vindicandum
366 1348 415 1376 esset
427 1342 543 1386 propensior,
554 1342 666 1376 orationibus
680 1343 759 1377 retinue-

54 1400 106 1437 runt3
118 1405 196 1438 quorum
204 1394 239 1428 etsi
246 1405 336 1433 uumerus
345 1394 428 1428 infinitus
435 1400 480 1435 erat,
488 1400 551 1429 tamen
559 1405 592 1429 cor
598 1405 661 1436 vnum,
669 1400 687 1429 et
698 1395 759 1430 anima

55 1457 100 1488 vna;
113 1457 134 1481 ac
141 1457 223 1482 consona
229 1457 275 1482 uoce
283 1447 318 1481 deo
325 1447 390 1481 laudes
398 1447 525 1489 decantabant,
529 1447 631 1482 incredibili
637 1448 722 1483 uiuentes
728 1449 759 1483 ab·

55 1500 147 1542 stinentia,
153 1505 171 1535 et
179 1511 236 1545 supra
243 1500 329 1535 omneml
337 1511 414 1545 prorsus
422 1502 522 1535 humanam
529 1505 612 1536 naturam
619 1513 623 1544 ;
633 1501 694 1536 cibum
702 1502 760 1544 illum,

55 1553 86 1597 qui
96 1564 133 1587 non
143 1553 196 1598 perit,
204 1553 270 1598 iugiter
280 1560 384 1598 operantes,
392 1559 411 1589 et
421 1560 508 1598 tanquam
517 1554 614 1589 luminaria
621 1554 640 1588 in
647 1555 683 1589 hoc
690 1556 759 1589 mundo
769 1570 788 1600 ²⁵

55 1606 218 1641 innumerabilibus
225 1607 323 1642 virtutibus
332 1608 469 1641 choruscantes.
493 1607 532 1641 Nec
540 1607 607 1641 minori
614 1607 708 1652 diligentia
715 1608 759 1642 illud

56 1659 131 1703 spiritus
143 1659 201 1694 sancti
213 1670 308 1704 organum,
319 1660 384 1693 beatus
396 1658 482 1694 videlicet
495 1659 600 1704 Gregorius,
611 1659 688 1694 virtutes
700 1665 717 1694 et
729 1671 760 1696 ex·

56 1713 118 1756 empla
127 1718 232 1748 sanctorum
244 1718 317 1757 patrum
329 1712 381 1747 Italic
391 1711 410 1746 in
418 1723 455 1747 vno
466 1712 537 1757 Dialogi
547 1713 640 1748 volumine
650 1713 761 1748 suauissimo

56 1765 97 1799 stilo
112 1767 221 1809 complexus
237 1766 281 1800 estss.
314 1766 346 1799 Sic
361 1771 379 1800 et
394 1766 458 1808 plures
471 1766 601 1809 historiografi,
614 1765 680 1809 aliique
694 1766 762 1807 deuoti,

56 1823 160 1851 sanctorum
173 1818 259 1862 exempla
269 1817 353 1860 vitasque
365 1828 438 1851 summo
449 1818 558 1862 recolligere
570 1819 629 1853 studio
641 1818 700 1854 conati
713 1824 761 1853 sunt.
770 1828 790 1858 ao

56 1869 138 1905 Maxime
143 1876 206 1904 tamen
213 1870 232 1904 in
240 1870 324 1905 laudibus
332 1882 395 1905 eorum
403 1870 497 1905 immorati
505 1877 554 1914 sunt,
560 1882 638 1915 quorum
645 1871 672 1906 eis
677 1872 762 1907 noticiam

56 1929 74 1957 et
87 1924 170 1957 locorum
183 1923 267 1958 vicinitas
281 1929 299 1957 et
312 1923 400 1957 nascendi
410 1923 539 1968 propinquitas
550 1924 674 1959 abundantius
684 1926 763 1970 prebue-

58 1980 111 2017 runt;
135 1986 169 2010 nos
185 1975 228 2011 inde
244 1977 270 2019 (vt
284 1987 349 2011 verum
365 1976 444 2019 latearl)
459 1976 510 2011 sanis
525 1983 649 2022 prouocantes
666 1978 763 2024 exemplis,

57 2035 148 2073 quatenus
159 2035 264 2064 sanctorum
278 2029 325 2064 vitas
337 2029 372 2065 hoc
386 2041 438 2065 sacro
451 2031 544 2066 volumine
560 2037 662 2072 contentas,
673 2043 707 2067 nec
723 2033 762 2066 sine

57 2094 124 2128 magno
132 2084 246 2128 quorundam
257 2083 320 2117 labore
331 2094 352 2117 ac
363 2084 424 2117 studio
435 2084 454 2117 in
466 2085 513 2118 hanc
525 2095 580 2128 quam
588 2085 673 2120 videmus
684 2085 761 2120 sormam
770 2092 789 2122 35

57 2136 133 2171 sollicite
149 2137 238 2177 redactas,
253 2141 302 2169 tanto
320 2135 429 2180 diligentiori
445 2138 506 2171 studio
523 2138 646 2182 perlegamus,
661 2148 762 2182 eorumque

57 2189 130 2224 uiuendi
139 2189 225 2233 exemplo
233 2189 256 2223 ad
264 2199 316 2223 sacra
326 2190 471 2224 conuersationis
481 2190 541 2224 studia
552 2191 686 2234 pertrahamur,
694 2197 762 2234 quanto

58 2253 92 2286 pro
100 2242 164 2277 maiori
171 2248 223 2287 parte
230 2253 254 2276 ex
262 2241 330 2275 nostris
338 2247 381 2276 sunt
389 2249 408 2277 et
416 2242 475 2285 patria
483 2248 501 2276 et
508 2248 569 2286 gente.

80 2296 131 2331 Deus
147 2296 196 2330 enim
211 2294 333 2339 omnipotens,
346 2305 388 2328 cum
403 2296 498 2329 seminans
514 2295 573 2329 exiret
589 2294 682 2329 seminare
697 2306 762 2331 semen

58 2356 118 2388 suum,
124 2352 142 2380 et
150 2348 214 2380 orbem
221 2346 258 2379 iam
263 2355 311 2389 pene
318 2344 425 2378 uniuersum
433 2344 530 2379 fecundalu
538 2345 659 2389 repleretvite
663 2346 763 2389 spiritualis
771 2359 791 2388 4⁰

59 2405 128 2442 segete,
143 2399 220 2442 singulis
235 2399 306 2432 donans
324 2396 423 2441 prouinciis
442 2407 494 2431 sacre
513 2396 556 2431 fidei
575 2402 669 2442 patronos,
684 2409 763 2443 quorum

58 2452 175 2486 sanctissima
186 2456 307 2496 sequerentur
314 2450 396 2496 vestigia,
404 2449 422 2484 in
434 2450 528 2485 Idumeam
539 2461 612 2495 quoque
623 2462 678 2487 suum
688 2453 763 2488 tandem

78 2539 83 2556 ¹
95 2538 136 2569 l-leb.
143 2539 164 2570 xi.
172 2547 197 2577 25.
251 2538 257 2555 ¹
267 2538 308 2569 lleb.
315 2537 336 2568 ui.
343 2546 368 2575 33.
427 2535 433 2554 ³
442 2536 460 2567 E.
468 2537 565 2568 lhetoonius.
617 2538 623 2556 ⁴
634 2539 652 2569 Ε.
660 2539 764 2570 Hillaronem.

58 2577 64 2596 ⁵
76 2579 125 2609 1Cor.
132 2580 152 2608 iv.
161 2588 184 2616 13,
232 2577 238 2595 ⁰
250 2588 256 2608 1
265 2578 337 2609 Corinth.
343 2579 364 2608 iii.
373 2578 396 2608 18,
443 2577 449 2595 Ἰ
460 2577 478 2608 Ε.
486 2578 543 2608 omnia,
594 2578 600 2595 ⁸
610 2579 633 2610 Cf.
642 2579 715 2617 Gregorii
722 2581 765 2619 Opp.

59 2618 128 2655 (Romae
137 2620 187 2657 1591),
196 2618 225 2648 lll.
233 2628 290 2661 paup.
351 2618 357 2636 ⁰
368 2617 385 2647 E.
394 2617 450 2648 fatcor.
511 2618 523 2635 ¹⁰
533 2618 551 2647 E.
560 2619 636 2649 secundo.

397 2676 427 2699 ΒΖ
