1762 2803
283 110 328 166 Dr
343 109 443 164 &ouon
459 108 589 168 uitiatae
726 126 771 170 339

69 219 176 265 priusquam
187 221 248 256 subito
259 221 324 257 mortis
337 227 405 257 euentu
417 228 491 268 tempus
503 233 559 257 omne
570 222 665 267 penitendi
678 223 771 268 perderet.

68 274 110 314 Qui,
125 274 168 307 lieet
184 274 292 319 frequenter
307 275 417 318 admonitus,
432 276 532 320 spernebat
550 280 612 310 tamen
626 275 684 310 verba
701 274 771 317 salutis,

68 331 190 372 temporeque
197 333 286 372 sequente
294 327 414 372 penitentiam
422 339 444 364 se
451 333 534 364 acturum
545 328 596 363 dixit.
618 327 686 364 Tactus
696 328 771 363 demum

68 380 179 423 infirmitate,
187 382 224 416 aeri
232 381 296 417 dolore
303 381 385 426 torqueri
392 382 447 426 cepit.
461 382 492 416 Ad
500 393 556 426 quem
563 383 659 426 ingressus
666 393 705 423 rex,
710 382 772 416 horta·

69 433 122 468 batur
132 438 152 469 vt
163 434 193 470 vel
204 440 247 470 tuno
259 440 357 480 antequam
368 441 472 471 moreretur
481 435 602 481 penitentiam
612 440 675 481 ageret
686 436 789 483 commis-5

68 497 137 521 sorum.
159 489 184 521 At
196 488 227 522 ille
239 489 340 532 respondit,
352 499 389 522 non
402 499 422 522 se
435 493 479 522 tunc
489 488 537 522 velle
549 488 637 527 confiteri,
649 488 682 521 sed
695 498 736 521 cum
748 488 772 520 ab

68 538 174 573 infirmitate
189 546 299 583 resurgeret,
312 550 336 574 ne
351 539 484 584 exprobrarent
499 539 534 574 sibi
551 540 625 574 sodales
641 540 690 586 quod
706 539 772 574 timore

69 591 133 626 mortis
144 591 211 627 laceret
223 603 259 637 que
270 604 337 638 sospes
349 592 410 627 facere
423 593 512 628 noluerat.
540 594 684 639 Ingrauescente
696 592 772 628 morbo¹

69 654 110 678 cum
122 645 145 679 ad
157 656 199 680 eum
210 645 321 681 visitandum
333 647 394 681 denuo
405 657 439 681 rex
450 647 532 690 intraret,
539 647 625 681 clamauit
635 645 695 682 statim
707 646 772 682 miser-

68 698 110 732 abili
122 709 179 733 voce:
191 698 250 741 ‘Quid
261 699 290 734 vis
301 701 368 734 modo?
386 700 430 745 quid
441 700 477 735 huc
487 699 568 735 venisti?
589 700 631 735 Non
643 699 692 735 enim
703 699 771 745 aliquid
782 711 800 733 ro

68 750 149 787 utilitatis
159 759 213 797 potes
223 753 270 788 vltra
280 754 375 789 conferre!
398 753 422 788 Et
432 753 475 788 ille:
488 753 546 797 ‘Noli,
554 753 618 799 inquit,
628 754 653 788 ita
663 753 717 797 loqui,
728 753 772 787 uide

68 809 88 838 vt
102 815 169 839 sanum
183 806 255 849 sapias!
278 806 335 846 ‘Non,
348 806 412 849 inquit,
423 806 500 847 insanio,
512 807 545 840 sed
559 806 659 851 pessImam
672 806 717 840 mihi
729 816 772 840 con·

69 856 177 892 scientiam²
190 863 251 893 certus
267 869 301 904 pre
316 859 373 893 oculis
388 859 453 894 habeo.
482 858 539 894 Paulo
550 864 593 894 ante
604 859 718 894 intrauerunt
736 859 773 893 duo

69 910 187 955 pulcherrimi
200 912 283 955 iuuenes,
295 917 313 947 et
324 913 408 947 residens
420 923 468 947 unos
479 913 502 947 ad
514 918 574 957 eaput,
586 919 604 947 et
614 923 663 947 vnus
674 913 697 947 ad
708 913 772 957 pedes,

69 964 184 1007 protulerunt
192 965 275 1012 libellum
280 965 384 1010 pulchrum,
392 965 426 1000 sed
435 964 533 1010 modicum,
541 966 586 1001 mihi
596 967 619 1001 ad
630 966 741 1010 legendum;
753 965 771 1000 in
781 977 800 1008 15

69 1028 105 1061 quo
117 1019 179 1052 omnia
190 1030 226 1062 que
236 1029 317 1063 unquam
329 1019 378 1053 bona
390 1018 470 1054 feceram
481 1018 556 1053 intuens
568 1019 636 1062 scripta
648 1018 727 1063 repperi,
739 1019 772 1052 sed

69 1080 127 1113 pauca
138 1077 156 1104 et
167 1071 243 1105 modica.
266 1071 385 1115 Receperunt
398 1070 486 1113 codicem,
497 1081 531 1106 nec
544 1071 612 1115 aliquid
624 1070 669 1105 mihi
683 1070 773 1105 dicebant.

69 1122 122 1157 Tunc
135 1124 195 1157 subito
207 1124 314 1169 superuenit
326 1123 418 1159 exercitus
431 1123 552 1167 malignorum
564 1129 583 1157 et
594 1123 710 1157 horridorum
720 1123 772 1157 vulto

70 1175 173 1221 spirituum,
181 1177 292 1221 domumque
304 1176 351 1211 hane
361 1181 379 1211 et
389 1177 471 1212 exterius
482 1176 559 1219 obsedit,
567 1182 585 1211 et
595 1177 645 1211 intus
656 1177 737 1211 maxima
748 1187 772 1212 ex

69 1234 122 1272 parte
137 1230 221 1264 residens
235 1229 323 1273 impleuit.
355 1230 407 1264 Tune
422 1230 459 1271 ille,
471 1229 501 1274 qui
517 1230 547 1264 et³
561 1230 671 1265 obscuritate
686 1230 739 1264 faciei
754 1235 773 1263 et
782 1240 802 1262 ro

70 1282 525 1326 primatusedismaioressevidebatur,proferens
531 1282 612 1317 codicem
618 1281 773 1316 horridevisionis

71 1340 90 1369 et
104 1335 234 1379 magnitudinis
250 1336 336 1377 enormis,
350 1334 415 1369 iussit‘
428 1334 459 1369 vni
474 1346 498 1369 ex
513 1335 622 1369 satellitibus
636 1335 676 1369 suis
690 1334 735 1369 mihi
750 1335 773 1369 ad

70 1387 169 1431 legendum
180 1387 257 1422 deferre.
280 1388 341 1431 Quem
350 1399 392 1422 eum
403 1387 495 1432 legissem,
503 1388 565 1423 inueni
576 1387 637 1423 omnia
647 1388 718 1423 scelera
726 1397 774 1429 mea,

71 1451 108 1475 non
116 1441 176 1476 solum
185 1452 220 1486 que
228 1452 285 1486 opere
292 1442 322 1476 vel
330 1442 392 1484 verbo,
400 1441 496 1476 sedetiam
504 1452 541 1487 que
548 1441 657 1477 tenuissima
664 1441 774 1485 cogitatione

71 1495 151 1538 peccaui,
167 1494 264 1529 manifeste
278 1494 298 1529 in
314 1506 336 1529 eo
346 1495 411 1529 teti-ist
426 1505 468 1530 esse
480 1495 571 1539 descripta
583 1494 652 1529 litterIs.
685 1494 801 1535 Dicebatlrs

70 1552 132 1581 autem
140 1548 162 1581 ad
170 1547 217 1587 illos.
225 1548 256 1591 qui
264 1548 309 1581 mihi
317 1548 430 1588 assederant,
434 1548 484 1581 viros
491 1548 562 1581 albatos
570 1552 588 1580 et
595 1547 699 1591 preclaros:
708 1547 774 1590 “Quid

71 1598 101 1633 hie
108 1599 182 1640 sedetis,
187 1599 268 1634 scientes
273 1599 376 1634 certissime
382 1599 424 1644 quia
430 1606 495 1635 noster
501 1605 530 1635 est
537 1599 572 1634 iste
577 1600 606 1634 'P’
620 1599 774 1645 Responderunt:

71 1652 82 1671 ‘⁴
88 1651 158 1686 Verum
164 1652 233 1694 dicitis,
245 1652 322 1697 accipite
330 1658 348 1687 et
355 1654 375 1687 in
383 1653 476 1687 cumulum
484 1652 620 1698 dampnationis
628 1658 689 1688 vestre
697 1651 775 1687 ducite.¹'

71 1705 113 1748 Quo
118 1706 171 1747 dicto,
177 1706 238 1740 statim
245 1706 379 1751 disparuerunt.
393 1706 532 1751 Surgentesque
538 1707 574 1741 duo
579 1706 687 1752 nequissimi
693 1706 774 1750 spiritus,

71 1759 161 1794 habentes
171 1760 228 1794 cultra
238 1759 257 1793 in
265 1759 355 1801 manibus,
362 1765 494 1804 percusserunt
502 1770 538 1800 me,
545 1769 594 1794 vnus
601 1759 620 1794 in
628 1760 693 1803 capite,
701 1764 720 1794 et
728 1759 774 1794 alius
783 1772 803 1802 30

71 1812 90 1847 in
98 1814 151 1857 pede.
174 1813 209 1855 Qui
218 1813 273 1847 modo
284 1822 326 1847 cum
336 1823 403 1857 magno
414 1817 505 1846 tormento
516 1812 536 1846 in
546 1812 634 1846 interiora
644 1812 727 1855 eorporis
738 1812 774 1845 mei

71 1866 161 1910 irrepunt,
168 1875 248 1910 moxque
259 1870 279 1899 vt
292 1865 322 1908 [ad
334 1864 462 1908 se]⁸inuicem
473 1865 583 1909 peruenient
594 1864 667 1907 moriar,
677 1868 695 1898 et
705 1863 775 1908 paratis

71 1919 95 1953 ad
110 1918 219 1963 rapiendum
234 1928 264 1952 me
279 1917 389 1952 demonibus
403 1919 422 1952 in
438 1917 506 1952 inferni
520 1917 599 1952 claustra
614 1918 721 1962 pertrahar!
744 1917 775 1953 Sic

71 1971 180 2016 loquebatur
184 1971 245 2011 miser,
249 1971 360 2016 desperans:
369 1976 387 2005 et
393 1982 430 2005 non
435 1971 492 2006 multo
497 1976 538 2016 post
543 1970 645 2011 defunctus,
650 1970 775 2015 penitentiam,

71 2036 127 2070 quam
135 2025 158 2059 ad
166 2026 222 2059 breue
230 2030 303 2069 tempus
310 2034 351 2059 eum
357 2024 417 2060 fructu
422 2024 476 2060 venie
483 2024 544 2059 facere
552 2024 661 2068 supersedit,
665 2024 685 2058 in
691 2029 775 2058 eternum
784 2041 803 2071 ³5

72 2079 113 2112 sine
127 2079 186 2112 fructu
198 2079 252 2121 penis
265 2077 349 2111 subditus
361 2077 408 2111 iacit.
437 2077 478 2111 Non
493 2076 543 2111 enim
558 2087 592 2121 pro
607 2087 628 2110 se
642 2076 683 2118 ista,
694 2078 724 2111 eui
738 2087 776 2110 non

72 2130 164 2174 proluere,
172 2131 205 2164 sed
214 2140 247 2174 pro
255 2128 295 2164 aliis
303 2129 353 2170 vidit,
361 2129 392 2174 qui
401 2129 441 2164 eius
451 2129 545 2164 interitum
555 2135 694 2174 cognoscentes,
701 2129 776 2164 differre

72 2188 147 2228 tempus
158 2181 264 2227 penitentie,
273 2183 317 2217 dum
323 2189 381 2225 vacat,
389 2183 481 2225 timerent,
489 2194 513 2216 ne
521 2183 621 2227 improuiso
628 2182 693 2217 mortis
700 2182 776 2217 articulo

73 2237 157 2280 preuenti
168 2235 299 2280 impenitentes
310 2236 397 2281 perirent.
420 2236 474 2278 Quod
485 2242 547 2271 autem
559 2236 632 2271 codices
644 2236 729 2271 diuersus
741 2246 777 2281 per

73 2290 132 2325 bonos
145 2290 185 2325 siue
197 2289 256 2325 malos
270 2289 345 2334 spiritus
359 2291 393 2325 sibi
406 2290 452 2325 vidit
465 2288 531 2332 offerri,
544 2300 625 2335 superna
637 2289 776 2334 dispensatione
784 2307 805 2338 4⁰

73 2344 115 2378 ideo
124 2344 192 2378 tactum
201 2347 256 2378 estut
266 2343 406 2379 meminerimus
416 2343 463 2378 iacta
472 2348 535 2378 nostra
544 2349 562 2378 et
573 2342 691 2388 cogitationes
702 2348 776 2378 nostras

73 2408 111 2431 non
118 2396 137 2431 in
144 2403 221 2431 ventum
229 2396 317 2438 diffluere,
324 2397 357 2430 sed
365 2397 445 2431 examini
453 2395 521 2431 summi
529 2396 594 2429 iudicis
599 2401 664 2429 cuncta
674 2395 750 2437 seruari,
758 2400 776 2429 et

74 2450 114 2484 siue
126 2459 160 2493 per
171 2449 240 2483 amicos
251 2448 327 2492 angelos
338 2448 357 2482 in
369 2449 407 2483 fine
418 2448 471 2483 nobis
482 2449 602 2491 ostendenda,
610 2447 650 2482 siue
661 2459 696 2493 per
707 2448 776 2484 hostes.

94 2548 188 2580 ¹E.morte.
229 2547 376 2579 ²Bedscientiam.
420 2548 513 2588 ³E.etqui.
559 2548 591 2579 ’Β
600 2548 681 2587 iussitque.
724 2548 776 2579 ”Bcd

74 2590 141 2621 tetricis.
181 2589 213 2620 6Ε.
223 2589 306 2621 Dicebant.
345 2588 380 2621 1Ε.
388 2589 424 2625 ille;
434 2590 462 2620 Ta.
470 2590 505 2620 iste.
547 2588 618 2620 ’omiu
626 2589 644 2620 E.

411 2647 441 2671 22
