1762 2803
224 131 269 188 Ur
284 130 384 184 &aaut
399 130 541 185 tbrmunun.
689 143 732 186 249

165 297 180 334 ll
188 296 284 329 Dourmcn
292 306 349 329 tunna
357 305 450 329 ocrnunu.
472 295 529 329 lectio
533 295 598 337 patna.

35 372 158 452 HEnricus
169 373 249 418 primum
259 372 398 408 sarisburiensis
410 373 496 415 decanus,
509 378 573 417 postea
584 370 686 406 baiocensis
695 371 734 415 epi-

101 436 174 472 scopus,
189 427 281 471 quendam
296 426 315 461 in
330 426 384 461 domo
399 425 442 461 sua¹
457 425 566 461 seruitorem
578 424 646 468 habuit,
659 430 735 470 ruptura

31 478 166 525 intestinorum,
176 490 212 524 que
224 481 248 513 ad
259 480 334 514 bursam
348 479 438 514 virilium²
451 480 592 521 descenderunt,
605 483 735 524 pregrauatum

32 532 165 567 miserabiliter.
188 533 247 567 Tanta
257 532 290 567 suit
299 532 317 567 in
328 533 403 567 homine
414 532 467 567 huius
478 544 531 567 casus
543 532 631 573 molestia,
642 536 661 566 vt
673 537 735 576 preter

31 584 90 629 inepti
98 586 133 619 loci
142 585 275 629 gibbositatem,
283 587 307 619 ob
317 596 372 630 quarn
384 585 471 620 incedere
482 597 519 619 non
531 590 600 629 posset,
608 584 663 619 etlam
674 584 735 618 tenuis
743 593 752 623 5

31 638 117 681 pellicule
128 649 164 682 que
175 638 279 682 ponderosa
289 637 361 672 viscera
371 638 480 677 continebat,
488 638 591 682 ruptionem
603 637 662 671 indies
674 637 735 671 lormi-

32 690 92 726 dabat.
121 691 169 733 Quid
185 691 250 734 plura?
268 690 297 726 vis
311 690 419 735 egritudinis
433 691 516 735 pluribus
531 695 574 725 nota
589 695 627 724 est:
646 690 680 725 sed
694 690 736 733 ipsa

33 743 107 777 curandi
115 744 144 778 via
152 754 200 778 noua
208 748 226 778 et
233 744 313 778 inaudita
321 748 353 778 est.

54 797 68 834 ll
80 797 137 832 Lectio
148 798 167 832 ti.
189 790 284 832 Veniente
294 797 369 832 homine
378 796 397 831 in
408 797 498 842 templum
509 796 578 831 domini
591 796 626 840 [ac]
638 797 661 831 ad
671 807 736 831 monu-

33 855 116 883 mentum
131 850 205 893 gloriosi
219 850 331 884 consessoris
344 851 451 890 decubante,
463 856 506 892 post
521 849 593 892 vigilias
607 850 661 883 vnius
676 849 736 882 noctis
745 858 764 878 ιο

33 902 114 935 reuersis
125 901 217 936 intestinis
228 901 262 946 [in]
273 902 332 936 locum
347 911 406 943 suum,
418 900 479 935 omnis
491 900 514 936 ab
528 912 550 935 eo
562 900 636 935 euanuit
647 900 736 944 egritudo.

35 953 82 987 Mira
97 958 139 988 rest
155 955 267 988 ascendente
282 955 305 988 ad
317 960 341 998 te,
355 955 435 996 domine,
450 954 532 988 oratione
546 953 587 995 viri,
602 954 672 988 meritis
687 954 736 988 beati

34 1006 125 1041 Osmundi
137 1007 238 1041 ascendunt
249 1012 267 1042 et
279 1008 355 1045 viscera,
366 1007 426 1041 omnis
437 1007 516 1041 fractura
528 1011 546 1041 et
559 1005 632 1050 eruptio
642 1006 735 1040 solidatur.

33 1059 126 1099 Ascendit,
134 1060 192 1104 inquit
197 1060 209 1103 ³,
214 1060 237 1094 ad
243 1065 262 1095 te
268 1060 324 1094 oratio
330 1071 368 1102 sua,
375 1065 394 1094 et
401 1060 496 1095 descendit
502 1070 605 1104 supereum
612 1059 736 1094 misericordia

33 1117 69 1146 tua.
745 1122 764 1151 ¹5

55 1165 122 1201 llLect.
134 1165 157 1198 tii.
184 1157 212 1199 Vt
224 1171 285 1200 autem
297 1165 365 1199 maiora
377 1166 478 1209 repetendo
490 1165 513 1199 de
524 1164 604 1199 morbis⁴
616 1165 639 1198 ad
651 1169 736 1206 mortem,

35 1217 58 1252 de
66 1222 125 1252 morte
133 1217 219 1252 advitam
230 1228 336 1253 sermonem
344 1223 449 1260 vertamus;
461 1229 485 1252 ex
493 1228 524 1252 ore
532 1217 628 1252 infantium
639 1223 657 1252 et
668 1218 736 1252 lacten-

33 1269 79 1304 tium
93 1270 124 1315 qui
139 1270 191 1314 aquis
206 1271 286 1306 demersi
301 1270 372 1305 meritis
387 1272 478 1305 Osmundi
498 1271 550 1305 multi
566 1282 643 1306 numero
657 1270 736 1305 restituti

34 1328 83 1364 sunt,
92 1323 202 1358 celebritatis
209 1329 273 1358 nostre
281 1324 353 1358 laudem
359 1324 445 1358 duximus
453 1324 581 1358 cumulandam
586 1323 598 1359 ⁶.
621 1324 670 1359 Dum
676 1325 736 1359 adhue

35 1387 103 1420 eorpus
114 1377 210 1411 memorati
220 1377 312 1421 pontificis
320 1377 339 1411 in
346 1377 405 1411 veteri
417 1384 477 1412 castro
488 1384 579 1421 pausaret,
588 1378 649 1422 puella
660 1378 737 1422 paruula
746 1389 765 1411 πο

35 1440 70 1472 per
77 1429 148 1462 fontem
156 1431 248 1473 quendam
258 1430 284 1463 ibi
295 1431 375 1473 soliuaga
385 1430 483 1464 transitum
494 1429 568 1471 iaciens,
576 1429 595 1463 in
603 1430 665 1474 ipsum
675 1441 738 1464 casua·

34 1481 76 1515 liter
83 1481 183 1515 labebatur.

56 1535 71 1571 {l
79 1534 122 1568 Lect.
135 1535 165 1568 iiii.
189 1527 278 1579 Denique
285 1540 380 1579 comperta
388 1546 413 1578 re,
422 1533 462 1579 ipsa
471 1547 495 1569 ex
506 1535 574 1580 abysso
582 1535 647 1578 leuata,
654 1546 691 1569 non
699 1540 737 1569 tam

34 1586 100 1632 frigida
113 1598 168 1632 quam
182 1589 283 1622 secundum
299 1588 360 1632 legem
372 1599 415 1623 vere
429 1588 493 1623 mortis
508 1588 572 1633 rigida,
585 1588 688 1623 exanimis⁰
704 1600 738 1632 per

35 1641 133 1674 astantium
144 1640 243 1675 iudicium⁷
252 1647 335 1685 reputata
346 1647 379 1676 est.
402 1641 459 1676 Cuius
470 1641 544 1686 quidem
555 1641 594 1676 rei⁸
605 1641 678 1685 signum
686 1641 737 1677 vide·
746 1654 765 1684 ²5

36 1694 90 1727 batur
100 1693 186 1736 quoniam
196 1693 258 1727 calidis
269 1699 334 1737 postea
345 1694 458 1729 indumentis
467 1695 598 1728 circumuoluta
606 1700 640 1736 est,
647 1699 702 1738 atque
714 1695 737 1729 ad

34 1745 97 1789 ignem
104 1745 161 1778 variis
171 1746 327 1780 attrectationibus
338 1747 361 1780 ab
373 1746 419 1780 hora
429 1756 478 1780 nona
486 1756 544 1791 vsque
552 1748 575 1781 ad
583 1757 680 1790 vesperam
692 1757 738 1791 sepe

35 1808 89 1833 versa
101 1798 120 1832 in
132 1798 197 1832 eadem
208 1798 315 1832 habitudine
325 1799 432 1842 permansit,
443 1804 461 1833 et
471 1810 509 1833 non
519 1804 559 1834 erat
568 1799 588 1833 in
597 1811 620 1834 ea
630 1811 690 1844 neque
701 1812 738 1834 vox

36 1862 96 1895 neque
110 1861 182 1886 sensus.
205 1851 288 1895 Cumque
301 1851 338 1886 iam
351 1857 394 1885 tunc
407 1853 459 1886 multi
474 1854 497 1886 de
513 1852 596 1897 exequiis
611 1854 738 1887 tantummodo

36 1904 146 1949 cogitarent3
165 1904 262 1948 lparentes
277 1909 338 1938 tamen
358 1909 376 1939 et
394 1905 456 1940 nutrix
473 1905 556 1940 eiusdem
571 1905 645 1947 sobolis,
660 1916 737 1950 quorum
746 1920 766 1949 ³0

36 1957 106 1991 incurie
121 1962 159 1991 tam
174 1956 291 1990 miserandus
306 1967 359 1991 casus
375 1957 440 1991 ascribi
453 1957 552 1998 videretur,
564 1963 662 2001 postquam
675 1959 738 1992 omnia

36 2015 119 2043 extrema
134 2008 222 2043 inutiliter
235 2013 342 2052 tentassent,
355 2010 429 2043 tandem
443 2009 549 2043 beatissimo
564 2011 665 2045 confessori
678 2021 720 2045 cum
725 2011 739 2030 ¹⁰

36 2062 99 2097 multis
107 2061 266 2106 deprecationibus
273 2062 371 2096 lachrimas
376 2062 388 2081 ¹¹
396 2062 514 2106 ingeminant.

57 2116 123 2154 llLect.
135 2126 151 2150 v.
175 2108 247 2150 Mirum
258 2115 277 2150 in
289 2117 369 2159 modum,
381 2125 423 2149 eum
436 2115 508 2150 nocte¹²
520 2115 581 2151 media
593 2115 737 2162 matutinalrum]

35 2169 115 2213 primum
126 2168 203 2203 sonuit¹³
212 2168 293 2203 officium
304 2168 381 2203 ecclesie
392 2168 506 2211 cathedralis,
516 2169 539 2203 ad
550 2170 644 2213 ingentem
656 2171 738 2205 consola·
747 2178 766 2209 35

35 2222 104 2256 tionem
119 2221 218 2256 astantium
233 2221 295 2265 proles
310 2221 351 2265 ipsa
366 2232 387 2257 se
401 2221 533 2265 aliquantulum
549 2234 625 2257 mouere
638 2224 739 2258 videbatur.

36 2275 74 2309 Sed
93 2275 140 2309 heul
158 2284 201 2308 mox
220 2273 239 2307 in
258 2274 340 2318 priorem
359 2279 437 2309 mortem
453 2274 484 2317 (an
499 2275 578 2309 extasim
594 2276 654 2310 dicam
669 2276 738 2319 neseio)

36 2327 123 2369 resoluta,
142 2331 179 2361 tam
198 2327 331 2370 perseuerandi
350 2326 456 2371 parentibus
474 2337 549 2362 causam
565 2329 620 2371 dedit,
635 2339 690 2373 quam
705 2329 739 2363 suit

35 2380 123 2424 gaudium
134 2379 179 2413 illud
189 2380 253 2414 breue.

56 2464 104 2495 ¹513.
112 2463 199 2494 suadomo.
246 2462 506 2502 ²SB.viriliumqueadbursnm.
553 2463 582 2495 Τ.
590 2463 658 2503 inquam,
702 2462 737 2496 ΛΕ,

36 2503 111 2534 moribus.
165 2503 321 2534 ’Reumalaudum
378 2505 501 2534 ⁶SB.etexan.
558 2504 739 2543 ⁷SB.pro..iudiei0.

36 2543 72 2575 ΒΕ.
83 2553 106 2576 re.
147 2542 240 2581 ”sueta
290 2544 301 2562 ¹⁰
312 2544 434 2575 sumntum.
474 2543 648 2583 ”Suetlacmymis
698 2544 739 2576 ηΕ.

37 2588 91 2613 noctu.
138 2582 150 2599 ¹³
161 2583 194 2612 ΕΒ.
202 2582 277 2613 insonuit.
