1762 2803
67 134 69 139 ,
127 102 171 155 678
393 98 516 160 appennis
534 100 565 145 ΙΙ.

127 227 195 262 tempus
210 220 302 254 sanitatem
316 226 393 262 optatam
406 221 518 263 recuperauit¹
534 220 558 254 ita
571 221 617 263 quod
631 230 649 254 se
665 220 689 254 ita
704 220 775 254 faciliter
788 220 831 254 sicut

128 269 175 312 prius
186 276 227 302 ante
238 269 381 310 commonionem,
389 270 457 312 signare
468 275 527 312 posset
539 280 579 303 cum
590 270 628 312 ipsa
639 281 692 303 manu
703 269 750 314 prius
761 271 832 303 omnino

128 324 221 353 contracta.

193 431 223 464 DE
235 438 279 464 Aura
291 439 329 464 PER
341 439 362 464 IX
373 439 438 465 Annos
449 439 563 466 CONTRACTA
574 440 599 465 ET
610 440 679 465 lBlDEM
691 439 769 465 SANATA.

173 504 243 536 Uedarn
251 504 329 537 Matildis
336 505 410 546 Busche,
415 504 437 537 de
447 505 500 547 Leyk,
508 504 581 539 accessit
589 505 612 538 ad
620 504 684 538 dictam
695 505 778 547 capellam
786 514 833 538 anno

111 561 120 591 5
193 553 240 596 prius
251 554 345 595 nominato,
353 565 386 598 que
397 555 432 588 fere
441 565 471 598 per
478 555 495 589 ir
502 565 556 589 annos
564 555 589 589 sic
596 554 627 589 fuit
636 562 723 590 contracta
732 555 779 599 quod
787 555 833 589 nullo

128 604 181 638 rnodo
189 610 247 646 posset
255 603 334 638 incedere
345 606 378 638 nisi
390 612 460 638 curuata
471 617 522 649 super
529 617 586 649 genua
597 612 614 639 et
627 607 697 649 palmas.
720 606 759 647 Que
769 605 833 639 ibidem

130 653 157 688 dei
177 653 253 697 graciam
268 661 375 698 exspectans,
390 656 456 689 meritis
475 656 530 689 sancti
546 655 633 689 Edmundi
652 656 711 689 adiuta
729 661 746 689 et
765 655 834 697 copiose

129 705 203 746 suffulta,
211 711 278 737 tantam
288 705 394 746 recuperauit
405 706 502 745 sanitatem,
511 705 557 747 quod
568 706 629 737 eodem
639 715 685 736 anno
694 705 727 737 sub
735 705 834 738 baculorum

130 758 187 788 erecta
194 753 278 796 regimine
286 755 308 787 de
316 755 353 788 loco
362 753 443 787 inlocum
451 754 529 786 transiuit
537 754 605 795 publice
613 760 630 786 et
638 754 711 787 incessit.

331 869 362 901 DE
373 875 421 902 CECO
433 876 502 902 rumuli
514 875 640 903 [LLUManTo.

105 950 123 972 10
135 941 239 1016 IOhannes
252 942 274 974 de
287 943 369 982 Wrangle
385 942 403 974 in
419 942 512 981 Holandia‚
523 952 574 973 cecus
589 941 660 973 omnino
675 942 746 974 effectus
761 951 792 983 per
806 951 835 973 oc-

177 990 264 1024 casionem
283 989 386 1025 infirmitatis
405 989 527 1032 morbidorum,
542 991 616 1024 accessit
634 991 737 1025 addictam
752 992 835 1034 capellam

132 1041 186 1075 sancti
198 1039 286 1074 Edmundi
299 1041 321 1074 de
333 1041 421 1082 Waintlet‚
435 1047 452 1074 et
465 1041 530 1073 ibidem
542 1041 607 1074 va'cans
621 1041 729 1075 oracionibus
742 1051 773 1083 per
786 1040 836 1083 quin-

132 1092 195 1125 denam
205 1090 294 1133 integram,
303 1091 372 1124 tandem
384 1091 412 1124 dei
421 1091 479 1133 gracia
489 1097 506 1124 et
518 1091 573 1124 sancti
581 1091 670 1124 Edmundi
678 1091 742 1124 meritis
753 1090 836 1128 visitatus.

132 1140 161 1184 qui
173 1141 197 1174 ad
208 1141 291 1184 capellam
303 1142 334 1174 sub
342 1141 391 1175 ducis
404 1141 477 1175 accessit
489 1140 571 1183 regimine
584 1141 630 1174 nullo
644 1141 717 1174 ducente
731 1141 754 1173 ad
767 1140 837 1183 propria

107 1199 124 1229 15
133 1201 172 1224 cum
179 1191 243 1232 gaudio
251 1191 338 1224 remeauit.

303 1303 334 1336 DE
344 1311 389 1336 Auro
401 1311 450 1337 CECO
461 1311 531 1336 IBlDEM
542 1311 670 1338 ILLUMINATO.

193 1377 267 1409 illelmus
275 1377 297 1410 de
306 1377 399 1419 Slregneys‚
408 1376 459 1410 etatis
466 1376 534 1410 circiter
541 1388 563 1410 xx
572 1387 661 1419 annorum,
672 1387 728 1417 cecus,
737 1377 808 1411 accessit
815 1378 838 1411 ad

213 1426 308 1468 predictam
323 1426 406 1468 capellam
421 1426 443 1459 de
458 1427 550 1459 Wainflete
565 1433 582 1458 et
597 1427 621 1459 ibi
636 1437 667 1468 per
681 1437 703 1458 xv
718 1427 756 1459 dies
771 1426 838 1460 deuotis

133 1486 198 1511 uacans
208 1475 315 1509 oracionibus
327 1486 357 1518 pro
365 1476 483 1517 recuperanda
493 1475 572 1516 sanitate,
580 1482 598 1508 et
608 1475 631 1508 de
639 1482 676 1509 tota
683 1476 719 1508 uita
728 1487 759 1508 sua
767 1476 837 1509 domino

136 1524 209 1559 Iohanni
219 1526 241 1557 de
255 1526 325 1567 Haytor’r
335 1525 424 1568 capellano
435 1524 500 1557 ibidem
511 1525 634 1558 consessionem
646 1525 716 1566 faciens,
727 1526 798 1558 tandem
807 1536 837 1568 per

109 1587 127 1608 ao
135 1574 195 1609 merita
205 1574 260 1607 sancti
271 1574 316 1617 regis
326 1581 343 1607 et
354 1574 428 1607 martiris
438 1574 527 1607 Edmundi
538 1575 640 1617 perueniens
651 1575 673 1609 ad
681 1576 738 1609 lumen
746 1577 839 1618 oculorum,

136 1626 173 1658 sine
181 1624 262 1666 regimine
270 1624 389 1667 cuiuscumque
397 1625 442 1658 visus
449 1625 479 1657 luit
488 1624 572 1658 incedere.

227 1739 258 1771 DE
269 1746 304 1777 XVJ
316 1746 387 1771 NAUTIS
398 1746 411 1770 Α
421 1746 517 1772 PERICULO
528 1746 636 1772 nnuman
648 1746 752 1772 Lleuunrrs.

170 1812 253 1845 Exdecim
263 1817 316 1845 naute
325 1811 440 1854 periclitantes
450 1811 468 1844 in
478 1818 528 1855 portu
542 1812 594 1845 maris
609 1812 638 1855 qui
648 1818 718 1846 vocatur
728 1813 811 1854 Nomren,
823 1818 840 1847 et

191 1861 258 1906 penitus
271 1862 292 1896 de
306 1862 341 1896 uita
354 1862 471 1906 desperantes,
483 1863 506 1896 ad
520 1863 584 1896 dictam
594 1869 678 1896 vouerunt
689 1863 773 1905 capellam
785 1863 840 1896 sancti

136 1913 225 1949 Edmundi
237 1914 259 1945 de
270 1913 361 1945 Wainllet:
378 1919 395 1945 et
409 1913 468 1945 statim
481 1913 531 1945 celeri
543 1912 597 1945 fulciti
612 1912 690 1945 subsidio
705 1922 765 1945 omnes
780 1912 840 1945 saluati

109 1976 126 2005 ²5
137 1965 214 2003 luertrnt;
226 1963 272 1995 vnde
284 1962 350 2004 absque
358 1962 444 1995 dilacione
455 1961 478 1993 ad
489 1962 554 1994 dictum
566 1963 623 1994 locum
633 1967 713 1994 sanctum
721 1961 802 1995 velociter
811 1971 841 1994 ac·

137 2017 225 2048 cesserunt
233 2021 253 2044 ac
260 2016 301 2045 vota
309 2022 340 2045 sue
347 2011 410 2045 emissa
418 2011 482 2044 ibidem
490 2012 552 2045 deuote
564 2011 696 2054 compleuerunt.

314 2130 345 2161 DE
355 2136 400 2162 ALIO
411 2135 556 2162 NAUFRAGANTE
567 2135 668 2162 LIBERATO.

177 2204 219 2234 Nno
234 2201 298 2233 domini
310 2202 441 2243 u1⁹.ccc³.lxxv⁰,
454 2202 519 2243 Symon
531 2202 595 2240 Broun,
605 2200 627 2233 de
639 2200 726 2241 Wainflet,
737 2199 755 2231 in
766 2199 795 2231 die
806 2199 842 2241 pal-

199 2260 266 2283 marum
277 2250 360 2293 nauigans
375 2250 393 2284 in
408 2250 483 2293 quadam
500 2251 565 2293 scapha
580 2251 597 2283 in
612 2260 658 2293 aqua
673 2249 768 2293 periculosa
781 2256 843 2284 vocata

138 2302 236 2343 Rauraci,
247 2300 303 2334 subito
314 2310 345 2343 per
355 2300 463 2335 occasionem
474 2301 531 2334 valide
542 2301 650 2345 tempestatis
661 2301 731 2334 auulsus
744 2300 784 2343 [est]
795 2307 843 2334 extra

111 2368 130 2397 30
138 2353 227 2395 scapham,
242 2350 280 2384 sine
297 2362 327 2393 spe
344 2351 378 2384 vite
394 2362 425 2384 sue
442 2352 572 2391 conseruande3
590 2357 616 2384 set
631 2351 727 2393 recogitans
743 2351 765 2384 de
782 2356 843 2385 sancto

139 2401 232 2436 Edmundo
244 2406 261 2434 et
272 2401 338 2444 capella
350 2400 386 2434 eius
398 2402 419 2434 de
431 2402 518 2442 Waintlet,
530 2402 574 2435 inter
585 2406 631 2435 artas
643 2406 659 2434 et
672 2402 740 2434 crebras
753 2401 843 2443 angustias

138 2459 197 2486 votum
205 2451 253 2484 uouit
261 2451 328 2485 eidem:
341 2456 358 2483 et
370 2450 428 2483 statim
440 2461 479 2483 cum
491 2451 577 2484 celeritate
589 2450 686 2484 admirabili
694 2452 716 2483 de
725 2451 774 2493 aquis
783 2461 843 2493 supra-

138 2501 189 2535 dictis
198 2501 259 2534 iterum
267 2500 284 2533 in
292 2501 375 2543 scapham
383 2500 450 2543 absque
459 2500 535 2542 dampno
543 2500 626 2543 corporali
634 2500 738 2542 restituitur5
750 2500 813 2534 deinde
820 2500 844 2533 ad

138 2552 221 2594 capellam
229 2550 306 2584 eiusdem
314 2549 367 2584 sancti
375 2555 434 2583 votum
442 2560 492 2583 suum
499 2550 596 2583 redditurus
607 2550 685 2584 accessit.
