1762 2803
112 140 114 146 ’
134 130 179 185 418
320 128 406 181 tanta
421 125 538 189 laetata
553 126 646 189 analio.
673 96 675 99 Α

135 261 169 285 suo
180 249 199 284 in
210 249 314 284 baratrum¹
326 249 437 284 demersisse
443 247 455 283 ².
477 247 511 283 Vir
522 254 583 284 autem
597 248 627 284 dei
638 252 693 293 eaput
703 246 779 293 virginis
789 248 837 293 quod

135 304 184 338 inter
196 312 261 336 manus
275 307 401 346 assumpserat
414 300 477 345 sepius
493 302 607 344 deosculans,
620 301 702 336 turbatus
715 301 780 345 spiritu
792 301 838 335 llere

136 356 256 401 compellitur.
279 355 322 390 Post
338 355 372 390 hee
386 366 431 390 vero
446 354 492 389 illud
507 355 579 401 corpori
594 366 713 400 componens,
725 354 838 401 palliumque

136 420 190 444 suum
200 419 257 453 super
267 409 311 442 illud
323 413 415 451 sternens,
423 408 442 442 in
454 409 529 444 naribus
541 409 589 444 illius
601 407 710 450 insufflauit;
723 413 740 443 et
748 409 838 443 accedens

119 469 128 499 5
136 463 159 496 ad
167 462 224 496 altare
232 460 308 495 missam
316 461 420 496 celebrauit⁴
435 461 476 503 Qua
483 467 563 505 peraeta,
571 462 594 495 ad
602 472 669 505 corpus
674 460 750 505 virginis
758 461 837 502 rediens,
847 501 849 504 .

136 525 241 549 sermonem
257 514 370 548 luculentum
385 514 454 558 populo
473 514 520 556 fecit,
536 515 599 549 dicens
618 514 666 548 inter
684 519 750 556 cetera,
764 514 837 547 beatam

135 566 225 610 virginem
240 571 303 601 votum
322 568 357 601 deo
375 567 448 608 fecisse,
467 567 501 601 sed
520 572 578 601 morte
597 567 718 610 interceptam
737 575 838 610 congruum

135 626 209 664 tempus
223 619 331 655 exsoluendi
346 631 384 655 non
399 619 496 663 habuisse3
513 626 531 655 et
544 620 586 655 ideo
602 620 676 663 debere,
691 619 775 655 deuotius
787 618 838 653 humi

135 673 283 718 procumbentes,
298 684 332 717 pro
351 673 486 709 resurrectione
504 672 553 708 illius
575 673 643 708 deum³
661 672 784 717 interpellare.
814 672 838 707 Et

110 727 203 760 rofaetum
221 732 250 760 est
268 727 298 760 ita.
326 728 427 771 Postquam
445 726 500 770 igitur
518 727 550 760 diu
565 733 637 760 oratum
652 732 685 767 est,
700 727 728 760 vir
744 728 809 760 beatus
827 738 839 761 a

136 783 185 813 terra
203 789 287 822 surgens,
304 789 371 813 manus
386 779 409 812 ad
427 779 487 812 celum
502 779 566 820 tendit,
582 778 656 813 dicens:
675 778 766 813 ‘Domine
782 779 837 812 lhesu

136 831 209 866 Christe
215 831 227 874 4,
242 843 276 876 pro
292 831 343 865 cuius
361 843 424 865 amore
441 831 475 864 hec
490 830 542 875 virgo
556 836 631 864 terrena
646 829 716 874 respuit
731 836 750 865 et
764 831 839 866 celestia

136 884 245 929 concupiuit,
257 895 291 918 nos
304 889 323 920 te
335 884 407 919 deuotis
423 884 530 918 inuocantes
541 883 607 918 animis
619 883 724 917 misericors
736 884 808 927 exaudi,
820 889 838 918 et

135 938 207 973 viscera
212 938 285 982 pietatis
293 943 324 972 tue
332 948 389 982 super
397 948 431 972 nos
439 937 518 978 effunde,
525 943 609 972 votorum
617 943 721 972 nostrorum
731 938 838 973 effectorem

109 1002 126 1031 15
136 993 154 1024 in
162 991 243 1034 presenti
252 997 270 1024 te
279 1001 320 1024 esse
328 992 442 1032 concedens;
455 995 473 1024 et
481 1001 592 1034 quamquam
599 990 690 1033 virginem
701 990 753 1033 hanc,
761 1002 795 1034 pro
806 996 838 1024 tuo

135 1043 210 1076 nomine
217 1053 297 1086 passam,
306 1053 343 1076 non
354 1044 460 1086 ignoremus
471 1042 490 1075 in
500 1042 574 1076 celestis
583 1042 644 1086 gaudii
655 1042 725 1075 sinibus
737 1043 837 1087 repositam

135 1099 198 1129 nostro
210 1094 286 1129 ulterius
300 1104 337 1128 non
349 1093 433 1139 indigere
444 1093 569 1136 contubernio,
581 1098 600 1128 tu
615 1098 682 1135 tamen,
694 1092 838 1130 clementissime

135 1153 193 1193 pater,
198 1147 240 1182 filiis
245 1147 281 1182 tuis
286 1152 304 1181 te
309 1147 402 1182 humiliter
410 1147 551 1191 deprecantibus
558 1153 576 1182 te
584 1146 684 1192 benignum
691 1153 709 1181 et
715 1147 838 1182 exaudibilem

135 1205 226 1245 prestans,
238 1200 402 1244 supplicationibus
414 1211 479 1234 eorum
491 1211 588 1235 assensum
601 1201 664 1244 prebe.
687 1200 764 1245 Preeipe
777 1200 838 1245 itaque

108 1267 127 1288 zo
135 1259 155 1289 vt
161 1253 223 1297 puelle
228 1253 282 1286 huius
287 1253 348 1287 anima
353 1253 425 1296 corpori
431 1264 465 1286 suo
472 1252 551 1296 inducta,
556 1253 639 1296 regimen
645 1258 663 1286 te
669 1258 687 1287 et
693 1252 837 1287 dominationem

97 1336 98 1339 ,
135 1311 173 1341 tam
186 1305 289 1340 animarum
302 1316 357 1349 quam
369 1315 466 1350 corporum
480 1305 548 1340 habere
562 1306 689 1340 demonstret:
705 1306 791 1349 quatinus
806 1311 838 1340 tue

135 1357 205 1404 gratial
212 1358 337 1394 misericordie
349 1358 432 1393 rediuiua
439 1368 508 1393 nomen
519 1363 571 1393 tuum
582 1357 693 1404 magnificet,
701 1362 719 1393 et
730 1364 772 1404 post
783 1359 838 1404 longa

134 1413 171 1448 vite
184 1412 251 1456 spacia,
263 1411 381 1457 multiplicato
393 1412 441 1446 bone
453 1411 597 1447 conuersationis
609 1412 682 1446 feruore
687 1411 698 1454 ⁰,
710 1413 734 1447 ad
745 1417 763 1447 te
774 1413 838 1447 redeat

136 1476 225 1510 sponsum
237 1475 296 1507 suum,
304 1467 378 1499 vnieum
388 1464 473 1499 videlieet
484 1465 514 1498 dei
525 1466 582 1509 patris
594 1464 657 1506 filium,
665 1475 707 1498 eum
719 1476 755 1510 quo
766 1471 784 1500 et
796 1477 837 1500 eum

109 1531 127 1561 ²5
136 1518 201 1562 spiritu
209 1517 284 1552 sancto⁷
291 1517 338 1552 viuis
347 1523 365 1552 et
372 1517 457 1561 gloriaris
465 1518 512 1552 deus
519 1528 554 1562 per
561 1517 631 1552 infinita
641 1517 704 1552 secula
711 1518 814 1553 seculorum
821 1518 837 1553 ⁸.'

109 1588 111 1592 ⁴
137 1571 219 1614 Cumque
225 1581 289 1604 omnes
295 1572 434 1615 respondissent
440 1570 520 1613 ‘Amen,'
527 1571 588 1619 puella
594 1570 646 1614 quasi
652 1581 663 1604 a
668 1581 746 1614 sompno
753 1571 838 1613 surrexit,

136 1630 247 1669 tergensque
253 1622 318 1657 faeiem
324 1635 377 1658 suam
383 1628 437 1668 atque
445 1634 456 1657 a
463 1623 539 1668 puluere
546 1623 649 1658 emundans
655 1628 674 1658 et
680 1623 751 1667 sudore,
757 1629 838 1659 astantes

136 1677 255 1713 admiratione
267 1681 285 1711 et
296 1677 362 1720 gaudio
374 1677 452 1721 repleuit
458 1677 469 1711 ⁹.
492 1676 549 1711 Porro
557 1676 588 1712 vbi
595 1681 650 1721 caput
661 1682 775 1721 compactum
783 1682 838 1722 atque

136 1731 253 1764 resolidatum
264 1730 328 1771 fuerat,
336 1731 401 1764 albedo
412 1731 491 1773 quedam
501 1730 608 1764 tenuissima
618 1731 637 1763 in
649 1731 724 1764 modum
734 1732 760 1764 fili
770 1732 837 1764 collum

108 1798 128 1826 50
135 1781 227 1817 ambiebat
235 1786 253 1815 et
260 1780 414 1816 locumseetionis
426 1781 538 1824 obducebat;
550 1787 568 1816 et
576 1780 663 1826 quamdiu
671 1780 721 1824 vixit,
730 1793 804 1827 semper
811 1782 838 1817 sie

135 1834 242 1880 permansit.
255 1834 301 1868 Inde
307 1834 407 1869 feruntviri
413 1834 508 1879 prouincie
514 1834 562 1868 illius
568 1835 742 1869 eamWenesridam
750 1836 839 1879 [suisse]¹⁰

134 1893 223 1931 vocatam,
229 1897 271 1922 eum
279 1892 338 1931 antea,
345 1893 365 1923 vt
375 1887 411 1932 ipsi
418 1892 504 1922 asserunt
510 1886 527 1930 ¹¹,
536 1887 626 1923 Breuua¹²
634 1887 727 1923 nominata
735 1888 763 1924 sit.
784 1888 838 1931 Quod

135 1942 184 1978 enim
195 1942 231 1986 ipsi
243 1940 328 1976 Britones
340 1942 359 1976 in
371 1953 405 1976 sua
416 1941 478 1985 lingua
489 1940 557 1976 ‘Wen’
570 1941 637 1983 dicunt,
649 1941 705 1976 latine
717 1942 837 1978 ‘candidum’

135 2000 199 2030 sonat:
212 1995 274 2039 sicque
282 1995 378 2029 occasione
390 1995 480 2029 albedinis
490 1995 557 2029 collum
566 1994 701 2036 circumdantis,
709 2005 733 2029 ex
741 2006 761 2030 re
769 2007 838 2030 nomen

108 2049 204 2093 35habere
219 2047 267 2082 dicta
282 2053 315 2090 est,
329 2049 399 2082 adiecta
411 2047 498 2092 particula
514 2059 550 2092 que
565 2053 593 2082 est
605 2047 660 2089 Wen,
676 2053 730 2092 atque
745 2043 838 2093 euphoriie

135 2111 190 2136 causa
204 2099 277 2144 pristini
292 2101 372 2135 nominis
387 2101 458 2135 duabus
465 2100 478 2119 ¹³
490 2100 555 2135 litteris
570 2099 701 2141 transmutatis,
716 2101 837 2145 compositum

135 2154 217 2187 obtinere
225 2153 334 2187 vocabulum
345 2154 394 2197 quod
405 2153 520 2187 Wenefreda
531 2153 601 2187 dicitur.
646 2145 715 2186 Fertur
727 2153 776 2187 enim
788 2155 837 2198 quod

135 2212 233 2250 postquam
240 2206 263 2239 de
271 2206 306 2239 hoc
313 2207 381 2239 mundo
390 2206 479 2249 migrauit,
487 2206 532 2239 nulli
540 2205 614 2250 penitus
626 2205 722 2239 manifeste
733 2207 837 2251 apparuerit

136 2259 167 2302 qui
178 2258 240 2292 illud¹⁴
253 2257 350 2292 candidum
363 2258 436 2302 signum
449 2269 487 2292 non
500 2258 571 2293 viderit.
594 2258 654 2292 Locus
665 2269 709 2292 vero
721 2259 751 2294 vbi
763 2261 838 2304 sanguis

108 2326 128 2355 40
136 2311 184 2344 illius
197 2310 267 2343 effusus
280 2314 313 2351 est,
327 2322 363 2343 non
377 2311 431 2353 longe
445 2322 456 2343 a
468 2311 579 2343 monasterio
594 2310 668 2343 nomine
683 2310 804 2355 Basingwerk
819 2312 838 2345 in

137 2361 258 2403 Norwallia¹⁵‚
266 2361 351 2406 primitus
360 2363 364 2380 ‘
371 2362 424 2396 Sicca
432 2362 494 2395 uallis'
502 2361 606 2406 dicebatur3
619 2363 652 2396 sed
660 2369 701 2407 post
709 2363 748 2399 eius
759 2370 837 2398 mortem

135 2427 195 2461 vsque
206 2417 225 2450 in
234 2415 343 2450 hodiernum
351 2415 401 2449 diem
409 2416 413 2433 ‘
420 2416 469 2450 Fons
475 2415 488 2434 ¹³
496 2415 618 2450 Wenefrede’
626 2417 734 2460 appellatur.
757 2417 838 2462 Lapides

156 2481 190 2510 113,
198 2481 282 2510 baretrum.
309 2478 345 2510 ²al.
353 2481 447 2510 demersum.
475 2478 509 2511 ³13,
518 2480 581 2510 domini.
608 2479 715 2511 ¹E.Christi.
745 2481 779 2513 ΒΕ,
786 2481 838 2520 gratia

135 2526 166 2552 tue.
207 2520 313 2551 lalienare.
354 2519 519 2557 ⁷E.sanctospiritu.
557 2520 751 2553 ⁸13.seculorumsecula.
789 2523 837 2551 lom,

135 2563 150 2591 in
158 2561 176 2592 T.
234 2560 246 2577 ¹⁰
256 2570 287 2590 om.
295 2560 311 2589 in
319 2560 337 2590 E.
394 2559 405 2577 ¹¹
415 2560 432 2589 T.
441 2560 458 2589 E.
466 2561 669 2597 asserant,al,asseuerant
724 2562 835 2593 ¹²E.breuna.

135 2601 147 2623 ¹¹
156 2601 174 2631 T.
183 2600 249 2631 duobus.
289 2598 385 2630 1⁴T.illum.
425 2599 437 2617 ¹⁶
448 2600 465 2629 E.
473 2600 551 2631 nowallia.
592 2600 605 2619 ¹⁰
616 2600 633 2630 E.
641 2600 670 2631 los,
