1762 2803
256 96 417 154 atterutro
433 97 589 160 &suntuna
731 112 775 159 353

73 228 118 253 vero
126 219 206 265 quinque
218 221 304 255 iratribus
315 226 379 255 sancto
390 220 490 265 Sampsoni
498 232 534 256 vna
546 232 587 256 cunr
599 231 663 256 sorore
670 220 725 255 vaide
733 230 775 266 par·

73 273 116 306 nula
122 274 133 316 ¹,
144 274 238 318 paululum
254 274 311 309 silens
326 273 431 318 respondit:
449 273 534 309 ‘Fratres
549 274 585 308 mei
600 273 643 308 boni
655 278 727 308 suntet
741 273 777 307 deo

73 325 141 367 donati,
149 328 182 361 scd
193 327 227 362 hec
235 327 302 370 pusilla
309 327 332 361 ad
340 327 444 360 mundanas
451 326 555 370 voluptates
563 327 604 360 data
612 328 652 360 est!
704 317 777 361 Sanato

73 377 134 420 itaque
146 384 204 422 patre,
214 384 234 414 et
246 378 307 413 missis
318 380 342 413 ad
352 378 464 413 monasteria
476 378 520 422 suis,
532 378 552 412 in
565 379 652 424 operibus
664 378 718 413 bonis
732 379 776 422 (om-

74 429 134 475 nibus)
141 432 147 451 ²
155 432 273 475 confirmatis,
281 432 374 477 Sampson
382 443 424 467 cum
432 437 485 477 patre
493 437 511 467 et
519 431 617 467 auunculo³
628 437 646 467 et
654 432 731 467 diacono
742 431 777 467 iter
785 436 795 468 5

74 494 154 528 pergens
161 498 165 521 :
177 486 222 521 vidit
230 487 321 528 semitam,
328 486 349 521 et
354 485 407 530 quasi
415 485 453 530 igni
461 491 527 521 exusta
534 497 577 520 rura
584 485 632 521 circa
639 497 686 529 eam,
693 497 714 520 ac
721 487 777 520 vesti·

73 536 123 580 gium
132 540 224 582 quoddam
232 539 284 584 quasi
292 539 354 574 trabes
361 549 395 584 per
403 544 478 573 exustas
489 539 556 574 herbas
568 538 676 574 traheretur.
699 538 722 573 Et
734 549 777 574 ecce

73 591 149 636 alonge
163 599 269 637 serpentem
282 592 369 627 flammeo
384 593 443 638 capite
454 592 567 638 spirantem⁴
578 592 656 637 aspexit,
667 592 699 637 qui
713 603 777 627 morsu

74 644 147 687 glebam
162 646 186 680 de
200 651 249 680 terra
264 646 412 690 apprehendens,
423 646 442 680 in
458 645 573 680 aduenientis
588 645 654 679 faciem
669 646 741 679 iactauit
756 656 777 679 ac

75 696 148 731 sibilum
157 697 196 732 dire
207 699 258 733 vocis
269 698 321 743 quasi
332 697 391 742 gladio
403 698 500 732 cederetur
511 696 577 739 emisit,
589 702 654 741 postea
665 702 748 732 tremens
759 702 777 732 et
787 704 807 727 ¹0

75 750 152 785 caudam
164 750 246 795 rapidis³
254 751 339 786 dentibus
349 751 423 793 rodens,
435 751 453 785 in
465 751 552 795 spheram
559 750 566 770 ⁸
573 762 594 785 se
605 750 692 785 velociter
701 751 778 796 collegit.

75 801 154 838 Sanctus
169 809 230 839 autem
245 804 334 839 circulum
347 803 417 839 faciens
430 815 451 839 ac
466 804 539 849 signum
555 804 615 839 crucis
625 804 730 849 imponens,
741 804 778 839 ait:

75 856 169 901 ‘Precipio
184 858 216 893 tibi
231 859 250 893 in
266 858 341 893 nomine
357 858 412 893 Ihesu
428 857 502 901 Christi,
513 863 533 893 vt
545 858 585 893 sine
600 868 652 893 mora
667 857 721 893 nobis
735 868 778 902 pre-

75 910 158 944 sentibus
173 911 267 945 moriaris.'
295 911 331 953 Qui
344 921 388 944 mox
404 916 458 954 caput
473 921 547 944 sursum
562 911 638 944 eleuans
653 917 671 945 et
685 921 778 945 venenum

76 972 130 996 omne
138 974 232 1005 euomens,
240 962 337 1008 expirauit.
376 955 483 1008 Sampsone
491 963 538 998 sacto
544 963 632 998 celerario
640 968 658 998 et
666 963 778 1008 pauperibus
787 970 805 1002 ¹5

75 1016 140 1050 sedule
151 1017 272 1059 ministrante,
285 1016 342 1052 irater
353 1016 384 1061 qui
399 1016 421 1059 ei,
429 1021 448 1051 vt
460 1016 571 1062 premittitur
576 1016 588 1058 ⁷,
596 1016 695 1058 inuidebat,
703 1016 778 1051 auribus

76 1067 157 1103 Dubricii
173 1069 254 1115 episcopi
269 1069 373 1111 instillabat,
388 1070 511 1115 Sampsonem
526 1069 588 1104 omnia
603 1069 721 1115 dilapidando
734 1081 778 1105 con-

76 1122 184 1166 sumpsisse,
192 1129 211 1157 et
217 1134 262 1158 vasa
273 1124 328 1158 melle
339 1124 394 1168 plena
404 1133 509 1157 euacuasse.
531 1123 640 1168 Episcopus,
648 1123 675 1157 rei
683 1122 778 1157 veritatem

76 1175 123 1209 scire
134 1175 216 1221 cupiens,
224 1177 318 1211 cellarium
329 1176 415 1211 intrauit:
427 1177 476 1221 quod
487 1177 579 1220 Sampson
587 1186 622 1220 per
629 1176 713 1220 spiritum
721 1187 779 1221 agno·

76 1237 136 1269 scens,
148 1240 204 1273 super
214 1241 260 1264 vasa
269 1240 327 1263 vacua
337 1228 410 1272 signum
422 1229 482 1263 crucis
493 1229 591 1273 imposuit:
605 1235 624 1263 ct
635 1230 734 1272 episcopus
748 1229 779 1263 illa
787 1236 807 1258 ²0

76 1280 131 1324 plena
145 1280 219 1316 inuenit
272 1274 350 1316 Mortuo
365 1280 447 1323 abbatet,
458 1281 551 1325 Sampson
564 1281 587 1315 ab
601 1281 687 1315 omnibus
703 1280 779 1324 electus,

76 1333 130 1368 annis
141 1334 200 1369 tribus
211 1334 344 1369 monasterium
355 1333 408 1370 rexit.
430 1333 461 1369 Ad
473 1334 563 1369 Scotiam⁹
570 1340 635 1378 postea
644 1345 731 1379 pergens,
738 1340 779 1370 tan·

77 1397 132 1431 quam
143 1388 220 1432 angelus
233 1388 302 1423 domini
314 1389 337 1424 ab
351 1388 436 1423 omnibus
447 1387 538 1432 religiosis
549 1394 640 1432 receptus,
648 1399 702 1423 cecos
713 1388 780 1423 illumi-

77 1440 132 1482 nauit,
144 1441 228 1486 leprosos
243 1442 343 1485 mundanit,
354 1441 443 1476 demones
456 1440 529 1486 fugauit,
538 1447 556 1477 et
570 1440 641 1477 cunctis
652 1441 700 1477 viam
716 1441 780 1477 salutis

77 1495 191 1528 monstrauit.
240 1489 326 1528 Rediens
341 1505 391 1536 vero,
406 1494 425 1528 in
442 1496 521 1538 quadam
540 1495 616 1529 heremo
635 1494 808 1533 secretissimorum

77 1556 153 1590 specum
163 1545 238 1589 inuenit,
246 1547 265 1581 in
274 1557 310 1592 quo
322 1547 377 1582 fontis
385 1557 451 1582 venam
463 1547 548 1592 precibus
557 1548 663 1592 promeruit,
671 1552 690 1582 et
701 1546 735 1582 soli
744 1547 780 1582 deo

77 1609 151 1642 vacans,
158 1600 266 1644 angelorum
275 1600 400 1636 consolatione
408 1605 426 1635 et
434 1600 513 1645 alloquio
521 1600 586 1635 crebro
594 1599 693 1635 fruebatur.
716 1592 781 1636 Nocte

77 1653 156 1696 quadam
164 1653 208 1687 vidit
217 1664 238 1688 se
248 1653 365 1688 densissimis
375 1654 513 1689 candidatorum
521 1652 630 1688 circumdari
637 1652 709 1696 turmis,
716 1658 734 1688 et
742 1658 781 1688 tres

77 1706 175 1751 episcopos
186 1705 269 1742 vestibus
277 1705 289 1726 ¹⁰
296 1707 357 1742 aureis
367 1712 442 1742 ornatos
452 1718 494 1742 cum
507 1707 537 1741 illo
550 1706 646 1742 ecclesiam
655 1705 781 1752 ingredientes

78 1770 136 1794 orare.
165 1759 198 1793 Cui
204 1760 216 1779 ¹¹
224 1770 272 1794 vnus
281 1760 354 1795 illorum
365 1761 388 1795 ab
399 1761 441 1804 ipso
452 1761 550 1805 inquisitus
561 1761 592 1804 qui
604 1765 673 1801 essent,
682 1759 719 1794 ait:
731 1759 780 1804 ‘Ego
790 1768 810 1798 30

78 1823 120 1846 sum
131 1812 197 1846 Petrus
208 1812 275 1846 Christi
285 1813 385 1856 apostolus,
393 1818 412 1846 et
423 1812 452 1847 hic
463 1812 519 1847 frater
528 1812 597 1846 domini
608 1812 691 1851 lacobus,
699 1816 717 1846 et
725 1822 781 1846 euan-

78 1864 143 1910 gelista
159 1864 255 1900 lohannes.
279 1865 370 1901 Dominus
386 1866 452 1901 ihesus
468 1865 553 1901 Christus
568 1870 587 1901 te
601 1864 636 1900 sibi
651 1863 670 1899 in
685 1864 780 1910 presulem

79 1918 139 1963 elegit,
150 1924 168 1953 et
181 1923 200 1953 te
212 1929 320 1954 consecrare
333 1930 368 1954 nos
383 1919 442 1954 misit!
465 1919 526 1961 Quem
538 1929 580 1953 cum
595 1918 723 1953 benedictione
737 1928 782 1952 con·

78 1976 188 2013 sectassent,
205 1972 227 2006 ab
246 1970 286 2006 eius
305 1972 362 2006 oculis
377 1972 434 2017 elapsi
449 1977 498 2007 sunt.
520 1971 559 2006 Nec
574 1971 632 2006 multo
646 1976 689 2016 post
703 1971 781 2016 angelus

79 2025 149 2059 domini
160 2026 214 2059 beato
227 2024 315 2059 Dubricio
327 2036 426 2069 apparens,
439 2024 563 2069 Sampsonem
578 2024 659 2058 ordinari
672 2024 781 2069 episcopum
790 2034 810 2065 35

79 2077 167 2121 precepit.
197 2077 219 2110 In
236 2076 288 2112 cuius
304 2078 447 2118 consecratione,
462 2077 493 2120 qui
508 2078 584 2111 aderant
600 2076 704 2110 columbam
717 2077 782 2110 celitus

80 2130 167 2166 emissam
179 2129 297 2165 immobiliter
304 2140 361 2175 super
368 2140 411 2165 eum
422 2135 471 2165 stare
479 2130 570 2165 videbant.
593 2128 664 2164 Eodem
675 2128 705 2164 die
715 2128 782 2175 Samp-

80 2195 126 2218 sone
136 2184 245 2225 celebrante,
254 2182 353 2219 Dubricius
362 2195 404 2219 curn
416 2183 511 2218 monachis
523 2183 595 2218 duobus
606 2183 723 2227 columpnam
734 2183 782 2227 ignis

80 2239 103 2272 de
111 2248 143 2271 ore
151 2237 190 2271 eius
198 2237 329 2281 procedentem
337 2238 411 2272 rutilare
422 2236 524 2282 perspexit.
547 2236 580 2272 ille
588 2247 632 2272 vcro
640 2236 782 2282 omnitempore

79 2291 116 2327 vite
121 2302 154 2326 sue
159 2290 239 2335 angelos,
244 2291 288 2325 dum
294 2290 400 2332 celebraret,
408 2290 441 2325 sibi
446 2290 535 2325 assistere
541 2289 580 2325 etin
586 2289 782 2324 sacrificioministrare
790 2299 811 2329 40

79 2344 143 2379 videre
158 2342 229 2378 meruit.
287 2335 350 2379 Nocte
362 2344 441 2388 quadam
456 2342 597 2378 resurrectionis
612 2341 704 2377 dominice
719 2348 783 2377 orante

80 2398 119 2433 viro
138 2396 174 2438 dei,
188 2395 266 2441 angelus
281 2397 350 2432 domini
367 2408 389 2432 cu
425 2407 492 2442 magna
507 2397 588 2432 claritate
602 2396 693 2441 apparuit,
707 2396 782 2431 dicens:

100 2458 105 2476 ¹
116 2457 134 2489 E.
142 2456 207 2494 paruula
214 2454 269 2489 valdet
279 2455 297 2486 T.
304 2456 351 2487 valde
358 2455 428 2494 paruula
459 2455 511 2485 ‘’om.
519 2457 535 2485 in
542 2456 561 2486 T.
601 2455 608 2474 ³
618 2465 630 2485 r.
638 2460 699 2493 patruo.
739 2454 783 2484 ¹vic

79 2497 187 2535 serpitantem.
238 2493 245 2513 ⁵
255 2495 286 2526 vit.
294 2496 357 2527 rabidis.
413 2497 420 2514 ‘
429 2495 447 2525 T.
454 2505 522 2533 speram.
573 2493 579 2513 ¹
589 2495 610 2526 ol.
617 2494 658 2525 Vit.:
669 2495 695 2541 qui
702 2498 740 2523 ante
744 2503 783 2540 eum

79 2538 131 2607 Ristgr
137 2537 193 2606 {affl
243 2537 249 2555 ¹
259 2544 281 2567 sc.
290 2535 352 2566 Piroue.
407 2534 413 2553 ¹
423 2535 452 2566 i.e.
460 2534 560 2566 Hiberniam.
614 2534 627 2555 ¹⁰
637 2533 657 2564 al.
664 2533 783 2564 drademaubus.

101 2633 141 2657 VOL.
150 2632 169 2656 ll·
411 2631 424 2655 Δ
431 2630 443 2656 a
