1762 2803
106 135 148 176 266
297 133 376 186 nauta
391 131 507 194 lactura
523 131 615 194 tacite.

105 254 178 288 soluere
190 265 228 296 suo,
237 264 272 287 vsu
281 254 407 298 centuplicato.
430 254 520 298 Quicquid
532 254 555 287 de
567 253 662 288 dominicis
674 254 751 298 eloquiis
762 264 806 288 aure

105 307 165 341 cordis
173 311 272 351 exceperat
277 307 288 350 ¹,
297 318 334 340 non
342 307 401 340 solum
409 317 470 351 opere,
479 308 511 341 sed
520 307 574 340 etiam
583 307 664 341 moribus
673 312 691 341 et
701 307 738 341 vita
749 307 807 340 adim·

105 361 157 403 plere
165 361 262 404 satagebat.
286 360 358 403 Agebat
366 365 429 403 pastor
437 359 536 394 sanctitatis
544 359 611 393 eximie
619 364 638 393 vt
646 360 681 394 sibi
691 360 744 393 fieret
754 359 806 403 plebs

105 413 203 447 commissa
211 412 314 454 conformis,
323 418 341 446 et
349 413 372 446 ob
380 412 445 446 merita
452 412 528 453 virtutis,
537 411 635 446 celestibus
642 412 699 446 titulis
707 412 807 446 ascribere-

88 471 140 509 5tur.
171 467 250 510 Gregem
263 464 297 499 sibi
311 465 429 500 commissum
442 476 489 510 pane
501 465 552 500 verbi
564 464 621 499 diuini
633 466 717 508 saciabat,
732 470 750 500 et
763 470 806 509 potu

106 517 437 562 euangeliceinstitutionisrecreabat.
459 518 807 562 Peruigileratinorationibus,ieiuniis

105 571 190 613 intentus,
202 576 220 605 et
235 570 341 604 elemosinis
354 571 436 613 deditus;
455 571 502 604 ouile
516 571 551 604 sibi
563 571 652 605 creditum
667 582 704 605 non
720 571 807 605 mediocri

105 624 194 657 industria
209 625 322 667 procurabat,
338 629 355 657 et
371 625 394 657 ab
411 635 432 657 eo
451 624 527 657 insidias
546 625 646 658 demonum
663 625 730 658 vexillo
748 624 807 658 crucis

106 676 196 710 dominice
204 676 322 720 propellebat
345 676 476 720 integerrima²
483 676 520 710 vite
530 676 609 720 puritate
619 678 717 719 excellens,
726 676 808 710 omnium

80 742 98 763 10
106 729 196 763 bonorum
208 728 294 772 opinione
305 729 381 773 pollens,
393 740 413 763 se
425 733 443 762 et
454 728 489 763 sibi
501 728 584 763 subditos
596 728 670 763 domino
681 729 747 774 iugiter
759 740 808 763 com-

106 783 208 824 mendabat,
217 786 235 814 et
242 786 261 814 ut
269 781 287 815 in
295 782 332 815 fide
340 782 408 815 Christi
416 782 490 815 stabiles
498 787 560 815 essent
570 793 641 825 pernox
652 783 719 815 orabat.
743 782 808 815 Presul

106 834 161 878 igitur
174 833 251 878 insignis
266 845 287 867 ac
302 834 376 867 domino
391 846 425 878 per
438 839 502 867 cuncta
518 834 605 876 amabilis,
618 846 660 868 cum
675 834 732 868 diuini
745 833 809 867 crediti

107 898 177 922 memor
185 892 240 929 esset,
248 892 266 920 et
274 898 328 930 quam
337 887 401 921 humili
409 892 427 921 et
435 892 487 921 cauta
494 887 631 930 dispensatione
638 887 683 921 illud
693 887 796 931 peregisset
804 898 808 928 ;

107 941 207 984 prouidens
215 941 234 975 in
242 940 322 976 futurum
330 946 392 976 sancte
400 940 482 984 ecclesie,
490 952 514 975 ne
521 946 563 984 post
571 940 673 976 discessum
681 951 740 982 suum,
746 945 809 984 vtpote

81 1007 88 1027 r
91 1006 99 1036 5
108 994 159 1028 rudis
167 995 231 1035 adhuc,
238 993 335 1037 vacillaret,
343 994 411 1038 probos
419 999 438 1027 et
445 993 540 1037 religiosos
547 994 602 1035 viros,
611 1005 656 1037 quos
664 994 683 1028 in
694 994 755 1028 diuina
767 994 810 1027 doc·

108 1047 156 1081 trina
167 1047 257 1090 perfectos
269 1057 311 1081 esse
321 1048 435 1090 probauerat,
443 1047 519 1081 verbum
527 1046 557 1080 dei
564 1046 675 1090 predicando
683 1052 760 1091 paterna
767 1057 809 1080 cum

108 1098 265 1143 [am]m0nitione³
276 1099 371 1143 delegauit.
400 1099 472 1133 Deinde
482 1099 517 1133 sibi
528 1111 539 1133 a
550 1100 584 1133 deo
596 1099 660 1134 collata
671 1099 751 1141 scientia,
763 1098 809 1133 sacri

107 1152 177 1186 ordinis
185 1151 284 1197 primordia
293 1151 383 1196 disposuit
391 1151 437 1185 mira
447 1151 541 1185 industria.
564 1152 658 1186 Ministros
667 1152 714 1186 sacri
725 1151 780 1185 officii
792 1157 809 1185 et

107 1205 164 1239 diuini
172 1204 269 1239 ministerii
276 1204 368 1239 adiutores
376 1204 416 1239 vsui
424 1204 505 1245 ecclesie,
512 1205 613 1239 secundum
621 1204 703 1240 instituta
710 1204 810 1249 apostolica

81 1271 100 1293 20
108 1258 206 1302 deputauit,
215 1262 232 1291 et
240 1258 259 1290 in
267 1258 345 1300 puritate
352 1258 389 1292 vite
397 1258 467 1291 seruire
476 1259 511 1291 deo
519 1258 584 1292 docuit.
608 1258 651 1291 Erat
659 1258 708 1292 eninr
718 1258 746 1292 vir
755 1268 810 1301 ange·

108 1311 159 1354 licus,
168 1309 249 1346 doctrina
257 1311 356 1354 preclarus,
364 1309 429 1355 spiritu
438 1310 527 1355 sapientie
535 1314 553 1345 et
560 1310 665 1346 humilitatiS
672 1310 729 1355 gratia
738 1310 810 1355 plenus.

109 1364 145 1397 Hic
152 1364 202 1397 enim
209 1363 269 1407 patria
277 1364 338 1406 lingua
346 1364 361 1396 F
362 1364 434 1396 rithona
440 1365 543 1405 vocabatur,
550 1365 583 1397 sed
591 1364 614 1396 ob
622 1364 687 1407 merita
695 1364 734 1397 eius
742 1364 810 1406 magni·

109 1417 143 1451 tica
153 1427 220 1450 nomen
229 1416 336 1450 saxonicum
344 1416 366 1450 ab
374 1416 436 1450 electis
444 1415 473 1450 dei
484 1415 572 1450 ministris
582 1421 703 1450 commutatur
712 1416 731 1450 in
743 1426 810 1450 nornen

109 1469 215 1515 angelicum.
234 1468 271 1504 Iste
278 1469 372 1504 confessor
377 1474 395 1504 et
401 1468 470 1504 amicus
477 1468 506 1504 dei
514 1468 616 1504 Deusdedit
622 1469 696 1505 nomine
702 1470 810 1506 vocabatur:

83 1539 101 1569 ²5
109 1524 166 1567 gratia
178 1534 257 1566 namque
269 1524 298 1557 dei
309 1534 351 1557 eum
359 1523 378 1557 in
386 1534 433 1566 opus
441 1523 537 1557 ministerii
546 1523 603 1557 sancti
611 1524 716 1566 assumpsit,
724 1528 742 1557 et
750 1523 784 1556 sibi
792 1523 811 1555 in

110 1578 224 1610 sacerdotem
230 1587 317 1619 magnum
325 1576 422 1619 adoptauit.
445 1576 523 1619 Sumpto
531 1575 639 1609 sacerdotali
647 1576 712 1617 officio,
718 1575 737 1608 in
745 1575 811 1609 timore

110 1629 180 1663 domini
190 1628 282 1673 perfectus
294 1629 429 1672 perseuerabat,
440 1629 502 1662 oculos
514 1628 581 1662 mentis
593 1640 625 1662 sue
637 1640 711 1673 semper
722 1629 745 1663 ad
757 1629 811 1662 deum

111 1683 183 1716 defixos
189 1683 269 1723 habens;
278 1681 297 1714 in
302 1682 377 1715 seruitio
382 1681 451 1714 domini
457 1681 496 1715 dies
501 1687 600 1725 noctesque
605 1681 714 1724 assiduabat,
721 1691 812 1725 pauperes

111 1736 216 1776 recreando,
227 1734 286 1766 nudos
297 1734 397 1775 vestiendo,
405 1734 489 1767 infirmos
500 1734 600 1776 visitando;
614 1734 632 1767 in
644 1734 731 1768 charitate
742 1733 783 1767 dei*
794 1739 812 1767 et

84 1804 103 1832 30
111 1788 236 1831 proximorum
241 1797 304 1819 amore
309 1786 455 1830 perseuerando⁵
460 1788 494 1819 deo
500 1787 542 1820 soli⁶
548 1787 622 1830 placere
627 1788 717 1821 studebat.
731 1786 812 1820 Sanctis-

111 1841 177 1875 simum
188 1841 236 1874 hunc
245 1844 339 1883 pastorem
349 1845 367 1874 et
378 1841 477 1882 doctorem,
486 1841 508 1873 ad
519 1840 695 1874 consummationem
707 1845 812 1874 sanctorum

110 1895 163 1929 nobis
175 1904 256 1939 superna
263 1894 321 1937 gratia
328 1895 383 1937 dedit,
390 1894 408 1927 id
416 1899 445 1928 est
452 1895 475 1928 ad
486 1894 637 1939 supplementum
647 1895 690 1929 fidei
702 1900 812 1928 sanctorum.

111 1947 222 1991 Principium
230 1946 285 1990 igitur
292 1947 455 1981 consummationis
462 1953 572 1988 sanctorum,
580 1947 603 1980 ad
615 1958 670 1990 quam
679 1948 744 1981 beatus
753 1948 813 1981 Deus-

110 2001 160 2034 dedit
171 2001 238 2034 missus
250 2005 283 2041 est,
290 2001 341 2043 prior
350 2000 400 2033 dedit
409 2001 469 2033 almus
478 2000 598 2043 Augustinus,
606 2000 724 2034 fundamenta
735 2000 782 2041 iecit,
790 2001 813 2034 ad

84 2069 103 2099 35
111 2054 173 2097 spem⁷
180 2052 263 2088 reddidit.
279 2052 350 2087 Deinde
357 2053 438 2087 mellissui
444 2054 527 2087 doctores
533 2053 647 2096 Laurentius,
654 2054 740 2096 Mellitus,
746 2053 813 2094 Iustus,

112 2107 211 2146 Honorius,
219 2105 254 2138 sibi
262 2105 341 2139 inuicem
349 2107 469 2139 succedentes
474 2106 485 2139 ⁸.
506 2106 577 2138 Horum
585 2116 629 2139 vera
636 2106 768 2140 consummatio
775 2112 813 2139 erat

111 2158 140 2193 hic
148 2163 227 2200 sanetus,
235 2156 277 2202 quil
286 2163 327 2203 post
335 2158 375 2201 hos,
382 2163 402 2192 vt
409 2157 484 2203 sapiens
495 2157 609 2200 architectus,
617 2159 692 2193 domum
700 2158 730 2193 dei
737 2158 813 2194 viriliter

111 2212 518 2255 conscendens,predicatione,ammonitione,
527 2212 645 2254 correctione,
654 2218 672 2246 et
680 2213 747 2246 eximia
755 2213 813 2246 chari-

110 2271 147 2300 tate
155 2264 275 2309 omnipotenti
283 2266 318 2299 deo
326 2266 394 2309 templa
401 2265 420 2298 in
428 2271 512 2300 eternum
522 2276 610 2299 mansura
620 2266 711 2300 stabiliuit.
754 2258 814 2299 Anno

84 2333 104 2362 40
111 2324 172 2354 autem
186 2317 255 2353 domini
266 2318 401 2353 sexcentesimo
413 2318 598 2362 sexagesimoquart0‚
610 2325 707 2363 postquam
719 2323 784 2352 cuncta
795 2318 813 2352 in

112 2372 208 2416 tranquilla
214 2383 259 2416 pace
267 2371 388 2415 disposuerat,
393 2372 434 2406 idus
442 2372 480 2406 iulii
488 2372 561 2406 celestia
569 2372 681 2414 conscendit,
688 2378 705 2406 et
713 2372 732 2405 in
740 2383 814 2407 monas-

111 2426 156 2459 terio
163 2424 286 2468 apostolorum
295 2425 344 2459 Petn'
351 2429 370 2459 et
378 2425 429 2458 Pauli
435 2425 509 2469 sepeliri
516 2426 587 2459 meruit.
609 2425 671 2459 Vitam
677 2425 730 2458 huius
738 2425 814 2459 almissui

112 2478 175 2521 patris,
181 2478 256 2512 virtutes
263 2487 335 2521 quoque
343 2482 361 2511 et
369 2477 438 2520 merita,
445 2477 491 2512 mira
499 2479 658 2512 odoramentorum
667 2476 750 2511 suauium
757 2478 815 2522 gratia

112 2531 136 2563 de
144 2531 206 2563 tumba
214 2529 253 2563 eius
261 2541 361 2573 erumpens
368 2535 452 2564 ostentat.

133 2589 257 2626 ¹T.exciperat.
287 2589 334 2619 'Vit
344 2590 451 2627 integerrime.
478 2589 612 2620 ²E.monitione.
644 2588 735 2620 ⁴om.inT.
767 2589 814 2620 ⁵Vit.

112 2638 220 2668 perseverans.
251 2628 284 2659 ῦΤ.
292 2630 309 2659 E.
318 2630 352 2659 sibi.
383 2629 513 2667 ⁷Vit.spcciem.
545 2628 687 2660 flasuceidentes.
718 2629 764 2660 ⁹Vit
773 2630 813 2667 quia.
