1762 2803
281 648 461 694 APPENDIX
485 647 532 696 ΙΙΙ,

377 773 439 790 -μ-

214 858 269 895 From
277 859 321 896 MS.
333 859 383 895 Trin-
394 859 437 896 Coll.
445 858 513 895 Dubh'n
521 858 541 895 B
548 871 564 901 a,
575 859 604 904 ⁷¹·

113 957 162 990 Vtra
173 963 241 991 sartori
252 958 365 999 Faunorum,
376 965 467 993 auctores
478 966 505 992 ur
515 965 596 993 orcrrun
609 959 740 992 cucuniano,

79 1051 154 1084 Iuenna
161 1050 197 1084 uita
207 1057 224 1085 et
234 1050 292 1094 passio
299 1051 407 1085 Sanctissimi
415 1052 520 1086 Freemundi
529 1051 575 1095 regis
585 1057 602 1085 et
611 1051 691 1092 martiris,
700 1052 760 1086 Sancti

44 1101 47 1107 '
57 1100 157 1134 Eadmundi
168 1101 214 1144 regis
225 1108 242 1135 et
250 1101 325 1136 martiris
336 1112 357 1135 ex
368 1113 427 1136 sorore
437 1102 511 1145 nepotis,
522 1113 534 1135 a
543 1102 618 1145 quodam
630 1103 692 1135 clerico
703 1104 760 1143 Burg-

57 1150 112 1183 hardo
120 1151 190 1185 nomine
198 1151 256 1185 ueraci
264 1152 303 1186 stilo
310 1153 413 1195 conscripta.
435 1153 470 1186 Sed
479 1157 497 1185 et
506 1152 583 1186 eiusdem
593 1152 669 1195 corporis
679 1152 760 1194 inuentio,

57 1211 68 1233 a
85 1201 136 1234 beato
154 1201 222 1243 Berino,
237 1212 258 1236 eo
276 1206 354 1250 tempore
372 1201 499 1236 Dorchacensis
517 1203 589 1236 ecclesie
608 1201 695 1245 episcopo,
710 1208 761 1246 prout

56 1251 124 1286 uiderat
135 1257 210 1287 exarata.
769 1259 778 1290 5

86 1314 102 1345 D
113 1312 182 1346 laudem
193 1313 257 1347 domini
265 1313 319 1347 nostri
331 1314 371 1347 Iesu
379 1313 448 1355 Christi,
456 1324 489 1357 ego
499 1314 611 1356 Burghardus
618 1314 678 1348 litteris
690 1313 762 1356 anglicis

117 1369 135 1397 et
146 1363 203 1397 latinis
214 1364 312 1404 instructus,
323 1364 377 1397 sancti
389 1363 494 1397 Freemundl
505 1365 528 1397 ad
538 1365 604 1397 heremi
614 1365 725 1398 solitudinem
734 1365 762 1397 fu·

58 1412 120 1456 gientis
131 1413 153 1447 de
163 1413 229 1456 palacio
236 1414 292 1447 socius
300 1413 403 1456 indiuiduos,
411 1425 504 1458 comesque
511 1414 548 1448 eius
560 1420 621 1448 contra
632 1413 672 1448 fidei
682 1414 761 1448 inimicos

58 1475 90 1506 pro
98 1463 162 1496 Christi
171 1464 205 1497 fide
213 1464 310 1498 dimicantis
318 1464 399 1506 effectum
411 1465 446 1497 uite
454 1474 484 1498 sue
492 1464 600 1499 sanctitatem
608 1475 619 1497 a
629 1464 707 1508 primeua
715 1470 762 1498 etate

58 1525 159 1557 agnoscens,
167 1519 184 1548 et
192 1514 263 1548 martirii
270 1514 296 1548 sui
304 1515 378 1558 posteris
386 1515 504 1549 testimonium
512 1514 639 1557 derelinquens,
647 1514 701 1549 vitam
709 1514 762 1558 ipsius
771 1520 791 1543 1⁰

58 1565 145 1598 miraculis
153 1575 184 1607 per
192 1564 260 1608 singula
270 1565 352 1599 uirtutum
364 1576 417 1608 opera
427 1565 564 1606 choruscantem,
575 1571 593 1599 et
604 1565 690 1608 passionis
701 1565 763 1600 eximie

58 1616 131 1656 gloriam
142 1626 174 1648 nec
185 1622 240 1648 morte
247 1615 317 1656 uictam,
324 1621 375 1658 prout
385 1615 420 1648 uidi
428 1621 445 1648 et
456 1614 514 1655 didici,
521 1620 538 1649 et
550 1614 590 1648 fidei
601 1614 699 1648 testimonio
710 1615 763 1658 digna

59 1664 137 1707 cognoui,
151 1664 185 1697 fide
199 1665 250 1707 plena
265 1664 347 1698 relatione
361 1664 461 1708 conscripsi.
484 1665 552 1708 Quippe
567 1664 596 1709 qui
613 1665 676 1700 Christi
693 1666 711 1699 in
726 1666 763 1700 suis

59 1715 124 1748 sanctis
132 1714 218 1747 mirabilia
223 1715 310 1757 operantis
315 1714 418 1758 potenciam,
425 1721 442 1747 et
449 1714 541 1756 ma[r]tin's
550 1715 576 1748 sui
584 1714 648 1757 egregii
655 1715 761 1748 Freemundi

59 1764 147 1806 miracula,
157 1765 261 1813 perAnglie
271 1770 330 1808 partes
338 1765 471 1808 circumquaque
483 1764 551 1807 egrotis,
562 1765 633 1807 claudis,
645 1765 695 1807 cecis,
704 1766 762 1808 aridis,
772 1770 790 1803 Ῑ5

59 1815 175 1857 energuminis
187 1815 221 1848 fide
231 1815 329 1859 petentibus
342 1815 423 1857 exhibita,
437 1814 540 1849 infructuoso
551 1814 623 1866 silencio
634 1816 716 1858 preterire
727 1827 762 1850 non

59 1866 112 1909 potui.
134 1865 181 1898 Noui
190 1865 236 1899 enim
246 1865 286 1907 quia
296 1866 343 1908 quod
354 1866 414 1898 dixerit
426 1865 509 1907 ueiri)tas,
520 1867 567 1899 nulla
578 1867 635 1899 delere
646 1867 708 1909 poterit
718 1862 761 1900 etas,

60 1916 116 1950 Credo
127 1914 178 1957 igitur
189 1915 270 1948 celestem
281 1915 381 1964 thesaurum
394 1915 411 1948 in
425 1921 471 1948 terra
484 1915 611 1957 absconditum,
623 1915 652 1949 diu
663 1917 716 1949 latere
727 1926 763 1950 non

59 1976 116 2010 posse,
124 1976 175 2009 quem
182 1976 213 2009 pro
221 1965 297 2000 fidelium
304 1965 380 2008 utilitate,
388 1976 428 2000 curn
435 1965 468 2009 ipsi
476 1966 564 2009 placuerit,
573 1966 683 2001 credentibus
691 1967 764 2000 uoluerit

60 2017 140 2052 reuelare.
163 2018 204 2049 Non
215 2017 261 2049 enirn
272 2022 328 2059 potest
339 2017 367 2050 lux
380 2016 398 2049 in
411 2016 486 2050 tenebris
499 2016 588 2056 abscondi,
600 2026 639 2050 cum
652 2027 692 2050 eam
703 2017 764 2051 deceat
773 2025 792 2047 ro

60 2077 111 2110 super
119 2066 247 2108 candelabrum,
254 2072 273 2100 ut
281 2067 361 2100 omuibus
368 2067 397 2111 qui
405 2066 423 2100 in
433 2067 485 2101 domo
495 2072 535 2101 sunt
546 2068 606 2108 luceat,
615 2067 683 2101 eleuari.
704 2068 764 2102 Vitam

59 2128 102 2151 uero
108 2116 163 2150 sancti
169 2116 272 2150 Freemundi
278 2117 369 2150 uirtutibus
375 2123 392 2149 et
400 2117 486 2149 miraculis
494 2117 568 2159 plenam,
574 2122 591 2150 et
599 2117 653 2159 ipsius
659 2118 765 2160 passionem,

60 2178 93 2211 que
104 2167 194 2200 undecimo
205 2167 234 2199 die
245 2165 288 2199 Maii
299 2177 331 2209 pro
343 2165 406 2200 Christi
417 2166 487 2199 nomine
497 2168 584 2208 completa
594 2172 626 2207 est,
637 2166 713 2201 veritatis
725 2167 765 2201 stilo

61 2217 167 2260 conscriptas
180 2227 218 2260 ego,
233 2216 262 2260 qui
277 2216 327 2250 morti
341 2216 377 2250 eius
391 2222 408 2250 et
423 2216 511 2260 sepulture
523 2227 595 2260 presens
610 2216 664 2258 extiti,
676 2218 694 2251 in
708 2218 765 2252 loculo

60 2268 142 2312 plumbeo
150 2268 200 2301 simul
210 2278 250 2301 curn
260 2278 331 2311 corpore
340 2266 379 2300 ideo
388 2267 467 2300 claudere
478 2267 530 2310 uolui,
538 2274 557 2301 ut
567 2267 582 2302 si
592 2268 635 2302 forte
645 2268 686 2302 etati
696 2275 765 2312 postere
773 2276 791 2307 ²5

60 2319 120 2353 diuina
126 2318 182 2361 pietas
190 2318 264 2352 martiris
271 2319 297 2352 sui
305 2317 408 2352 Freemundi
418 2318 524 2360 sepulturam
534 2318 606 2353 uoluerit
614 2319 695 2359 reuelare,
703 2319 764 2352 litteris

61 2370 99 2403 istis
107 2369 181 2402 inuentis
188 2369 206 2401 in
214 2369 310 2402 sanctitatis
317 2367 421 2410 testimonio,
429 2368 452 2402 ab
461 2367 506 2401 illius
514 2368 566 2402 etatis
572 2368 672 2402 hominihus
679 2367 764 2411 perlectis,

77 2438 87 2478 '1
97 2459 131 2489 ms.
138 2458 180 2489 nu.
187 2458 228 2489 con.
238 2457 359 2496 pneumam
369 2458 378 2487 1
388 2456 435 2488 romu
445 2457 477 2487 uu
486 2457 538 2494 tneo
548 2457 574 2488 rm
584 2456 620 2496 any
630 2456 664 2487 us.
673 2461 698 2495 yn
708 2456 764 2488 known

61 2499 112 2530 which
121 2499 189 2530 contains
199 2497 225 2528 the
234 2498 309 2538 complete
317 2503 354 2534 text,
361 2498 401 2537 John
409 2498 427 2528 oi
432 2497 529 2536 Tyueurouth
535 2497 566 2528 und
574 2497 607 2528 MS.
615 2496 670 2527 Lausd.
678 2496 713 2535 436,
720 2497 731 2528 i.
739 2505 765 2536 31,

78 2540 114 2611 viplg
120 2540 157 2609 poiy
164 2538 272 2609 ainiggffigss'
289 2538 298 2569 I
305 2548 330 2569 em
337 2538 408 2570 iudebted
415 2542 432 2570 to
438 2538 465 2569 the
471 2538 534 2569 Provost
541 2536 571 2568 aud
579 2535 644 2568 Fellows
650 2536 669 2568 ol
673 2537 716 2568 Trio.
722 2537 765 2569 Coll.

68 2590 86 2611 01³
110 2590 118 2610 e
131 2590 177 2610 cauo
209 2589 217 2609 e
254 2601 258 2610 ι

83 2629 123 2653 vor„
131 2629 150 2652 11.
405 2623 418 2648 r
426 2626 438 2658 y
