1762 2803
264 95 310 148 Dr
325 92 425 146 &tutto
440 93 525 145 ltalia
705 110 744 139 101

45 215 103 252 sanati
117 220 165 256 sunt,
178 220 197 248 et
212 224 271 257 equus
283 214 323 248 eius
334 213 372 247 vite
387 213 470 247 redditus
485 219 518 247 est.
563 205 607 246 Rex
623 219 683 246 autem
699 213 748 246 dedit

44 269 83 304 viro
101 267 131 302 dei
148 267 194 301 duas
209 266 307 302 ecclesias:
324 271 342 301 et
357 266 454 300 benedicto
469 277 519 310 rege,
534 266 584 301 venit
604 265 714 308 Meneuiam‚
729 273 747 301 et

45 323 87 357 inde
96 320 217 355 transfretans
225 320 243 353 in
252 319 368 362 Hiberniam,
374 320 393 353 in
399 320 478 364 quadam
484 318 554 353 insula¹
560 324 664 354 constructa
670 320 748 353 ecclesia

44 375 98 409 annis
109 378 187 417 quatuor
198 372 271 407 mansit.
294 372 422 407 Consobrinus
434 378 495 407 autem
507 372 635 414 eius,n01nine
644 372 748 415 Kengams,

45 437 104 462 senex
115 431 166 460 erat:
178 427 207 460 cui
218 425 247 460 vir
256 425 287 460 dei
298 435 372 460 vaccam
384 435 425 459 curn
435 424 493 459 vitulo
505 425 554 466 emit,
566 425 608 468 quia
619 425 680 459 cibum
691 424 765 462 alium5

45 483 120 523 propter
136 483 250 512 senectutem
266 478 376 512 manducare
391 489 428 511 non
444 483 521 521 poterat.
552 477 628 512 Factum
643 484 671 511 est
687 483 747 510 autem

45 538 64 567 vt
75 531 143 567 vitulus
154 541 209 566 vacce
221 529 270 565 illius
281 535 368 576 pergeret
379 530 398 565 in
410 541 492 566 messem
504 530 565 566 diuitis
571 531 591 574 (l)
602 531 718 566 cuiusdamlt
730 537 748 566 et

45 586 141 620 venientes
159 584 222 618 serui³
237 585 277 619 eius
291 584 368 619 vitulum
387 586 410 618 ad
430 585 514 618 arborem
533 585 636 628 alligarunt.
664 584 687 617 Et
707 594 748 617 cum

45 643 119 673 sanctus
137 636 220 672 misisset
234 643 254 671 vt
269 637 377 679 solueretur,
392 642 411 671 et
426 647 491 681 preces
510 637 550 671 eius
566 637 675 676 deriderent,
690 636 748 670 orauit

46 691 139 724 dominum
156 695 175 722 vt
191 690 260 723 vitulus
276 691 300 722 ad
320 695 396 722 matrem
414 689 487 723 rediret.
511 689 534 722 Et
550 688 645 723 cxaudiuit
663 689 749 723 dominus
760 701 777 720 ιο

45 742 205 787 deprecationem⁴
217 742 257 776 eius
268 747 286 775 et
300 741 407 776 mirabiliter
418 742 495 776 vitulum
508 742 531 776 ad
543 747 621 776 matrem
637 751 695 783 suam,
707 750 748 775 cum

45 796 110 829 arbore
129 795 159 829 illa
174 795 202 829 cui
219 795 332 838 alligabatur,
351 799 370 829 et
388 804 430 829 cum
449 794 542 829 radicibus
560 792 605 837 suis,
623 793 697 828 dimisit.
725 793 748 829 Et

46 859 137 894 apparens
156 848 233 893 angelus
253 855 316 883 sancto
333 848 392 883 Kebio
408 848 464 884 dixit:
483 848 545 883 ‘Vade
560 849 583 882 de
600 848 634 883 hac
650 848 711 882 insula
725 848 748 882 ad

46 902 152 935 orientalem
167 902 252 945 plagam!
275 901 308 935 Cui
324 906 411 936 sanetus:
429 901 506 935 ‘Deleat
518 901 564 935 deus
575 900 651 935 diuitem
662 900 713 934 illum
725 901 749 934 de

45 955 104 989 insula
114 954 158 989 hac!
182 954 205 989 Et
216 954 304 999 angelus:
316 953 358 989 ‘Sic
370 954 415 989 erit!
438 953 462 988 Et
472 954 550 989 veniens
560 960 635 988 sanctus
645 954 667 988 ad
679 959 749 988 austra·
759 966 776 994 ¹5

46 1009 82 1043 lem
94 1009 166 1051 plagam
180 1008 261 1051 regionis
267 1008 278 1050 ⁶,
291 1014 309 1041 et
322 1008 405 1041 edificato
418 1008 502 1047 oratorio,
514 1008 634 1050 quadraginta
648 1006 714 1040 diebus
725 1006 749 1039 ibi

46 1059 117 1093 mansit.
141 1059 164 1093 Et
171 1059 249 1093 audiens
257 1060 310 1092 diues
319 1058 361 1102 quia
372 1064 456 1092 maneret
468 1057 498 1099 ibi,
508 1058 558 1093 misit
568 1059 591 1092 ad
603 1068 656 1093 eum:
672 1057 749 1102 ‘Perge

46 1111 108 1155 inquit,
122 1112 146 1145 ad
159 1111 215 1145 alium
228 1112 299 1146 locum:
312 1123 354 1146 mea
367 1117 395 1146 est
407 1112 466 1146 adhuc
479 1112 514 1146 ista
527 1114 585 1146 terra.¹
607 1112 659 1146 Tunc
675 1117 749 1146 sanctus

46 1166 105 1199 tribus
114 1165 180 1199 diebus
189 1165 282 1207 ieiunauit,
293 1171 312 1199 vt
323 1166 368 1199 deus
376 1166 482 1200 ostenderet
493 1167 509 1199 ei
520 1165 564 1209 quid
573 1165 616 1200 inde
625 1170 693 1209 ageret.
715 1165 748 1199 Cui

46 1219 121 1262 angelus
129 1218 163 1253 ait:
177 1218 248 1262 ‘Perge
256 1219 278 1252 ad
287 1218 388 1252 orientem)
408 1218 430 1252 Et
438 1218 515 1253 veniens
523 1219 546 1252 ad
554 1218 662 1252 orientalem
670 1218 749 1262 plagam,
759 1231 778 1251 ro

46 1278 117 1316 septem
133 1271 199 1306 diebus
213 1272 281 1306 ibidem
295 1271 367 1306 mansit
391 1271 444 1313 Quod
458 1270 535 1305 audiens
548 1271 600 1305 diues
613 1270 649 1312 ille,
662 1272 713 1305 venit
726 1272 750 1305 ad

46 1325 104 1358 virum
120 1325 149 1357 dei
165 1329 183 1357 et
198 1324 255 1357 dixit:
269 1323 341 1367 ‘Perge
356 1324 379 1357 ad
394 1323 449 1357 alium
465 1323 536 1357 locum!
558 1323 610 1356 Tunc
625 1329 699 1357 sanetus
714 1323 749 1357 ait:

47 1375 151 1420 ‘Deprecor
161 1376 215 1410 deum
226 1376 372 1419 omnipotentem
381 1381 401 1409 vt
412 1377 496 1410 ostendat
507 1376 551 1409 mihi
562 1376 605 1420 quid
617 1373 693 1410 faciam)
716 1376 749 1410 Cui

47 1428 132 1473 angelus:
150 1429 221 1474 ‘Perge
237 1430 259 1463 ad
276 1430 383 1464 dextramt’
407 1428 447 1472 Quo
466 1439 507 1464 cunt
523 1429 610 1471 venisset,
625 1429 676 1464 venit
690 1428 749 1464 adbuc

47 1483 98 1516 diues
113 1489 131 1516 et
147 1482 204 1516 dixit:
222 1482 287 1524 ‘Kebi‚
305 1493 363 1526 perge
382 1488 433 1517 trans
451 1484 512 1516 mare.'
535 1483 588 1517 Tunc
603 1489 677 1517 sanctus
692 1482 749 1517 iratus
759 1494 777 1523 ¹5

47 1535 102 1569 dixit:
116 1535 215 1569 ‘Deleatur
222 1546 290 1569 nomen
299 1541 350 1569 tuum
361 1536 384 1568 ab
395 1536 428 1570 hac
439 1535 510 1570 insula!
533 1536 584 1569 Tunc
595 1542 670 1570 sanctus
679 1535 749 1570 Kebius

47 1587 98 1622 iussit
113 1588 207 1632 discipulis
222 1588 261 1622 suis
274 1593 293 1622 vt
308 1587 380 1623 lnscisis
395 1589 455 1632 lignis,
467 1588 548 1623 lembum
564 1589 678 1623 fabricarent.
708 1589 749 1630 Quo

47 1640 97 1680 facto,
105 1640 155 1673 venit
166 1640 218 1673 diues
229 1640 259 1673 ille
271 1646 289 1674 et
300 1641 335 1674 ait:
348 1641 427 1675 ‘Intrate
438 1641 457 1674 in
469 1641 550 1674 lembum
561 1641 601 1675 sine
613 1642 667 1682 corio,
676 1640 691 1675 si
700 1641 749 1675 serui

47 1692 76 1726 dei
95 1693 150 1729 estis'
173 1693 196 1728 Et
212 1698 285 1728 sanctus
298 1693 333 1729 ait:
351 1693 451 1728 ‘lllirabilis
467 1694 513 1728 deus
527 1693 546 1728 in
562 1694 629 1728 sanctis
644 1693 687 1734 suis,
703 1694 749 1728 deus

47 1744 114 1781 lsrael:
129 1746 170 1790 ipse
185 1747 234 1780 dabit
248 1747 335 1781 virtutem
348 1752 365 1782 et
379 1747 504 1781 fortitudinem
517 1747 579 1791 plebi⁷
592 1757 630 1789 sue,
643 1747 750 1781 benedictus
758 1758 778 1786 30

47 1798 97 1833 deus.
120 1799 200 1841 ‘Ponite,
215 1800 273 1843 inquit
286 1799 386 1843 discipulis,
400 1800 481 1835 lembum
493 1811 549 1844 supra
560 1802 622 1834 mare!
645 1800 686 1842 Quo
698 1800 750 1841 sacto,

47 1849 141 1894 ingressus
153 1857 181 1886 est
193 1862 234 1886 cum
246 1852 341 1897 discipulis
352 1854 434 1888 lembum
446 1853 496 1888 corio
507 1859 612 1888 carentem:
625 1859 643 1887 et
653 1853 748 1888 confestim

47 1908 148 1948 tempestas
161 1905 221 1940 valida
235 1907 285 1939 venit
298 1907 316 1939 in
330 1917 387 1949 mare,
398 1913 416 1940 et
427 1908 527 1940 timuerunt
540 1907 593 1941 valde
606 1907 690 1950 discipuli
703 1907 749 1948 eius,

48 1961 65 1988 et
76 1956 147 1990 fortiter
157 1963 232 1991 sanctus
245 1958 316 1992 Kebius
329 1959 384 1992 deum
398 1969 463 2002 rogare
477 1959 529 2002 cepit.
552 1958 608 1992 Cuius
621 1968 677 2001 prece
688 1958 750 1992 diuisit

48 2007 198 2053 deus-scopulum
207 2011 299 2053 quendam
307 2011 325 2044 in
335 2011 380 2044 duas
391 2017 458 2054 partes,
467 2017 484 2043 et
492 2011 582 2054 prosiliuit
593 2010 666 2044 lembus
676 2021 750 2044 sursum
759 2022 778 2051 35

47 2058 94 2094 inter
109 2061 156 2096 duos
168 2062 265 2106 scopulos;
278 2068 296 2097 et
310 2063 384 2098 demum
397 2063 460 2098 Monie
472 2063 531 2098 insule
543 2063 675 2108 applicuerunt.
697 2063 750 2098 Tunc

48 2119 122 2149 sanctus
142 2114 214 2150 Kebius
229 2116 293 2150 baculo
309 2127 342 2150 suo
357 2118 448 2161 percussit
464 2128 539 2161 rupem:
559 2123 577 2151 et
592 2117 688 2152 confestim
703 2128 751 2161 aqua

48 2164 151 2211 largissime
162 2180 249 2204 emanare
258 2170 312 2212 cepit.
335 2169 358 2203 Et
367 2169 417 2203 misit
426 2170 535 2213 discipulum
546 2180 600 2203 suum
612 2169 686 2204 nomine
694 2170 751 2210 carro,

47 2222 66 2249 vt
73 2219 135 2262 ignem
147 2220 227 2254 afferret.
251 2221 286 2263 Qui
297 2231 338 2255 cum
350 2231 361 2255 a
373 2222 452 2265 quodam
461 2221 512 2255 fabro
523 2222 585 2265 ignem
594 2226 665 2266 peteret
671 2222 682 2262 ⁸,
691 2220 751 2256 renuit

48 2268 87 2313 ipse
99 2273 149 2316 dare,
159 2273 196 2308 nisi
210 2274 229 2308 in
243 2274 284 2309 sinu
298 2285 331 2310 suo
345 2280 419 2319 portare
430 2274 490 2308 vellet
513 2274 536 2308 Et
549 2275 609 2318 posito
621 2275 665 2318 igne
677 2276 695 2308 in
709 2276 750 2308 sinu
759 2288 779 2317 4⁰

49 2322 92 2367 eius,
100 2336 187 2360 reuersus
199 2327 258 2361 estad
266 2327 375 2372 magistrum
387 2338 446 2369 suum,
454 2328 495 2363 sine
505 2327 575 2362 lesione
583 2328 640 2362 vestis
648 2338 681 2362 sue
688 2328 750 2371 ignem

48 2383 128 2417 portans.
167 2373 254 2414 Perrexit
263 2381 419 2415 rex‘Venedocie
427 2379 456 2414 die
461 2381 540 2424 quadam
548 2381 571 2414 ad
579 2387 665 2415 montana
671 2379 750 2414 venandi

68 2437 72 2455 ¹
83 2450 104 2470 se.
112 2441 163 2472 Aruin
170 2442 187 2472 in
193 2443 231 2479 vit,
239 2444 249 2473 i.
255 2453 269 2473 e.
276 2444 332 2475 Aranf
376 2445 382 2462 ¹
392 2445 423 2474 Vit.
431 2443 505 2474 Crubthir
513 2443 578 2474 riniani.
619 2444 625 2460 ³
635 2443 666 2473 Vit.
673 2442 750 2480 discipuli.

48 2475 220 2530 :Epeprecationem
275 2483 419 2522 ‘Vitreglrlide
474 2484 601 2514 ⁸T.dexterarnr
655 2482 750 2520 ²T.plebis.

50 2553 53 2560 Ι
65 2517 82 2548 E.
90 2520 156 2551 double:
167 2521 198 2559 Qui
206 2532 256 2552 cuma
264 2525 331 2560 quodam
339 2524 383 2553 fabro
392 2524 445 2562 ignem
452 2523 520 2554 afferret.
534 2524 565 2560 Qui
575 2532 610 2553 eum
617 2523 701 2560 aquodam
708 2522 751 2552 fabre

49 2563 100 2592 ‘gssem
107 2566 174 2598 peteret.
235 2563 241 2579 ⁹
251 2571 272 2593 sc.
281 2563 354 2600 llailgun.
