1762 2803
245 124 291 181 Dr
306 122 406 177 baruc
423 122 549 175 mutua.
704 128 748 182 363

47 250 96 286 mine
110 247 179 283 affixit:
197 251 216 281 et
230 246 301 290 lignum
316 244 360 279 olim
373 256 384 279 a
398 255 432 279 sua
447 246 513 279 arbore
528 244 631 291 precisum¹
644 249 662 278 et
677 244 748 278 aridum

47 305 143 344 virescere,
149 301 236 336 frondere
244 304 262 334 et
270 299 313 334 folia
320 299 422 344 producere
430 299 484 344 cepit,
490 304 508 334 et
515 310 574 345 vsque
582 298 637 334 hodie
644 297 749 343 spectabilis

47 356 129 392 fraxinus
142 355 210 388 ibidem
224 352 311 397 persistit.
333 352 408 386 Athleta
423 352 478 394 igitur
490 353 560 387 domini
575 352 594 386 in
609 351 649 386 loco
662 350 749 385 diuinitus

48 412 89 444 dato
106 413 165 442 artam
180 412 198 440 et
213 405 302 439 humilem
318 405 383 438 cellam
399 406 422 438 ad
439 405 577 439 inhabitandum
592 404 627 438 sibi
642 403 749 437 construxit.

48 461 136 504 Quotiens
155 464 216 492 autem
233 457 287 492 miles
303 457 370 492 Christi
387 457 406 491 in
422 458 516 502 antiquum
532 458 604 492 hostem
619 457 766 500 insurrexeri135

47 514 112 559 quibus
123 511 179 546 armis
189 510 289 545 infernales
297 515 396 555 potestates
404 510 532 553 debellaucrit;
544 511 611 556 quibus
618 509 679 545 carnis
686 509 749 544 morti·

48 566 161 602 ficationibus
172 566 191 599 in
202 564 279 607 ieiuniis,
287 564 359 609 vigiliis,
367 564 484 607 orationibus
492 564 592 609 lachrymis
602 570 620 599 et
630 563 718 609 patientia
728 574 749 598 se

48 622 82 656 deo
89 618 217 660 immolauerit,
223 618 263 662 ipse
271 618 324 652 testis
332 624 359 652 est
368 618 396 652 cui
404 628 477 652 causam
486 628 537 652 suam
546 618 633 653 reuelauit
641 623 659 652 et
667 618 749 652 credidit.

48 673 103 707 Cuius
111 672 176 705 merita
183 676 235 705 tanto
243 676 285 704 sunt
293 671 312 704 in
320 671 406 715 supernis
416 671 545 715 splendoribus
555 676 659 705 sanctorum
667 671 748 711 clariora,

48 731 115 771 quanto
130 729 173 759 sunt
188 725 267 758 humane
282 724 345 758 notitie
360 728 436 769 propter
451 724 566 769 antiquorum
581 724 716 769 negligentiam,
730 730 748 760 et
758 737 776 760 ro

48 786 130 821 tempore
143 778 237 812 Danorum
250 777 338 812 librorum
351 777 497 813 combustionem
511 778 608 813 occultiora
621 784 639 813 et
652 778 749 822 incognita.

49 826 117 865 Fertur
133 830 182 864 enim
198 830 257 864 virum
274 831 303 865 dei
319 831 427 864 Edwoldum
443 837 536 873 pastorem
554 831 646 873 prelatum
663 831 749 865 habuisse

48 883 151 918 ministrum
166 888 184 916 et
199 882 292 916 conscium
307 882 372 924 solum,
388 882 419 927 qui
437 882 472 916 sibi
487 888 515 916 ter
530 882 549 916 in
564 881 667 926 septimana
681 893 748 927 panem

48 937 156 970 ordeaceum
165 940 183 969 et
191 936 282 969 interdum
290 936 317 969 lac
325 936 394 977 attulit;
406 935 435 968 cui
440 936 469 969 vir
476 935 505 969 dei
513 935 532 969 in
540 936 651 979 stipendium
659 937 750 970 mercedis

48 987 124 1032 singulis
134 987 205 1023 vicibus
217 988 313 1023 denarium
326 993 433 1033 argenteum
444 988 503 1030 dedit,
511 988 616 1033 precipiens
629 1000 653 1023 ne
665 988 777 1034 cuiquam15

48 1053 89 1076 eum
101 1042 192 1086 proderet.
215 1042 344 1086 ‘Quocunque¹
355 1042 418 1086 inquit,
427 1041 456 1076 die
467 1053 498 1076 me
509 1041 617 1086 prodideris,
629 1041 683 1077 huius
693 1043 749 1078 vestri

48 1095 129 1129 muneris
143 1099 236 1130 extremus
248 1094 280 1129 tibi
293 1106 337 1130 vsus
351 1095 395 1129 erit.¹
419 1095 508 1129 Processu
520 1095 594 1129 tandem
607 1095 696 1140 temporis
708 1106 750 1130 eum

48 1148 156 1191 quibusdam
166 1149 189 1183 de
197 1148 236 1182 viro
247 1149 277 1183 dei
287 1148 382 1192 tetigisset,
390 1148 408 1181 in
417 1149 496 1182 crastino
504 1159 601 1182 nummum
611 1149 634 1182 ab
646 1160 669 1183 eo
679 1150 750 1193 accepit

48 1206 66 1234 et
76 1200 110 1234 hoc
120 1201 143 1234 ab
154 1211 176 1233 eo
187 1201 313 1244 prophetantis
323 1212 368 1235 voce
378 1201 457 1235 audiuit:
470 1201 548 1245 ‘Accipe
559 1211 626 1235 munus
634 1207 715 1236 vestrum
726 1203 750 1236 ab

49 1253 81 1286 hac
97 1253 126 1287 die
138 1253 234 1288 ultimum:
252 1254 299 1297 quia,
315 1253 362 1288 sicut
376 1253 469 1297 quondam
484 1253 562 1297 predixi,
577 1253 614 1287 iam
629 1265 653 1288 ex
668 1265 704 1298 quo
720 1265 750 1289 me
758 1268 777 1288 ao

49 1306 148 1350 prodidisti,
156 1314 260 1342 extremum
269 1308 303 1341 hoc
311 1307 342 1341 tibi
350 1307 419 1342 iecisti!
442 1307 473 1341 Ad
482 1307 516 1341 hec
524 1307 554 1341 ille
562 1306 649 1342 confusus
659 1307 750 1351 abcessit;

49 1364 67 1392 et
82 1359 166 1403 sequenti
178 1360 208 1394 die
221 1371 332 1404 quamquam
346 1362 456 1404 desperatus
471 1360 529 1395 redit:
546 1361 579 1395 sed
591 1371 626 1395 nec
639 1371 749 1404 responsum

49 1412 134 1455 repperit.
158 1412 197 1447 lam
213 1412 262 1447 enim
278 1413 331 1448 miles
346 1413 414 1448 Christi
429 1412 501 1447 labores
517 1423 566 1455 suos,
582 1419 646 1457 quarto
661 1413 750 1448 kalendas

50 1465 165 1508 septembris,
176 1466 254 1508 finierat,
266 1472 284 1500 et
296 1473 381 1511 suscepto
393 1467 416 1500 ab
427 1467 498 1511 angelis
509 1466 574 1510 spiritu
586 1477 653 1511 corpus
665 1467 751 1500 exanime

49 1516 123 1550 iacebat.
146 1518 187 1559 Quo
198 1518 243 1559 viso,
256 1518 340 1551 minister
353 1519 434 1552 clamans
446 1525 464 1552 et
477 1518 548 1552 eiulans
560 1518 655 1562 proximos
667 1530 750 1563 quosque
760 1532 778 1561 ²5

49 1570 148 1612 aduocauit,
160 1575 178 1603 et
189 1571 284 1614 presbiter
295 1581 393 1605 accurrens
404 1571 464 1605 virum
476 1571 505 1605 dei
519 1571 538 1605 in
550 1582 583 1605 sua
593 1572 639 1604 cella
649 1572 751 1607 tumulauit.

50 1620 108 1656 Distat
120 1627 182 1658 autem
193 1623 235 1657 fons
246 1623 276 1658 ille
288 1635 298 1657 a
308 1623 388 1658 Cemelii
400 1624 476 1658 cenobio
488 1623 588 1658 miliaribus
600 1629 677 1667 quatuor
685 1635 751 1659 versus

50 1674 167 1711 occidentem.
212 1669 297 1713 Claudus
313 1676 387 1721 quidam
404 1687 451 1721 aqua
470 1676 525 1711 sontis
543 1677 591 1712 illius
610 1688 631 1713 se
649 1678 714 1713 lauans
733 1683 751 1713 et

49 1729 134 1770 precibus
143 1729 237 1773 insistens,
245 1731 315 1765 meritis
326 1731 384 1765 sancti
392 1731 476 1765 Edwoldi
487 1737 564 1765 curatur.
587 1731 654 1766 Mulier
663 1743 674 1765 a
686 1732 751 1766 natiui-

49 1785 85 1814 tate
96 1793 139 1816 ceca
152 1788 170 1816 et
184 1784 252 1817 ibidem
265 1785 301 1817 lota
312 1784 430 1817 illuminatur.
453 1783 527 1818 Diuersi
539 1785 593 1819 etlam
606 1779 644 1819 ceci
657 1786 750 1820 oculorum
759 1800 779 1830 30

49 1832 95 1868 visui
110 1835 240 1879 restituuntur;
258 1836 341 1871 resiliunt
355 1836 453 1880 contracti3
469 1836 520 1871 surdi
535 1843 553 1871 et
568 1837 613 1871 muti
628 1837 694 1871 officiis
709 1840 751 1873 red·

48 1886 126 1929 duntur;
138 1889 207 1932 leprosi
215 1889 367 1932 diuersorumque
375 1890 481 1922 morborum
492 1890 576 1923 molestia
586 1891 646 1933 pressi
657 1897 750 1924 sanantur.

50 1938 151 1985 Columpna
163 1942 208 1977 lucis
219 1954 230 1978 a
239 1944 302 1977 tumba
312 1943 436 1986 sanctiusque
446 1943 465 1977 in
476 1942 536 1977 celum
547 1948 624 1977 extensa
634 1943 698 1988 sepius
708 1955 750 1978 con-

50 1991 129 2037 spicitur,
141 1995 190 2030 vnde
203 1995 264 2040 ampla
275 1996 326 2040 regio
337 1996 438 2031 irradiatur.
484 1989 598 2031 Procurante
609 1995 664 2040 igitur
674 1996 750 2032 lllmaro

49 2046 135 2092 episcopo
143 2055 162 2083 et
168 2050 280 2084 decernente
287 2056 351 2084 sancto
357 2051 459 2092 Dunstano,
466 2061 508 2084 ossa
516 2050 574 2084 sancti
580 2050 663 2084 Edwoldi
670 2051 693 2084 de
701 2056 749 2085 terra
758 2065 777 2096 35

50 2098 125 2143 eleuata,
136 2113 177 2136 cum
189 2105 212 2137 ad
224 2103 349 2148 episcopalem
361 2105 424 2138 sedem
437 2103 567 2138 Schireburnie
579 2103 622 2138 ferri
634 2104 728 2147 deberent,
739 2116 750 2138 a

50 2150 89 2185 loco
97 2154 127 2188 illo
136 2157 206 2190 moueri
217 2168 254 2190 non
262 2162 366 2202 potuerunt.
390 2157 493 2201 Episcopus
503 2156 558 2200 igitur
565 2167 607 2191 cum
614 2157 683 2201 populo
690 2168 750 2200 genua

50 2203 110 2246 ssectit,
122 2208 233 2243 orationibus
245 2210 337 2243 humiliter
348 2210 430 2251 instans;
448 2216 467 2244 et
478 2210 577 2244 Almarus²
588 2220 651 2243 comes
664 2210 695 2252 qui
706 2217 750 2245 tunc

49 2256 116 2301 aderat,
124 2264 143 2293 vt
154 2260 177 2293 ad
187 2260 293 2295 Cernelium
304 2267 408 2305 portaretur
420 2261 435 2295 si
447 2262 488 2306 ipse
499 2266 574 2296 sanctus
585 2261 696 2305 dignaretur,
708 2273 750 2297 cum

50 2311 116 2345 ceteris
132 2313 187 2348 deum
202 2315 283 2349 exorat
306 2315 329 2349 Et
347 2326 390 2350 ecce
409 2315 471 2350 statim
489 2319 564 2359 putares
583 2313 644 2358 ipsum
662 2314 750 2350 feretrum
759 2328 779 2357 40

49 2361 96 2396 vltro
108 2365 178 2408 exilire,
190 2378 211 2401 ac
225 2368 279 2402 etiam
293 2368 386 2411 exportari
397 2369 449 2402 velle.
473 2368 504 2402 Sic
518 2378 562 2411 crgo
573 2368 638 2401 beatus
651 2368 750 2404 Edwoldus

49 2413 108 2456 pridie
119 2417 161 2453 idus
172 2420 244 2465 augusti
256 2431 298 2455 cum
309 2432 376 2465 magno
387 2420 457 2455 honore
466 2420 571 2455 Cernelium
582 2420 690 2465 deportatur
701 2428 720 2457 et
731 2421 750 2457 in

49 2468 126 2504 ecclesia
133 2478 196 2507 sancte
202 2473 261 2508 Marie
267 2474 374 2518 collocatur;
386 2473 441 2519 quiet
449 2474 550 2508 innumeris
558 2473 687 2509 miraculorum
693 2475 751 2521 signis

49 2519 109 2557 locum
120 2525 213 2561 illustrare
224 2537 261 2561 non
273 2527 344 2562 desinit.
368 2528 452 2562 Presatus
459 2537 504 2562 vero
512 2527 612 2562 Almarus²
619 2530 751 2564 monasterium

98 2589 104 2606 ¹
113 2591 131 2621 T.
139 2594 230 2631 prcscisum.
295 2594 301 2610 ²
311 2594 329 2624 T.
336 2593 414 2624 altmarus.
474 2593 481 2610 ³
492 2594 510 2624 E.
518 2594 603 2632 exorabat,
612 2596 630 2626 T.
638 2600 698 2626 exorat.
