<?xml version="1.0" encoding="UTF-8"?>
<!DOCTYPE html PUBLIC "-//W3C//DTD XHTML 1.0 Transitional//EN"
    "http://www.w3.org/TR/xhtml1/DTD/xhtml1-transitional.dtd">
<html xmlns="http://www.w3.org/1999/xhtml" xml:lang="en" lang="en">
 <head>
  <title>
</title>
<meta http-equiv="Content-Type" content="text/html;charset=utf-8" />
  <meta name='ocr-system' content='tesseract 3.04.00' />
  <meta name='ocr-capabilities' content='ocr_page ocr_carea ocr_par ocr_line ocrx_word'/>
</head>
<body>
  <div class='ocr_page' id='page_1' title='image "./MN5111ucmf_0/MN5111ucmf_0_0276.png"; bbox 0 0 1762 2803; ppageno 0'>
   <div class='ocr_carea' id='block_1_1' title="bbox 114 127 624 191">
    <p class='ocr_par' dir='ltr' id='par_1_1' title="bbox 114 127 624 191">
     <span class='ocr_line' id='line_1_1' title="bbox 114 127 624 191; baseline 0.016 -19"><span class='ocrx_word' id='word_1_1' title='bbox 114 131 156 173; x_wconf 81' lang='lat'>186</span> <span class='ocrx_word' id='word_1_2' title='bbox 304 129 384 183; x_wconf 69' lang='lat' dir='ltr'>mous</span> <span class='ocrx_word' id='word_1_3' title='bbox 399 127 515 191; x_wconf 71' lang='lat' dir='ltr'>beamus</span> <span class='ocrx_word' id='word_1_4' title='bbox 531 127 624 191; x_wconf 65' lang='lat' dir='ltr'>uratia.</span> 
     </span>
    </p>
   </div>
   <div class='ocr_carea' id='block_1_2' title="bbox 59 234 821 2398">
    <p class='ocr_par' dir='ltr' id='par_1_2' title="bbox 59 234 821 2398">
     <span class='ocr_line' id='line_1_2' title="bbox 113 234 813 281; baseline 0 -12"><span class='ocrx_word' id='word_1_5' title='bbox 113 234 239 280; x_wconf 89' lang='lat' dir='ltr'>episcopatum</span> <span class='ocrx_word' id='word_1_6' title='bbox 249 245 287 269; x_wconf 92' lang='lat' dir='ltr'>non</span> <span class='ocrx_word' id='word_1_7' title='bbox 298 234 332 270; x_wconf 91' lang='lat' dir='ltr'>rite</span> <span class='ocrx_word' id='word_1_8' title='bbox 343 235 453 280; x_wconf 82' lang='lat' dir='ltr'>suscepisse,</span> <span class='ocrx_word' id='word_1_9' title='bbox 461 234 540 270; x_wconf 84' lang='lat' dir='ltr'>libenter</span> <span class='ocrx_word' id='word_1_10' title='bbox 550 236 573 271; x_wconf 92' lang='lat' dir='ltr'>ab</span> <span class='ocrx_word' id='word_1_11' title='bbox 581 235 641 271; x_wconf 90' lang='lat' dir='ltr'>officio</span> <span class='ocrx_word' id='word_1_12' title='bbox 650 235 735 280; x_wconf 81' lang='lat' dir='ltr'>disced03</span> <span class='ocrx_word' id='word_1_13' title='bbox 745 236 813 281; x_wconf 81' lang='lat' dir='ltr'>quippe</span> 
     </span>
     <span class='ocr_line' id='line_1_3' title="bbox 113 288 814 333; baseline 0 -11"><span class='ocrx_word' id='word_1_14' title='bbox 113 289 143 332; x_wconf 91' lang='lat' dir='ltr'>qui</span> <span class='ocrx_word' id='word_1_15' title='bbox 156 300 186 324; x_wconf 88' lang='lat' dir='ltr'>me</span> <span class='ocrx_word' id='word_1_16' title='bbox 197 299 291 332; x_wconf 86' lang='lat' dir='ltr'>nunquam</span> <span class='ocrx_word' id='word_1_17' title='bbox 301 289 336 323; x_wconf 92' lang='lat' dir='ltr'>hoc</span> <span class='ocrx_word' id='word_1_18' title='bbox 348 299 390 322; x_wconf 91' lang='lat' dir='ltr'>esse</span> <span class='ocrx_word' id='word_1_19' title='bbox 402 288 477 333; x_wconf 83' lang='lat' dir='ltr'>dignum</span> <span class='ocrx_word' id='word_1_20' title='bbox 488 288 594 332; x_wconf 86' lang='lat' dir='ltr'>arbitrabar,</span> <span class='ocrx_word' id='word_1_21' title='bbox 602 290 635 324; x_wconf 88' lang='lat' dir='ltr'>sed</span> <span class='ocrx_word' id='word_1_22' title='bbox 647 290 751 324; x_wconf 83' lang='lat' dir='ltr'>obedientie</span> <span class='ocrx_word' id='word_1_23' title='bbox 760 300 814 323; x_wconf 89' lang='lat' dir='ltr'>causa</span> 
     </span>
     <span class='ocr_line' id='line_1_4' title="bbox 113 341 814 387; baseline 0 -10"><span class='ocrx_word' id='word_1_24' title='bbox 113 343 148 377; x_wconf 91' lang='lat' dir='ltr'>hoc</span> <span class='ocrx_word' id='word_1_25' title='bbox 163 342 222 378; x_wconf 87' lang='lat' dir='ltr'>onus¹</span> <span class='ocrx_word' id='word_1_26' title='bbox 234 342 301 384; x_wconf 88' lang='lat' dir='ltr'>subire,</span> <span class='ocrx_word' id='word_1_27' title='bbox 312 341 396 386; x_wconf 87' lang='lat' dir='ltr'>quamuis</span> <span class='ocrx_word' id='word_1_28' title='bbox 412 342 503 387; x_wconf 87' lang='lat' dir='ltr'>indignus,</span> <span class='ocrx_word' id='word_1_29' title='bbox 515 342 612 386; x_wconf 73' lang='lat' dir='ltr'>consensi!</span> <span class='ocrx_word' id='word_1_30' title='bbox 636 342 668 378; x_wconf 91' lang='lat' dir='ltr'>llle</span> <span class='ocrx_word' id='word_1_31' title='bbox 683 354 727 379; x_wconf 87' lang='lat' dir='ltr'>vero</span> <span class='ocrx_word' id='word_1_32' title='bbox 741 341 814 378; x_wconf 90' lang='lat' dir='ltr'>humili-</span> 
     </span>
     <span class='ocr_line' id='line_1_5' title="bbox 113 395 814 440; baseline 0.001 -11"><span class='ocrx_word' id='word_1_33' title='bbox 113 401 169 429; x_wconf 80' lang='lat' dir='ltr'>tatem</span> <span class='ocrx_word' id='word_1_34' title='bbox 179 395 264 439; x_wconf 84' lang='lat' dir='ltr'>responsi</span> <span class='ocrx_word' id='word_1_35' title='bbox 272 395 311 429; x_wconf 91' lang='lat' dir='ltr'>eius</span> <span class='ocrx_word' id='word_1_36' title='bbox 319 395 401 436; x_wconf 88' lang='lat' dir='ltr'>audiens,</span> <span class='ocrx_word' id='word_1_37' title='bbox 413 406 455 429; x_wconf 90' lang='lat' dir='ltr'>eum</span> <span class='ocrx_word' id='word_1_38' title='bbox 463 406 500 429; x_wconf 93' lang='lat' dir='ltr'>non</span> <span class='ocrx_word' id='word_1_39' title='bbox 508 396 599 430; x_wconf 85' lang='lat' dir='ltr'>dimittere</span> <span class='ocrx_word' id='word_1_40' title='bbox 610 396 736 440; x_wconf 87' lang='lat' dir='ltr'>episcopatum</span> <span class='ocrx_word' id='word_1_41' title='bbox 747 397 814 430; x_wconf 87' lang='lat' dir='ltr'>debere</span> 
     </span>
     <span class='ocr_line' id='line_1_6' title="bbox 96 442 815 491; baseline 0 -9"><span class='ocrx_word' id='word_1_42' title='bbox 96 449 163 491; x_wconf 72' lang='lat' dir='ltr'>edixit,</span> <span class='ocrx_word' id='word_1_43' title='bbox 176 449 209 482; x_wconf 89' lang='lat' dir='ltr'>sed</span> <span class='ocrx_word' id='word_1_44' title='bbox 221 447 354 481; x_wconf 84' lang='lat' dir='ltr'>ordinationem</span> <span class='ocrx_word' id='word_1_45' title='bbox 368 447 408 482; x_wconf 89' lang='lat' dir='ltr'>eius</span> <span class='ocrx_word' id='word_1_46' title='bbox 419 448 508 482; x_wconf 85' lang='lat' dir='ltr'>catholica</span> <span class='ocrx_word' id='word_1_47' title='bbox 519 449 589 482; x_wconf 90' lang='lat' dir='ltr'>ratione</span> <span class='ocrx_word' id='word_1_48' title='bbox 601 450 740 484; x_wconf 48' lang='lat' dir='ltr'>consummant</span> <span class='ocrx_word' id='word_1_49' title='bbox 785 442 815 483; x_wconf 83' lang='lat' dir='ltr'>Eo</span> 
     </span>
     <span class='ocr_line' id='line_1_7' title="bbox 113 500 815 546; baseline -0.001 -11"><span class='ocrx_word' id='word_1_50' title='bbox 113 507 196 544; x_wconf 89' lang='lat' dir='ltr'>tempore</span> <span class='ocrx_word' id='word_1_51' title='bbox 213 500 296 534; x_wconf 89' lang='lat' dir='ltr'>Wlferus</span> <span class='ocrx_word' id='word_1_52' title='bbox 311 511 344 534; x_wconf 84' lang='lat' dir='ltr'>rex</span> <span class='ocrx_word' id='word_1_53' title='bbox 360 500 472 535; x_wconf 88' lang='lat' dir='ltr'>Merciorum</span> <span class='ocrx_word' id='word_1_54' title='bbox 486 512 498 535; x_wconf 88' lang='lat' dir='ltr'>a</span> <span class='ocrx_word' id='word_1_55' title='bbox 510 501 607 535; x_wconf 91' lang='lat' dir='ltr'>Theodoro</span> <span class='ocrx_word' id='word_1_56' title='bbox 623 502 657 536; x_wconf 91' lang='lat' dir='ltr'>sibi</span> <span class='ocrx_word' id='word_1_57' title='bbox 673 503 780 546; x_wconf 85' lang='lat' dir='ltr'>episcopum</span> <span class='ocrx_word' id='word_1_58' title='bbox 797 507 815 535; x_wconf 92' lang='lat' dir='ltr'>et</span> 
     </span>
     <span class='ocr_line' id='line_1_8' title="bbox 113 553 815 599; baseline 0 -12"><span class='ocrx_word' id='word_1_59' title='bbox 113 554 152 587; x_wconf 92' lang='lat' dir='ltr'>suis</span> <span class='ocrx_word' id='word_1_60' title='bbox 169 553 207 588; x_wconf 86' lang='lat' dir='ltr'>dari</span> <span class='ocrx_word' id='word_1_61' title='bbox 224 554 286 596; x_wconf 84' lang='lat' dir='ltr'>petiit;</span> <span class='ocrx_word' id='word_1_62' title='bbox 304 554 335 596; x_wconf 93' lang='lat' dir='ltr'>qui</span> <span class='ocrx_word' id='word_1_63' title='bbox 350 553 377 587; x_wconf 91' lang='lat' dir='ltr'>eis</span> <span class='ocrx_word' id='word_1_64' title='bbox 393 564 462 587; x_wconf 89' lang='lat' dir='ltr'>nouum</span> <span class='ocrx_word' id='word_1_65' title='bbox 477 553 534 587; x_wconf 89' lang='lat' dir='ltr'>noluit</span> <span class='ocrx_word' id='word_1_66' title='bbox 549 554 634 588; x_wconf 90' lang='lat' dir='ltr'>ordinare</span> <span class='ocrx_word' id='word_1_67' title='bbox 650 555 762 599; x_wconf 90' lang='lat' dir='ltr'>episcopum,</span> <span class='ocrx_word' id='word_1_68' title='bbox 782 554 815 588; x_wconf 89' lang='lat' dir='ltr'>sed</span> 
     </span>
     <span class='ocr_line' id='line_1_9' title="bbox 113 606 816 651; baseline 0 -11"><span class='ocrx_word' id='word_1_69' title='bbox 113 606 211 650; x_wconf 86' lang='lat' dir='ltr'>postulauit</span> <span class='ocrx_word' id='word_1_70' title='bbox 225 618 235 639; x_wconf 91' lang='lat' dir='ltr'>a</span> <span class='ocrx_word' id='word_1_71' title='bbox 249 618 292 649; x_wconf 86' lang='lat' dir='ltr'>rege</span> <span class='ocrx_word' id='word_1_72' title='bbox 306 607 358 640; x_wconf 87' lang='lat' dir='ltr'>Oswi</span> <span class='ocrx_word' id='word_1_73' title='bbox 371 612 390 640; x_wconf 92' lang='lat' dir='ltr'>vt</span> <span class='ocrx_word' id='word_1_74' title='bbox 402 606 438 640; x_wconf 92' lang='lat' dir='ltr'>illis</span> <span class='ocrx_word' id='word_1_75' title='bbox 450 607 548 649; x_wconf 87' lang='lat' dir='ltr'>episcopus</span> <span class='ocrx_word' id='word_1_76' title='bbox 561 607 624 642; x_wconf 86' lang='lat' dir='ltr'>Cedda</span> <span class='ocrx_word' id='word_1_77' title='bbox 637 609 717 649; x_wconf 86' lang='lat' dir='ltr'>daretur,</span> <span class='ocrx_word' id='word_1_78' title='bbox 729 608 760 651; x_wconf 93' lang='lat' dir='ltr'>qui</span> <span class='ocrx_word' id='word_1_79' title='bbox 773 613 816 641; x_wconf 91' lang='lat' dir='ltr'>tunc</span> 
     </span>
     <span class='ocr_line' id='line_1_10' title="bbox 113 658 815 703; baseline 0 -11"><span class='ocrx_word' id='word_1_80' title='bbox 113 659 133 692; x_wconf 88' lang='lat' dir='ltr'>in</span> <span class='ocrx_word' id='word_1_81' title='bbox 147 658 258 694; x_wconf 83' lang='lat' dir='ltr'>monasterio</span> <span class='ocrx_word' id='word_1_82' title='bbox 272 670 305 692; x_wconf 92' lang='lat' dir='ltr'>suo</span> <span class='ocrx_word' id='word_1_83' title='bbox 321 658 426 701; x_wconf 81' lang='lat' dir='ltr'>Lestingeie</span> <span class='ocrx_word' id='word_1_84' title='bbox 440 658 520 701; x_wconf 84' lang='lat' dir='ltr'>quietam</span> <span class='ocrx_word' id='word_1_85' title='bbox 531 658 588 692; x_wconf 90' lang='lat' dir='ltr'>vitam</span> <span class='ocrx_word' id='word_1_86' title='bbox 602 660 672 702; x_wconf 81' lang='lat' dir='ltr'>agebat,</span> <span class='ocrx_word' id='word_1_87' title='bbox 684 660 764 694; x_wconf 91' lang='lat' dir='ltr'>Wlfrido</span> <span class='ocrx_word' id='word_1_88' title='bbox 777 660 815 703; x_wconf 91' lang='lat' dir='ltr'>epi-</span> 
     </span>
     <span class='ocr_line' id='line_1_11' title="bbox 87 711 815 756; baseline 0 -11"><span class='ocrx_word' id='word_1_89' title='bbox 87 721 106 742; x_wconf 88' lang='lat'>10</span> <span class='ocrx_word' id='word_1_90' title='bbox 114 717 209 755; x_wconf 89' lang='lat' dir='ltr'>scopatum</span> <span class='ocrx_word' id='word_1_91' title='bbox 226 712 359 745; x_wconf 80' lang='lat' dir='ltr'>eboracensem</span> <span class='ocrx_word' id='word_1_92' title='bbox 375 711 519 745; x_wconf 79' lang='lat' dir='ltr'>administrante.</span> <span class='ocrx_word' id='word_1_93' title='bbox 547 713 571 745; x_wconf 88' lang='lat' dir='ltr'>Et</span> <span class='ocrx_word' id='word_1_94' title='bbox 587 713 630 756; x_wconf 84' lang='lat' dir='ltr'>quia</span> <span class='ocrx_word' id='word_1_95' title='bbox 645 724 686 746; x_wconf 89' lang='lat' dir='ltr'>mos</span> <span class='ocrx_word' id='word_1_96' title='bbox 701 719 740 746; x_wconf 84' lang='lat' dir='ltr'>erat</span> <span class='ocrx_word' id='word_1_97' title='bbox 756 713 815 746; x_wconf 91' lang='lat' dir='ltr'>eidem</span> 
     </span>
     <span class='ocr_line' id='line_1_12' title="bbox 113 764 815 810; baseline 0.001 -11"><span class='ocrx_word' id='word_1_98' title='bbox 113 764 281 799; x_wconf 74' lang='lat' dir='ltr'>reuerendissimo³</span> <span class='ocrx_word' id='word_1_99' title='bbox 296 764 372 798; x_wconf 78' lang='lat' dir='ltr'>antistiti</span> <span class='ocrx_word' id='word_1_100' title='bbox 388 775 435 808; x_wconf 91' lang='lat' dir='ltr'>opus</span> <span class='ocrx_word' id='word_1_101' title='bbox 452 764 542 808; x_wconf 83' lang='lat' dir='ltr'>euangelii</span> <span class='ocrx_word' id='word_1_102' title='bbox 559 765 619 809; x_wconf 84' lang='lat' dir='ltr'>magis</span> <span class='ocrx_word' id='word_1_103' title='bbox 635 765 746 800; x_wconf 85' lang='lat' dir='ltr'>ambulando</span> <span class='ocrx_word' id='word_1_104' title='bbox 761 776 815 810; x_wconf 88' lang='lat' dir='ltr'>quam</span> 
     </span>
     <span class='ocr_line' id='line_1_13' title="bbox 114 817 816 862; baseline 0.003 -11"><span class='ocrx_word' id='word_1_105' title='bbox 114 818 212 862; x_wconf 81' lang='lat' dir='ltr'>equitando</span> <span class='ocrx_word' id='word_1_106' title='bbox 226 818 322 861; x_wconf 89' lang='lat' dir='ltr'>perficere,</span> <span class='ocrx_word' id='word_1_107' title='bbox 334 817 387 851; x_wconf 87' lang='lat' dir='ltr'>iussit</span> <span class='ocrx_word' id='word_1_108' title='bbox 400 828 443 852; x_wconf 91' lang='lat' dir='ltr'>eum</span> <span class='ocrx_word' id='word_1_109' title='bbox 454 818 569 861; x_wconf 90' lang='lat' dir='ltr'>Theodorus,</span> <span class='ocrx_word' id='word_1_110' title='bbox 580 818 683 862; x_wconf 77' lang='lat' dir='ltr'>Vbicunque</span> <span class='ocrx_word' id='word_1_111' title='bbox 697 819 769 861; x_wconf 84' lang='lat' dir='ltr'>longius</span> <span class='ocrx_word' id='word_1_112' title='bbox 782 819 816 853; x_wconf 92' lang='lat' dir='ltr'>iter</span> 
     </span>
     <span class='ocr_line' id='line_1_14' title="bbox 114 869 816 916; baseline 0.001 -12"><span class='ocrx_word' id='word_1_113' title='bbox 114 871 195 914; x_wconf 84' lang='lat' dir='ltr'>instaret,</span> <span class='ocrx_word' id='word_1_114' title='bbox 207 870 294 914; x_wconf 86' lang='lat' dir='ltr'>equitare,</span> <span class='ocrx_word' id='word_1_115' title='bbox 302 871 416 914; x_wconf 89' lang='lat' dir='ltr'>multumque</span> <span class='ocrx_word' id='word_1_116' title='bbox 426 869 486 905; x_wconf 91' lang='lat' dir='ltr'>studio</span> <span class='ocrx_word' id='word_1_117' title='bbox 494 876 512 905; x_wconf 93' lang='lat' dir='ltr'>et</span> <span class='ocrx_word' id='word_1_118' title='bbox 520 881 582 906; x_wconf 87' lang='lat' dir='ltr'>amore</span> <span class='ocrx_word' id='word_1_119' title='bbox 590 871 615 916; x_wconf 90' lang='lat' dir='ltr'>pii</span> <span class='ocrx_word' id='word_1_120' title='bbox 623 871 690 906; x_wconf 89' lang='lat' dir='ltr'>laboris</span> <span class='ocrx_word' id='word_1_121' title='bbox 701 872 816 912; x_wconf 84' lang='lat' dir='ltr'>renitentem,</span> 
     </span>
     <span class='ocr_line' id='line_1_15' title="bbox 114 923 816 970; baseline 0.001 -12"><span class='ocrx_word' id='word_1_122' title='bbox 114 924 155 968; x_wconf 93' lang='lat' dir='ltr'>ipse</span> <span class='ocrx_word' id='word_1_123' title='bbox 168 935 211 960; x_wconf 90' lang='lat' dir='ltr'>eum</span> <span class='ocrx_word' id='word_1_124' title='bbox 225 935 281 959; x_wconf 90' lang='lat' dir='ltr'>manu</span> <span class='ocrx_word' id='word_1_125' title='bbox 296 935 330 959; x_wconf 87' lang='lat' dir='ltr'>sua</span> <span class='ocrx_word' id='word_1_126' title='bbox 344 923 412 959; x_wconf 88' lang='lat' dir='ltr'>leuauit</span> <span class='ocrx_word' id='word_1_127' title='bbox 425 923 444 959; x_wconf 90' lang='lat' dir='ltr'>in</span> <span class='ocrx_word' id='word_1_128' title='bbox 457 935 537 969; x_wconf 83' lang='lat' dir='ltr'>equum:</span> <span class='ocrx_word' id='word_1_129' title='bbox 549 925 592 970; x_wconf 90' lang='lat' dir='ltr'>quia</span> <span class='ocrx_word' id='word_1_130' title='bbox 604 924 664 961; x_wconf 89' lang='lat' dir='ltr'>virum</span> <span class='ocrx_word' id='word_1_131' title='bbox 678 930 762 961; x_wconf 87' lang='lat' dir='ltr'>sanctum</span> <span class='ocrx_word' id='word_1_132' title='bbox 774 927 816 960; x_wconf 87' lang='lat' dir='ltr'>eum</span> 
     </span>
     <span class='ocr_line' id='line_1_16' title="bbox 88 976 817 1023; baseline 0.007 -15"><span class='ocrx_word' id='word_1_133' title='bbox 88 988 106 1017; x_wconf 85' lang='lat'>15</span> <span class='ocrx_word' id='word_1_134' title='bbox 115 977 169 1011; x_wconf 68' lang='lat' dir='ltr'>esse*</span> <span class='ocrx_word' id='word_1_135' title='bbox 181 977 275 1020; x_wconf 87' lang='lat' dir='ltr'>comperit,</span> <span class='ocrx_word' id='word_1_136' title='bbox 284 982 338 1020; x_wconf 90' lang='lat' dir='ltr'>atque</span> <span class='ocrx_word' id='word_1_137' title='bbox 347 987 394 1020; x_wconf 90' lang='lat' dir='ltr'>equo</span> <span class='ocrx_word' id='word_1_138' title='bbox 403 976 445 1011; x_wconf 90' lang='lat' dir='ltr'>vehi</span> <span class='ocrx_word' id='word_1_139' title='bbox 455 988 491 1020; x_wconf 89' lang='lat' dir='ltr'>qno</span> <span class='ocrx_word' id='word_1_140' title='bbox 503 984 553 1013; x_wconf 85' lang='lat' dir='ltr'>esset</span> <span class='ocrx_word' id='word_1_141' title='bbox 563 989 645 1021; x_wconf 87' lang='lat' dir='ltr'>necesse,</span> <span class='ocrx_word' id='word_1_142' title='bbox 656 979 748 1023; x_wconf 87' lang='lat' dir='ltr'>compulit.</span> <span class='ocrx_word' id='word_1_143' title='bbox 771 979 817 1013; x_wconf 90' lang='lat' dir='ltr'>Sus-</span> 
     </span>
     <span class='ocr_line' id='line_1_17' title="bbox 115 1029 817 1074; baseline 0 -10"><span class='ocrx_word' id='word_1_144' title='bbox 115 1036 190 1074; x_wconf 87' lang='lat' dir='ltr'>ceptum</span> <span class='ocrx_word' id='word_1_145' title='bbox 208 1030 270 1073; x_wconf 85' lang='lat' dir='ltr'>itaque</span> <span class='ocrx_word' id='word_1_146' title='bbox 292 1029 418 1073; x_wconf 87' lang='lat' dir='ltr'>episcopatum</span> <span class='ocrx_word' id='word_1_147' title='bbox 438 1030 498 1074; x_wconf 86' lang='lat' dir='ltr'>gentis</span> <span class='ocrx_word' id='word_1_148' title='bbox 515 1031 625 1066; x_wconf 88' lang='lat' dir='ltr'>Merciorum</span> <span class='ocrx_word' id='word_1_149' title='bbox 642 1031 696 1065; x_wconf 91' lang='lat' dir='ltr'>simul</span> <span class='ocrx_word' id='word_1_150' title='bbox 711 1037 730 1066; x_wconf 90' lang='lat' dir='ltr'>et</span> <span class='ocrx_word' id='word_1_151' title='bbox 746 1030 817 1065; x_wconf 90' lang='lat' dir='ltr'>Lindis·</span> 
     </span>
     <span class='ocr_line' id='line_1_18' title="bbox 115 1082 817 1128; baseline 0.003 -12"><span class='ocrx_word' id='word_1_152' title='bbox 115 1083 214 1124; x_wconf 81' lang='lat' dir='ltr'>farorum⁵,</span> <span class='ocrx_word' id='word_1_153' title='bbox 226 1083 244 1116; x_wconf 94' lang='lat' dir='ltr'>id</span> <span class='ocrx_word' id='word_1_154' title='bbox 256 1088 284 1116; x_wconf 90' lang='lat' dir='ltr'>est</span> <span class='ocrx_word' id='word_1_155' title='bbox 296 1082 400 1124; x_wconf 89' lang='lat' dir='ltr'>Lindeseie,</span> <span class='ocrx_word' id='word_1_156' title='bbox 412 1083 475 1116; x_wconf 85' lang='lat' dir='ltr'>Cedda</span> <span class='ocrx_word' id='word_1_157' title='bbox 486 1084 537 1117; x_wconf 83' lang='lat' dir='ltr'>iuxta</span> <span class='ocrx_word' id='word_1_158' title='bbox 550 1085 636 1127; x_wconf 86' lang='lat' dir='ltr'>exempla</span> <span class='ocrx_word' id='word_1_159' title='bbox 648 1090 721 1128; x_wconf 88' lang='lat' dir='ltr'>patrum</span> <span class='ocrx_word' id='word_1_160' title='bbox 734 1085 817 1128; x_wconf 83' lang='lat' dir='ltr'>antiquo-</span> 
     </span>
     <span class='ocr_line' id='line_1_19' title="bbox 115 1134 817 1178; baseline 0.001 -9"><span class='ocrx_word' id='word_1_161' title='bbox 115 1146 156 1169; x_wconf 92' lang='lat' dir='ltr'>rum</span> <span class='ocrx_word' id='word_1_162' title='bbox 166 1135 185 1169; x_wconf 91' lang='lat' dir='ltr'>in</span> <span class='ocrx_word' id='word_1_163' title='bbox 196 1145 263 1178; x_wconf 85' lang='lat' dir='ltr'>magna</span> <span class='ocrx_word' id='word_1_164' title='bbox 270 1135 307 1169; x_wconf 88' lang='lat' dir='ltr'>vite</span> <span class='ocrx_word' id='word_1_165' title='bbox 316 1134 430 1178; x_wconf 85' lang='lat' dir='ltr'>perfectione</span> <span class='ocrx_word' id='word_1_166' title='bbox 440 1135 568 1170; x_wconf 87' lang='lat' dir='ltr'>administrare</span> <span class='ocrx_word' id='word_1_167' title='bbox 578 1137 652 1170; x_wconf 88' lang='lat' dir='ltr'>curauit.</span> <span class='ocrx_word' id='word_1_168' title='bbox 676 1137 709 1171; x_wconf 88' lang='lat' dir='ltr'>Cui</span> <span class='ocrx_word' id='word_1_169' title='bbox 720 1138 775 1170; x_wconf 88' lang='lat' dir='ltr'>etiam</span> <span class='ocrx_word' id='word_1_170' title='bbox 784 1147 817 1170; x_wconf 86' lang='lat' dir='ltr'>rex</span> 
     </span>
     <span class='ocr_line' id='line_1_20' title="bbox 115 1188 817 1233; baseline 0.001 -11"><span class='ocrx_word' id='word_1_171' title='bbox 115 1188 197 1223; x_wconf 86' lang='lat' dir='ltr'>Wlferus</span> <span class='ocrx_word' id='word_1_172' title='bbox 211 1189 234 1222; x_wconf 86' lang='lat' dir='ltr'>ad</span> <span class='ocrx_word' id='word_1_173' title='bbox 248 1189 392 1222; x_wconf 89' lang='lat' dir='ltr'>construendum</span> <span class='ocrx_word' id='word_1_174' title='bbox 406 1188 537 1223; x_wconf 87' lang='lat' dir='ltr'>monasterium</span> <span class='ocrx_word' id='word_1_175' title='bbox 549 1191 568 1223; x_wconf 93' lang='lat' dir='ltr'>in</span> <span class='ocrx_word' id='word_1_176' title='bbox 581 1189 675 1233; x_wconf 86' lang='lat' dir='ltr'>prouincia</span> <span class='ocrx_word' id='word_1_177' title='bbox 688 1189 786 1224; x_wconf 86' lang='lat' dir='ltr'>Lindeseie</span> <span class='ocrx_word' id='word_1_178' title='bbox 798 1188 817 1223; x_wconf 91' lang='lat' dir='ltr'>in</span> 
     </span>
     <span class='ocr_line' id='line_1_21' title="bbox 88 1241 817 1287; baseline 0.007 -15"><span class='ocrx_word' id='word_1_179' title='bbox 88 1243 155 1276; x_wconf 80' lang='lat' dir='ltr'>aoloco</span> <span class='ocrx_word' id='word_1_180' title='bbox 170 1242 245 1276; x_wconf 89' lang='lat' dir='ltr'>nomine</span> <span class='ocrx_word' id='word_1_181' title='bbox 262 1241 361 1275; x_wconf 78' lang='lat' dir='ltr'>‘Barrue’⁶</span> <span class='ocrx_word' id='word_1_182' title='bbox 375 1246 443 1276; x_wconf 87' lang='lat' dir='ltr'>terram</span> <span class='ocrx_word' id='word_1_183' title='bbox 462 1242 594 1287; x_wconf 85' lang='lat' dir='ltr'>quinquaginta</span> <span class='ocrx_word' id='word_1_184' title='bbox 609 1243 719 1278; x_wconf 79' lang='lat' dir='ltr'>familiarum</span> <span class='ocrx_word' id='word_1_185' title='bbox 738 1244 817 1277; x_wconf 89' lang='lat' dir='ltr'>donauit.</span> 
     </span>
     <span class='ocr_line' id='line_1_22' title="bbox 117 1288 818 1339; baseline 0 -9"><span class='ocrx_word' id='word_1_186' title='bbox 117 1288 191 1330; x_wconf 79' lang='lat' dir='ltr'>Habuit</span> <span class='ocrx_word' id='word_1_187' title='bbox 202 1299 264 1329; x_wconf 89' lang='lat' dir='ltr'>autem</span> <span class='ocrx_word' id='word_1_188' title='bbox 276 1295 341 1328; x_wconf 90' lang='lat' dir='ltr'>sedem</span> <span class='ocrx_word' id='word_1_189' title='bbox 352 1294 400 1338; x_wconf 86' lang='lat' dir='ltr'>apud</span> <span class='ocrx_word' id='word_1_190' title='bbox 411 1293 530 1339; x_wconf 67' lang='lat' dir='ltr'>Lychefeldl,</span> <span class='ocrx_word' id='word_1_191' title='bbox 537 1296 568 1330; x_wconf 93' lang='lat' dir='ltr'>vbi</span> <span class='ocrx_word' id='word_1_192' title='bbox 580 1295 614 1330; x_wconf 92' lang='lat' dir='ltr'>sibi</span> <span class='ocrx_word' id='word_1_193' title='bbox 625 1295 741 1330; x_wconf 88' lang='lat' dir='ltr'>mansionem</span> <span class='ocrx_word' id='word_1_194' title='bbox 750 1295 818 1330; x_wconf 84' lang='lat' dir='ltr'>fecerat</span> 
     </span>
     <span class='ocr_line' id='line_1_23' title="bbox 115 1347 818 1394; baseline 0 -12"><span class='ocrx_word' id='word_1_195' title='bbox 115 1359 152 1382; x_wconf 90' lang='lat' dir='ltr'>non</span> <span class='ocrx_word' id='word_1_196' title='bbox 167 1348 222 1392; x_wconf 82' lang='lat' dir='ltr'>louge</span> <span class='ocrx_word' id='word_1_197' title='bbox 237 1348 261 1382; x_wconf 85' lang='lat' dir='ltr'>ab</span> <span class='ocrx_word' id='word_1_198' title='bbox 277 1347 355 1382; x_wconf 82' lang='lat' dir='ltr'>ecclesia</span> <span class='ocrx_word' id='word_1_199' title='bbox 369 1348 493 1390; x_wconf 86' lang='lat' dir='ltr'>remotiorem,</span> <span class='ocrx_word' id='word_1_200' title='bbox 506 1349 525 1382; x_wconf 89' lang='lat' dir='ltr'>in</span> <span class='ocrx_word' id='word_1_201' title='bbox 538 1360 575 1393; x_wconf 89' lang='lat' dir='ltr'>qua</span> <span class='ocrx_word' id='word_1_202' title='bbox 590 1349 679 1384; x_wconf 87' lang='lat' dir='ltr'>secretius</span> <span class='ocrx_word' id='word_1_203' title='bbox 692 1360 734 1383; x_wconf 93' lang='lat' dir='ltr'>cum</span> <span class='ocrx_word' id='word_1_204' title='bbox 746 1354 818 1394; x_wconf 89' lang='lat' dir='ltr'>septem</span> 
     </span>
     <span class='ocr_line' id='line_1_24' title="bbox 115 1400 818 1443; baseline 0.001 -9"><span class='ocrx_word' id='word_1_205' title='bbox 115 1402 145 1435; x_wconf 90' lang='lat' dir='ltr'>vel</span> <span class='ocrx_word' id='word_1_206' title='bbox 155 1406 195 1435; x_wconf 92' lang='lat' dir='ltr'>octo</span> <span class='ocrx_word' id='word_1_207' title='bbox 207 1400 267 1442; x_wconf 87' lang='lat' dir='ltr'>sociis,</span> <span class='ocrx_word' id='word_1_208' title='bbox 280 1400 365 1443; x_wconf 87' lang='lat' dir='ltr'>quotiens</span> <span class='ocrx_word' id='word_1_209' title='bbox 376 1411 387 1433; x_wconf 87' lang='lat' dir='ltr'>a</span> <span class='ocrx_word' id='word_1_210' title='bbox 398 1400 461 1433; x_wconf 87' lang='lat' dir='ltr'>labore</span> <span class='ocrx_word' id='word_1_211' title='bbox 472 1406 491 1434; x_wconf 92' lang='lat' dir='ltr'>et</span> <span class='ocrx_word' id='word_1_212' title='bbox 501 1401 602 1435; x_wconf 91' lang='lat' dir='ltr'>ministerio</span> <span class='ocrx_word' id='word_1_213' title='bbox 612 1402 663 1435; x_wconf 92' lang='lat' dir='ltr'>verbi</span> <span class='ocrx_word' id='word_1_214' title='bbox 673 1403 754 1442; x_wconf 83' lang='lat' dir='ltr'>vacabat,</span> <span class='ocrx_word' id='word_1_215' title='bbox 765 1411 818 1435; x_wconf 86' lang='lat' dir='ltr'>orare</span> 
     </span>
     <span class='ocr_line' id='line_1_25' title="bbox 116 1444 819 1499; baseline 0 -12"><span class='ocrx_word' id='word_1_216' title='bbox 116 1453 148 1487; x_wconf 82' lang='lat' dir='ltr'>acs</span> <span class='ocrx_word' id='word_1_217' title='bbox 159 1453 221 1499; x_wconf 82' lang='lat' dir='ltr'>legere</span> <span class='ocrx_word' id='word_1_218' title='bbox 234 1453 309 1487; x_wconf 84' lang='lat' dir='ltr'>solebat.</span> <span class='ocrx_word' id='word_1_219' title='bbox 354 1444 405 1487; x_wconf 86' lang='lat' dir='ltr'>Cum</span> <span class='ocrx_word' id='word_1_220' title='bbox 416 1456 477 1487; x_wconf 88' lang='lat' dir='ltr'>autem</span> <span class='ocrx_word' id='word_1_221' title='bbox 485 1453 556 1487; x_wconf 89' lang='lat' dir='ltr'>duobus</span> <span class='ocrx_word' id='word_1_222' title='bbox 567 1451 621 1487; x_wconf 91' lang='lat' dir='ltr'>annis</span> <span class='ocrx_word' id='word_1_223' title='bbox 632 1458 650 1487; x_wconf 90' lang='lat' dir='ltr'>et</span> <span class='ocrx_word' id='word_1_224' title='bbox 662 1452 736 1487; x_wconf 90' lang='lat' dir='ltr'>dimidio</span> <span class='ocrx_word' id='word_1_225' title='bbox 748 1453 819 1496; x_wconf 89' lang='lat' dir='ltr'>episco-</span> 
     </span>
     <span class='ocr_line' id='line_1_26' title="bbox 90 1505 818 1550; baseline -0.004 -8"><span class='ocrx_word' id='word_1_226' title='bbox 90 1513 108 1543; x_wconf 79' lang='lat'>25</span> <span class='ocrx_word' id='word_1_227' title='bbox 116 1512 179 1550; x_wconf 86' lang='lat' dir='ltr'>patum</span> <span class='ocrx_word' id='word_1_228' title='bbox 187 1507 238 1541; x_wconf 91' lang='lat' dir='ltr'>illum</span> <span class='ocrx_word' id='word_1_229' title='bbox 245 1505 378 1548; x_wconf 84' lang='lat' dir='ltr'>gloriosissime</span> <span class='ocrx_word' id='word_1_230' title='bbox 386 1506 471 1547; x_wconf 82' lang='lat' dir='ltr'>rexisset,</span> <span class='ocrx_word' id='word_1_231' title='bbox 477 1507 584 1550; x_wconf 88' lang='lat' dir='ltr'>superuenit</span> <span class='ocrx_word' id='word_1_232' title='bbox 592 1506 653 1540; x_wconf 85' lang='lat' dir='ltr'>clades</span> <span class='ocrx_word' id='word_1_233' title='bbox 661 1506 748 1540; x_wconf 89' lang='lat' dir='ltr'>diuinitus</span> <span class='ocrx_word' id='word_1_234' title='bbox 757 1506 818 1548; x_wconf 87' lang='lat' dir='ltr'>missa,</span> 
     </span>
     <span class='ocr_line' id='line_1_27' title="bbox 117 1558 819 1601; baseline 0 -8"><span class='ocrx_word' id='word_1_235' title='bbox 117 1564 136 1593; x_wconf 90' lang='lat' dir='ltr'>et</span> <span class='ocrx_word' id='word_1_236' title='bbox 147 1559 209 1593; x_wconf 89' lang='lat' dir='ltr'>multis</span> <span class='ocrx_word' id='word_1_237' title='bbox 223 1559 246 1591; x_wconf 94' lang='lat' dir='ltr'>de</span> <span class='ocrx_word' id='word_1_238' title='bbox 260 1558 338 1592; x_wconf 87' lang='lat' dir='ltr'>ecclesia</span> <span class='ocrx_word' id='word_1_239' title='bbox 350 1558 390 1592; x_wconf 91' lang='lat' dir='ltr'>eius</span> <span class='ocrx_word' id='word_1_240' title='bbox 403 1568 414 1592; x_wconf 87' lang='lat' dir='ltr'>a</span> <span class='ocrx_word' id='word_1_241' title='bbox 427 1559 496 1592; x_wconf 90' lang='lat' dir='ltr'>mundo</span> <span class='ocrx_word' id='word_1_242' title='bbox 511 1558 614 1601; x_wconf 87' lang='lat' dir='ltr'>subtractis,</span> <span class='ocrx_word' id='word_1_243' title='bbox 625 1558 676 1593; x_wconf 88' lang='lat' dir='ltr'>venit</span> <span class='ocrx_word' id='word_1_244' title='bbox 689 1558 734 1593; x_wconf 83' lang='lat' dir='ltr'>hora</span> <span class='ocrx_word' id='word_1_245' title='bbox 747 1558 786 1593; x_wconf 90' lang='lat' dir='ltr'>eius</span> <span class='ocrx_word' id='word_1_246' title='bbox 799 1564 819 1593; x_wconf 93' lang='lat' dir='ltr'>vt</span> 
     </span>
     <span class='ocr_line' id='line_1_28' title="bbox 117 1610 819 1655; baseline -0.001 -9"><span class='ocrx_word' id='word_1_247' title='bbox 117 1611 204 1646; x_wconf 89' lang='lat' dir='ltr'>transiret</span> <span class='ocrx_word' id='word_1_248' title='bbox 222 1612 246 1645; x_wconf 91' lang='lat' dir='ltr'>ad</span> <span class='ocrx_word' id='word_1_249' title='bbox 265 1611 364 1645; x_wconf 88' lang='lat' dir='ltr'>dominum.</span> <span class='ocrx_word' id='word_1_250' title='bbox 388 1610 432 1644; x_wconf 90' lang='lat' dir='ltr'>Erat</span> <span class='ocrx_word' id='word_1_251' title='bbox 451 1616 512 1645; x_wconf 87' lang='lat' dir='ltr'>autem</span> <span class='ocrx_word' id='word_1_252' title='bbox 530 1622 572 1645; x_wconf 89' lang='lat' dir='ltr'>eum</span> <span class='ocrx_word' id='word_1_253' title='bbox 588 1622 610 1645; x_wconf 93' lang='lat' dir='ltr'>eo</span> <span class='ocrx_word' id='word_1_254' title='bbox 626 1611 727 1645; x_wconf 85' lang='lat' dir='ltr'>monachus</span> <span class='ocrx_word' id='word_1_255' title='bbox 745 1612 819 1655; x_wconf 90' lang='lat' dir='ltr'>quidam</span> 
     </span>
     <span class='ocr_line' id='line_1_29' title="bbox 118 1664 819 1709; baseline -0.001 -10"><span class='ocrx_word' id='word_1_256' title='bbox 118 1666 192 1700; x_wconf 90' lang='lat' dir='ltr'>nomine</span> <span class='ocrx_word' id='word_1_257' title='bbox 206 1664 289 1705; x_wconf 86' lang='lat' dir='ltr'>Owinus,</span> <span class='ocrx_word' id='word_1_258' title='bbox 302 1675 349 1707; x_wconf 90' lang='lat' dir='ltr'>pura</span> <span class='ocrx_word' id='word_1_259' title='bbox 364 1664 465 1698; x_wconf 88' lang='lat' dir='ltr'>intentione</span> <span class='ocrx_word' id='word_1_260' title='bbox 478 1665 512 1698; x_wconf 90' lang='lat' dir='ltr'>deo</span> <span class='ocrx_word' id='word_1_261' title='bbox 524 1664 613 1706; x_wconf 90' lang='lat' dir='ltr'>seruiens,</span> <span class='ocrx_word' id='word_1_262' title='bbox 629 1664 660 1709; x_wconf 93' lang='lat' dir='ltr'>qui</span> <span class='ocrx_word' id='word_1_263' title='bbox 675 1665 767 1708; x_wconf 88' lang='lat' dir='ltr'>quondam</span> <span class='ocrx_word' id='word_1_264' title='bbox 782 1665 819 1709; x_wconf 90' lang='lat' dir='ltr'>pri-</span> 
     </span>
     <span class='ocr_line' id='line_1_30' title="bbox 118 1716 819 1760; baseline -0.001 -9"><span class='ocrx_word' id='word_1_265' title='bbox 118 1729 160 1752; x_wconf 87' lang='lat' dir='ltr'>mus</span> <span class='ocrx_word' id='word_1_266' title='bbox 168 1717 294 1751; x_wconf 88' lang='lat' dir='ltr'>ministrorum</span> <span class='ocrx_word' id='word_1_267' title='bbox 303 1721 321 1749; x_wconf 93' lang='lat' dir='ltr'>et</span> <span class='ocrx_word' id='word_1_268' title='bbox 329 1716 416 1760; x_wconf 86' lang='lat' dir='ltr'>princeps</span> <span class='ocrx_word' id='word_1_269' title='bbox 424 1717 490 1750; x_wconf 89' lang='lat' dir='ltr'>domus</span> <span class='ocrx_word' id='word_1_270' title='bbox 501 1716 564 1760; x_wconf 87' lang='lat' dir='ltr'>regine</span> <span class='ocrx_word' id='word_1_271' title='bbox 575 1717 686 1750; x_wconf 89' lang='lat' dir='ltr'>Etheldrede</span> <span class='ocrx_word' id='word_1_272' title='bbox 694 1718 717 1750; x_wconf 90' lang='lat' dir='ltr'>de</span> <span class='ocrx_word' id='word_1_273' title='bbox 725 1717 819 1760; x_wconf 87' lang='lat' dir='ltr'>prouincia</span> 
     </span>
     <span class='ocr_line' id='line_1_31' title="bbox 91 1769 819 1814; baseline -0.004 -8"><span class='ocrx_word' id='word_1_274' title='bbox 91 1779 110 1807; x_wconf 78' lang='lat'>50</span> <span class='ocrx_word' id='word_1_275' title='bbox 120 1770 241 1805; x_wconf 85' lang='lat' dir='ltr'>Orientalium</span> <span class='ocrx_word' id='word_1_276' title='bbox 254 1770 357 1814; x_wconf 82' lang='lat' dir='ltr'>Anglorum</span> <span class='ocrx_word' id='word_1_277' title='bbox 368 1774 449 1803; x_wconf 85' lang='lat' dir='ltr'>venerat.</span> <span class='ocrx_word' id='word_1_278' title='bbox 472 1769 508 1812; x_wconf 80' lang='lat' dir='ltr'>Qui</span> <span class='ocrx_word' id='word_1_279' title='bbox 521 1774 616 1804; x_wconf 88' lang='lat' dir='ltr'>crescente</span> <span class='ocrx_word' id='word_1_280' title='bbox 627 1769 729 1804; x_wconf 90' lang='lat' dir='ltr'>deuotionis</span> <span class='ocrx_word' id='word_1_281' title='bbox 741 1769 819 1811; x_wconf 88' lang='lat' dir='ltr'>feruore,</span> 
     </span>
     <span class='ocr_line' id='line_1_32' title="bbox 117 1822 820 1866; baseline -0.004 -8"><span class='ocrx_word' id='word_1_282' title='bbox 117 1825 163 1858; x_wconf 86' lang='lat' dir='ltr'>adeo</span> <span class='ocrx_word' id='word_1_283' title='bbox 171 1835 192 1858; x_wconf 93' lang='lat' dir='ltr'>se</span> <span class='ocrx_word' id='word_1_284' title='bbox 200 1823 256 1857; x_wconf 90' lang='lat' dir='ltr'>rebus</span> <span class='ocrx_word' id='word_1_285' title='bbox 264 1822 328 1856; x_wconf 89' lang='lat' dir='ltr'>mundi</span> <span class='ocrx_word' id='word_1_286' title='bbox 339 1822 395 1864; x_wconf 82' lang='lat' dir='ltr'>exuit,</span> <span class='ocrx_word' id='word_1_287' title='bbox 402 1827 422 1856; x_wconf 88' lang='lat' dir='ltr'>vt</span> <span class='ocrx_word' id='word_1_288' title='bbox 429 1822 497 1856; x_wconf 87' lang='lat' dir='ltr'>relictis</span> <span class='ocrx_word' id='word_1_289' title='bbox 508 1822 593 1856; x_wconf 90' lang='lat' dir='ltr'>omnibus</span> <span class='ocrx_word' id='word_1_290' title='bbox 603 1833 638 1865; x_wconf 91' lang='lat' dir='ltr'>que</span> <span class='ocrx_word' id='word_1_291' title='bbox 649 1822 732 1863; x_wconf 89' lang='lat' dir='ltr'>habebat,</span> <span class='ocrx_word' id='word_1_292' title='bbox 742 1822 820 1866; x_wconf 89' lang='lat' dir='ltr'>simplici</span> 
     </span>
     <span class='ocr_line' id='line_1_33' title="bbox 117 1875 820 1920; baseline -0.004 -8"><span class='ocrx_word' id='word_1_293' title='bbox 117 1883 189 1912; x_wconf 89' lang='lat' dir='ltr'>tantum</span> <span class='ocrx_word' id='word_1_294' title='bbox 204 1875 266 1910; x_wconf 87' lang='lat' dir='ltr'>habitu</span> <span class='ocrx_word' id='word_1_295' title='bbox 281 1876 361 1918; x_wconf 88' lang='lat' dir='ltr'>indutus,</span> <span class='ocrx_word' id='word_1_296' title='bbox 377 1875 456 1909; x_wconf 89' lang='lat' dir='ltr'>securim</span> <span class='ocrx_word' id='word_1_297' title='bbox 471 1881 526 1920; x_wconf 87' lang='lat' dir='ltr'>atque</span> <span class='ocrx_word' id='word_1_298' title='bbox 538 1875 606 1910; x_wconf 84' lang='lat' dir='ltr'>asciam</span> <span class='ocrx_word' id='word_1_299' title='bbox 619 1875 638 1910; x_wconf 92' lang='lat' dir='ltr'>in</span> <span class='ocrx_word' id='word_1_300' title='bbox 653 1886 709 1910; x_wconf 92' lang='lat' dir='ltr'>manu</span> <span class='ocrx_word' id='word_1_301' title='bbox 722 1875 784 1910; x_wconf 87' lang='lat' dir='ltr'>ferens</span> <span class='ocrx_word' id='word_1_302' title='bbox 797 1875 820 1909; x_wconf 86' lang='lat' dir='ltr'>ad</span> 
     </span>
     <span class='ocr_line' id='line_1_34' title="bbox 117 1928 820 1973; baseline -0.004 -8"><span class='ocrx_word' id='word_1_303' title='bbox 117 1930 249 1965; x_wconf 86' lang='lat' dir='ltr'>monasterium</span> <span class='ocrx_word' id='word_1_304' title='bbox 262 1929 367 1973; x_wconf 86' lang='lat' dir='ltr'>Lestingeie</span> <span class='ocrx_word' id='word_1_305' title='bbox 378 1929 450 1971; x_wconf 69' lang='lat' dir='ltr'>venit⁹;</span> <span class='ocrx_word' id='word_1_306' title='bbox 462 1934 481 1963; x_wconf 91' lang='lat' dir='ltr'>et</span> <span class='ocrx_word' id='word_1_307' title='bbox 492 1940 530 1962; x_wconf 92' lang='lat' dir='ltr'>non</span> <span class='ocrx_word' id='word_1_308' title='bbox 542 1930 566 1963; x_wconf 86' lang='lat' dir='ltr'>ad</span> <span class='ocrx_word' id='word_1_309' title='bbox 578 1929 642 1971; x_wconf 86' lang='lat' dir='ltr'>ocium,</span> <span class='ocrx_word' id='word_1_310' title='bbox 655 1929 689 1962; x_wconf 89' lang='lat' dir='ltr'>sed</span> <span class='ocrx_word' id='word_1_311' title='bbox 703 1929 726 1963; x_wconf 93' lang='lat' dir='ltr'>ad</span> <span class='ocrx_word' id='word_1_312' title='bbox 739 1928 820 1963; x_wconf 90' lang='lat' dir='ltr'>laborem</span> 
     </span>
     <span class='ocr_line' id='line_1_35' title="bbox 59 1977 820 2026; baseline -0.004 -8"><span class='ocrx_word' id='word_1_313' title='bbox 59 1977 62 1984; x_wconf 56' lang='lat'><em>⁴</em></span> <span class='ocrx_word' id='word_1_314' title='bbox 117 1995 138 2018; x_wconf 90' lang='lat' dir='ltr'>se</span> <span class='ocrx_word' id='word_1_315' title='bbox 149 1981 281 2018; x_wconf 87' lang='lat' dir='ltr'>monasterium</span> <span class='ocrx_word' id='word_1_316' title='bbox 291 1982 366 2024; x_wconf 87' lang='lat' dir='ltr'>intrare,</span> <span class='ocrx_word' id='word_1_317' title='bbox 374 1981 422 2016; x_wconf 87' lang='lat' dir='ltr'>facto</span> <span class='ocrx_word' id='word_1_318' title='bbox 430 1981 544 2016; x_wconf 85' lang='lat' dir='ltr'>monstrauit.</span> <span class='ocrx_word' id='word_1_319' title='bbox 567 1982 615 2016; x_wconf 91' lang='lat' dir='ltr'>Nam</span> <span class='ocrx_word' id='word_1_320' title='bbox 627 1992 663 2026; x_wconf 89' lang='lat' dir='ltr'>quo</span> <span class='ocrx_word' id='word_1_321' title='bbox 671 1981 733 2015; x_wconf 94' lang='lat' dir='ltr'>minus</span> <span class='ocrx_word' id='word_1_322' title='bbox 744 1981 820 2015; x_wconf 91' lang='lat' dir='ltr'>medita-</span> 
     </span>
     <span class='ocr_line' id='line_1_36' title="bbox 91 2034 820 2080; baseline -0.004 -8"><span class='ocrx_word' id='word_1_323' title='bbox 91 2047 109 2078; x_wconf 79' lang='lat'>35</span> <span class='ocrx_word' id='word_1_324' title='bbox 117 2037 162 2072; x_wconf 90' lang='lat' dir='ltr'>tioni</span> <span class='ocrx_word' id='word_1_325' title='bbox 167 2037 180 2056; x_wconf 83' lang='lat'>¹⁰</span> <span class='ocrx_word' id='word_1_326' title='bbox 192 2035 323 2080; x_wconf 86' lang='lat' dir='ltr'>scripturarum</span> <span class='ocrx_word' id='word_1_327' title='bbox 335 2034 442 2077; x_wconf 88' lang='lat' dir='ltr'>sufficiebat,</span> <span class='ocrx_word' id='word_1_328' title='bbox 454 2046 476 2069; x_wconf 87' lang='lat' dir='ltr'>eo</span> <span class='ocrx_word' id='word_1_329' title='bbox 488 2035 567 2080; x_wconf 88' lang='lat' dir='ltr'>amplius</span> <span class='ocrx_word' id='word_1_330' title='bbox 578 2035 630 2080; x_wconf 90' lang='lat' dir='ltr'>operi</span> <span class='ocrx_word' id='word_1_331' title='bbox 641 2045 729 2069; x_wconf 85' lang='lat' dir='ltr'>manuum</span> <span class='ocrx_word' id='word_1_332' title='bbox 740 2034 820 2069; x_wconf 92' lang='lat' dir='ltr'>studium</span> 
     </span>
     <span class='ocr_line' id='line_1_37' title="bbox 117 2088 821 2133; baseline -0.004 -9"><span class='ocrx_word' id='word_1_333' title='bbox 117 2090 242 2133; x_wconf 86' lang='lat' dir='ltr'>impendebat.</span> <span class='ocrx_word' id='word_1_334' title='bbox 270 2089 289 2122; x_wconf 85' lang='lat' dir='ltr'>Is</span> <span class='ocrx_word' id='word_1_335' title='bbox 304 2090 359 2130; x_wconf 90' lang='lat' dir='ltr'>enim,</span> <span class='ocrx_word' id='word_1_336' title='bbox 374 2090 462 2132; x_wconf 84' lang='lat' dir='ltr'>episeopo</span> <span class='ocrx_word' id='word_1_337' title='bbox 475 2089 514 2123; x_wconf 91' lang='lat' dir='ltr'>solo</span> <span class='ocrx_word' id='word_1_338' title='bbox 526 2089 545 2122; x_wconf 90' lang='lat' dir='ltr'>in</span> <span class='ocrx_word' id='word_1_339' title='bbox 559 2090 638 2122; x_wconf 90' lang='lat' dir='ltr'>oratorio</span> <span class='ocrx_word' id='word_1_340' title='bbox 650 2088 726 2122; x_wconf 86' lang='lat' dir='ltr'>orationi</span> <span class='ocrx_word' id='word_1_341' title='bbox 738 2093 821 2129; x_wconf 84' lang='lat' dir='ltr'>vacante,</span> 
     </span>
     <span class='ocr_line' id='line_1_38' title="bbox 118 2140 821 2185; baseline -0.006 -7"><span class='ocrx_word' id='word_1_342' title='bbox 118 2142 187 2178; x_wconf 88' lang='lat' dir='ltr'>audiuit</span> <span class='ocrx_word' id='word_1_343' title='bbox 198 2146 275 2185; x_wconf 88' lang='lat' dir='ltr'>repente</span> <span class='ocrx_word' id='word_1_344' title='bbox 286 2151 351 2175; x_wconf 89' lang='lat' dir='ltr'>vocem</span> <span class='ocrx_word' id='word_1_345' title='bbox 363 2142 491 2175; x_wconf 90' lang='lat' dir='ltr'>suauissimam</span> <span class='ocrx_word' id='word_1_346' title='bbox 503 2142 614 2175; x_wconf 87' lang='lat' dir='ltr'>cantantium</span> <span class='ocrx_word' id='word_1_347' title='bbox 625 2146 680 2185; x_wconf 85' lang='lat' dir='ltr'>atque</span> <span class='ocrx_word' id='word_1_348' title='bbox 691 2140 787 2175; x_wconf 85' lang='lat' dir='ltr'>letantium</span> <span class='ocrx_word' id='word_1_349' title='bbox 797 2141 821 2174; x_wconf 92' lang='lat' dir='ltr'>de</span> 
     </span>
     <span class='ocr_line' id='line_1_39' title="bbox 118 2194 821 2237; baseline -0.004 -7"><span class='ocrx_word' id='word_1_350' title='bbox 118 2196 158 2231; x_wconf 89' lang='lat' dir='ltr'>celo</span> <span class='ocrx_word' id='word_1_351' title='bbox 172 2196 195 2230; x_wconf 89' lang='lat' dir='ltr'>ad</span> <span class='ocrx_word' id='word_1_352' title='bbox 208 2200 267 2229; x_wconf 88' lang='lat' dir='ltr'>terras</span> <span class='ocrx_word' id='word_1_353' title='bbox 281 2195 400 2236; x_wconf 89' lang='lat' dir='ltr'>descendere,</span> <span class='ocrx_word' id='word_1_354' title='bbox 414 2195 472 2228; x_wconf 91' lang='lat' dir='ltr'>donec</span> <span class='ocrx_word' id='word_1_355' title='bbox 488 2196 510 2229; x_wconf 90' lang='lat' dir='ltr'>ad</span> <span class='ocrx_word' id='word_1_356' title='bbox 526 2199 594 2229; x_wconf 89' lang='lat' dir='ltr'>tectum</span> <span class='ocrx_word' id='word_1_357' title='bbox 606 2194 679 2228; x_wconf 89' lang='lat' dir='ltr'>oratorii</span> <span class='ocrx_word' id='word_1_358' title='bbox 695 2195 714 2228; x_wconf 94' lang='lat' dir='ltr'>in</span> <span class='ocrx_word' id='word_1_359' title='bbox 730 2204 766 2237; x_wconf 92' lang='lat' dir='ltr'>quo</span> <span class='ocrx_word' id='word_1_360' title='bbox 782 2198 821 2228; x_wconf 88' lang='lat' dir='ltr'>erat</span> 
     </span>
     <span class='ocr_line' id='line_1_40' title="bbox 119 2245 821 2293; baseline -0.001 -11"><span class='ocrx_word' id='word_1_361' title='bbox 119 2249 223 2293; x_wconf 87' lang='lat' dir='ltr'>episcopus,</span> <span class='ocrx_word' id='word_1_362' title='bbox 234 2247 352 2291; x_wconf 81' lang='lat' dir='ltr'>perueniret:</span> <span class='ocrx_word' id='word_1_363' title='bbox 364 2249 414 2291; x_wconf 91' lang='lat' dir='ltr'>quod</span> <span class='ocrx_word' id='word_1_364' title='bbox 424 2248 514 2291; x_wconf 87' lang='lat' dir='ltr'>ingressa,</span> <span class='ocrx_word' id='word_1_365' title='bbox 524 2252 582 2281; x_wconf 86' lang='lat' dir='ltr'>totum</span> <span class='ocrx_word' id='word_1_366' title='bbox 594 2245 678 2290; x_wconf 90' lang='lat' dir='ltr'>impleuit</span> <span class='ocrx_word' id='word_1_367' title='bbox 687 2251 742 2289; x_wconf 87' lang='lat' dir='ltr'>atque</span> <span class='ocrx_word' id='word_1_368' title='bbox 753 2246 772 2280; x_wconf 90' lang='lat' dir='ltr'>in</span> <span class='ocrx_word' id='word_1_369' title='bbox 782 2246 821 2289; x_wconf 85' lang='lat' dir='ltr'>giro</span> 
     </span>
     <span class='ocr_line' id='line_1_41' title="bbox 90 2297 821 2344; baseline -0.005 -8"><span class='ocrx_word' id='word_1_370' title='bbox 90 2311 110 2341; x_wconf 84' lang='lat'>40</span> <span class='ocrx_word' id='word_1_371' title='bbox 119 2301 243 2336; x_wconf 89' lang='lat' dir='ltr'>circumdedit.</span> <span class='ocrx_word' id='word_1_372' title='bbox 266 2301 366 2335; x_wconf 85' lang='lat' dir='ltr'>Transacto</span> <span class='ocrx_word' id='word_1_373' title='bbox 374 2305 435 2335; x_wconf 88' lang='lat' dir='ltr'>autem</span> <span class='ocrx_word' id='word_1_374' title='bbox 442 2299 495 2344; x_wconf 87' lang='lat' dir='ltr'>quasi</span> <span class='ocrx_word' id='word_1_375' title='bbox 501 2299 576 2334; x_wconf 85' lang='lat' dir='ltr'>dimidio</span> <span class='ocrx_word' id='word_1_376' title='bbox 583 2299 628 2333; x_wconf 93' lang='lat' dir='ltr'>hore</span> <span class='ocrx_word' id='word_1_377' title='bbox 634 2297 702 2343; x_wconf 92' lang='lat' dir='ltr'>spacio,</span> <span class='ocrx_word' id='word_1_378' title='bbox 707 2298 756 2332; x_wconf 91' lang='lat' dir='ltr'>idem</span> <span class='ocrx_word' id='word_1_379' title='bbox 761 2298 821 2333; x_wconf 90' lang='lat' dir='ltr'>leticie</span> 
     </span>
     <span class='ocr_line' id='line_1_42' title="bbox 119 2351 821 2398; baseline -0.007 -8"><span class='ocrx_word' id='word_1_380' title='bbox 119 2355 215 2397; x_wconf 85' lang='lat' dir='ltr'>canticum,</span> <span class='ocrx_word' id='word_1_381' title='bbox 225 2364 261 2398; x_wconf 88' lang='lat' dir='ltr'>qua</span> <span class='ocrx_word' id='word_1_382' title='bbox 271 2359 347 2389; x_wconf 87' lang='lat' dir='ltr'>venerat</span> <span class='ocrx_word' id='word_1_383' title='bbox 355 2353 389 2397; x_wconf 83' lang='lat' dir='ltr'>via,</span> <span class='ocrx_word' id='word_1_384' title='bbox 398 2365 440 2388; x_wconf 87' lang='lat' dir='ltr'>curn</span> <span class='ocrx_word' id='word_1_385' title='bbox 450 2352 537 2389; x_wconf 82' lang='lat' dir='ltr'>ineffabili</span> <span class='ocrx_word' id='word_1_386' title='bbox 546 2352 643 2388; x_wconf 90' lang='lat' dir='ltr'>dulcedine</span> <span class='ocrx_word' id='word_1_387' title='bbox 652 2352 675 2385; x_wconf 88' lang='lat' dir='ltr'>ad</span> <span class='ocrx_word' id='word_1_388' title='bbox 686 2351 735 2385; x_wconf 86' lang='lat' dir='ltr'>celos</span> <span class='ocrx_word' id='word_1_389' title='bbox 745 2352 821 2386; x_wconf 90' lang='lat' dir='ltr'>reuerti-</span> 
     </span>
    </p>
   </div>
   <div class='ocr_carea' id='block_1_3' title="bbox 120 2456 821 2609">
    <p class='ocr_par' dir='ltr' id='par_1_3' title="bbox 120 2456 821 2609">
     <span class='ocr_line' id='line_1_43' title="bbox 139 2456 821 2493; baseline -0.004 -3"><span class='ocrx_word' id='word_1_390' title='bbox 139 2461 175 2491; x_wconf 79' lang='grc' dir='ltr'>1αῖ.</span> <span class='ocrx_word' id='word_1_391' title='bbox 184 2460 273 2491; x_wconf 88' lang='lat' dir='ltr'>iussushoc</span> <span class='ocrx_word' id='word_1_392' title='bbox 281 2469 293 2490; x_wconf 92' lang='lat' dir='ltr'>s.</span> <span class='ocrx_word' id='word_1_393' title='bbox 335 2459 371 2490; x_wconf 66' lang='lat' dir='ltr'>&#39;al</span> <span class='ocrx_word' id='word_1_394' title='bbox 383 2459 500 2490; x_wconf 83' lang='lat' dir='ltr'>consummavit.</span> <span class='ocrx_word' id='word_1_395' title='bbox 541 2458 575 2489; x_wconf 69' lang='grc' dir='ltr'>ΒΤ.</span> <span class='ocrx_word' id='word_1_396' title='bbox 584 2456 716 2487; x_wconf 88' lang='lat' dir='ltr'>reuerentissimo.</span> <span class='ocrx_word' id='word_1_397' title='bbox 753 2456 821 2493; x_wconf 83' lang='lat' dir='ltr'>⁴soT.;</span> 
     </span>
     <span class='ocr_line' id='line_1_44' title="bbox 120 2496 821 2535; baseline -0.003 -5"><span class='ocrx_word' id='word_1_398' title='bbox 120 2501 138 2530; x_wconf 83' lang='lat' dir='ltr'>E.</span> <span class='ocrx_word' id='word_1_399' title='bbox 146 2509 182 2530; x_wconf 90' lang='lat' dir='ltr'>esse</span> <span class='ocrx_word' id='word_1_400' title='bbox 189 2510 229 2530; x_wconf 89' lang='lat' dir='ltr'>eum.</span> <span class='ocrx_word' id='word_1_401' title='bbox 275 2500 281 2517; x_wconf 74' lang='lat'><strong><em>⁵</em></strong></span> <span class='ocrx_word' id='word_1_402' title='bbox 292 2500 309 2529; x_wconf 86' lang='lat' dir='ltr'>E.</span> <span class='ocrx_word' id='word_1_403' title='bbox 318 2499 438 2535; x_wconf 79' lang='lat' dir='ltr'>lindefarorum3</span> <span class='ocrx_word' id='word_1_404' title='bbox 449 2500 466 2530; x_wconf 92' lang='lat' dir='ltr'>T.</span> <span class='ocrx_word' id='word_1_405' title='bbox 476 2499 588 2529; x_wconf 85' lang='lat' dir='ltr'>lindifarorum.</span> <span class='ocrx_word' id='word_1_406' title='bbox 634 2497 640 2514; x_wconf 82' lang='lat'><strong>⁰</strong></span> <span class='ocrx_word' id='word_1_407' title='bbox 650 2497 670 2527; x_wconf 79' lang='lat' dir='ltr'>al.</span> <span class='ocrx_word' id='word_1_408' title='bbox 679 2496 713 2527; x_wconf 83' lang='lat' dir='ltr'>‘Ad</span> <span class='ocrx_word' id='word_1_409' title='bbox 721 2497 783 2535; x_wconf 87' lang='lat' dir='ltr'>Barue,’</span> <span class='ocrx_word' id='word_1_410' title='bbox 791 2498 801 2529; x_wconf 85' lang='lat' dir='ltr'>i.</span> <span class='ocrx_word' id='word_1_411' title='bbox 808 2508 821 2528; x_wconf 88' lang='lat' dir='ltr'>e.</span> 
     </span>
     <span class='ocr_line' id='line_1_45' title="bbox 120 2536 821 2609; baseline -0.003 -41"><span class='ocrx_word' id='word_1_412' title='bbox 120 2538 228 2609; x_wconf 48' lang='grc' dir='ltr'>ἑῃιέἓίἲῆεὲἒὲεέ</span> <span class='ocrx_word' id='word_1_413' title='bbox 268 2538 388 2569; x_wconf 81' lang='lat' dir='ltr'>⁷T.lichefeltl.</span> <span class='ocrx_word' id='word_1_414' title='bbox 428 2538 557 2575; x_wconf 57' lang='lat' dir='ltr'>tneque.</span> <span class='ocrx_word' id='word_1_415' title='bbox 593 2536 648 2566; x_wconf 70' lang='lat' dir='ltr'>’Bed</span> <span class='ocrx_word' id='word_1_416' title='bbox 656 2536 721 2567; x_wconf 87' lang='lat' dir='ltr'>veniret.</span> <span class='ocrx_word' id='word_1_417' title='bbox 756 2537 768 2553; x_wconf 86' lang='lat'>¹⁰</span> <span class='ocrx_word' id='word_1_418' title='bbox 779 2538 796 2567; x_wconf 89' lang='lat' dir='ltr'>T.</span> <span class='ocrx_word' id='word_1_419' title='bbox 804 2538 821 2567; x_wconf 86' lang='lat' dir='ltr'>E.</span> 
     </span>
    </p>
   </div>
   <div class='ocr_carea' id='block_1_4' title="bbox 0 0 896 2803">
    <p class='ocr_par' dir='ltr' id='par_1_4' title="bbox 0 0 896 2803">
     <span class='ocr_line' id='line_1_46' title="bbox 0 0 896 2803; baseline 0 0"><span class='ocrx_word' id='word_1_420' title='bbox 0 0 896 2803; x_wconf 95' lang='lat' dir='ltr'> </span> 
     </span>
    </p>
   </div>
  </div>
 </body>
</html>
