1762 2803
284 181 330 237 Dr
345 179 445 233 sancto
458 178 604 232 tsscmuuu.
754 193 795 237 145

94 302 165 345 cotidie,
181 303 223 347 quia
237 302 288 337 omni
302 308 386 347 tempore
401 301 470 337 calidus
485 307 519 337 est.
547 302 608 337 Panes
621 311 665 336 vero
676 312 723 346 quos
738 301 793 336 modo

93 355 170 397 vidistis,
181 357 212 391 vbi
226 360 350 401 preparantur
363 357 446 400 ignotum
461 360 490 391 est
505 355 563 398 nobis,
577 361 608 390 aut
620 356 661 399 quis
674 355 697 389 ad
711 360 794 389 nostrum

94 408 187 442 cellarium
195 419 227 443 eos
235 414 305 452 portat:
318 409 356 443 Sed
363 414 426 443 tamen
434 414 497 442 notum
505 413 534 442 est
541 408 595 442 nobis
602 408 651 452 quod
660 419 684 441 erc
692 408 722 441 dei
730 418 797 451 magna

94 461 200 496 eilmosina¹
214 461 341 497 ministrantur
357 461 411 497 nobis
427 472 461 505 per
476 461 554 506 aliquam
570 467 673 496 creaturam
689 459 795 495 subiectam,

95 514 134 547 Nos
147 526 211 549 sumus
227 515 255 549 hic
266 515 331 560 viginti
343 521 420 560 quatuor
431 515 503 557 iratres,
514 521 531 551 et
545 516 594 550 omni
607 516 636 550 die
649 516 739 550 habemus
751 516 814 554 duo-5

94 568 153 601 decim
168 578 231 610 panes.
255 568 276 601 ln
292 568 420 602 festiuitatibus
432 578 476 602 vero
491 573 510 602 et
522 568 619 603 dominicis
631 568 697 603 diebus
712 567 795 612 integros

94 630 153 664 panes
164 620 240 664 singulis
251 620 336 655 fratribus
346 621 396 655 addit
406 622 458 663 deus,
465 626 485 655 vt
493 632 557 656 cenam
566 622 643 656 habeant
652 632 675 656 ex
683 620 795 666 fragmentis.

95 673 150 707 Modo
168 673 187 707 in
206 674 286 708 aduentu
304 680 366 709 vestro
385 674 477 719 duplicem
495 685 588 709 annonam
607 675 702 709 habemus.
730 674 753 708 Et
771 674 796 708 ita

95 727 169 760 donauit
182 726 235 761 nobis
248 727 332 762 Christus
348 738 359 762 a
374 733 457 772 tempore
471 727 529 761 sancti
545 727 616 761 Patricii
632 733 650 761 et
667 727 725 761 sancti
739 727 796 761 Albei

95 779 152 823 patris
160 779 218 814 nostri
225 791 283 824 vsque
291 781 345 814 modo
353 791 387 825 per
394 781 486 824 octoginta
494 791 558 814 annos.
580 780 667 814 Attamen
679 785 765 814 senectus
776 779 795 813 in
805 789 825 810 ro

95 832 183 866 membris
198 834 266 866 nostris
281 844 319 867 non
334 832 459 877 amplificatur.
482 832 504 866 In
519 832 553 866 hac
566 832 615 866 enirn
630 831 690 866 insula
704 832 759 866 nichil
773 833 795 867 ad

95 885 228 920 comedendum
234 884 338 929 indigemus
343 885 393 930 quod
398 885 440 930 igne
446 891 531 930 paratur;
539 896 600 929 neque
606 884 663 929 frigus
668 885 795 929 neque²estus

95 940 170 979 superat
189 946 223 970 nos
237 947 323 979 unquam.
351 936 389 970 Sed
408 947 450 970 cum
468 940 542 980 tempus
561 935 660 970 missarum
678 936 750 971 venerit
766 942 796 971 aut

47 995 49 999 ·
94 986 202 1030 vigiliarum,
215 987 338 1021 incenduntur
350 986 446 1021 luminaria
458 987 478 1021 in
491 992 554 1021 nostra
566 986 649 1027 ecclesia,
661 997 697 1032 que
707 982 796 1022 ‘duximus

95 1040 191 1075 nobiscum
199 1041 222 1075 de
230 1045 280 1074 terra
287 1045 350 1074 nostra
357 1052 362 1082 ;
371 1039 433 1074 diuina
440 1040 596 1084 predestinatione
604 1041 669 1074 ardent
677 1046 695 1075 et
702 1051 795 1085 nunquam
807 1055 825 1086 15

96 1094 212 1128 minuuntur)
227 1093 329 1136 Surgentes
337 1103 420 1127 amensa
428 1093 547 1127 Brendanus³
552 1099 570 1127 et
577 1099 631 1137 pater
637 1093 749 1135 monasterii,
754 1105 795 1128 cum

96 1146 182 1180 fratribus
190 1146 286 1181 ecclesiam
294 1146 389 1180 intrarunt.
405 1146 449 1180 Erat
457 1151 517 1180 autem
525 1145 603 1180 ecclesia
610 1147 697 1191 quadrata
705 1147 723 1181 in
733 1147 796 1191 [tam]⁴

96 1199 210 1244 longitudine
218 1210 273 1243 quam
284 1199 303 1233 in
315 1198 419 1241 latitudine3
432 1205 450 1233 et
461 1205 513 1234 erant
525 1200 548 1234 de
560 1198 638 1234 cristallo
647 1200 711 1234 altaria
718 1199 770 1243 lacta,
779 1206 797 1234 et

95 1262 139 1286 vasa
150 1253 216 1286 omnia.
236 1252 290 1286 Nulla
297 1263 333 1287 vox
341 1253 360 1286 in
368 1254 479 1286 monasterio
489 1257 534 1294 erat,
541 1258 572 1286 aut
582 1253 675 1297 strepitus.
694 1253 714 1287 Si
724 1253 796 1298 aliquod

97 1316 144 1349 opus
152 1316 230 1340 necesse
237 1305 302 1339 suisset
309 1305 362 1340 alicui
370 1305 426 1345 fratri,
434 1305 472 1339 ibat
481 1311 524 1340 ante
534 1306 619 1340 abbatem
627 1311 645 1339 et
652 1316 701 1349 genu
712 1306 797 1340 flectebat
806 1316 826 1338 ro

96 1368 157 1391 coram
169 1357 205 1399 illo,
214 1357 310 1402 postulans
321 1358 340 1391 in
351 1358 406 1391 corde
417 1369 451 1391 suo
462 1359 511 1402 quod
523 1368 600 1392 necesse
612 1358 676 1393 suerat.
699 1359 722 1393 Et
733 1361 794 1394 statim

96 1412 153 1445 abbas
165 1422 199 1455 per
210 1411 341 1445 reuelationem
353 1411 382 1444 dei
396 1410 487 1445 scribebat
498 1411 516 1445 in
530 1411 591 1445 tabula
602 1417 620 1446 et
632 1413 686 1446 dabat
697 1412 728 1455 qul
739 1413 762 1458 ab
774 1423 796 1446 eo

97 1464 193 1497 consilium
209 1463 318 1508 postulabat.
341 1463 465 1507 Completorio
479 1463 536 1505 finito,
551 1463 597 1498 dixit
612 1464 668 1498 abbas
684 1463 794 1499 Brendano:

97 1515 173 1549 ‘Coram
180 1515 253 1550 Christo
261 1527 303 1549 meo
311 1515 374 1557 fateor,
379 1515 470 1559 octoginta
478 1522 520 1550 sunt
528 1516 571 1550 anni
579 1521 677 1559 postquam
684 1517 770 1551 venimus
777 1517 796 1551 in

97 1569 144 1603 hanc
156 1568 245 1603 insulam:
257 1569 325 1603 nullam
337 1579 402 1603 vocem
411 1568 515 1603 audiuimus
523 1568 627 1610 humanam,
635 1575 713 1614 excepto
724 1570 798 1614 quando
808 1580 827 1612 ²5

98 1627 192 1656 cantamus
201 1623 236 1656 deo
243 1622 313 1656 laudes.
336 1621 402 1656 Nullus
411 1633 435 1656 ex
442 1621 496 1656 nobis
505 1621 594 1657 sustinet⁶
601 1622 727 1657 infirmitatem
738 1623 799 1658 carnis

97 1680 128 1708 aut
135 1675 232 1719 spirituum
241 1674 271 1719 qui
279 1680 369 1719 vagantur
376 1675 423 1709 circa
431 1674 532 1709 humanum
539 1686 604 1719 genus,
609 1681 707 1720 postquam
714 1677 800 1711 venimus

97 1729 116 1762 in
132 1729 180 1763 hunc
196 1729 266 1763 locum'
290 1729 313 1763 Et
328 1728 388 1763 addit:
405 1728 459 1762 ‘Duo
471 1728 537 1762 iratres
550 1729 576 1763 tui
589 1730 619 1773 qui
635 1734 739 1774 supersunt,
752 1741 800 1765 vnus

97 1781 244 1826 peregrinabitur
257 1782 275 1815 in
291 1782 351 1816 insula
365 1782 516 1823 anachoritarum,
530 1787 548 1816 et
563 1781 609 1816 alter
621 1788 680 1817 morte
693 1782 800 1827 turpissima

98 1835 263 1877 condempnabitur
277 1836 326 1878 apud
341 1834 420 1868 inferos!
443 1835 489 1868 Cum
505 1835 540 1867 hec
554 1835 603 1868 inter
614 1846 636 1868 se
650 1836 770 1878 loquerentur
780 1837 799 1869 in
809 1846 829 1875 30

98 1886 180 1929 ecclesia,
192 1897 240 1929 ecce,
251 1886 287 1922 illis
298 1887 408 1929 videntibus,
420 1886 485 1931 sagitta
496 1886 550 1931 ignea
561 1886 625 1922 celitus
637 1887 705 1922 emissa
716 1889 800 1924 accendit

98 1950 163 1974 omnes
174 1940 258 1974 lucernas
270 1950 306 1983 que
318 1945 370 1973 erant
382 1939 442 1982 posite
455 1944 498 1972 ante
509 1939 581 1981 altaria;
594 1944 612 1973 et
623 1939 647 1972 ait
659 1941 727 1974 abbas:
740 1941 800 1975 ‘Ecce

98 1997 118 2026 tu
129 1992 181 2026 vides
193 1992 279 2026 candelas
293 1992 380 2026 ardentes
393 1991 413 2026 in
425 1992 486 2026 medio
498 1992 620 2034 vasculorum,
631 1997 693 2027 tamen
707 1993 762 2027 nichil
774 2004 798 2027 ex

99 2045 126 2081 eis
135 2044 248 2080 consumitur
255 2056 289 2080 nec
297 2044 391 2087 decrescit,
397 2055 431 2080 nec
439 2050 523 2080 remanet
529 2045 564 2080 vlla
572 2045 643 2080 fanilla:
655 2045 697 2091 quia
705 2046 799 2091 spirituale

98 2100 161 2134 lumen
169 2101 207 2133 est!
230 2099 309 2133 Demum
318 2098 427 2133 Brendanus
435 2104 454 2132 et
461 2099 528 2133 iratres
538 2109 605 2133 nauem
612 2101 708 2142 intrantes,
715 2061 828 2144 viderun(35

99 2158 141 2197 post
152 2152 220 2197 aliquot
233 2151 357 2197 septimanas³
368 2161 424 2186 vnant
436 2151 520 2196 insulam,
532 2151 596 2197 inqua
608 2152 718 2188 inuenerunt
730 2153 799 2189 sontem

99 2206 185 2249 lucidum,
198 2213 216 2241 et
229 2205 295 2240 herbas
309 2205 397 2247 diuersas,
408 2205 517 2250 diuersaque
529 2216 598 2250 genera
610 2205 694 2251 piscium.
717 2206 801 2252 Cumque

99 2265 194 2304 potassent
207 2260 231 2294 de
246 2270 297 2304 aqua,
313 2259 359 2293 dixit
377 2258 497 2294 Breudanus:
518 2259 596 2294 ‘Cauete
614 2259 685 2302 iratres,
701 2270 724 2294 ne
743 2271 800 2305 supra

99 2314 175 2348 modum
189 2313 265 2348 vtamini
280 2312 309 2348 his
324 2312 388 2357 aquis:
404 2323 428 2347 ne
443 2312 518 2357 grauius
531 2317 623 2347 vexentur
637 2323 715 2358 corpora
728 2315 800 2348 vestra?

100 2366 157 2401 Cuius
172 2372 259 2411 precepto
272 2365 412 2411 vsquequaquel
425 2376 462 2400 non
477 2366 579 2408 obseruato,
594 2365 646 2399 irruit
661 2365 680 2399 in
692 2365 733 2400 illos
745 2368 800 2402 trium
809 2379 830 2410 40

100 2419 171 2454 dierum
186 2424 205 2454 et
219 2419 299 2454 noctium
314 2428 374 2463 sopor.
397 2418 431 2452 Ille
445 2428 491 2453 vero
506 2418 547 2452 sine
562 2418 699 2452 intermissione
714 2419 802 2464 depreca-

100 2473 153 2506 batur
167 2473 222 2506 deum
235 2483 269 2517 pro
281 2472 367 2506 fratribus
379 2472 422 2513 suis,
434 2471 483 2516 quod
497 2481 531 2516 per
543 2470 664 2516 ignorantiam
678 2472 753 2517 contigit
766 2473 803 2509 illis

100 2526 202 2570 periculum
212 2527 254 2561 tale.
276 2526 359 2571 lngressi
367 2530 428 2559 autem
438 2526 545 2567 nauiculam,
558 2525 731 2570 appropinquabant
743 2526 803 2562 insule

120 2594 159 2625 ¹ol.
166 2605 187 2624 ex
194 2595 220 2625 dei
227 2596 270 2625 dono
277 2595 294 2624 in
301 2606 315 2625 e.
368 2593 404 2625 'ul
413 2599 444 2624 aut.
498 2594 532 2624 3Τ.
540 2594 626 2624 brendano.
679 2594 725 2627 ⁴um.
766 2596 803 2628 5(ιΙ.

100 2635 178 2666 sustinuit.
239 2635 245 2653 ⁰
255 2635 274 2667 T.
281 2640 317 2674 post
323 2645 337 2667 a.
345 2645 359 2668 s.
366 2635 443 2666 viderunt.
504 2633 510 2653 ¹
522 2634 539 2665 E.
548 2643 650 2673 usquequam.

448 2696 459 2719 c
