1762 2803
145 114 197 162 394,
324 103 416 154 vtutta
432 99 548 162 tantuna
563 100 656 163 unalia.

144 223 220 264 waldus,
233 223 384 267 london[iensis]¹
397 223 500 267 episcopus,
513 229 555 258 ante
571 223 667 257 transitum
681 233 735 257 suum
750 223 848 257 multorum

144 277 273 311 miraculorum
290 276 395 311 testimonio
412 276 480 321 placuit
498 277 538 311 deo.
566 276 602 311 Hic
622 277 671 311 enim
690 276 849 321 appropinquante

145 331 181 365 iam
192 331 229 365 vite
240 341 273 364 sue
285 330 362 365 termino
380 341 422 364 cum
438 332 460 364 ad
474 332 605 374 predicandum
618 331 686 374 populo
698 335 774 374 propter
786 330 849 363 debili-

145 389 201 417 tatem
209 384 290 427 corporis
298 384 317 416 in
324 382 391 416 feretro
396 384 493 417 caballario
499 385 576 417 duarum
581 390 661 417 rotarum
667 384 770 425 duceretur,
775 383 850 425 contigit

128 446 136 475 5
146 442 165 471 vt
172 446 208 470 vna
216 442 296 470 rotarum
304 436 322 469 in
331 447 374 470 casu
383 437 462 479 caderet,
470 437 527 471 altera
535 436 574 471 sola
582 436 600 471 in
607 447 661 471 curru
667 441 779 471 remanente.
803 435 850 470 Nes-

145 490 214 524 cientes
228 489 282 534 igitur
295 489 326 534 qui
339 501 381 523 curn
393 496 457 524 sancto
470 496 522 524 erant
535 489 588 523 huius
601 489 628 523 rei
640 495 733 532 euentum,
746 490 779 523 sed
795 499 850 522 cursu

146 543 199 577 solito
210 553 245 585 per
256 542 303 576 viam
316 553 368 576 suam
380 543 500 585 ambulantes,
511 544 591 585 tandem,
604 544 652 586 quod
664 543 713 576 dictu
722 547 750 576 est
761 541 850 584 mirabile,

146 605 219 630 currum
234 596 366 629 vehicularium
381 596 467 629 viderunt
481 601 544 629 eontra
559 596 711 629 consuetudinem
726 606 783 637 super
795 605 850 628 vnam

145 653 216 681 tantum
224 652 282 680 rotam
290 647 404 690 gradientem
412 660 416 689 ς
430 648 519 680 mirantur
527 658 592 681 omnes
602 647 633 681 dei
640 648 731 688 virtutem,
739 647 773 680 viri
785 646 851 680 sancti-

119 712 138 733 ιο
146 705 202 734 tatem
213 699 232 733 in
244 706 307 734 sancto
319 700 406 733 miraculo
418 706 482 743 aperte
491 706 628 743 cognoscentes.
651 701 695 734 Post
703 700 799 734 transitum
807 710 851 733 vcro

146 753 204 798 ipsius
215 753 239 786 ad
250 753 329 796 celestia,
340 754 393 787 multi
404 754 529 787 febricitantes
540 753 606 796 aliique
618 753 701 795 morbidi,
713 753 753 787 eius
764 753 851 788 feretrum

146 812 243 850 tangentes
262 807 291 841 vel
309 807 419 849 osculantes,
435 807 506 851 integre
523 807 645 849 sanabantur3
666 807 699 840 sed
712 811 731 840 et
745 806 852 840 absentibus

146 859 225 894 infirmis
236 871 270 904 per
280 860 362 894 hastulas
374 860 418 894 inde
429 860 510 894 abscisas
522 866 540 894 et
550 861 572 893 ad
581 872 613 894 eos
621 860 690 893 delatas
698 858 794 905 repentina
802 859 851 893 salus

148 913 211 957 sepius
221 914 300 948 aduenit.
346 907 393 948 Erat
405 919 466 947 autem
477 913 507 947 illo
519 919 603 956 tempore
615 914 663 956 apud
676 913 788 955 Berkingum
800 923 852 946 sanc-

121 976 138 1005 15
148 972 206 1000 tarum
223 966 354 1000 monasterium
369 966 484 1008 feminarum,
500 968 549 1009 quod
564 967 588 999 ad
603 967 692 1000 honorem
707 965 737 1000 dei
752 970 852 1008 sancteque

149 1019 207 1053 Marie
215 1025 345 1063 preparauerat
353 1019 435 1063 prefatus
442 1019 470 1053 vir
479 1025 557 1059 sanctus,
565 1024 584 1054 vt
592 1019 610 1053 in
622 1019 670 1053 dicto
681 1019 720 1053 loco
731 1029 786 1052 causa
797 1018 853 1052 deuo-

148 1073 202 1107 tionis
218 1079 325 1106 moraretur.
357 1073 426 1106 Placuit
442 1072 532 1106 altissimo
547 1073 633 1107 dilectum
649 1083 702 1106 suum
718 1072 741 1106 ab
757 1072 790 1105 hac
805 1072 853 1105 valle

148 1124 223 1160 miserie
240 1125 263 1158 ad
279 1125 344 1159 sedem
361 1135 394 1158 sue
410 1124 478 1168 glorie²
494 1124 570 1158 feliciter
587 1124 677 1159 inuitare:
697 1124 776 1159 Sanctus
792 1122 853 1167 itaque

149 1177 288 1220 Erkenwaldus,
305 1177 380 1222 spiritus
399 1177 456 1212 sancti
474 1178 533 1222 gratia
552 1178 638 1222 repletus,
650 1177 689 1212 suis
707 1179 730 1211 ad
747 1189 768 1212 se
784 1177 853 1212 voeatis

121 1232 197 1266 aodiem
210 1231 270 1265 obitus
283 1231 311 1265 sui
323 1231 412 1266 veraciter
424 1231 511 1276 predixit,
528 1238 546 1266 et
557 1243 616 1276 vsque
632 1233 655 1265 ad
666 1231 751 1265 ultimum
767 1232 804 1266 vite
820 1242 853 1265 sue

149 1284 248 1320 terminum
258 1295 323 1319 omnes
333 1285 473 1319 circumstantes
481 1286 538 1319 verbo
546 1284 583 1319 vite
594 1285 679 1319 salutaris
689 1284 772 1318 alacriter
782 1284 854 1319 consor-

149 1339 203 1372 tabat.
233 1338 344 1381 Egrediente
359 1349 403 1372 vero
418 1338 449 1372 illa
464 1343 528 1372 sancta
543 1338 603 1372 anima
616 1349 627 1371 a
642 1348 718 1381 corpore
734 1343 752 1371 et
767 1338 790 1371 ad
804 1337 854 1371 celos

149 1391 234 1425 manibus
242 1390 329 1433 angelicis
338 1392 438 1433 deportata,
446 1396 497 1424 tanta
505 1391 594 1423 remansit
605 1391 666 1423 odoris
676 1390 762 1430 suauitas,
770 1396 789 1423 vt
798 1394 854 1422 totam

150 1444 225 1478 domum
232 1442 251 1476 in
259 1454 295 1486 qua
304 1453 371 1487 corpus
381 1443 440 1484 iacuit,
449 1443 527 1477 mirabili
538 1443 635 1476 dulcedine
645 1442 735 1486 impleret,
743 1447 761 1476 et
772 1441 854 1475 omnium

123 1508 141 1539 ²5
151 1496 205 1531 corda
213 1496 235 1530 ad
244 1495 274 1529 dei
281 1496 355 1530 laudem
363 1501 381 1529 et
389 1496 447 1529 sancti
458 1496 486 1530 sui
497 1495 614 1529 deuotionem
625 1496 717 1529 excitaret.
762 1488 809 1529 Post
820 1495 856 1528 hec

150 1549 205 1593 igitur
217 1548 277 1581 audito
290 1548 338 1581 beati
352 1548 386 1582 viri
397 1548 480 1591 transitu,
491 1549 567 1582 veniunt
579 1548 628 1592 apud
640 1548 754 1591 Berkingum
765 1548 825 1582 clerus
837 1552 855 1581 ct

151 1601 230 1646 populus
242 1601 265 1634 de
277 1601 378 1642 Loudonia,
388 1608 408 1635 vt
418 1612 460 1635 cum
472 1602 542 1635 honore
553 1602 634 1635 maximo
645 1612 713 1645 corpus
724 1601 752 1635 sui
764 1601 855 1645 pontificis

151 1655 245 1699 sepulture
258 1655 319 1688 debite
335 1656 493 1690 commendarent.
523 1656 616 1689 Ponentes
632 1660 693 1688 autem
708 1656 796 1689 talentum
811 1655 855 1688 illud

151 1707 255 1752 preciosum
263 1707 282 1741 in
293 1708 361 1742 feretro
373 1709 396 1741 ad
407 1709 441 1742 hoc
452 1714 560 1742 reuerenter
569 1713 673 1752 preparato,
683 1719 724 1742 cum
735 1708 856 1742 sacrosanctis

124 1774 143 1804 5⁰
152 1760 232 1804 reliquiis
240 1771 306 1795 versus
316 1760 421 1795 Londonias
429 1766 565 1805 processerunt.
589 1761 626 1796 Sed
635 1771 677 1795 cum
687 1761 710 1795 ad
721 1772 788 1804 aquam
799 1771 856 1804 quan·

152 1816 199 1854 dam,
214 1824 249 1857 que
261 1814 368 1847 Ytefordia³
383 1814 492 1855 nominatur,
508 1825 550 1847 cum
566 1825 617 1847 sacro
631 1825 707 1858 corpore
721 1813 856 1858 peruenissent,

152 1868 218 1901 dictam
227 1876 292 1909 aquam
300 1866 326 1899 sie
334 1866 444 1900 miraculose
452 1872 504 1900 extra
512 1866 572 1900 locum
580 1866 675 1910 proprium
687 1865 783 1900 inueniunt
795 1876 857 1899 excre-

151 1919 206 1962 uisse,
214 1923 233 1953 vt
240 1918 286 1963 ipsis
294 1918 373 1953 transire
381 1918 484 1954 volentibus
491 1918 521 1954 via
529 1918 581 1954 solita
589 1931 626 1954 non
636 1925 713 1964 pateret.
736 1918 857 1963 Deponentes

151 1973 206 2017 igitur
213 1984 281 2016 corpus
289 1978 372 2007 sanctum
380 1972 399 2006 in
408 1973 448 2007 loco
456 1972 507 2017 prius
513 1973 612 2016 nominato,
618 1972 673 2017 quid⁴
681 1972 741 2006 facere
749 1977 780 2005 aut
788 1982 824 2016 quo
831 1972 857 2006 ire

125 2027 244 2069 35=debebant
259 2026 293 2060 sibi
309 2026 418 2062 monstrari⁵
431 2026 519 2061 diuinitus
534 2026 617 2061 deuotis⁰
633 2025 719 2070 precibus
734 2026 858 2070 postulabant,

153 2081 211 2125 Igitur
223 2080 247 2114 ad
259 2080 406 2114 exhortationem
418 2080 515 2114 cuiusdam
527 2080 607 2123 religiosi
618 2080 653 2113 viri
665 2079 763 2113 diuinitus⁶
774 2078 858 2122 inspirati

153 2133 200 2168 facta
208 2132 257 2175 apud
265 2133 320 2166 deum
328 2143 339 2166 a
347 2132 433 2167 fidelibus
441 2132 522 2167 oratione
531 2133 597 2166 deuota
604 2144 608 2175 ;
621 2142 663 2166 ecce
670 2132 699 2166 dei
707 2132 789 2175 potentia
796 2131 858 2165 statim

153 2186 225 2221 deuotis
233 2184 338 2219 hominibus
346 2191 374 2220 est
382 2191 461 2220 ostensa.
485 2185 549 2219 Subito
557 2185 606 2219 enim
615 2196 681 2229 aquam
689 2184 738 2219 illam
746 2196 832 2230 maguam
839 2185 858 2218 in

154 2241 199 2274 duas
208 2244 270 2283 partes
278 2238 356 2272 diuisam
364 2239 484 2283 prospiciunt,
492 2244 510 2272 et
521 2239 570 2273 sicco
579 2239 627 2282 pede
638 2249 673 2283 per
684 2239 766 2273 medium
777 2238 859 2273 ssuminis

125 2306 145 2335 4⁰
154 2303 195 2328 cum
205 2303 256 2327 sacro
264 2303 342 2337 corpore
350 2297 479 2337 perrexerunt.
502 2292 602 2326 Transacto
610 2291 671 2337 itaque
679 2292 761 2334 flumine,
769 2291 818 2326 cerei
828 2291 859 2336 qui

154 2348 205 2382 iuxta
220 2357 287 2389 corpus
301 2346 353 2390 prius
367 2346 452 2380 fuerumt
467 2345 547 2387 extincti,
559 2346 628 2390 absque
642 2345 691 2379 omni
703 2346 784 2379 humano
799 2345 860 2378 studio

175 2447 180 2464 ¹
191 2447 208 2476 E.
216 2447 279 2476 london.
320 2446 326 2463 ²
337 2447 355 2475 In
363 2446 381 2475 T.
389 2447 416 2475 the
423 2450 462 2475 next
469 2445 531 2474 column
537 2445 570 2482 (fol.
578 2455 606 2483 117
612 2445 625 2475 b,
632 2446 648 2484 a)
654 2446 668 2474 is
673 2446 737 2474 written
743 2445 764 2482 by
769 2446 796 2474 the
801 2445 860 2473 former

156 2486 202 2522 hand,
210 2487 242 2514 and
249 2486 321 2514 contains
329 2486 402 2514 different
409 2489 471 2521 matter,
478 2495 492 2514 e.
497 2494 512 2521 g.
521 2485 548 2514 the
556 2485 637 2515 narration
645 2485 663 2514 os
669 2484 713 2514 Piers
720 2485 792 2521 Tollere;
804 2494 825 2513 on
834 2483 860 2513 sol.

157 2526 185 2557 ΠΒ
197 2526 224 2554 the
233 2529 267 2554 text
277 2526 295 2554 os
304 2525 400 2554 Erkenwald
410 2526 491 2562 proceeds.
539 2525 666 2559 ³al.1·lula,i.e.
675 2525 711 2554 Lea.
763 2523 859 2554 ⁴om.inT.

156 2564 162 2583 ⁵
172 2564 190 2594 T.
197 2569 290 2595 monstrare.
331 2566 336 2583 ⁶
347 2565 509 2603 deuotis-diuinitus,
517 2574 547 2596 orn.
554 2564 569 2593 in
574 2565 592 2595 T.
633 2564 639 2582 ἵ
650 2565 690 2596 Boll.
697 2565 762 2595 fuerant.
