1762 2803
141 131 185 203 2'84
332 148 411 200 muno
427 145 543 209 tramae
558 145 651 208 anulio.

140 268 238 304 dixerunt:
250 268 313 303 ‘Vnde
321 268 366 303 estis
373 270 427 302 vosi’
450 267 540 302 Patricius
548 267 652 312 respondit:
665 267 742 301 ‘Melius
750 265 841 302 eritvobis

140 322 175 354 deo
188 326 252 355 nostro
266 323 346 361 credere,
359 331 414 363 quam
427 322 450 354 de
462 331 531 363 genere
543 327 605 353 nostro
618 321 741 362 interrogare)
764 319 787 352 Et
800 320 841 353 ille:

141 373 196 415 ‘Quis
204 378 233 409 est
240 374 285 408 deus
293 375 368 408 vester?
379 378 397 407 et
404 372 434 407 ubi
442 377 470 407 est
478 372 600 407 habitaculum
608 371 653 413 eius,
661 371 680 406 in
688 372 727 405 celo
735 381 758 406 an
766 372 785 405 in
793 375 842 406 terra

141 438 164 461 an
172 427 191 461 in
200 428 257 461 mari?
268 427 283 461 si
292 427 346 460 habet
357 426 404 460 filios
415 431 433 459 et
443 425 490 460 filias
501 424 615 469 pulchriores
625 424 729 459 hominibus
740 424 815 459 mundi?
827 425 842 460 sl

124 492 133 521 5
141 480 185 513 uiuit
193 490 268 524 semper
275 481 321 513 deus
328 482 401 513 vester?
412 479 428 512 si
436 479 491 512 habet
499 488 563 511 aurum
572 483 590 511 et
598 479 714 521 argentumi'
738 478 842 521 Respondit

142 532 241 567 Patricius:
254 532 315 566 ‘Deus
323 537 386 565 noster
392 531 439 565 dens
445 530 527 565 omnium
533 531 639 573 hominum;
648 531 694 564 deus
702 530 735 565 celi
743 535 762 565 et
769 535 818 565 terre
825 537 842 565 et

141 585 202 627 maris,
211 589 229 618 et
236 584 318 618 omnium
326 594 361 628 que
369 583 388 617 in
397 583 423 617 eis
432 588 474 618 sunt
482 595 486 626 3
498 584 544 618 deus
552 583 602 625 solis,
610 584 654 617 lune
662 589 680 617 et
688 583 787 626 stellarum,
796 585 842 619 deus

141 648 197 680 super
205 636 253 671 celos
262 636 306 671 etin
315 637 354 670 celo
363 641 381 670 et
391 637 425 670 sub
434 637 484 670 celo:
496 641 515 669 et
524 637 579 670 habet
590 637 646 670 filium
655 635 769 669 consimilem
780 636 814 669 sibi
824 643 842 670 et

141 694 252 723 coeternum.
274 688 320 721 Volo
329 699 373 731 ergo
381 688 493 732 coniungere
500 699 534 721 vos
543 688 569 721 illi
580 689 618 732 regi
627 688 694 729 celesti,
703 699 745 721 cum
753 688 789 721 filie
797 688 842 722 estis

114 754 133 774 10
141 742 189 785 regis
198 741 277 775 terreni?
300 741 352 775 Tunc
360 742 466 785 predicante
474 741 501 775 eis
510 740 592 783 Patricio,
598 741 720 781 crediderunt,
727 746 745 775 et
752 740 842 784 baptizate

141 801 195 829 sunt:
208 799 226 828 et
233 794 373 838 postulauerunt
379 794 442 828 videre
450 793 515 828 faciem
523 793 596 829 Christi.
619 793 643 828 Et
651 793 696 828 dixit
707 792 734 828 eis
743 792 841 829 Patricius:

141 847 192 882 ‘Nisi
202 853 281 882 mortem
291 847 413 892 gustaueritis‚
422 858 459 881 non
467 847 543 891 potestis
550 846 613 881 videre
624 846 688 881 faciem
697 846 769 887 Christi,
778 851 795 880 et
807 847 842 881 nisi

141 900 252 935 sacrificium
263 900 365 944 accipiatis!
389 900 412 933 Et
423 895 568 944 responderunt:
582 900 620 934 ‘Da
632 900 684 934 nobis
698 900 812 941 sacrificium,
823 907 842 935 vt

141 953 236 986 videamus
244 952 301 985 filium
310 952 339 986 dci
349 962 438 996 sponsum
449 954 542 985 nostrum.¹
565 953 617 986 Tunc
628 951 738 995 accipientes
750 951 843 985 eucharis-

116 1018 133 1047 15
142 1005 191 1047 tiam,
200 1010 271 1039 mortue
280 1009 327 1039 sunt.
351 1003 374 1039 Et
382 1009 472 1040 venerunt
483 1006 519 1039 duo
532 1005 580 1049 magi
590 1005 616 1039 illi
627 1004 657 1048 qui
668 1005 770 1039 nutrierant
779 1014 816 1047 eas,
825 1010 843 1038 et

141 1063 205 1092 sancto
214 1056 292 1091 Patricio
299 1058 355 1092 verba
363 1058 409 1091 dura
416 1057 485 1100 loquuti
495 1063 548 1091 sunt:
561 1059 595 1091 sed
607 1057 713 1102 predicante
724 1067 746 1091 eo
757 1057 843 1101 baptizati

142 1117 189 1145 sunt.
235 1103 282 1144 Post
290 1110 324 1144 hec
334 1110 408 1144 intrauit
417 1110 506 1145 Patricius
517 1112 540 1145 ad
551 1121 637 1155 magnum
647 1110 753 1145 concilium¹
761 1110 842 1154 gentium

141 1164 219 1206 illarum,
237 1163 268 1197 vbi
283 1169 335 1197 erant
351 1169 422 1207 septem
437 1164 469 1197 filii
484 1165 579 1208 Amolgith
594 1175 635 1197 cum
653 1174 687 1197 suo
702 1163 789 1197 exercitu.
820 1163 843 1198 Et

142 1216 222 1249 surrexit
237 1215 312 1258 quidam
327 1226 397 1260 magus,
412 1221 432 1249 vt
447 1222 531 1249 sanctum
546 1216 576 1249 dei
591 1216 694 1249 occideret:
712 1215 843 1258 descenditque

115 1282 134 1307 20
142 1268 189 1312 ignis
197 1269 220 1303 de
229 1268 267 1303 celo
276 1273 294 1303 et
304 1268 354 1303 illum
363 1279 437 1313 magum
445 1279 507 1304 coram
515 1268 599 1304 omnibus
610 1267 728 1313 consumpsit.
751 1267 775 1302 Et
785 1267 804 1302 in
814 1267 843 1302 illa

142 1322 172 1356 die
179 1327 251 1367 septem
259 1320 285 1355 illi
293 1332 334 1356 cum
341 1321 438 1356 duodecim
446 1321 519 1356 milibus
527 1322 621 1355 hominum
628 1322 724 1356 credentes
732 1321 843 1364 baptismum

142 1380 268 1419 susceperunt.
312 1368 357 1410 Alio
369 1386 442 1419 quoque
454 1376 483 1409 die
492 1376 543 1410 venit
554 1376 628 1419 quidam
640 1386 705 1420 magus
714 1380 733 1409 vt
745 1374 843 1409 Patricium

142 1429 242 1471 iugularet:
255 1434 273 1462 et
284 1428 369 1471 aperiens
377 1433 426 1462 terra
434 1440 454 1462 os
465 1439 524 1471 suum,
533 1429 627 1462 deuorauit
637 1428 694 1462 illurn.
717 1428 770 1470 Quod
777 1427 843 1462 videns

143 1481 199 1514 frater
214 1480 261 1513 illius
276 1480 327 1514 venit
341 1485 361 1513 vt
376 1480 468 1514 occideret
483 1486 577 1514 sanctum:
597 1486 615 1515 et
630 1481 680 1515 illum
696 1480 780 1515 similiter
795 1485 844 1514 terra

117 1550 124 1571 2
127 1550 135 1579 5
144 1532 239 1577 deglutiuit
245 1543 303 1576 usque
311 1534 334 1566 ad
342 1543 401 1566 aures.
425 1534 448 1567 Et
454 1534 559 1567 exclamans
567 1534 596 1566 ille
604 1534 687 1576 promisit
694 1544 714 1566 se
719 1533 831 1566 crediturum
838 1545 843 1566 ι

144 1585 242 1627 statimque
250 1594 323 1617 sursum
332 1585 414 1617 eleuatus
421 1590 455 1626 est,
462 1591 480 1617 et
487 1586 564 1618 credens
571 1587 677 1628 baptizatur.
724 1578 774 1619 Cum
782 1591 843 1618 autem

143 1642 218 1672 sanctus
225 1636 313 1671 Patricius
319 1637 389 1671 videret
394 1637 486 1681 quandam
494 1637 562 1671 fossam
568 1643 617 1672 terre
622 1639 724 1681 rotundam,
730 1637 760 1671 vbi
765 1639 843 1682 quedam

143 1691 210 1724 mulier
222 1691 294 1733 sepulta
309 1695 353 1731 erat,
366 1690 407 1724 susa
421 1691 444 1725 ad
460 1692 514 1725 deum
529 1702 584 1734 prece
599 1691 694 1725 suscitauit
709 1702 754 1726 eam.
799 1684 844 1726 Alia

144 1754 216 1787 quoque
225 1742 254 1776 die
259 1743 325 1777 mulier
332 1744 411 1786 quedam
418 1744 518 1784 mortuam
524 1749 575 1778 vtero
583 1743 640 1777 filium
648 1744 724 1785 habens,
731 1744 808 1778 adducta
816 1749 844 1778 est

116 1808 135 1837 30
143 1801 186 1829 ante
194 1806 247 1829 eum:
260 1801 277 1828 et
285 1794 392 1828 resuscitata
400 1794 435 1836 illa,
443 1795 541 1838 baptizauit
550 1796 607 1829 filium
615 1796 660 1829 eius.
707 1790 730 1830 In
738 1797 844 1838 regionibus

143 1848 179 1883 illis
187 1852 229 1882 sunt
237 1847 313 1882 ssumina
321 1848 362 1889 duo,
374 1849 406 1881 sed
414 1858 461 1881 vnus
473 1848 538 1882 fluuius
547 1849 681 1882 multitudinem
692 1849 753 1882 habuit
761 1849 844 1892 piscium,

143 1901 189 1936 alter
196 1900 236 1934 sine
244 1899 324 1944 piscibus
335 1899 402 1934 sterilis
413 1900 450 1934 fuit.
474 1900 519 1935 Cum
530 1906 590 1935 autem
601 1901 702 1944 piscatores
712 1902 772 1945 pisces
783 1907 844 1945 postu-

143 1955 187 1989 lanti
196 1953 273 1988 Patricio
281 1954 409 1998 denegassent,
417 1965 441 1988 ex
452 1953 482 1987 illa
489 1953 519 1987 die
530 1954 549 1987 in
561 1959 645 1989 eternum
655 1954 716 1998 pisces
727 1959 843 1988 recesserunt

143 2009 166 2041 ab
179 2008 210 2040 illo
223 2006 284 2049 fluuio,
298 2007 348 2040 etin
362 2006 438 2040 fluuium
452 2006 482 2050 qui
497 2006 558 2050 pisces
573 2018 610 2040 non
625 2008 688 2042 habuit
703 2009 845 2041 descenderunt.

115 2071 134 2100 35
143 2053 259 2102 ²Postqnam
267 2063 328 2092 autem
336 2059 403 2092 multas
412 2058 501 2094 Hibernie
509 2060 612 2102 prouincias
621 2059 709 2094 Patricius
718 2060 844 2101 conuenisset,

143 2113 238 2146 redierunt
249 2121 291 2144 cum
303 2121 325 2144 eo
336 2111 472 2154 quatuordecim
485 2112 534 2145 milia
546 2112 640 2145 hominum
650 2123 709 2156 vsque
720 2114 743 2145 ad
754 2113 814 2145 locum
826 2111 844 2144 in

144 2176 180 2209 quo
194 2163 282 2198 habitauit
293 2162 350 2197 Trian
364 2164 472 2207 peregrinus
485 2164 582 2210 episcopus
596 2166 619 2200 de
631 2165 730 2200 Romanis:
747 2167 778 2209 qui
789 2175 844 2199 vnam

144 2219 215 2252 habens
222 2227 301 2258 vaccam,
309 2215 374 2251 occidit
385 2216 435 2252 illam
447 2229 487 2252 cum
495 2218 550 2253 vitulo
562 2230 595 2253 suo
605 2230 639 2262 pro
648 2229 694 2253 cena
705 2218 764 2253 sancti
772 2217 844 2252 Patricii

144 2277 162 2306 et
174 2269 276 2312 exercitus3
288 2275 414 2314 veneruntque
424 2272 460 2305 duo
471 2272 521 2307 cerui
532 2273 555 2306 de
566 2271 618 2315 silua,
630 2278 648 2306 et
659 2272 695 2306 duo
705 2272 755 2316 apri:
768 2277 786 2306 et
799 2271 845 2316 ipsis

115 2335 136 2365 40
144 2323 229 2357 similiter
241 2323 311 2363 occisis,
325 2324 412 2357 saturauit
426 2325 514 2358 Patricius
527 2325 664 2367 quatuordecim
679 2325 729 2358 milia
744 2325 844 2366 hominum,

143 2374 251 2420 fragmentis
263 2374 325 2407 multis
337 2374 408 2409 relictis.
432 2376 516 2410 Crastina
527 2383 588 2411 autem
600 2377 629 2411 die
640 2388 695 2411 vacca
707 2388 748 2411 cum
759 2377 815 2411 vitulo
826 2375 845 2409 in

143 2439 188 2472 agro
196 2438 241 2462 sana
249 2433 322 2471 reperta
329 2432 361 2461 est.
406 2421 430 2462 In
436 2429 466 2462 illo
473 2429 522 2463 enirn
530 2430 569 2463 loco
575 2429 669 2464 suscitauit
677 2434 751 2463 sanctus
757 2428 845 2463 Patricius

143 2482 203 2516 virum
218 2480 311 2524 quendam
327 2479 401 2514 nomine
418 2480 462 2515 Fotai
477 2487 518 2525 post
533 2483 598 2516 decem
616 2492 674 2516 annos
693 2483 787 2526 sepulture
806 2491 844 2522 sue,

143 2540 251 2578 ceterosque
267 2534 331 2568 decem
346 2538 364 2567 et
378 2538 419 2568 octo
434 2533 453 2568 in
468 2535 534 2570 eodem
549 2536 589 2570 loco
604 2546 628 2570 ex
643 2534 746 2580 sepulchris
762 2534 801 2570 suis
815 2544 844 2569 re-

273 2597 278 2615 ¹
289 2597 307 2627 E.
314 2597 401 2630 consilium.
532 2598 539 2617 l
549 2599 577 2631 ste
583 2603 621 2630 note
627 2599 651 2619 Η
658 2609 673 2638 p.
681 2601 715 2638 285.
