1762 2803
251 76 297 131 mu
312 74 412 127 &aaut
428 73 569 129 buntaro.
716 87 760 131 245

58 195 110 229 cuius
122 195 204 230 doctrina
218 195 297 230 salubris
312 195 392 229 Cunctas
404 194 492 229 ecclesias
505 195 582 229 illustrat
596 194 615 228 in
629 194 674 228 orbe
690 194 761 228 fideles.

61 249 81 283 V.
101 249 191 283 Mundum
209 250 325 292 contempsit,
344 248 381 283 iam
401 249 457 283 celica
479 258 536 292 regna
556 247 651 283 subintrat.
681 247 761 282 Cunctas

58 302 146 336 ecclesias
154 302 231 337 illustrat
238 308 272 336 etc.

80 356 93 392 ll
101 355 159 389 Lectt'o
166 356 202 389 viii.
226 348 301 389 Interea
308 354 382 389 sancta¹
390 354 472 398 sepefata
482 353 621 388 sarisburiensis
631 352 708 387 ecclesia
715 357 761 386 tam·

58 418 114 452 quam
126 407 256 452 grauidissima
268 419 337 452 parens
348 407 419 442 vicina²
433 407 492 451 partui
504 407 587 451 pluribus
600 405 731 451 punctionibus
742 409 779 446 et5

58 461 151 503 pressuris
170 461 240 501 affecta,
253 461 334 504 itemque
351 460 416 504 cupide
434 460 508 493 videndi
527 459 585 492 sancti
603 459 663 503 plebis
678 458 761 502 pondere

58 512 142 556 iatigata;
159 517 276 557 anteceptum
290 512 379 547 hodierne
391 512 494 547 sestiuitatis
506 512 591 553 officium,
602 511 646 545 illud
658 510 761 545 Hieremia-

58 565 115 600 num³
126 565 254 611 propheticum
262 565 328 611 iugiter
336 564 467 611 ingeminando
476 564 571 601 clamauit:
588 564 687 600 ‘Ventrem
699 573 761 598 meum

58 619 117 662 doleo,
124 625 208 654 ventrem
217 631 280 654 meum
288 620 352 662 doleo,¹
361 619 398 654 acsi
406 619 487 664 apertius
495 630 539 654 voce
550 618 664 663 queribunda
672 617 760 652 dixisset:

58 673 142 707 ‘Satisne
151 674 195 707 mihi
203 673 237 707 soli
246 680 274 707 est
282 674 324 717 plus
333 684 388 717 quam
397 673 484 707 trecentis
490 672 543 707 annis
549 672 623 706 anxiam
632 677 650 706 et
657 671 760 705 dolorosam
772 681 790 702 ro

59 725 93 759 hoc
101 725 159 769 opus*
168 725 252 769 geniture
260 736 301 760 mee
312 726 373 760 nobile
381 736 428 759 onus
436 725 482 759 clam
490 724 613 759 intraviscera
621 722 762 758 continuasse³2

58 777 124 812 Videte
136 784 207 812 ceteras
218 789 296 822 sponsas
308 777 360 822 regni
370 789 425 821 quam
435 777 521 821 expedite
531 777 608 821 pignora
618 787 652 810 sua
662 775 760 810 edidere³:

58 830 125 873 videte,
137 832 217 875 inquam,
229 842 266 873 eas,
277 831 338 865 videte
352 837 370 865 et
383 842 419 864 me.
446 831 486 875 Ego
497 841 561 864 earum
574 830 643 874 aliquas
655 829 761 873 generando

59 885 141 928 preueni,
149 886 182 919 sed
194 884 251 919 abeis
262 884 351 930 pariendo
363 889 453 929 preuenta
464 885 516 918 sum!
539 883 592 926 Quod
602 894 647 917 sane
657 881 761 926 intelligens

59 937 124 971 nobilis
139 938 168 971 vir
183 938 288 971 Richardus
303 938 326 971 de
342 938 464 981 Bellocampo,
480 937 511 981 qui
527 937 610 971 eiusdem
625 941 669 969 tunc
684 935 761 969 ecclesie
771 945 789 976 ¹5

59 1000 126 1034 magno
134 991 244 1035 fungebatur
251 990 358 1033 sacerdotio,
364 990 454 1025 adiunctis
463 991 497 1025 sibi
506 991 576 1025 decano
583 1001 604 1024 ac
614 989 700 1024 fratribus
708 999 761 1033 para-

58 1044 140 1084 tissimis,
155 1045 238 1077 eiusdem
253 1044 315 1077 enim⁷
330 1044 365 1077 loci
380 1044 483 1083 canonicis;
503 1054 554 1077 more
570 1042 710 1086 vigilantissime
729 1043 761 1075 ob-

59 1095 142 1137 stetricis,
154 1107 191 1128 non
207 1101 243 1129 tam
256 1096 358 1140 prudenter
369 1095 474 1129 obseruauit
487 1107 542 1140 quarn
555 1094 663 1129 accelerauit
676 1099 761 1138 tempora

59 1154 128 1192 partus.
141 1149 223 1190 Quorum
231 1149 320 1193 impensis
327 1149 424 1183 deuotione
432 1160 453 1183 ac
460 1149 548 1183 industria
555 1149 667 1183 elaboratum
675 1153 703 1181 est
712 1148 759 1191 quod

58 1201 106 1235 intra
128 1203 208 1236 eundem
227 1214 295 1236 annum
314 1202 373 1236 sacte⁸
392 1202 541 1243 canonizationis,
560 1200 759 1245 decimoseptimoque⁹
770 1209 789 1229 ²0

59 1255 146 1289 kalendas
156 1255 232 1289 Sextilis
240 1255 334 1289 translatio
342 1255 381 1289 eius
389 1255 490 1289 solenniter
501 1255 592 1299 completa
602 1259 636 1288 est.
659 1254 692 1288 Cui
704 1253 760 1298 siqui-

59 1308 102 1341 dem
112 1308 205 1342 sestiuitati
215 1309 288 1353 copiose
299 1308 400 1343 intererant
409 1308 479 1353 primas
489 1308 544 1342 totius
551 1306 643 1352 prouintie
649 1306 668 1350 ¹⁰,
675 1306 761 1351 presules

59 1370 80 1393 ac
95 1360 189 1403 principes
205 1361 263 1403 regni,
279 1370 320 1394 cum
336 1360 428 1394 inferioris
442 1361 502 1404 plebis
517 1360 633 1393 multitudine
648 1359 760 1392 admiranda.

58 1412 82 1445 R.
95 1412 181 1446 Infirmos
193 1417 250 1454 curat,
261 1423 314 1446 cecos
328 1423 349 1446 ac
360 1412 464 1446 debilitatos
475 1412 565 1446 Membris
576 1411 682 1452 consolidat,
693 1410 760 1454 partim

58 1476 117 1509 genus
129 1476 184 1500 omne
195 1465 263 1499 doloris
275 1465 336 1499 Donat
348 1465 365 1499 ei
376 1465 462 1499 dominus
472 1471 491 1500 vt
502 1475 599 1500 remouere
610 1469 669 1509 queat.
699 1463 719 1498 V.
730 1463 760 1497 An
770 1471 788 1502 ²5

58 1519 115 1552 febris
123 1530 146 1552 an
154 1519 212 1563 pestis
220 1529 243 1553 an
252 1519 275 1553 sit
282 1529 370 1563 pressura
377 1520 466 1563 parentis,
475 1519 536 1552 Donat
543 1524 577 1552 etc.

80 1573 95 1608 ll
108 1572 165 1605 Lectio
178 1573 201 1605 ix.
224 1565 263 1606 iste
279 1583 323 1615 ergo
336 1577 364 1605 est
379 1571 419 1606 dies
425 1571 443 1614 ¹¹,
455 1572 520 1606 iratres
535 1570 653 1613 dilectissimi,
665 1575 761 1615 expectate

58 1625 123 1667 leticie,
131 1626 171 1660 dies
182 1625 306 1667 exultationis,
314 1625 403 1659 terminus
415 1626 498 1666 meroris,
509 1625 620 1669 principium
632 1624 761 1658 consolationis

59 1683 127 1711 nostre.
150 1678 211 1711 Hodie
219 1688 299 1721 namque
306 1678 374 1721 apertis
383 1678 483 1710 uisceribus
491 1682 540 1710 terra
547 1678 622 1721 protulit
630 1677 760 1714 consessorem,

59 1731 114 1765 hodie
129 1730 245 1764 Osmundum
260 1730 371 1774 tamquam¹²
383 1731 452 1764 mundo
470 1730 536 1764 iterum
553 1735 637 1764 exortum
652 1730 760 1773 gaudemus,
770 1737 789 1767 30

59 1783 113 1817 hodie
121 1794 196 1827 capsam
204 1782 321 1827 reliquiarum
329 1782 369 1816 eius
377 1782 429 1827 quasi
439 1782 528 1816 cunabula
535 1781 578 1815 noui
589 1781 681 1816 nascentis
690 1781 761 1815 deuotis

58 1837 154 1881 gressibus
163 1837 306 1881 frequentamus.
327 1836 358 1870 Ad
366 1842 485 1880 postremum,
493 1841 512 1871 vt
523 1841 578 1878 tuam,
585 1836 692 1871 venerande
702 1835 760 1880 ponti·

58 1891 95 1933 sex,
100 1890 215 1924 sanctitatem
221 1889 326 1923 familiarius
331 1890 475 1934 alloqueremur3
483 1889 659 1935 percunctantibus¹⁸
665 1889 701 1923 iarn
706 1889 760 1923 nobis

59 1955 95 1988 quo
104 1954 190 1978 sermone
201 1942 289 1977 hodierne
299 1942 409 1977 celebritatis
421 1948 452 1977 tue
461 1943 542 1977 officium
552 1942 613 1987 aptius
625 1942 760 1983 concludamus,

59 1996 104 2029 nihil
114 1996 175 2030 utilius
187 1997 281 2029 decretum
291 1996 369 2028 occurrit
379 1995 450 2039 [quam]
460 2001 480 2028 vt
490 1995 641 2039 omnipotentiam
652 1995 682 2028 dei
693 1996 712 2028 in
723 1995 761 2028 vita
770 2003 788 2034 35

59 2054 90 2082 tua
98 2048 183 2082 laudabili
191 2058 212 2082 ac
220 2047 348 2081 miraculorum
354 2047 412 2091 gestis
418 2047 544 2081 admirandam
550 2047 683 2091 colendamque
689 2047 761 2081 deuotis

59 2100 151 2146 preconiis
164 2100 273 2135 attollamus.
296 2099 340 2134 Eius
353 2110 432 2144 namque
448 2099 506 2145 gratia
520 2111 544 2135 ex
559 2099 618 2145 fragili
633 2099 761 2144 umbratilique

59 2153 170 2189 mundana'¹
182 2164 250 2198 pompa
261 2154 284 2188 ad
295 2153 374 2187 electum
385 2154 507 2188 sacerdotium
517 2159 593 2189 vocatus
604 2163 631 2195 es,
642 2153 682 2188 eius
693 2153 761 2188 virtute

59 2208 128 2242 sanctis
143 2207 226 2252 profuisti
241 2207 333 2251 operibus,
348 2207 388 2241 eius
405 2207 487 2251 potentia
505 2207 611 2241 clarissimis
626 2212 668 2252 post
683 2213 760 2241 mortem

59 2261 118 2306 signis
126 2261 226 2295 effulseras.
256 2260 295 2305 Eya
307 2271 350 2305 ergo
362 2260 404 2303 iam,
412 2260 514 2305 ma[g]ne¹⁵
525 2261 618 2303 sacerdos,
625 2271 705 2304 agnosce
713 2260 760 2295 hanc
769 2276 790 2306 40

59 2314 195 2358 prerogatiuam
206 2313 278 2347 virtutis
289 2318 325 2355 tue,
335 2313 377 2355 vt¹⁶,
389 2313 455 2347 ceteris
468 2323 519 2347 more
530 2313 619 2357 plorantis
631 2313 719 2347 Rachelis
730 2314 760 2347 de-

79 2391 182 2422 ¹E.sancto.
229 2391 343 2421 ²E.vicinam.
388 2391 545 2422 ³E.hierimianum.
592 2390 678 2429 ‘alpose
725 2391 761 2422 iul.

60 2432 163 2462 continuisse.
181 2434 183 2438 '
202 2430 236 2461 ⁸E.
244 2431 306 2462 sedere.
346 2429 393 2461 'om
401 2430 417 2461 in
425 2431 457 2461 SB.
502 2431 550 2462 ³513.
559 2440 608 2463 sacre.
651 2431 737 2470 ’queom
745 2432 761 2462 in

60 2472 92 2501 SB.
110 2470 235 2508 lsrannglie.
276 2471 287 2488 ¹¹
298 2471 317 2501 E.
325 2476 349 2500 est
357 2471 442 2508 diesergo.
485 2470 601 2509 ”Eumque
639 2470 678 2502 1ΙΕ.
687 2481 762 2509 perccun·

60 2511 135 2542 cantibus.
175 2510 446 2549 ¹¹SB.umbraseculiquepompa.
487 2509 586 2541 ¹⁵E.mune.
626 2509 708 2541 l'Sl3.et.
