1762 2803
243 112 289 169 vt
304 110 405 165 &anca
420 110 549 165 editam.
703 127 748 171 433

46 240 64 269 et
79 235 179 269 obsecrans
194 235 280 277 quatinus
298 234 363 277 regine
381 235 502 277 persuaderet
521 239 540 268 vt
558 233 628 268 omisso
642 233 750 277 virginitatis

47 287 147 330 proposito,
163 285 214 331 regie
233 285 323 320 voluntati
341 295 440 321 assensum
458 286 551 331 preberet.
580 285 614 320 ille
632 290 694 321 tamen
712 296 750 321 non

46 340 171 381 consentiens,
185 338 269 385 vigilanti
287 340 349 374 animo
368 339 479 384 procurabat
493 349 518 374 ne
533 349 570 384 qua
584 338 664 374 feminee
683 339 750 374 mentis

46 393 167 427 inconstantia
182 392 296 438 propositum
312 392 376 438 virgo¹
394 397 515 438 postponeret
532 398 550 428 et
563 393 643 428 terrenis
659 392 751 428 illecebris

46 446 127 481 animum
143 446 213 481 deuicta
228 453 346 491 supponeret.
375 446 414 481 Sua
429 446 478 481 eninr
497 446 547 481 erat'
562 446 651 481 industria
665 452 685 481 vt
699 446 768 491 virgo5

46 499 143 534 diuortium
154 504 247 542 quereret,
258 500 344 542 quatinus
358 499 442 533 libertate
454 498 512 541 potita
523 499 606 532 seculum
617 499 722 541 relinquere
733 504 751 532 et

47 551 85 594 regi
93 556 156 583 eterno
162 550 169 569 ³
176 550 254 585 feliciter
261 550 347 584 inherere
354 555 423 594 posset.
446 549 470 583 Et
481 549 549 584 lactum
561 554 589 584 est
600 548 630 584 ita.
653 549 701 584 Nam
709 560 751 585 cum

46 602 84 647 regi
96 607 188 638 constaret
199 603 250 638 nullo
261 602 311 638 illam
322 609 376 648 pacto
387 615 399 638 a
409 603 504 648 proposito
515 613 572 648 posse
583 602 656 646 mutari,
667 603 710 639 licet
723 605 751 639 in-

46 657 99 697 uitus,
111 657 201 691 concessit
212 662 232 691 vt
243 657 307 692 relicto
320 657 389 697 seculo,
400 658 448 691 sicut
458 656 536 698 volebat,
546 656 655 700 virginitatis
666 656 751 691 velamen

46 708 143 753 acciperet.
166 709 299 754 Ermenburgis
310 721 361 751 vero,
369 709 448 755 quedam
460 708 527 744 mulier
537 709 594 744 nobili
606 715 646 744 orta
657 710 751 754 progenie,
761 717 779 739 10

47 762 103 806 regali
119 763 203 807 coniugio
218 763 319 807 copulatur.
346 762 382 797 Per
397 762 445 796 hanc
461 762 511 797 enim
526 762 611 796 diabolus
626 763 688 797 odium
702 764 751 807 quod

47 816 178 850 contravirum
188 814 218 850 dei
228 815 312 858 habebat,
321 819 401 858 exercet,
409 814 491 849 anirnum
503 814 552 850 illius
563 814 635 850 iniectis
642 814 751 860 quibusdam

47 867 169 903 simultatibus
184 869 275 904 aduersus
289 879 332 904 eum
347 867 454 904 inflammat.
477 868 602 912 Quamobrem
620 868 678 913 glorie
693 868 752 913 digni-

47 921 116 965 tatique
128 921 187 966 ipsius
199 922 283 958 inuidere
298 923 352 967 cepit,
366 927 384 957 et
396 932 477 966 quonam
490 923 545 956 moda
561 932 604 956 eum
618 922 707 966 dignitate
718 933 752 956 sua

47 975 126 1018 spoliare
133 986 155 1009 ac
163 975 262 1020 spoliatum
270 975 348 1011 abiicere
356 980 425 1020 posset,
434 974 541 1010 occasiones
551 985 635 1019 querere.
663 975 752 1019 Exposita
761 983 779 1013 15

47 1028 122 1061 tandem
130 1028 169 1071 regi
177 1028 281 1062 diuitiarum
288 1028 322 1062 viri
330 1028 360 1061 dei
368 1028 497 1069 habundantia,
505 1028 623 1062 cenobiorum
631 1028 752 1069 multitudine,

47 1079 161 1114 edificiorum
166 1080 296 1125 magnitudine,
302 1080 416 1116 subditorum
422 1081 525 1126 principum
531 1080 663 1123 turbaintulit:
671 1081 751 1127 ‘Ecquid

47 1133 347 1179 ampliusipsetibi‚quamtusibil
358 1134 425 1169 Totum
431 1140 565 1179 regnumtuum
571 1134 686 1180 episcopatus
692 1135 752 1180 ipsius

47 1191 87 1228 est;
97 1191 121 1228 et,
126 1186 142 1221 si
149 1191 180 1221 tua
186 1191 268 1232 potestas
274 1188 313 1223 eius
319 1187 405 1232 potestati
413 1192 534 1232 comparatur,
539 1188 599 1223 minor
607 1193 641 1223 est.
652 1188 752 1223 Terminus

48 1240 97 1273 enim
107 1240 180 1284 imperii
189 1241 215 1274 tui
225 1241 264 1274 suis
273 1240 340 1274 finibus
349 1246 451 1275 coartatur:
462 1241 553 1274 terminus
563 1245 624 1274 autem
634 1240 752 1284 episcopatus
760 1249 780 1270 πο

48 1291 88 1325 eius
99 1297 141 1325 tuos
151 1293 200 1326 fines
211 1293 327 1337 progreditur
338 1292 443 1327 auctoritate
453 1296 470 1326 et
480 1292 598 1327 transcendit.
620 1291 686 1327 Fateor
695 1292 752 1336 enim,

49 1343 133 1378 fidelibus
139 1345 175 1379 tuis
181 1349 200 1379 et
206 1345 271 1379 amicis
277 1350 306 1380 est
313 1345 415 1379 timendum
420 1355 444 1379 ne
452 1346 468 1378 si
476 1344 573 1388 aliquando
580 1344 648 1379 inimici
656 1345 682 1379 tui
689 1350 753 1380 contra

48 1401 66 1430 te
78 1407 129 1431 arma
140 1397 260 1442 susceperint,
271 1397 313 1442 ipse
328 1407 383 1442 quam
396 1397 478 1442 predicat
489 1407 554 1442 pacem
566 1398 662 1442 sequendo
673 1408 717 1433 suos
729 1398 753 1433 ab

48 1450 104 1484 armis
117 1451 210 1486 immunes
224 1452 307 1493 retineat,
320 1456 376 1495 tuque
389 1456 462 1485 tuorum
476 1450 568 1496 paucitate
582 1450 662 1485 inimicis
677 1451 753 1486 inferior

48 1501 106 1537 victus
118 1504 220 1539 occumbas.
243 1503 352 1547 Eapropter‚
360 1514 384 1538 ne
396 1503 443 1537 forte
450 1504 469 1536 in
476 1504 517 1546 ipso
528 1503 598 1545 negocii
606 1509 647 1537 actu
655 1509 687 1536 tua
693 1503 753 1538 virtus
761 1512 779 1541 ²5

49 1555 125 1597 decidat,
133 1565 169 1599 quc
177 1556 244 1589 obsunt
254 1560 318 1590 cautus
328 1554 433 1599 preordina.
455 1554 491 1588 Tui
501 1555 551 1589 enim
561 1555 636 1590 honoris
648 1556 753 1592 nullatenus

49 1616 91 1642 esse
98 1612 163 1651 potest,
172 1618 209 1642 non
220 1608 261 1642 dico
271 1608 393 1653 superiorem,
401 1609 435 1643 sed
445 1618 510 1653 parem
520 1614 539 1644 te
549 1608 654 1653 quempiam
665 1609 684 1644 in
694 1620 753 1654 reguo

49 1665 79 1695 tuo
88 1661 166 1696 habere!
189 1662 265 1697 Talibus
272 1673 306 1697 rex
314 1663 375 1697 verbis
383 1662 471 1703 turbatus,
479 1662 545 1696 melius
556 1662 608 1696 suis⁴
616 1662 672 1696 rebus
681 1662 753 1697 consuli

49 1723 86 1747 non
98 1725 154 1758 posse
165 1714 241 1759 putauit,
248 1725 304 1759 quam
316 1715 346 1759 [si]
358 1714 397 1749 viro
408 1714 438 1749 dei
450 1714 489 1749 suis
500 1714 585 1748 omnibus
596 1714 673 1759 priuato,
681 1715 753 1758 episco-

49 1772 103 1808 patus
111 1768 151 1801 eius
157 1768 177 1801 in
184 1767 248 1811 plures
256 1766 385 1810 episcopatus⁵
392 1766 509 1801 diuideretur.
523 1766 547 1799 Et
555 1777 597 1799 cum
604 1772 667 1810 preter
675 1777 753 1800 consen·
761 1777 781 1806 30

50 1827 90 1851 sum
99 1818 231 1852 cantuariensis
239 1817 373 1863 archiepiscopi
383 1818 417 1852 hoc
428 1818 468 1852 fieri
477 1828 514 1852 non
521 1819 598 1859 valeret,
605 1819 661 1853 verba
672 1819 752 1864 maligne

50 1871 171 1907 accusationis
182 1871 280 1906 Theodoro
292 1872 430 1917 archiepiscopo
446 1873 526 1914 mandat,
540 1876 558 1907 et
571 1872 594 1906 ad
608 1882 641 1908 sue
653 1872 752 1907 voluntatis

51 1926 142 1969 effectum,
147 1928 245 1971 deceptum
250 1925 329 1960 inclinat.
339 1925 394 1960 Venit
401 1935 445 1968 ergo
451 1924 474 1958 ad
479 1924 560 1967 regalem
565 1925 633 1960 curiam
638 1924 753 1968 Theodorus,

51 1989 84 2013 sua
94 1979 200 2014 auctoritate
209 1978 279 2022 regiam
286 1978 399 2013 voluntatem
410 1988 467 2021 super
474 1976 560 2011 Wilsrido
570 1978 684 2022 impleturus.
707 1979 753 2012 Pro-

45 2030 100 2065 tinus
115 2037 176 2066 autem
191 2032 210 2065 in
225 2032 285 2065 locum
300 2031 340 2065 eius
355 2035 394 2065 tres
410 2030 513 2074 episcopos,
525 2040 547 2065 eo
562 2030 644 2071 absente,
656 2030 753 2074 ordinauit,
761 2041 781 2071 ³⁵

50 2085 130 2120 “Bosam
138 2084 215 2121 ecclesie
223 2084 336 2125 eboracensi,
341 2083 407 2117 Eatam
414 2082 557 2125 lindisfarnensi,
562 2083 688 2119 Tunbertum‘·
695 2086 753 2129 hagu-

51 2137 151 2182 stadensi,
163 2143 182 2173 et
190 2148 226 2173 non
234 2137 291 2173 multo
298 2142 341 2183 post
348 2135 468 2172 Trunwinum
478 2137 501 2172 ad
510 2136 625 2182 prouinciam
633 2137 725 2173 Pictorum
734 2137 754 2174 in

50 2192 90 2226 loco
99 2193 130 2237 qui
138 2192 226 2226 ‘candida
233 2193 286 2227 casa'
294 2192 394 2232 dicebatur,
401 2201 437 2235 que
448 2195 491 2225 tunc
502 2191 592 2235 temporis
601 2192 705 2234 Anglorum
714 2198 754 2226 erat

52 2244 130 2288 imperio
137 2245 223 2279 subiecta.
244 2244 286 2286 Quo
293 2243 355 2279 audito
361 2243 459 2278 Wilsridus
466 2243 586 2278 admiratione
594 2243 675 2278 maxima
682 2245 754 2287 ductus,

51 2296 104 2331 hilari
112 2298 172 2338 corde,
180 2297 236 2331 alacri
243 2297 301 2338 vultu,
307 2297 391 2331 modesto
399 2306 464 2339 gressu
472 2297 521 2340 regis
529 2296 615 2340 palatium
623 2296 671 2339 adiit,
679 2307 753 2331 eausam
761 2305 782 2336 4⁰

51 2349 119 2393 negotii
130 2349 269 2393 perquisiturus.
292 2348 325 2382 Cui
338 2349 372 2382 hoc
384 2349 439 2382 modo
450 2348 560 2382 Theodorus
571 2348 629 2382 dixit:
641 2348 690 2383 ‘Nec
703 2353 722 2384 te
734 2348 753 2384 in

51 2402 185 2444 presentiarum
193 2400 269 2437 alicuius
277 2401 359 2437 criminis
366 2401 478 2437 admissione
486 2406 577 2443 notamus,
584 2411 618 2437 nec
626 2406 688 2437 tamen
696 2407 754 2438 statu·

51 2459 90 2490 tum
96 2457 120 2491 de
126 2460 144 2491 te
150 2455 236 2491 iudicium
243 2455 278 2490 hac
283 2455 324 2490 vice
330 2455 452 2490 mutabimus!
470 2454 513 2490 Hiis
520 2455 586 2491 auditis
594 2456 629 2490 ad⁸
636 2456 753 2501 apostolicam

71 2539 301 2577 ιΤ.νίτεο;Εηνῑηςίιιῐῑεῐίε.
346 2539 418 2569 ¹Eadm.
427 2538 463 2576 egit.
508 2538 543 2568 ³E.
551 2543 610 2570 eterna.
655 2537 754 2570 ‘Tacitus

52 2575 186 2619 *atepiswpoa
225 2578 261 2610 ‘ci
269 2578 347 2610 BcdalV.
357 2588 381 2610 12.
421 2577 457 2609 ἵΕ.
465 2578 559 2610 rimbertum.
599 2578 674 2610 'aton

73 2636 113 2660 von
121 2637 140 2660 11.
389 2634 400 2660 F
408 2624 418 2660 f
