1762 2803
297 155 342 211 bt
357 153 457 208 &aaran
472 154 612 207 bonifacio.
766 171 808 213 129

103 275 146 319 quid
158 286 192 320 pro
203 281 221 310 te
232 278 269 320 fiet,
280 278 304 311 ad
319 277 401 319 aliorum,
412 278 478 321 quibus
493 278 589 319 abstulisti,
600 277 690 312 referetur
705 278 808 312 comodum.

103 328 159 363 Modo
170 340 214 364 vero
226 331 271 365 alios
282 337 319 365 tam
331 331 411 365 euidenti
423 332 494 375 corrige
506 332 564 376 signo,
576 342 622 377 quos
637 331 739 365 inconsulto
752 330 808 366 corri-

102 382 158 426 puisti
170 385 266 428 exemplo)
288 385 338 418 Abiit
352 384 388 426 ille,
399 390 417 418 et
429 384 484 419 nichil
496 395 517 419 se
527 395 595 419 vanum
606 384 681 427 vidisse,
693 390 730 419 tam
744 394 808 419 recen·

102 436 151 470 tibus
162 436 221 480 plagis
232 447 287 482 quam
299 443 358 473 morte
369 438 454 482 proxima
465 437 602 473 demonstrauit.

125 553 172 597 [MS.
180 554 220 589 Tib.
228 556 284 589 adds:
410 555 500 589 Narraao.

124 631 193 674 ¹Circa
203 651 271 674 annum
281 641 350 676 domini
360 641 478 677 millesimum
488 641 660 686 quinquagesimum
670 640 763 676 Henricus
772 640 824 679 ἰπὶ-5

102 697 176 736 perator
194 694 273 728 tercius²
287 695 336 739 apud
353 694 468 739 Magonciam
488 700 608 739 pentecosten
625 695 733 735 celebrans;
752 694 806 739 paulo

102 750 145 778 ante
156 746 232 780 missam
242 758 283 780 cum
293 748 356 781 sedilia
365 753 474 791 pararentur
482 748 502 781 in
511 747 593 788 ecclesia,
604 754 664 781 ortum
675 749 711 790 (est
719 748 805 791 iurgium)

102 797 151 832 inter
169 799 288 834 cubicularios
309 799 446 843 archiepiscopi,
465 805 484 834 et
506 800 590 843 abb(atis)
614 800 704 834 fuldensis
730 799 806 841 cenobii,

102 855 184 885 utrorum
201 852 287 886 dominus
306 852 356 886 iuxta
377 853 519 896 (imperatorem)
541 853 619 886 sederet,
651 852 698 886 Nam
722 852 806 886 fuldense

102 903 198 938 cenobium
218 905 294 948 pre(diis
311 911 339 939 est
358 905 442 947 di)tatum
461 905 608 949 permagnificis;
627 904 678 939 cuius
696 904 731 938 loci
749 905 807 939 abbas
817 912 835 934 10

103 956 263 1000 (sexagintalmilia
274 964 385 992 armatorum
399 959 463 1002 prebet
475 958 494 991 in
506 958 578 991 hostem
589 957 706 1001 (imperatori,
717 958 742 1000 et)
752 958 807 992 habet

102 1019 126 1042 ex
138 1009 212 1053 antiquo
227 1010 343 1054 priuilegium
359 1010 424 1052 (utin)
441 1012 513 1054 magnis
529 1010 656 1044 festiuitatibus
673 1011 696 1044 ad
712 1010 806 1044 dexteram

102 1061 218 1105 imperatoris
234 1063 302 1097 sedeat.
331 1063 394 1107 Itaque
410 1069 486 1097 uentum
504 1068 532 1097 est
547 1064 571 1097 ad
587 1073 673 1107 pugnam,
693 1064 725 1106 (et)
744 1063 807 1098 surore

102 1124 137 1157 per
155 1115 251 1149 ecclesiam
269 1121 371 1160 grassante,
390 1115 515 1160 pauimentum
534 1115 624 1160 sanguine
644 1115 745 1150 inundauit.
774 1115 807 1150 Set

102 1167 164 1201 statim
175 1167 267 1213 episcopis
276 1169 415 1203 conuolantibus
424 1179 469 1212 pace
480 1169 527 1202 inter
537 1167 618 1213 reliquos
628 1173 700 1211 statuta,
711 1168 807 1213 (templum
817 1183 835 1213 15

101 1220 202 1264 pur)gatur,
221 1227 239 1255 et
263 1222 320 1256 missa
341 1222 411 1256 festinis
435 1222 544 1255 clamoribus
565 1222 600 1264 (est
623 1222 676 1264 acta).
704 1221 807 1266 Sequenda

102 1278 163 1305 autem
174 1279 285 1317 percantata,
296 1279 315 1308 et
326 1274 396 1318 (ultimo
408 1274 455 1316 eius)
468 1283 524 1307 uersu
536 1273 584 1307 dicto
600 1274 659 1307 ‘hunc
674 1274 723 1308 diem
739 1273 806 1318 glorio·

102 1335 144 1359 sum
159 1326 241 1369 (fecisti),’
255 1337 292 1361 uox
307 1327 330 1361 ab
346 1337 389 1361 aere
402 1327 454 1371 lapsa
467 1332 495 1361 est
509 1326 583 1361 dicens:
603 1326 670 1369 ‘lhunc
686 1327 742 1370 diem)
755 1327 806 1361 belli·

102 1389 165 1411 cosum
184 1390 218 1422 ego
237 1379 281 1413 feci!
315 1380 425 1423 Rigentibus
444 1380 529 1413 omnibus
548 1381 589 1423 (pre
608 1379 688 1421 timolre,
706 1380 807 1423 imperator

102 1430 199 1474 diligenter
215 1431 313 1466 intendens
329 1432 422 1474 letilciam)
438 1431 511 1472 inimici,
523 1430 549 1465 sic
560 1432 625 1466 affatus
638 1436 678 1466 est:
691 1430 735 1473 ‘Tu,
743 1432 806 1475 inquit,
816 1445 835 1467 ro

102 1483 163 1517 omnis
175 1484 272 1527 (mesjticie
285 1490 304 1519 et
316 1484 387 1518 malicie
400 1484 485 1518 inuentor
497 1484 582 1518 simulet
594 1484 682 1526 incentor,
694 1483 743 1518 diem
756 1484 807 1518 belli-

102 1546 167 1569 cosum
178 1541 196 1570 et
211 1537 338 1580 arrogantibus
351 1538 454 1571 luctuosum
466 1536 536 1570 fecisti:
552 1541 581 1570 set
592 1547 627 1570 nos
638 1547 672 1582 per
683 1536 713 1571 dei
727 1536 807 1581 graciam

102 1587 154 1622 illum
160 1589 267 1633 glorios(um
273 1590 390 1633 redde]mus.'
410 1589 433 1624 Et
441 1600 485 1624 mox
494 1589 588 1634 reincepta
596 1589 695 1634 sequencia
702 1590 808 1635 (sollempni

102 1642 174 1685 ploratu
195 1643 270 1686 spiritus
291 1645 349 1678 sancti
367 1644 447 1687 graciam
471 1642 564 1683 inuitabat,
583 1642 623 1677 aliis
644 1642 757 1686 plorantibus
777 1643 808 1677 uel

102 1695 223 1737 cantantibus,
234 1695 320 1729 omnibus
331 1695 385 1730 simul
396 1700 471 1740 pectora
482 1695 606 1729 tundentibus.
629 1695 688 1729 Finita
701 1695 763 1737 missa,
774 1707 809 1740 per
817 1709 835 1739 ²5

103 1758 194 1791 precones
211 1759 280 1793 egenos
299 1759 364 1784 omnes
381 1755 399 1783 et
414 1758 506 1793 pauperes
522 1748 629 1792 congregari
645 1747 703 1791 iussit,
714 1754 733 1783 et
751 1748 808 1793 dapes

103 1801 186 1844 quesibi
201 1806 219 1835 et
234 1802 332 1836 curialibus
348 1807 411 1847 parate
428 1806 485 1843 erant,
501 1800 543 1846 ipso
559 1806 647 1845 presente
662 1806 681 1835 et
699 1800 773 1837 uidente
788 1802 807 1838 in

103 1864 148 1887 usus
158 1864 222 1887 eorum
232 1855 313 1898 expendi
323 1855 370 1888 fecit.
415 1847 456 1887 Illis
466 1854 531 1888 diebus
542 1853 662 1897 Gengulphus
671 1855 689 1887 in
701 1854 808 1898 Burgundia

103 1905 172 1946 claruit,
184 1905 215 1949 qui
226 1907 295 1941 fontem
306 1908 350 1941 emit
362 1906 381 1940 in
394 1906 457 1946 Gallia,
471 1910 489 1939 et
501 1916 543 1940 eum
556 1905 599 1939 oriri
610 1905 653 1940 fecit
664 1906 683 1939 in
695 1906 807 1950 Burgundia.

104 1958 160 1992 Cuius
170 1959 256 1992 uenditor
265 1960 309 1992 dum
320 1964 422 2002 emptorem
433 1957 538 2000 irrid(eret),
546 1963 623 2002 repente
633 1957 701 1992 fontem
710 1968 764 1992 suum
772 1959 806 1992 sic·
815 1971 836 2000 3⁰

103 2016 163 2045 catum
171 2011 220 2046 uidit.
242 2011 288 2045 Cum
297 2011 373 2053 (autem)
381 2011 460 2055 quadam
468 2010 497 2044 die
506 2010 556 2044 iuxta
563 2010 632 2044 fontem
640 2010 717 2045 illumin
725 2016 765 2045 orto
773 2021 807 2045 suo

103 2064 209 2098 mirabiliter
216 2064 287 2098 ortum³
296 2064 374 2106 sederet,
380 2063 429 2097 idem
436 2063 557 2108 Gengulphus
563 2073 604 2098 cum
612 2073 670 2098 uxore
677 2073 711 2098 sua
718 2064 807 2107 adultera,

103 2117 152 2161 oepit
163 2117 213 2151 illam
224 2118 308 2161 arg(uere
319 2117 349 2159 de)
362 2116 445 2150 adulterii
458 2116 532 2150 infamia
543 2116 641 2151 commissi.
664 2116 725 2158 Quod
737 2117 806 2151 crimen

103 2179 145 2203 cum
156 2169 187 2204 illa
198 2170 319 2204 uehementer
331 2174 412 2212 negaret,
423 2168 527 2203 facillimam
542 2168 559 2202 ei
574 2168 701 2213 purgationem
716 2169 807 2213 opposuit,

104 2222 179 2258 dicens:
197 2223 227 2257 ‘Si
242 2223 271 2257 uis
285 2228 305 2257 ut
319 2222 400 2264 credam)
414 2226 433 2255 te
448 2222 482 2256 sub
497 2222 538 2265 (hac
553 2222 635 2264 infalmia
650 2221 695 2256 falso
710 2221 805 2266 labo(rare,
815 2234 834 2265 35

103 2276 184 2319 denuda)
199 2275 302 2319 brachi(um
317 2275 375 2317 tuum)
391 2280 409 2309 et
421 2274 467 2308 affer
479 2274 534 2309 michi
549 2274 631 2319 lapillum
646 2275 670 2308 de
684 2274 740 2309 fundo
751 2275 806 2309 sonti-

105 2328 160 2372 (culi).
190 2329 211 2363 Si
221 2329 294 2364 illesum
305 2327 398 2362 brachium
409 2328 514 2369 retraxeris,
525 2328 600 2361 credam
610 2327 659 2371 quod
669 2327 758 2362 innocens
769 2329 806 2364 sis.¹

105 2381 158 2422 Quod
171 2382 208 2424 (illa
223 2382 313 2423 audilens,
326 2390 391 2414 secure
406 2380 501 2413 brachium
516 2379 606 2413 immersit
619 2379 676 2413 fonti:
696 2381 721 2423 (et
736 2380 806 2423 statim)

105 2434 220 2468 combustum
234 2434 293 2476 uellut
306 2433 328 2467 ab
342 2432 391 2476 igne)
407 2432 487 2466 retraxit.
509 2431 562 2465 Tunc
574 2436 648 2465 sanctus
664 2432 687 2465 ad
703 2431 753 2467 illam
769 2434 806 2468 ait:

104 2485 183 2530 ‘(Ecce,)
195 2490 271 2531 apparet
284 2485 352 2521 ueritas
365 2484 429 2529 flagicii
443 2485 479 2518 tui:
494 2483 542 2518 habe
557 2495 600 2530 ergo
613 2485 652 2529 tu(a
667 2489 686 2519 et
699 2485 761 2529 mlane
772 2498 807 2531 per
814 2498 835 2528 4⁰

105 2543 129 2581 te,
138 2539 168 2572 uel
179 2550 220 2573 cum
230 2539 313 2573 adultero
322 2544 363 2572 tuo:
376 2549 419 2571 nam
429 2538 486 2580 selcia
495 2537 543 2578 mea)
554 2537 602 2571 ultra
611 2548 649 2571 non
660 2538 707 2572 eris.l
730 2539 754 2573 Et
765 2540 807 2573 data

113 2610 223 2643 '¹CfVinc.
231 2611 292 2643 Bellou
300 2612 351 2643 XXV.
360 2621 383 2650 19.
443 2610 570 2643 ²T.secundus.
631 2610 693 2643 'Vino
701 2611 782 2643 orientem.

450 2670 463 2695 K
