1762 2803
52 141 190 182 assuras]
210 128 676 193 Domuumuuuuttntetmattptt.
708 133 752 189 615

51 256 151 294 recusatiue.
173 256 197 288 Et
209 254 249 297 quia
262 253 320 287 omnia
334 254 389 286 Rome
402 252 474 292 venalia,
484 252 507 286 ad
522 252 555 285 hoc
568 257 594 286 est
606 251 663 286 audax
675 259 754 296 promota

51 309 122 354 presulis
134 307 198 348 lingua,
212 305 311 348 promittens
325 305 360 347 regi
373 311 518 353 centum'marcas
530 305 566 338 auri
578 305 593 338 si
606 305 640 338 sibi
653 305 754 339 concederet

52 357 181 405 plantacionem
189 355 291 397 enarrandi;
302 356 370 388 nescius
381 355 436 388 sancti
443 354 538 388 vindictam
548 365 579 399 pro
590 355 655 389 toribus
666 365 704 389 esse
715 365 754 398 pre·

52 416 121 446 sentem.
145 408 212 440 Interea
220 405 276 450 presul
284 405 362 450 equitans
370 406 387 440 in
399 405 442 440 silua
449 405 491 440 dum
499 406 521 440 de
532 404 612 449 predictis
623 405 703 441 iniuriose
714 416 754 441 curn

51 460 86 494 suis
92 468 187 492 sermonem
193 458 265 490 iaceret:
273 467 330 490 ramus
338 456 403 499 inpegit
407 456 444 490 eius
449 456 466 489 in
472 456 532 496 oculis,
538 456 592 490 sancti
597 456 676 491 videlicet
681 456 753 498 ulcione,
761 465 770 495 5

52 519 117 554 ponens
130 518 169 540 eum
183 508 200 540 in
214 506 301 549 inopinate
312 505 396 549 passionis
407 516 494 548 angorem,
506 506 560 539 versis
573 507 657 540 ambobus
670 506 724 540 oculis
735 507 753 540 in

52 558 148 601 multiplicis
160 557 247 598 sanguinis
259 557 374 588 suffusionem.
392 556 429 588 Visi
443 562 483 587 sunt
495 555 541 588 intus
556 556 600 588 oculi
615 556 682 599 putride
697 557 753 591 carnis

52 608 103 653 pleni,
114 617 146 640 nec
159 617 170 639 a
182 616 268 649 quoquam
278 606 315 639 uiro
325 606 405 639 valebant
416 604 498 638 auxiliati.
521 606 569 639 Iacet
578 608 635 648 presul
647 617 686 639 vere
697 617 754 649 cecus,

52 659 168 699 tantillumque
181 656 263 699 refrigerii
275 657 339 699 potitur
349 656 395 699 quod
408 657 479 699 sanguis
492 656 600 700 purulentus¹
613 657 636 690 ab
648 657 702 691 oeulis
715 668 754 691 cum

52 709 99 752 spica
110 706 157 741 ordei
169 706 269 740 detrahitur.
292 709 330 740 Hec
342 707 383 740 dum
391 706 466 740 viderem
474 707 549 751 quodam
560 717 611 740 mane
621 707 754 750 superueniens:
763 714 782 736 ¹0

53 765 107 791 tactus
123 758 159 789 eius
174 757 291 796 miseracione,
307 763 323 789 et
339 767 400 798 exspes
415 757 470 789 sactus
485 768 506 789 ex
521 767 591 789 suorum
610 757 693 798 sospitate
708 757 755 789 visus

52 807 143 845 oculorum,
154 805 188 838 dixi
200 806 284 839 adeum:
302 806 387 838 ‘Domine
402 806 464 848 presul,
477 805 495 838 in
507 816 569 839 vanum
579 806 620 849 per²
631 812 649 839 te
662 807 755 848 laboratur,

52 859 116 891 nullum
124 857 187 899 quippe
197 857 280 890 collirium
291 856 322 891 tibi
333 858 414 899 prodesse
424 856 503 891 uidetur:
516 863 542 890 set
553 857 628 899 graciam
639 857 667 890 dei
679 857 755 900 requiras

53 910 119 947 deuote,
134 907 219 951 simulque
233 914 312 941 sanetum
325 907 444 949 Edmundum,
456 907 485 950 qui
499 907 517 940 in
529 907 562 940 hiis
574 907 682 940 comitatibus
697 914 755 950 patro-

52 958 122 992 cinatur.
146 958 206 1001 Dirige
217 957 297 991 citissime
307 957 330 991 ad
337 958 418 991 abbatem
426 957 543 991 Baldewinum
552 967 591 991 cum
598 958 646 1002 pacis
654 958 754 1000 bumilitate,
764 969 781 1002 ¹5

53 1015 70 1042 ut
78 1008 108 1041 tibi
119 1019 150 1050 per
157 1019 217 1050 preces
228 1010 251 1041 ad
261 1009 312 1041 deum
321 1015 433 1050 sanctumque
441 1008 554 1041 Edmundum
562 1009 602 1042 velit
610 1009 755 1043 medicamentum

52 1058 129 1091 sanitatis
140 1058 243 1100 inpendere.¹
267 1059 319 1092 Cuius
331 1058 368 1100 ipse
379 1058 435 1100 primo
445 1057 538 1101 uesperam
546 1058 677 1100 admonicionis,
685 1065 756 1101 propter

52 1107 121 1140 iniurias
134 1107 194 1141 abbati
211 1108 279 1147 illatas·,
295 1113 321 1141 set
335 1108 433 1146 statimab
446 1107 524 1141 omnium
538 1118 608 1142 suorum
624 1108 700 1151 consilio,
712 1119 755 1142 eon-

52 1158 108 1191 silium
121 1158 181 1191 datum
195 1159 275 1201 prosequi
290 1159 342 1199 iubet,
357 1164 375 1191 et
390 1163 408 1190 ut
421 1168 481 1191 omnes
494 1159 532 1191 lites
548 1165 565 1191 et
579 1159 695 1192 controuersie
710 1159 755 1193 inter

52 1209 108 1250 ipsum
118 1213 136 1241 et
147 1209 228 1241 abbatem
239 1209 364 1251 imperpetuum
374 1209 500 1251 conquiescant.
523 1209 613 1252 Inponitur
620 1220 661 1252 ergo
668 1220 755 1253 supernae
763 1221 784 1242 ao

52 1258 90 1289 talis
101 1258 172 1299 regante,
184 1268 236 1299 quam
245 1263 262 1291 et
273 1260 335 1291 eadem
344 1259 378 1299 die,
385 1258 430 1290 festo
441 1258 507 1291 scilicet
518 1259 634 1300 apostolorum
645 1259 726 1301 Symonis
737 1264 755 1292 et

53 1307 100 1347 lude,
112 1307 192 1349 perlici0;
207 1314 302 1341 memorato
315 1308 378 1341 abbate
390 1318 418 1341 me
431 1307 457 1341 sui
470 1307 528 1350 gracia
541 1309 635 1342 luculenter
647 1308 753 1353 suscipiente

51 1357 155 1391 luculencius
168 1368 236 1401 quoque
251 1368 309 1391 coram
323 1359 396 1392 testibus
410 1359 530 1400 respondente,
542 1363 560 1392 et
571 1358 704 1393 luculentissime
714 1370 756 1402 pos-

52 1408 105 1441 tulata
120 1409 230 1442 concedente.
253 1409 319 1450 Quibus
334 1408 407 1451 benigue
422 1408 514 1449 concessis,
526 1409 617 1443 descendit
631 1409 654 1443 ad
665 1409 756 1443 abbaciam

52 1459 108 1500 presul
124 1458 190 1497 debilis,
205 1470 243 1492 cum
258 1459 304 1492 omni
319 1464 409 1502 susceptus
423 1464 507 1502 apparatu
522 1459 598 1500 decoris3
613 1460 673 1493 iruitur
687 1460 756 1495 abbatis
764 1474 782 1504 ²5

52 1508 125 1550 alloquio
137 1508 211 1549 salutari,
219 1508 343 1541 commonentis
354 1517 393 1541 eum
404 1507 432 1540 vt⁴
440 1507 454 1540 si
468 1508 508 1550 quid
521 1508 620 1542 offensionis
632 1515 692 1542 contra
704 1509 756 1543 deum

52 1557 78 1590 vel
93 1563 171 1591 sanctum
190 1558 301 1592 Edmundum
316 1563 376 1601 suapte
391 1557 418 1599 sit,
432 1568 452 1592 se
469 1557 532 1592 debere
546 1558 660 1602 premeditari,
675 1559 756 1604 quatinus

52 1609 126 1649 peccatis
141 1608 196 1651 primo
209 1608 287 1649 leuiatus,
300 1608 393 1651 inpensura
404 1608 491 1641 medicina
502 1609 573 1643 celerius
585 1610 630 1643 foret
643 1610 756 1644 alleuiandus.

52 1659 117 1692 Annuit
129 1660 185 1701 presul
195 1660 251 1693 verbis
263 1660 304 1692 boni
315 1659 386 1699 consilii,
397 1665 414 1692 et
426 1670 447 1692 eo
459 1659 534 1692 deducto
544 1659 561 1692 in
573 1660 646 1693 ecclesie
658 1660 738 1694 vestiario
743 1659 756 1703 ³,

52 1709 159 1750 presentibus
174 1710 250 1742 eiusdem
265 1709 298 1742 loci
313 1709 409 1742 senioribus
424 1708 504 1742 fratribus
515 1714 532 1742 et
544 1710 647 1752 quibusdam
662 1712 708 1752 regis
721 1710 755 1752 pri-
764 1718 784 1747 3⁰

52 1758 133 1798 moribus,
142 1760 216 1800 Hugone
228 1759 250 1792 de
263 1758 351 1797 Montium,
359 1760 427 1799 Rogero
439 1757 496 1798 Bigot,
506 1763 523 1790 et
534 1759 611 1791 Ricardo
621 1759 655 1792 lilio
666 1759 756 1800 Gilberti⁸,

52 1817 91 1840 cum
102 1808 140 1841 aliis
151 1808 239 1851 pluribus:
253 1808 271 1840 in
282 1818 355 1851 quorum
366 1807 456 1840 audiencia
466 1807 530 1851 profert
541 1808 632 1852 episcopus
643 1819 713 1843 causam
725 1820 755 1844 sue

52 1862 164 1903 necessitatis,
172 1868 276 1895 memoratur
287 1861 346 1895 iniun'e
357 1871 409 1905 quam
420 1871 461 1904 erga
472 1861 529 1895 locum
540 1868 619 1895 sanctum
628 1863 686 1896 iecerit
693 1863 756 1897 iniuste

53 1911 117 1945 vicibus
131 1913 193 1954 multis,
205 1913 258 1945 verbo
270 1923 289 1945 se
299 1911 341 1945 dicit
352 1918 370 1944 et
381 1911 423 1944 velle
435 1911 452 1944 in
460 1911 511 1944 deum
522 1917 540 1944 et
552 1918 630 1945 sanctum
643 1913 756 1947 Edmundum

52 1973 138 2004 peccasse,
148 1969 165 1996 et
175 1963 265 1996 ablacione
278 1962 333 1995 baculi
347 1961 436 2004 pastoralis
448 1961 525 2004 superius
539 1961 579 1995 dicti
592 1962 711 2003 reminiscitur,
723 1974 755 2005 pro
764 1969 782 1999 35

53 2022 87 2054 quo
97 2013 209 2046 Tireiordiam
220 2012 310 2046 confestim
321 2011 399 2045 mittitur.
422 2012 443 2044 ln
456 2011 535 2044 omnibus
548 2022 567 2044 se
574 2011 636 2045 fatetur
647 2012 755 2055 culpabilem,

53 2061 115 2095 clamat
129 2062 147 2095 in
162 2062 252 2095 audiencia
268 2062 324 2094 locum
340 2072 378 2095 esse
393 2060 469 2105 quietum
483 2072 504 2094 ac
519 2061 612 2104 liberalem,
624 2064 706 2107 dampnat
723 2064 755 2097 sub

52 2115 161 2147 anathemate
170 2123 212 2157 quos
220 2113 325 2147 consiliarios
333 2113 410 2146 habuerit
419 2112 464 2152 inde,
469 2116 486 2145 et
493 2116 533 2145 voto
541 2112 643 2156 constringit
650 2124 669 2147 se
679 2112 713 2157 [se]
721 2114 756 2148 tule

52 2162 93 2205 quid
102 2164 179 2207 [amodo]
187 2163 283 2205 repudiare.
299 2163 328 2197 Sic
334 2163 402 2205 publice
410 2162 504 2202 confessus,
512 2173 551 2196 curn
559 2163 627 2197 fletibus
635 2169 652 2197 et
659 2163 725 2206 gemitu
732 2165 756 2198 ad

52 2212 107 2245 maius
115 2214 168 2246 altare
175 2213 288 2256 progreditur,
296 2219 313 2245 et
324 2212 348 2244 ibi
355 2223 386 2255 pro
394 2213 445 2245 dictis
452 2212 576 2245 offensionibus
584 2214 699 2256 episcopalem
707 2216 756 2257 ponit
764 2224 784 2253 40

52 2261 137 2303 baculum,
149 2263 214 2297 scilicet
227 2262 312 2306 dupplicis
325 2273 376 2296 cause
387 2262 463 2303 vadium,
474 2268 511 2295 turn
523 2273 554 2306 pro
565 2264 653 2298 reddendo
661 2271 756 2299 memorato

53 2313 113 2346 baculo
125 2314 200 2356 pignoris
212 2314 336 2354 certitudinem,
343 2319 379 2347 turn
392 2313 443 2346 deum
455 2318 472 2346 et
482 2313 570 2347 martirem
580 2314 683 2357 impetrans'
691 2316 756 2350 offense

53 2363 180 2405 remissionem
197 2364 220 2397 ad
235 2364 293 2397 altaris
308 2364 412 2407 crepidinem
425 2363 487 2398 deinde
502 2364 614 2408 prosternitur
628 2366 717 2409 psallendo
732 2366 756 2401 vii

53 2414 134 2456 psalmos,
141 2415 164 2448 ab
172 2414 235 2448 abbate
242 2425 281 2448 cum
289 2415 369 2448 fratribus
377 2415 475 2448 absoluitur.
490 2415 569 2448 Tandem
577 2416 680 2449 medicinam
688 2416 756 2450 abbatis

73 2502 122 2534 ¹Ms.
129 2506 230 2545 prurulentus.
296 2504 391 2546 ²H.supcr.
468 2505 519 2535 'MS
526 2505 620 2547 despexerat.
685 2505 733 2537 ‘euin
739 2511 756 2538 vt

53 2552 83 2572 orn.
91 2544 106 2573 in
114 2545 136 2575 H.
223 2547 229 2564 ⁵
240 2545 262 2576 ll.
269 2546 362 2576 consessorio
369 2546 410 2586 quod
417 2551 453 2576 tune
460 2551 492 2575 erat
498 2547 514 2575 in
522 2554 535 2575 ν.
622 2546 627 2562 ⁸
638 2546 660 2575 H.
668 2546 755 2579 Glsleberti.

52 2580 58 2598 ⁷
68 2592 85 2612 so
92 2584 118 2622 H.,
126 2596 137 2615 r.
146 2585 235 2626 imprecans
