1762 2803
129 174 174 227 438
208 208 209 212 ,
321 169 401 222 muno
416 165 533 229 tcucnua
548 167 640 229 unctio.

131 291 242 325 monasterio
253 289 272 323 in
284 290 341 332 cripta
352 290 375 323 ad
387 289 486 322 australem
497 289 571 333 plagam
582 288 640 322 sancti
651 287 719 330 altaris,
731 288 777 322 sicut
789 288 832 322 olim

131 343 166 377 sibi
174 342 238 377 celitus
248 347 343 376 ostensum
351 342 415 385 fuerat,
424 352 466 376 curn
477 351 544 385 magno
556 342 626 376 honore
636 340 729 386 sepelitur.
773 334 832 376 Anno

131 396 239 431 duodecimo
252 401 294 440 post
307 395 376 428 obitum
390 395 430 428 eius
444 395 517 428 cuidam
533 405 576 429 ceco
591 394 681 439 apparuit,
695 393 799 439 precipiens
814 399 833 429 vt

131 449 245 484 Wintoniam
257 453 343 493 pergeret
355 453 372 482 et
384 449 407 481 ad
417 448 457 482 eius
468 448 550 482 tumbam
559 447 619 482 visum
631 447 726 491 reciperet.
749 447 833 491 ‘Iccirco,

114 516 123 547 5
131 502 194 547 inquit,
202 507 220 536 te
227 501 281 537 visito
289 507 306 536 et
315 512 351 545 que
361 501 394 535 tibi
403 505 481 536 ventura
491 505 534 536 sunt
542 500 650 545 prenuncio,
657 505 677 535 vt
685 511 719 545 per
728 505 759 535 tue
770 500 834 535 salutis

131 555 204 599 signum
216 554 342 588 manifestetur
353 553 396 598 quia
407 565 437 587 me
446 560 518 597 oportet
527 553 584 587 leuari
597 554 619 587 de
629 554 700 587 tumulo
710 553 729 587 in
740 565 776 597 quo
784 565 833 588 nunc

130 607 192 642 iaceo!
215 606 300 648 Quicum
309 606 368 639 locum
376 605 441 640 tumuli
449 616 469 639 se
477 605 550 640 nescire
560 605 635 646 diceret,
644 609 719 639 sanctus
727 605 751 640 ait
760 616 763 639 :
776 606 833 639 ‘Cum

131 659 173 694 illuc
186 657 265 700 veneris,
279 658 389 693 monachum
402 657 487 693 accersiri
500 657 569 693 facias¹
582 657 657 692 nomine
670 657 787 693 Wlstanum:
805 657 834 692 hic

131 724 173 746 cum
184 712 241 745 verba
252 716 283 745 tua
294 711 377 752 audierit,
386 722 429 745 mox
440 716 459 744 te
470 712 493 745 ad
505 722 567 745 meum
579 712 668 754 perducet
679 711 775 753 tumulum,
783 716 801 744 et
809 711 834 744 ibi

106 779 123 802 ro
132 764 210 810 recipies
218 765 280 798 lumen
288 764 382 798 oculorum
390 765 474 798 tuorum)
498 763 533 806 Qui
545 774 586 798 cum
594 763 656 798 omnia
663 769 682 799 vt
693 763 764 798 iussum
776 764 835 799 fuerat

131 817 245 863 perfecisset,
261 817 357 851 sanitatem
372 816 462 861 integram
480 817 591 860 reportando
610 817 633 851 ad
648 816 723 861 propria
741 816 834 852 remeauit.

131 870 250 904 Translatum
262 876 290 903 est
302 881 369 913 corpus
382 869 449 913 [eiusP
461 875 525 913 quarto
539 870 580 904 idus
593 870 703 911 decembris,
715 875 734 903 et
747 870 766 903 in
779 871 835 904 choro

132 922 209 958 ecclesie
217 923 325 956 collocatum
333 934 338 964 ;
349 922 380 956 vbi
388 922 458 956 meritis
466 924 506 956 eius
513 924 570 956 multa
578 923 664 955 miracula
670 933 728 965 vsque
735 923 754 956 in
762 923 835 956 hodier-

132 987 176 1010 num
192 975 241 1009 diem
254 974 326 1019 operari
341 975 426 1020 dignatus
441 980 469 1009 est
484 977 535 1023 deus.
581 967 633 1009 Puer
647 975 721 1019 quidam
735 975 835 1019 paruulus³

107 1042 123 1072 ¹⁵
132 1029 151 1062 in
166 1028 243 1063 infantia
257 1028 327 1062 lumine
342 1028 435 1062 oculorum
450 1028 539 1072 priuatus,
551 1038 592 1062 cum
607 1029 630 1062 ad
646 1028 704 1063 sancti
717 1028 835 1072 sepulchrum

132 1082 232 1126 perductus
248 1087 303 1124 esset,
317 1092 360 1115 mox
376 1081 433 1125 caligo
448 1081 541 1115 cecitatis4
556 1081 656 1116 abscessit¹⁵
672 1087 690 1116 et
705 1082 767 1116 oculos
782 1082 835 1126 pueri

132 1136 210 1168 veniens
222 1135 311 1178 splendor
322 1134 368 1168 lucis
380 1133 463 1177 aperuit.⁰
507 1127 609 1179 Quendam
621 1134 681 1168 furem
694 1145 729 1177 pro
740 1135 835 1178 multiplici

132 1193 184 1222 reatu
200 1192 274 1221 sanctus
290 1186 385 1230 Elphegus
401 1187 500 1231 episcopus
515 1186 593 1231 flagellis
609 1197 672 1221 cesum
688 1186 734 1220 mitti
749 1187 802 1221 iussit
816 1188 835 1222 in

132 1241 212 1285 cippum,
221 1239 321 1274 acrioribus
332 1239 424 1284 supplitiis
437 1239 561 1274 cruciandum.
584 1239 668 1283 Cumque
680 1240 710 1274 diu
719 1240 744 1274 sic
754 1239 773 1274 in
781 1240 835 1285 penis

106 1294 224 1335 miscuisset,
238 1294 317 1336 quadarn
330 1298 384 1327 nocte
397 1293 482 1336 apparuit
497 1292 514 1327 ei
527 1297 601 1327 sanctus
614 1293 746 1336 Ethelwoldus,
760 1293 834 1328 dicens:

133 1346 206 1387 ‘Miser‚
214 1356 246 1380 cur
257 1350 306 1380 tanto
318 1350 401 1390 tempore
413 1346 439 1381 sic
451 1345 470 1379 in
482 1350 546 1380 trunco
557 1346 606 1380 iaces
618 1347 729 1380 extensust’
758 1345 781 1380 Et
792 1346 834 1382 ille:

133 1400 219 1444 ‘Dignas‚
231 1399 311 1441 domine,
325 1400 406 1433 sustineo
420 1409 485 1443 penas,
498 1399 540 1442 quia
553 1400 660 1442 frequenter
674 1399 693 1433 in
705 1399 758 1434 furtis
771 1401 836 1445 depre-

133 1452 208 1493 hensus,
217 1452 239 1484 ab
251 1451 278 1484 eis
290 1462 327 1485 non
339 1452 416 1492 cessaui,
424 1453 458 1485 sed
469 1452 517 1485 mala
528 1462 564 1494 que
576 1452 615 1493 feci,
624 1452 690 1485 iterum
702 1457 757 1495 atque
769 1452 835 1486 iterum

133 1502 220 1547 repetiui.¹
244 1502 277 1536 Cui
285 1508 360 1537 sanctus
367 1503 402 1537 ait:
415 1504 484 1537 ‘Cessa
491 1504 521 1538 vel
532 1504 586 1537 modo
596 1516 607 1537 a
618 1504 677 1548 furtis,
684 1509 703 1538 et
713 1504 739 1538 sis
747 1505 818 1539 solutus
826 1517 837 1539 a

107 1570 124 1599 25
134 1567 183 1591 nexu
195 1556 290 1600 compedis
302 1556 366 1590 huius?
390 1557 426 1598 Qui
437 1556 485 1590 illico
497 1567 576 1601 surgens
588 1562 606 1590 et
618 1557 688 1599 exiens,
696 1558 774 1601 procidit
784 1568 805 1592 se
813 1559 836 1593 ad

134 1612 192 1654 pedes
204 1609 262 1643 sancti
274 1609 353 1653 Elphegi
367 1609 453 1654 episcopi,
466 1610 583 1654 narrauitque
595 1610 613 1644 ei
626 1620 666 1644 rem
679 1615 751 1655 gestam
762 1621 796 1655 per
807 1622 837 1645 or·

135 1663 197 1698 dinem
204 1675 208 1706 3
221 1668 239 1697 et
247 1662 277 1696 ille
285 1673 320 1707 pro
326 1663 396 1697 honore
404 1662 448 1697 tanti
456 1663 514 1707 patris
522 1663 576 1697 siuit⁷
583 1674 625 1697 eum
633 1663 684 1698 abire
690 1663 837 1707 indempnem.—

134 1710 194 1756 ³Hic,
205 1720 225 1748 vt
237 1715 256 1747 in
270 1714 348 1748 cronicis
359 1715 456 1755 inuenitur,
467 1715 516 1748 inter
527 1714 601 1758 profusa
614 1715 698 1749 conuiuia
711 1727 747 1759 que
760 1721 804 1750 tunc
817 1716 836 1749 in

135 1766 202 1812 Anglia
212 1778 223 1800 a
232 1767 326 1800 Danorum
336 1768 416 1801 aduentu
427 1767 566 1810 exhibebantur,
574 1779 623 1812 pane
631 1773 649 1801 et
657 1779 705 1813 aqua
711 1769 802 1812 utebatur,
808 1769 838 1805 vir

107 1834 127 1864 30
135 1833 169 1866 per
181 1821 243 1855 omnia
255 1822 308 1855 beate
321 1821 380 1855 Marie
392 1826 410 1855 et
424 1827 487 1855 sancto
499 1821 599 1855 Cuthberto
613 1823 696 1863 deuotus,
708 1822 759 1856 cuius
773 1824 837 1857 sedern

134 1879 177 1918 post
185 1873 254 1908 obitum
262 1873 301 1907 eius
309 1884 402 1918 nunquam
411 1873 469 1918 potuit
476 1874 541 1918 aliquis
549 1874 625 1918 impune
632 1875 746 1909 dormitando
752 1885 837 1919 premere

135 1928 179 1972 quin
185 1927 237 1961 tetris
243 1927 359 1971 ymaginibus
367 1927 441 1962 territus
447 1928 531 1970 resiliret,
537 1927 674 1971 increpantibus
680 1928 727 1961 illis⁰
735 1939 768 1962 cur
773 1930 837 1964 sedem

135 1980 217 2024 episcopi
224 1980 311 2023 indignus
319 1986 422 2024 vsurparet.
468 1974 521 2014 Dum
529 1980 587 2014 semel
597 1981 677 2023 quedam
687 1980 772 2014 simultas
783 1981 838 2015 anxia

135 2032 259 2076 interipsum
275 2038 293 2066 et
308 2031 419 2066 Godwinum
435 2033 520 2067 comitem
536 2038 586 2067 esset
601 2034 680 2075 suborta,
696 2045 730 2068 nec
746 2033 838 2078 pacificari

107 2101 125 2131 35
135 2091 217 2131 possent,
232 2086 289 2120 iratus
304 2086 401 2130 episcopus
417 2087 520 2121 recedendo
535 2086 591 2121 dixit:
610 2087 654 2120 ‘Per
667 2087 761 2122 dominam
777 2098 837 2123 meam

136 2138 218 2180 Mariam,
225 2138 272 2173 male
279 2137 314 2173 sibi
320 2138 365 2173 erit!
382 2139 420 2173 Nec
428 2140 451 2173 ab
459 2139 490 2173 illa
497 2139 542 2173 hora
549 2139 618 2183 quieuit
624 2139 726 2174 Godwinus
731 2152 741 2174 a
746 2140 838 2175 viscerum

135 2198 209 2232 tortura,
218 2192 276 2225 donec
287 2190 434 2225 benedictionem
445 2192 467 2225 ab
479 2191 566 2236 episcopo
578 2192 687 2235 perciperet.
724 2186 757 2228 Ad
770 2193 838 2228 Dunel-

135 2255 186 2279 mum
205 2244 279 2278 tandem
294 2244 387 2288 profectus
403 2250 435 2287 est,
450 2245 486 2287 vbi,
502 2246 550 2288 quod
566 2254 632 2288 magne
647 2245 743 2280 videbatur
757 2246 838 2285 audacie,

135 2296 208 2332 reuulso
220 2296 314 2341 sepulchri
325 2297 412 2341 operculo
424 2308 465 2331 cum
477 2301 540 2331 sancto
552 2296 652 2331 Cuthberto
664 2297 717 2343 quasi
726 2310 768 2332 curn
780 2299 838 2334 amico

107 2365 127 2395 40
135 2351 247 2395 loquebatur,
256 2361 323 2385 munus
331 2350 399 2384 amoris
407 2350 492 2395 deposuit
500 2355 518 2383 et
526 2351 570 2384 abiit
576 2351 594 2384 ¹⁰.

155 2416 161 2433 ¹
170 2415 188 2444 T.
196 2415 253 2445 iaceas.
302 2416 309 2433 ἰ
319 2425 337 2444 so
344 2416 372 2450 T.;
383 2424 412 2444 om,
420 2416 437 2444 in
445 2415 462 2444 E.
511 2415 517 2431 ³
528 2415 546 2445 E.
555 2416 634 2452 peruulus.
683 2415 689 2433 ⁴
700 2416 717 2446 E.
726 2425 755 2446 sue
762 2416 837 2446 cecitatis.

135 2456 141 2474 ⁵
151 2456 168 2484 T.
174 2454 245 2485 abcessit.
296 2454 302 2472 Β
312 2454 330 2484 E.
338 2455 414 2492 apparuit.
464 2453 470 2470 ⁷
481 2454 498 2484 E.
506 2454 547 2484 sinit.
599 2454 604 2472 ⁹
615 2456 640 2484 Ex
647 2455 706 2485 Chron.
714 2455 797 2494 Bromton,
804 2458 839 2493 877.

134 2494 140 2513 ⁹
151 2505 181 2524 om.
188 2494 204 2523 in
212 2495 239 2524 ΒΓ.
299 2494 311 2512 ¹⁰
322 2495 382 2524 Collect
390 2495 405 2523 in
413 2495 431 2525 T.
441 2493 512 2532 (Antiph.
520 2494 607 2532 wanting):

157 2535 205 2573 Deus
217 2542 244 2579 qui
254 2542 346 2571 hodiernam
357 2543 398 2571 diem
406 2541 449 2571 beati
456 2541 553 2571 Ethelwoldi
560 2541 656 2572 confessoris
667 2543 690 2572 tui
701 2546 749 2580 atque
758 2541 839 2580 pontificis

136 2591 181 2612 sacro
188 2582 254 2611 transitu
260 2581 374 2619 (consecr)asti,
381 2581 451 2611 concede
456 2580 536 2619 propicius
543 2586 560 2611 ut
568 2582 611 2611 cuius
617 2582 708 2612 erudicione
713 2583 796 2623 ueri(tatis)
803 2583 838 2613 luce

135 2621 249 2659 perfundimur,
257 2622 290 2651 eius
298 2622 412 2652 intercessione
420 2621 482 2662 cterfna
489 2621 553 2661 g)audia
561 2631 681 2661 consequamur,
689 2631 722 2660 per.
