1762 2803
123 114 173 170 2256
320 108 639 172 procuratoresque.

128 237 166 268 tam
174 232 222 268 letus
233 235 250 267 et
260 230 318 275 gratie
326 230 392 275 plenus
401 229 490 275 apparuit,
498 235 518 266 vt
526 241 568 265 eum
576 228 644 274 aliquid
652 228 754 273 angelicum
762 228 830 263 habere

128 285 169 330 ipsa
180 284 226 322 visio
238 284 331 319 indicaret.
382 276 438 319 lVlors
449 285 529 328 tandem,
541 284 608 319 summi
619 283 711 329 pontificis
723 283 800 328 Eugenii
812 289 830 318 et

128 339 261 384 archiepiscopi
269 338 345 372 Henrici
353 339 371 372 in
379 348 416 372 vno
426 339 529 383 eodemque
537 338 567 373 die
574 338 630 373 vitam
637 337 726 372 violenter
736 336 830 381 abrupit¹z

128 403 164 435 que
176 391 241 435 spiritu
255 396 318 424 sancto
334 392 428 424 reuelante
443 392 496 425 beato
508 391 602 424 Willelmo
617 390 696 424 reuelata
712 394 759 422 sunt.
783 389 830 424 Cum

111 450 189 481 sautem
201 443 237 478 illis
249 443 314 477 diebus
327 444 407 487 quedam
420 443 498 478 calcaria
510 443 598 478 mirabilis
609 443 703 487 sculpture
713 442 830 476 wintoniensi

128 497 215 541 episcopo
223 506 234 530 a
241 495 369 530 transmarinis
381 497 464 541 partibus
475 496 553 531 luissent
564 495 678 536 transmissa,
686 506 708 531 ea
715 495 766 531 vultu
778 495 830 531 hilari

128 551 167 585 viro
180 550 210 584 dei
222 550 291 591 obtulit,
303 550 369 594 quibus
383 550 477 594 inspectis,
489 560 523 594 per
534 550 617 584 ordinem
631 549 647 584 ei
661 548 743 593 aperuit²
754 549 831 593 qualiter

128 602 204 647 predicti
217 607 280 646 patres
291 614 328 637 vno
338 604 440 646 eodemque
451 604 481 637 die
492 603 510 637 in
520 603 599 637 diuersis
608 608 698 637 terrarum
709 601 754 636 locis
765 603 784 635 in
795 602 831 636 sata

129 656 261 696 decesserunt3
277 654 365 689 adiiciens
377 656 425 698 quod
439 655 536 689 cardinalis
548 654 578 688 ille
590 655 621 697 qui
634 653 728 687 electionis
741 663 775 686 sue
788 664 831 696 pre-

101 706 193 751 1ocipuus
213 706 300 741 defensor
315 707 405 748 extiterat,
422 707 504 741 felicibus
523 706 609 751 auspiciis
627 707 716 749 eleuatus,
731 706 830 750 apostolice

129 760 221 806 dignitatis
237 761 310 795 culmen
325 761 411 796 ascendit
439 760 554 796 Venerabilis
571 761 631 805 itaque
648 771 732 795 summus
747 760 830 804 pontifex

128 815 211 849 veritatis
222 820 298 856 amator,
310 814 426 848 eboracensis
439 815 517 848 ecclesie
529 813 620 848 canonicis
632 814 705 847 beatum
716 812 831 847 Willelmum

129 861 196 902 iterum
212 867 326 912 eligentibus,
341 867 450 902 electionem
465 866 590 909 confirmauit‘,
605 871 624 900 et
640 866 671 909 [ei]
687 865 831 901 consecrationis

129 930 196 955 munus
202 920 296 963 impendit.
315 919 396 953 Rediens
401 919 456 962 igitur
461 918 489 953 vir
495 919 524 953 dei
531 929 572 953 cum
578 929 612 962 per
618 925 692 963 pontem
697 919 747 952 vrbis
754 918 831 953 Eboraci

102 980 120 1011 15
129 972 225 1007 transitum
233 972 305 1014 faceret,
314 972 377 1016 populi
385 973 480 1016 sequentis
487 972 624 1016 ponderositate
634 977 687 1016 rupto
695 977 756 1016 ponte,
765 982 831 1016 magua

128 1025 188 1069 plebis
196 1036 239 1069 pars
249 1025 269 1058 in
279 1035 326 1069 aque
336 1025 449 1069 profundum
457 1025 532 1060 cecidit:
544 1026 577 1059 sed
589 1036 600 1059 a
611 1031 675 1059 sancto
686 1025 773 1070 episeopo
784 1025 831 1059 lacto

128 1080 187 1112 crucis
195 1078 253 1121 signo,
261 1083 280 1111 et
287 1078 369 1111 oratione
377 1078 422 1118 fusa,
430 1078 453 1111 ab
461 1078 511 1111 omni
522 1077 603 1121 periculo
613 1078 709 1111 incolumis
718 1083 736 1111 et
746 1077 798 1112 illesa
808 1078 831 1112 ad

128 1136 197 1164 terram
206 1129 268 1164 euasit
292 1130 366 1173 Elapsis
373 1135 415 1173 post
422 1131 455 1163 hec
464 1129 531 1174 aliquot
539 1130 597 1172 annis,
603 1131 669 1174 plenus
677 1130 730 1164 bonis
738 1129 831 1174 operibus,

128 1182 239 1224 elemosinis,
247 1182 325 1225 ieiuniis,
332 1182 405 1226 vigiliis,
414 1188 433 1217 et
444 1182 495 1217 omni
505 1182 600 1218 sanctitate
612 1184 646 1217 deo
656 1182 738 1227 placens,
749 1195 760 1217 a
769 1184 831 1217 seculo

101 1247 120 1269 ao
128 1237 151 1270 ad
161 1236 216 1271 deum
225 1234 315 1280 migrauit,
324 1241 376 1270 sexto
387 1236 428 1270 idus
438 1235 488 1270 iunii.
512 1235 556 1271 Post
566 1235 636 1271 obitum
645 1247 690 1271 vero
700 1236 740 1271 eius
750 1237 831 1281 puellam

128 1291 220 1334 quandam
236 1300 247 1324 a
260 1289 354 1324 natiuitate
368 1300 430 1324 cecam
442 1289 555 1329 illuminauit,
568 1294 672 1325 contractos
685 1295 723 1325 tres
736 1290 831 1334 gressibus

128 1343 212 1385 restituit,
220 1343 277 1377 surdo
285 1342 366 1377 auditum
373 1342 451 1387 prebuit,
459 1342 567 1388 ydropicum
576 1343 652 1386 sanauit,
660 1344 779 1388 paraliticum,
789 1344 832 1388 (εἴ)Β

128 1397 223 1440 leprosum
235 1401 296 1439 optate
307 1396 361 1430 saluti
373 1396 458 1437 reddidit,
470 1401 563 1430 mortuum
574 1396 700 1438 resuscitauit3
712 1402 731 1430 et
741 1408 800 1440 vsque
811 1399 831 1430 in

129 1447 239 1483 hodiernum
249 1447 299 1482 diem
309 1448 329 1481 in
338 1448 377 1481 loco
386 1448 505 1493 requietionis
516 1447 555 1482 eius
566 1447 683 1494 omnipotens
694 1448 779 1485 dominus
789 1460 831 1493 pre·

103 1512 120 1543 ²5
130 1502 181 1537 cibus
190 1502 229 1538 eius
237 1506 256 1536 et
263 1502 334 1536 meritis
342 1501 429 1536 miracula
437 1501 520 1536 ostendit.
560 1495 619 1536 Anno
627 1504 689 1536 autem
697 1502 766 1536 domini
773 1502 831 1537 mille-

129 1554 176 1589 simo
192 1553 318 1589 ducentesimo
333 1554 457 1599 octuagesimo
471 1554 525 1588 tertio
540 1554 628 1589 translata
644 1561 688 1590 sunt
704 1566 745 1590 cum
764 1567 832 1601 magno

129 1608 199 1644 honore
207 1618 250 1642 ossa
257 1607 297 1642 eius
305 1613 323 1643 et
331 1607 350 1642 in
358 1607 426 1642 scrinio
434 1608 517 1652 precioso
525 1608 616 1642 collocata.

417 1725 432 1762 il
443 1723 544 1759 Narratio⁴.

151 1792 238 1834 Clericus
248 1798 323 1842 quidam
333 1797 407 1832 nomine
415 1797 508 1833 lohannes
518 1797 583 1833 tacitus
595 1810 657 1834 secum
669 1799 776 1844 proposuit⁶
784 1800 832 1835 ordi·

128 1862 172 1887 nem
182 1852 323 1895 cisterciensem,
332 1862 374 1886 cum
384 1852 404 1886 in
414 1862 447 1886 sua
458 1852 531 1887 nouella
541 1852 653 1897 plantatione
663 1852 743 1897 ssoreret,
751 1853 831 1896 intrare;

101 1912 121 1941 30
129 1907 162 1939 sed
171 1910 240 1939 mutato
247 1906 347 1948 proposito,
355 1906 375 1938 in
385 1905 576 1948 recompensationem
586 1906 615 1939 sui
626 1898 716 1949 propositi
726 1906 832 1950 peregrina-

128 1957 198 1991 tionem
206 1957 264 1990 sancti
273 1956 333 1991 lacobi
342 1958 452 2001 aggreditur.
475 1957 563 2001 Cumque,
571 1967 673 2000 regressus,
681 1957 700 1991 in
708 1958 790 1992 cubiculo
798 1969 832 1992 suo

128 2010 236 2055 quiesceret,
245 2020 288 2043 mox
299 2009 350 2044 affuit
361 2009 381 2044 in
391 2009 433 2045 visu
442 2009 507 2046 Ihesus
515 2010 600 2045 Christus
609 2022 652 2046 curn
662 2011 734 2047 duobus
745 2012 832 2056 apostolis

129 2064 184 2099 Petro
192 2068 210 2100 et
219 2063 289 2106 Iacobo,
297 2075 375 2108 quorum
384 2064 450 2099 Petrus
457 2065 524 2099 librum
532 2075 588 2099 manu
596 2065 674 2105 tenebat,
683 2075 738 2109 quern
746 2065 832 2099 dominus

130 2116 198 2161 aperiri
211 2117 298 2161 precepit.
321 2116 366 2152 Erat
381 2122 442 2152 autem
456 2116 535 2161 scriptus
548 2116 608 2151 aureis
620 2116 690 2160 litteris,
703 2118 778 2152 nomina
790 2130 832 2162 pre-

102 2180 121 2210 35
130 2169 262 2203 destinatorum
270 2170 371 2203 continens.
394 2170 459 2204 Iussus
467 2180 511 2213 ergo
519 2170 612 2213 apostolus
622 2170 670 2213 cepit
680 2170 752 2214 legere:
765 2176 832 2205 etcum

129 2221 155 2255 ibi
162 2222 232 2266 legeret
240 2232 307 2256 nomen
314 2222 400 2258 Iohannis
408 2222 462 2264 illius,
469 2223 534 2264 ‘Tolle,
541 2222 566 2257 ait
574 2222 664 2264 dominus,
669 2223 722 2266 tolle;
734 2224 775 2258 dele
783 2234 832 2265 eum,

130 2275 183 2318 dele;
195 2273 237 2318 quia
245 2284 307 2309 meum
315 2286 336 2309 se
345 2275 426 2309 futurum
434 2275 544 2320 promiserat
552 2280 570 2309 et
578 2274 641 2310 resiliit
651 2288 662 2310 a
669 2276 773 2320 promisso!
795 2278 832 2312 Ac-

130 2329 200 2362 cedens
211 2332 272 2361 autem
283 2327 348 2361 beatus
356 2327 433 2363 Iacobus
445 2334 463 2362 et
474 2329 574 2363 obsecrans
586 2328 668 2364 dicebat:
681 2330 770 2365 ‘Domine
781 2331 832 2372 deus,

130 2391 183 2415 meus
192 2385 220 2415 est
228 2380 347 2424 peregrinum
361 2392 385 2415 ne
391 2381 458 2422 deleas,
464 2382 545 2422 obsecro,
552 2392 620 2415 nomen
626 2382 677 2416 eius!
696 2383 730 2416 Cui
735 2383 832 2417 dominus:

101 2444 122 2474 40
131 2434 196 2477 ‘Tuus‚
205 2431 268 2477 inquit,
276 2432 385 2477 peregrinus
393 2438 421 2467 est
427 2433 439 2476 θ,
447 2433 481 2468 sed
489 2432 534 2468 ciuis
542 2444 585 2469 esse
593 2434 685 2469 debuerat.
700 2435 766 2469 Nonne
774 2436 833 2470 maius

149 2533 155 2551 ¹
165 2534 183 2564 E.
191 2532 258 2571 abrupit.
331 2531 337 2550 ²
347 2533 365 2563 Ε.
373 2534 450 2571 apparuit.
524 2535 530 2552 ³
540 2545 571 2564 om.
578 2536 594 2564 in
602 2535 619 2565 T.
692 2536 697 2553 ⁴
708 2536 733 2565 Ex
739 2536 784 2566 Vinc.
793 2535 832 2566 Bell.

130 2574 189 2605 xxvi.
197 2583 221 2613 42.
281 2572 287 2592 ⁵
298 2573 316 2604 E.
323 2574 411 2613 propusuit.
471 2572 477 2592 ⁶
486 2574 520 2605 VB.
528 2574 579 2615 Mens,
587 2575 641 2615 inquit,
649 2585 682 2606 non
689 2577 788 2616 peregrinus.
