1762 2803
134 76 173 146 'a
335 103 415 155 aona
430 100 546 163 tigata
562 61 654 162 anani.

144 221 232 263 inclusus,
240 231 274 266 per
283 226 355 266 septem
363 223 403 256 dies
411 222 500 257 cruciatus
511 226 565 263 esset,
573 221 644 256 extrahi
654 231 675 255 se
685 220 736 264 petiit
744 225 762 255 et
773 229 846 254 crucem

146 274 256 308 dominicam
264 276 386 309 indicaturum
394 275 482 318 promisit.
505 273 549 308 Ideo
560 285 604 309 vero
618 273 669 307 Iudei
680 284 701 308 se
712 278 749 308 tam
761 272 846 307 difficiles

146 329 248 363 reddebant
263 329 285 362 ad
301 328 360 362 locum
377 328 517 368 ostendendum,
533 326 575 371 quia
590 332 683 360 nonerunt
696 327 744 371 quod
761 336 804 360 mox
816 324 847 359 vbi

146 382 217 424 lignum
225 381 294 416 domini
302 382 407 425 contigisset
413 380 621 421 reuelari,euaeuaretur
627 380 687 422 lex,et
695 390 742 423 gens
748 379 847 414 ludeorum

128 435 232 474 5deeetero
246 444 340 477 nunquam
353 438 443 477 regnaret.
465 432 520 466 Vnde
532 438 555 474 et,
567 434 616 476 quod
628 432 728 466 timuerunt
740 432 805 466 accidit
815 431 848 464 eis.

148 487 205 520 Porro
213 485 305 529 predictus
312 485 366 520 Iudas
375 496 416 519 cum
422 486 445 519 ad
454 485 514 519 locum
520 486 602 519 venisset
607 484 638 519 vbi
646 495 691 519 crux
697 484 848 525 abscondebatur,

147 544 166 574 et
178 539 245 573 ibidem
259 539 347 582 prolixius
357 543 433 579 orasset,
447 538 498 571 loeus
511 537 571 572 subito
585 538 739 577 commouebatur,
752 542 770 571 et
786 536 848 570 fumus

148 597 248 626 aromatum
261 590 317 624 exinit
330 590 371 624 miri
385 590 456 633 odoris;
468 592 493 624 ita
500 596 519 624 vt
532 590 587 624 iudas
599 592 675 624 miratus
687 590 780 624 Christum
792 589 848 623 confi-

148 650 221 679 teretur.
245 643 299 677 ¹Erat
307 648 368 677 autern
377 644 396 676 in
407 644 472 677 eodem
481 644 526 686 loco,
535 648 588 687 prout
596 643 615 677 in
624 643 752 677 Ecclesiastica
760 642 849 687 Hystoria

119 701 140 739 21⁰
148 697 229 738 traditur,
237 697 327 740 templum
334 695 419 737 Veneris,
424 697 473 739 quod
481 697 506 730 ibi
511 697 605 731 Adrianus
613 698 714 741 imperator
721 700 848 730 construxerat

147 755 167 787 vt
180 749 195 782 si
208 749 248 792 quis
262 749 281 781 in
294 749 334 790 ipso
348 749 387 781 loeo
400 749 494 782 Christum
508 750 584 782 adorare
596 749 658 789 vellet,
666 749 760 782 Venerem
772 749 849 782 adorare

147 801 251 837 videretur:
269 801 292 835 ob
307 801 341 835 hoc
356 801 411 844 igitur
426 801 476 834 locus
492 811 540 845 pene
554 801 640 834 obliuioni
651 802 703 835 datus
716 807 755 843 est3
771 800 820 834 vnde
832 804 850 833 et

148 853 263 889 sanctissima
275 854 339 896 regina
352 853 441 898 templum
454 853 535 888 funditus
549 854 591 889 fecit
603 854 678 896 destrui,
692 859 710 889 et
725 854 785 888 locum
797 853 850 886 arari.

149 908 193 943 Post
203 907 237 941 hec
249 906 330 950 prefatus
342 906 398 940 Iudas
410 918 451 941 curn
463 907 517 941 sociis
525 907 602 942 viriliter
610 908 673 942 fodere
685 907 744 952 cepit:
757 911 775 941 et
786 905 850 950 viginti

123 970 140 1000 15
149 971 215 1005 passus
221 959 340 1000 fodiens,tres
346 970 410 994 cruces
415 960 490 1002 inuenit,
495 971 541 1003 quas
546 962 609 1005 regine
615 959 684 994 detulit.
695 960 732 994 Sed
738 971 779 995 cum
783 958 851 994 Christi

149 1022 222 1047 crucem
230 1014 253 1045 ab
261 1012 296 1045 illis
304 1013 375 1045 duabus
383 1023 419 1054 que
427 1012 519 1045 latronum
530 1012 602 1046 fuerant
614 1013 706 1046 nescirent
714 1014 824 1052 discernere,
833 1017 851 1044 et

149 1066 196 1100 circa
213 1065 277 1099 horam
294 1074 361 1099 nonam
375 1064 450 1108 quidam
463 1069 546 1100 mortuus
559 1064 578 1100 in
590 1065 658 1101 feretro
676 1070 783 1110 portaretur,
796 1064 851 1098 Iudas

149 1121 237 1153 feretrum
243 1118 306 1160 tenuit,
313 1122 331 1151 et
336 1117 396 1161 prima
401 1128 422 1151 ac
427 1119 508 1152 secunda
513 1129 567 1152 cruce
573 1118 662 1162 appositis
668 1118 678 1160 ²,
684 1123 767 1153 mortuus
775 1118 851 1153 minime

150 1183 170 1207 se
182 1172 244 1212 mouit,
255 1181 299 1205 mox
309 1180 353 1205 vero
365 1176 384 1205 vt
395 1171 480 1215 apposnit
491 1170 568 1213 tertiam,
579 1171 662 1215 protinus
673 1171 703 1205 ille
715 1175 746 1216 qul
756 1170 852 1206 defunctus

123 1238 142 1261 ιο
150 1231 189 1260 erat
195 1225 276 1259 rediitad
282 1225 343 1258 vitam.
355 1224 421 1258 ¹Plura
428 1225 504 1268 insuper
510 1224 636 1269 miraculaper
642 1224 691 1259 illam
698 1235 770 1260 crucem
775 1225 816 1269 ipsa
822 1223 852 1259 die

151 1280 223 1319 fiebant,
235 1278 284 1312 vnde
297 1282 315 1311 et
327 1277 374 1311 hanc
389 1287 462 1310 crucem
478 1277 547 1310 domini
560 1277 617 1311 fuisse
632 1283 695 1321 aperte
710 1277 851 1318 intellexerunt3

151 1341 206 1375 quam
215 1336 278 1364 tamen
285 1335 388 1373 posteaper
392 1329 465 1363 titulum
469 1340 524 1373 quern
531 1330 606 1374 Pylatus
611 1330 646 1374 ipsi
654 1330 703 1364 cruci
708 1330 852 1374 superposuerat

151 1383 225 1428 plenius
238 1387 369 1425 cognouerunt.
396 1381 433 1417 Per
444 1383 478 1416 hoc
490 1393 563 1425 quoque
574 1382 644 1425 melius,
656 1383 705 1426 quod
719 1383 808 1427 dyabolus
818 1383 853 1416 hoc

152 1436 194 1480 ipso
207 1440 290 1478 tempore
302 1434 393 1468 terribiles
406 1433 492 1467 emittens
500 1445 555 1468 voces
566 1436 635 1468 eunctis
647 1435 761 1468 audientibus
772 1436 795 1468 de
808 1435 853 1467 luda

126 1502 144 1532 ²5
153 1488 305 1532 conquerebatur,
317 1486 377 1520 eidem
389 1497 461 1529 quoque
477 1492 567 1521 tormenta
580 1492 598 1521 et
613 1487 751 1530 persecutiones
764 1488 853 1531 plurimas

153 1541 260 1576 minabatur.
280 1539 352 1583 Regina
357 1550 402 1572 vero
407 1540 513 1572 beatissima
518 1551 591 1573 crucem
596 1539 710 1581 dominicam,
717 1540 768 1574 cuius
774 1539 853 1576 brachiis

153 1593 208 1628 totius
216 1591 285 1627 seculi³
292 1591 380 1636 pependit
388 1591 475 1636 precium,
484 1591 554 1627 dulcius
562 1592 680 1636 amplectens,
689 1603 730 1627 eum
741 1592 811 1637 ingenti
822 1593 854 1627 de-

153 1648 227 1681 uotione
238 1657 259 1680 ac
269 1645 406 1689 lachrymarum
417 1645 506 1679 effusione
514 1647 636 1680 venerabatur
643 1652 661 1681 et
669 1646 756 1688 adorauit,
764 1652 818 1690 atque
830 1647 853 1681 de

154 1699 268 1733 diuinissimo
279 1698 378 1741 celestique
390 1698 476 1732 thesauro
488 1698 524 1732 leta
536 1699 601 1733 effecta
614 1710 634 1732 ac
648 1699 783 1740 iocundissima,
794 1699 854 1743 ipsam

126 1765 146 1795 30
154 1762 227 1786 crucem
238 1751 319 1785 maxima
328 1761 370 1784 cum
377 1751 495 1784 veneratione
506 1750 568 1785 diuisit
579 1757 598 1785 et
609 1756 681 1795 partem
689 1751 726 1785 filio
734 1751 854 1786 Constantino

154 1805 203 1839 misit
208 1804 219 1845 ⁴,
225 1809 297 1847 partem
302 1814 347 1838 vero
353 1803 410 1837 thecis
417 1804 477 1837 aureis
483 1803 573 1837 inclusam
580 1803 710 1839 Hierosolimis
715 1804 792 1848 reliquit.
810 1805 854 1840 Post

153 1858 187 1892 hec
200 1867 249 1898 vere,
262 1867 304 1890 cum
316 1856 371 1890 etiam
385 1856 446 1890 clauos
458 1854 527 1890 domini
540 1855 609 1891 habere
624 1855 724 1900 plurimum
736 1856 854 1899 desideraret,

154 1910 244 1955 prefatum
254 1910 324 1952 Iudam,
336 1920 396 1954 quem,
408 1915 450 1954 post
463 1909 589 1943 inuentionem
603 1915 666 1944 sancte
679 1909 737 1944 crucis
749 1909 855 1952 Quiriacum

154 1965 272 2005 nominatum,
281 1962 448 1998 Hierosolimorum
458 1963 565 2007 episcopum
575 1963 671 2006 ordinauit,
680 1968 699 1997 vt
710 1964 734 1997 ad
745 1964 805 1997 locum
813 1974 855 2009 per·

127 2030 145 2061 35
154 2022 206 2061 geret
218 2022 235 2050 et
247 2017 309 2050 clauos
320 2015 390 2050 domini
400 2017 516 2060 perquireret
527 2015 624 2051 instantius
635 2016 711 2060 rogauit.
735 2016 771 2059 Qui
782 2027 823 2051 euin
831 2018 854 2051 ad

154 2071 215 2105 locum
220 2069 306 2112 venisset,
315 2074 333 2103 et
341 2069 442 2103 orationem
453 2069 536 2112 fudisset,
545 2072 631 2103 continuo
643 2071 689 2104 claui
696 2070 747 2104 velut
758 2081 823 2105 aurum
836 2070 855 2106 iu

154 2123 433 2166 terrafulgenstapparuerunt:
443 2134 489 2166 quos
497 2122 595 2167 episcopus
601 2124 665 2167 regine
673 2123 742 2164 detulit,
749 2124 817 2168 illaque
823 2135 855 2159 eos

155 2179 262 2210 reuerenter
268 2175 350 2208 adorauit
358 2186 363 2217 3
375 2185 453 2218 quorum
461 2181 526 2218 postea
533 2186 591 2208 vnurn
598 2175 617 2208 in
625 2176 682 2219 galea,
691 2176 768 2209 alterum
776 2176 795 2209 in
803 2177 855 2210 freno

155 2227 270 2270 imperatoris
282 2227 387 2271 composuit,
395 2233 415 2261 vt
426 2227 453 2261 sic
465 2233 551 2269 armatus,
559 2238 636 2262 securus
646 2228 670 2261 ad
677 2227 726 2262 bella
736 2229 855 2272 procederet3

128 2293 148 2322 40
156 2279 279 2315 terciumvero
285 2279 319 2312 sibi
325 2290 358 2323 pro
364 2280 450 2313 thesauro
455 2280 591 2323 preciosissimo
597 2282 704 2315 reseruault.
715 2281 755 2314 lEr
761 2281 795 2315 hoc
801 2281 856 2325 igitur

156 2340 239 2377 tempore
246 2333 309 2376 regina
315 2333 430 2375 venerabilis,
439 2333 574 2378 quantomagis
585 2333 637 2378 prius
649 2333 668 2366 in
676 2333 734 2368 veteri
745 2338 856 2369 testamento

156 2387 227 2421 iudaice
235 2386 311 2429 perfidie
318 2386 418 2430 insistebat,
424 2392 474 2421 tanto
480 2387 538 2430 magis
544 2387 662 2431 postmodum
667 2386 686 2421 in
692 2397 741 2421 nouo
746 2393 856 2423 testamento

156 2445 175 2475 et
184 2438 252 2474 Christi
258 2439 358 2482 euangeliis
365 2440 464 2474 studiosius
470 2441 553 2475 estuabat
560 2452 564 2483 ;
577 2445 595 2475 et
603 2451 639 2485 que
647 2439 741 2484 apueritia
747 2440 797 2476 fulsit
803 2441 857 2486 quasi

176 2508 181 2526 ¹
192 2509 215 2539 Cf,
223 2509 261 2546 Leg,
268 2509 322 2538 Aurea
329 2509 353 2540 De
362 2509 453 2539 inventione
461 2510 521 2547 Crucis,
529 2519 545 2548 p.
552 2512 587 2547 308.
640 2510 646 2527 ²
657 2510 674 2540 Ε.
682 2511 769 2549 appositus.
821 2511 827 2528 ³
838 2511 857 2542 E.

156 2549 200 2580 secli.
240 2549 277 2579 tal.
285 2549 346 2580 detulit.
386 2549 422 2580 ⁵al.
430 2550 513 2589 fulgentes.
554 2550 855 2589 ⁰FromthellistoriatriumRegunr.
