1762 2803
248 117 294 174 bt
309 115 410 170 &autin
425 116 555 170 fflilftissss.
709 131 751 174 441

53 241 101 283 estis,
107 244 137 275 aut
142 242 191 274 certe
198 236 242 273 scita
248 242 266 272 et
272 236 344 283 cognita
349 248 383 283 pro
389 237 446 271 nihilo
452 236 523 272 ducitis.
535 236 652 282 Quapropter
656 236 698 271 lieet
702 237 754 272 senio

53 298 87 332 sim
99 293 197 335 consectus,
205 291 294 326 noueritis
302 296 364 325 tamen
372 301 403 325 me
414 291 475 325 Rome
482 300 543 325 eoram
552 290 652 335 apostoliea
660 290 704 324 sede
712 300 754 333 pro·

52 351 136 383 baturum
144 356 192 386 esse,
200 343 314 388 calumpnias
319 354 366 388 quas
371 343 416 378 mihi
423 342 517 389 imponitis
525 354 558 388 pro
567 343 616 388 regis
623 343 754 389 indignatione,

52 411 106 437 veras
121 409 158 433 non
171 409 218 433 esse.
247 397 286 432 Nee
301 397 362 431 minus
376 407 420 432 vere
435 407 466 432 me
478 397 615 441 predicaturum
631 407 673 432 esse
688 396 755 437 sciatis,

53 453 100 499 quali
115 450 175 487 studio
189 450 302 486 sacerdotale
318 449 439 485 ministerium
452 449 524 495 geratis,
540 450 571 494 qui
583 449 643 494 magis
657 449 712 484 vultis
727 449 772 491 in·5

52 505 122 541 iusticie
130 503 225 538 hominum
233 504 302 546 fauere,
311 515 366 548 quam
376 503 465 538 iusticiam
476 502 506 538 dei
514 505 589 538 tenere?
634 496 685 538 Cum
694 508 755 537 autem

52 557 148 593 Wilfridus
162 557 241 590 Romam
254 556 342 598 venisset,
355 567 366 590 a
380 567 428 601 papa
443 555 525 590 Iohanne
540 555 638 599 magnifiee
652 555 755 600 suscipitur,

52 618 71 647 et
81 621 143 645 eoram
154 621 203 655 papa
213 620 235 644 ac
246 609 310 646 multis
321 609 413 655 episcopis
424 619 498 645 causam
510 619 563 644 suam
575 608 659 654 exposuit
672 613 690 643 et
702 609 756 644 firma

53 665 121 700 ratione
129 663 218 708 probauit.
240 663 294 698 Vnde
302 664 405 698 communis
410 663 470 698 iudicii
475 662 572 706 sententia,
578 662 612 697 viri
617 661 646 697 dei
651 662 756 697 innocentia

53 718 185 762 comprobatur,
194 723 248 761 atque
256 718 379 752 accusantium
391 717 436 752 salse
447 716 551 761 calumpnie
558 716 684 761 reprobantur.
708 716 755 751 quit
765 729 784 749 ιο

54 776 112 805 autem
123 780 197 803 causam
209 779 261 804 suam
273 770 327 804 lectio
338 769 404 815 synodi
415 779 464 814 pape
475 769 578 814 Agathonis
588 778 624 813 que
636 769 729 812 quondam
736 769 755 804 in

53 823 81 858 sui
94 822 192 867 presentia,
202 833 244 857 eum
257 822 275 857 in
289 822 375 858 concilio¹
388 822 517 867 episcoporum
528 821 569 866 ipse
580 821 652 856 medius
661 822 756 864 resideret,

53 880 91 911 acta
99 880 133 910 est.
148 875 196 910 Nam
204 886 224 910 re
229 875 314 920 exigente
320 876 403 920 synodus
409 875 474 911 eadem
482 874 594 910 eum²iussu
601 885 650 920 pape
657 874 756 920 legeretur,

53 934 127 964 ventum
143 930 208 964 estad
223 929 274 965 iilum
290 929 349 965 locum
368 929 399 965 vbi
417 929 505 974 scriptum
525 934 575 964 erat:
595 928 702 964 ‘Wilsridus
720 929 755 964 deo

54 981 135 1017 amabilis
143 982 242 1027 episcopus
250 983 333 1018 Eborace
341 982 422 1026 ciuitatis,
429 981 547 1027 apostolicam
555 983 619 1017 sedem
627 983 651 1017 de
659 993 693 1017 sua
700 993 755 1018 eausa
764 993 783 1024 ¹⁵

53 1035 159 1079 appellans‚¹
173 1040 206 1069 etc.
234 1036 287 1078 Quod
300 1035 332 1070 vbi
343 1037 444 1080 perlectum
456 1040 489 1078 est,
502 1039 566 1080 stupor
581 1034 677 1070 audientes
689 1045 755 1080 appre-

54 1087 127 1130 hendit3
140 1092 158 1122 et
166 1088 232 1123 silente
240 1089 308 1123 lectore
316 1094 404 1134 ceperunt
411 1090 518 1124 alterutrum
526 1088 621 1134 requirere
628 1088 670 1135 quis
677 1088 708 1124 iile
715 1090 754 1134 epi·

54 1152 120 1185 scopus
125 1140 222 1176 Wiliridus
228 1148 282 1177 esset.
293 1142 345 1177 Tunc
351 1142 455 1177 Bonisacius
460 1153 508 1187 pape
514 1142 628 1177 consiliarius
633 1142 685 1178 etalii
690 1143 755 1186 plures

54 1193 83 1238 qui
90 1204 132 1227 eum
139 1194 291 1238 [olim]viderant,
298 1195 382 1230 dicebant
390 1194 450 1240 ipsum
458 1205 501 1230 esse
506 1195 613 1240 episcopum
621 1194 652 1240 qui
658 1199 754 1230 accusatus

53 1257 64 1279 a
70 1246 107 1281 suis
112 1252 167 1290 atque
175 1257 186 1281 a
193 1249 238 1282 sede
244 1248 344 1291 apostolica
350 1248 458 1282 iudicandus
465 1258 524 1292 nuper
532 1247 605 1281 aduenit
612 1247 691 1281 Romam
699 1260 704 1281 :
712 1247 754 1292 ‘qui
763 1259 783 1279 πο

53 1298 89 1331 iam
95 1299 170 1341 dudum,
175 1298 264 1343 inquiunt,
270 1311 317 1344 eque
323 1301 458 1334 aecusatushuc
463 1301 569 1342 adueniens,
574 1310 617 1334 mox
624 1300 684 1335 audita
689 1300 754 1335 diiudi-

54 1356 128 1396 cataque
139 1363 194 1387 causa
202 1354 220 1398 [a
231 1364 280 1398 papa
287 1354 391 1399 Agathone]
397 1354 404 1373 ³
411 1355 499 1399 probatus
509 1359 537 1388 est
545 1359 607 1388 contra
615 1353 643 1389 sas
651 1364 694 1389 esse
701 1365 712 1389 a
719 1364 754 1389 suo

54 1404 158 1450 episcopatu
166 1407 260 1451 expulsus.
282 1407 336 1443 Vnde
344 1413 362 1443 et
372 1408 416 1442 tanti
423 1407 472 1452 apud
482 1407 537 1442 eum⁴
546 1407 619 1441 habitus
627 1414 660 1449 est,
666 1413 686 1442 vt
693 1407 754 1452 ipsum

54 1457 72 1491 in
84 1459 170 1493 coneilio¹
180 1461 228 1504 quod
239 1466 358 1506 congregarat
367 1461 502 1506 episcoporum,
508 1466 571 1505 utpote
578 1460 638 1495 virum
649 1460 755 1505 incorrupte

54 1511 96 1545 fidei
111 1517 129 1545 et
142 1513 209 1546 animi⁶
222 1513 275 1556 probi
287 1514 367 1547 residere
380 1513 493 1557 preciperet!
521 1513 592 1555 Quibus
605 1512 676 1554 auditis,
689 1524 755 1547 omnes
763 1524 782 1553 ²5

54 1572 89 1596 vna
100 1574 141 1598 cum
153 1575 201 1608 papa
212 1565 281 1607 dixere,
291 1566 351 1600 virum
362 1571 412 1600 tante
423 1566 539 1607 auctoritatis,
549 1565 579 1611 qui
590 1576 625 1611 per
635 1565 755 1611 quadraginta

54 1626 111 1650 annos
126 1617 232 1663 episcopatu
246 1618 319 1654 iunctus
334 1625 378 1663 erat,
391 1629 506 1664 nequaquam
521 1618 617 1663 dampnari
632 1618 706 1661 debere,
721 1619 755 1654 sed

54 1669 155 1705 absolutum
166 1672 189 1706 ad
198 1671 281 1716 patriam,
289 1677 352 1717 vtpote
361 1672 463 1707 immunem
473 1672 497 1707 ab
507 1673 557 1706 omni
566 1671 625 1716 culpa,
632 1684 674 1707 cum
685 1672 755 1707 bonore

54 1722 117 1757 redire.
139 1723 232 1767 Scriptum
243 1731 272 1759 est
283 1725 338 1768 igitur
348 1725 423 1769 regibus
432 1725 536 1769 Anglorum
544 1725 644 1759 Ethelredo
652 1731 670 1759 et
678 1725 755 1765 Alsrido,

54 1779 72 1808 vt
85 1775 101 1809 si
114 1777 229 1811 anathemate
242 1777 296 1821 piecti
309 1778 384 1821 nollent,
397 1778 449 1812 illum
464 1778 492 1812 sui
507 1777 624 1822 episcopatus
639 1778 684 1812 sede
699 1777 755 1822 recipi
764 1789 784 1818 30

54 1827 123 1872 absque
135 1830 275 1864 retractatione⁶
286 1830 373 1865 facerent.
396 1824 487 1865 Famulus
499 1829 555 1874 igitur
567 1830 603 1872 dei,
614 1830 686 1874 magnis
702 1841 755 1865 sanc-

54 1884 113 1914 torum
126 1882 208 1928 reliquiis
220 1883 345 1928 locupletatus,
357 1883 434 1927 patriam
447 1884 540 1918 remeauit
565 1882 648 1927 Cumque
661 1883 681 1917 in
692 1889 756 1927 partes

55 1932 153 1971 Galliarum
169 1936 280 1979 deuenisset,
292 1937 352 1971 subita
364 1935 470 1972 infirmitate
483 1935 585 1981 corripitur,
596 1941 615 1970 vt
629 1936 755 1971 ministrorum

55 1987 138 2021 manibus
146 1988 165 2021 in
172 1990 247 2032 grabato
254 1989 375 2033 portaretur⁷.
398 1989 480 2031 Quatuor
489 1990 563 2022 tandem
571 1989 637 2023 diebus
645 1995 663 2023 et
671 1989 755 2023 noctibus

55 2037 118 2073 similis
129 2047 201 2075 mortuo
212 2041 277 2076 iacuit:
289 2048 308 2076 et
318 2042 381 2087 quinta
392 2042 427 2084 die,
434 2052 476 2075 cum
486 2042 523 2075 iam
532 2041 631 2077 moriturus
639 2052 649 2076 a
657 2041 696 2077 suis
703 2041 756 2087 plan·
764 2052 783 2084 35

54 2099 133 2137 geretur,
147 2100 221 2129 sanctus
232 2095 310 2130 Michael
323 2095 443 2138 archangelus
455 2105 466 2130 a
477 2094 551 2130 domino
562 2094 645 2137 mittitur,
655 2106 690 2139 per
700 2105 756 2140 quem

55 2145 126 2180 sanitati
143 2146 219 2190 pristine
234 2147 350 2191 restituatur;
368 2147 396 2182 cui
411 2153 429 2182 et
444 2147 479 2182 ait:
495 2147 595 2191 ‘Wiit'ride,
610 2147 702 2183 conciuis⁸
717 2148 757 2193 dig·

55 2195 135 2241 nissime,
143 2210 204 2244 surge,
212 2201 256 2245 quid
263 2201 325 2236 iaces?
337 2212 380 2236 nam
390 2201 431 2236 iicet
441 2201 490 2236 inter
500 2201 550 2236 ciues
558 2201 639 2236 celorum
647 2203 756 2245 numereris,

55 2254 116 2284 tamen
123 2259 199 2296 propter
206 2253 307 2287 orationem
316 2255 395 2287 filiorum
403 2259 476 2287 tuorum
484 2254 519 2287 hoc
529 2259 614 2298 tempore
621 2265 658 2288 non
666 2255 756 2297 morieris,

55 2306 73 2334 et
84 2305 171 2349 precipue
184 2316 219 2350 per
229 2308 294 2340 merita
305 2311 324 2341 et
334 2306 476 2342 intercessiones
487 2307 540 2342 beate
552 2306 610 2342 Marie
622 2307 716 2350 genitricis
726 2308 756 2344 dei
764 2319 784 2349 40

55 2359 73 2388 et
84 2363 173 2403 perpetue
183 2359 265 2404 virginis.
288 2359 352 2396 Orauit
363 2360 413 2396 enim
425 2371 459 2405 pro
471 2366 495 2403 te,
506 2360 549 2405 quia
561 2361 640 2405 quedam
652 2372 708 2406 opera
721 2362 756 2397 sibi

55 2408 162 2451 placuerunt
169 2412 216 2448 sacta
228 2419 299 2458 perte:
311 2414 346 2449 scit
357 2425 425 2459 nempe
436 2413 480 2458 quid
491 2413 553 2458 operis
564 2413 620 2448 Petro
630 2413 701 2457 seceris,
712 2417 756 2459 quid

55 2459 104 2498 fratri
111 2464 169 2508 ipsius
177 2465 254 2502 Andree
265 2467 396 2502 construxeris.
418 2467 535 2512 Quapropter
542 2478 591 2502 nunc
598 2467 672 2511 quidem
680 2478 691 2501 a
698 2475 757 2503 morte

75 2535 108 2567 ¹1¹3v
119 2541 192 2571 consilio.
232 2540 407 2572 ’EadmNamcurn
440 2541 487 2571 'om
498 2542 515 2571 in
525 2541 544 2571 T.
555 2542 574 2571 E.
605 2540 755 2579 ‘scAgathouem

56 2574 153 2610 'banne
194 2579 228 2611 ⁰E.
237 2581 337 2612 retractione.
370 2580 600 2613 'seinMeidumciuitatem
636 2581 755 2613 *sconscius
