1762 2803
111 141 153 184 140
300 128 379 180 unua
395 125 618 189 transeantur.
667 106 668 109 '

109 248 148 284 siue
160 250 183 283 ad
195 253 273 283 mortem
285 248 325 284 sine
338 250 361 283 ad
373 249 429 283 vitam
437 249 464 283 ire
474 253 545 291 tecum;
560 257 617 283 vnum
629 252 700 282 tantum
711 258 810 292 queramus

109 303 139 336 dei
149 303 271 337 voluntatem!
295 302 386 336 Diffiniuit
396 313 439 346 ergo
450 307 524 336 sanctus
534 302 648 344 Brendanus,
659 306 678 335 et
689 301 714 335 hii
726 301 757 345 qni
768 313 810 336 cnm

109 367 131 389 eo
143 362 200 399 erant,
210 355 297 389 ieiunium
305 355 424 399 quadraginta
432 355 503 389 dierum
515 365 549 399 per
557 354 656 392 triduanas,
664 359 682 388 et
693 359 757 398 postea
768 365 810 399 pro-

109 409 171 444 ficisci.
193 408 298 443 Transactis
306 419 350 442 vero
362 409 482 451 quadraginta
491 408 560 449 diebus,
572 407 591 441 iu
602 407 706 442 summitate
715 407 810 442 cuiusdam

92 462 177 502 5montis
189 462 272 495 lecerunt
283 471 338 494 unam
350 461 453 494 nauiculam
466 461 584 503 lenissimam,
597 464 684 494 costatam
698 465 716 495 et
729 461 811 505 colump-

109 520 181 557 natam,
189 519 208 548 et
214 519 348 557 cooperuerunt
353 524 395 547 eam
400 513 454 548 coriis
459 513 532 547 bouinis
537 514 622 556 tannatis,
629 519 647 547 et
653 513 740 548 linierunt
745 524 810 548 omnes

109 567 201 601 iuncturas
213 566 288 610 pellium
299 566 364 609 butiro,
375 571 394 600 et
405 566 494 600 miserunt
503 567 548 600 allas
559 567 605 600 duas
617 572 712 610 paraturas
723 566 775 601 nauis
787 567 811 601 de

109 620 148 652 aliis
155 620 208 653 coriis
216 619 265 652 intus
272 619 291 651 in
300 629 371 660 nauem,
377 624 395 652 et
403 630 495 663 expensas
503 620 622 662 quadraginta
629 620 705 653 dierum.
718 620 811 653 Arborem

109 683 181 716 qnoque
194 676 295 716 posuerunt
306 671 324 705 in
338 671 398 706 medio
410 671 463 705 nauis
476 671 552 714 fixum¹‚
565 676 583 705 et
594 671 661 714 velum,
674 677 692 706 et
704 677 811 716 ceteraque

82 737 101 758 ιο
110 726 132 758 ad
141 725 223 769 regimen
232 724 284 757 nanis
291 724 389 768 pertinent.
439 717 522 760 Sanctus
532 729 593 758 antem
605 724 715 759 Brendanus
725 725 811 759 iratribus

109 778 148 811 suis
160 777 242 822 precepit
254 777 273 809 in
287 777 361 810 nomine
373 777 431 821 patris
446 782 464 810 et
476 777 508 810 filii
520 782 539 810 et
551 777 626 821 spiritus
638 777 696 811 sancti
708 778 777 811 intrare
792 778 811 811 in

110 842 181 865 nauem.
203 830 286 874 Cumque
294 829 324 863 ille
333 830 383 864 solus
391 831 472 863 stetisset
479 830 498 862 in
506 829 566 863 littore
574 834 592 863 et
600 836 673 874 portum
681 830 811 873 benedixisset,

110 889 258 928 superuenerunt
265 889 303 918 tres
311 883 376 918 fratres
384 885 408 917 de
420 895 453 917 suo
465 883 580 923 monasterie,
592 883 624 927 qui
635 884 696 918 statim
707 885 811 918 ceciderunt

110 943 152 972 ante
164 939 222 981 pedes
234 936 291 971 sancti
303 936 364 980 patris,
378 937 470 971 dicentes:
487 936 558 979 ‘Paten
570 936 640 972 dimitte
653 937 699 972 n0s²
711 937 738 972 ire
751 942 811 972 tecum

84 1003 102 1033 15
111 1001 147 1034 quo
157 990 215 1025 iturus
224 1000 250 1031 es,
258 989 338 1033 alioquin
348 990 383 1024 isto
393 990 432 1024 loco
444 990 492 1024 same
500 995 518 1024 et
526 990 555 1024 siti
563 989 667 1026 moriemur.
691 990 812 1025 Decreuimus

111 1044 161 1076 enim
176 1042 300 1087 peregrinari³
312 1043 396 1076 omnibus
411 1044 475 1076 diebus
490 1043 527 1076 vite
542 1045 614 1076 nostre.¹
642 1044 725 1087 Cumque
738 1044 767 1077 vir
782 1043 812 1077 dei

111 1107 175 1129 eorum
189 1095 266 1129 vidisset
280 1097 388 1137 angustiam,
403 1095 485 1138 precepit
501 1095 551 1129 illis4
566 1095 634 1129 intrare
649 1107 721 1137 nauem,
736 1096 811 1130 dicens:

111 1147 161 1180 ‘Fiat
178 1147 262 1181 voluntas
279 1151 345 1189 vestra,
365 1146 425 1180 filioli!
451 1147 474 1180 Et
492 1147 573 1181 addidit:
596 1146 648 1182 ‘Scio
667 1148 758 1192 quomodo
778 1158 811 1182 vos

110 1201 192 1234 venistis.
223 1200 261 1233 Iste
284 1200 341 1233 irater
364 1201 433 1233 bonum
453 1211 500 1243 opus
523 1206 609 1243 operatus
631 1206 671 1235 est:
697 1211 740 1234 nam
764 1202 811 1234 dens

83 1267 101 1288 20
110 1252 215 1298 preparauit
230 1252 265 1287 sibi
278 1252 394 1296 aptissimum
411 1253 476 1296 locum,
491 1253 544 1288 vobis
562 1258 623 1288 autem
636 1253 751 1289 teterrimum
766 1253 812 1288 iudi-

111 1307 168 1341 cium’
199 1306 289 1340 Ascendit
308 1312 369 1340 autem
385 1312 460 1354 sanctus
476 1306 585 1341 Brendanus
603 1317 675 1349 nauem,
694 1306 812 1351 extensisque

110 1359 156 1395 velis
170 1365 258 1404 ceperunt
273 1358 360 1403 nauigare
376 1364 440 1393 contra
455 1358 555 1393 solsticium
574 1358 662 1395 estiuale:
682 1364 700 1395 et
719 1360 811 1394 habebant

110 1423 220 1457 prosperum
237 1417 318 1453 ventum,
333 1412 425 1456 nichilque
442 1424 488 1457 opus
508 1412 540 1447 snit
559 1412 594 1447 nisi
612 1418 676 1448 tenere
691 1413 737 1448 vela.
767 1413 812 1447 Post

111 1466 215 1510 quindecim
228 1465 268 1498 dies
280 1465 358 1499 cessauit
369 1470 446 1499 ventus:
461 1471 480 1499 et
492 1470 581 1509 ceperunt
591 1466 686 1510 remigare,
697 1477 755 1510 vsque
768 1467 812 1499 dum

84 1530 102 1559 ²5
111 1519 160 1552 vires
176 1528 240 1551 eorum
255 1518 366 1560 deficerent·,
385 1523 403 1551 et
418 1518 527 1550 consortanit
543 1518 584 1551 illos
604 1518 719 1560 Brendanus,
736 1519 811 1552 dicens:

111 1574 116 1591 ‘
124 1572 203 1612 Fratres,
211 1570 266 1604 nolite
278 1570 388 1605 formidare:
399 1571 445 1604 deus
455 1570 506 1605 enim
516 1570 587 1604 adiutor
594 1575 657 1606 noster
665 1576 698 1613 est,
706 1576 724 1606 et
734 1571 813 1606 nauem⁶

112 1629 130 1658 et
139 1635 173 1657 nos
183 1623 284 1667 gubernat:
295 1627 366 1656 tantum
378 1623 462 1657 dimittite
474 1624 515 1657 vela
525 1628 607 1664 extensa,
618 1628 635 1657 et
647 1624 700 1658 faciat
710 1625 756 1658 deus
766 1625 813 1658 sicut

112 1677 150 1711 vult
159 1678 182 1711 de
191 1676 250 1711 seruis
260 1676 297 1710 suis
308 1682 326 1709 et
336 1677 359 1710 de
369 1687 402 1710 sua
411 1678 468 1710 naue.¹
497 1676 612 1710 Reficiebant
620 1677 651 1710 sefl
659 1688 734 1721 semper
741 1678 764 1711 ad
771 1688 813 1712 ves-

113 1740 186 1772 peram3
203 1733 221 1761 et
231 1728 336 1760 nesciebant
345 1739 410 1761 versus
422 1739 478 1771 quam
489 1729 553 1761 mnndi
565 1734 636 1772 partem
649 1730 702 1762 nanis
715 1730 813 1762 serebatur.

84 1792 104 1822 30
113 1780 248 1816 Consummatis
256 1780 293 1814 iam
303 1780 422 1825 quadraginta
434 1781 504 1821 diebus,
516 1786 534 1815 et
547 1780 631 1815 omnibns
644 1781 731 1826 expensis
744 1793 779 1826 qne
789 1782 813 1816 ad

112 1836 179 1869 victum
192 1834 314 1879 pertinebant,
330 1833 414 1878 apparuit
425 1833 461 1868 illis
476 1835 555 1877 quedam
572 1834 631 1868 insula
645 1836 698 1870 valde
714 1846 780 1870 saxosa
795 1841 813 1869 et

111 1889 151 1929 alta,
160 1890 183 1922 de
191 1898 227 1931 qua
235 1887 303 1921 diuersi
313 1887 367 1921 riuuli
375 1888 398 1921 de
408 1887 513 1922 summitate
523 1887 583 1921 insule
590 1888 724 1923 descendentes
731 1889 813 1922 ssnebant

111 1941 130 1974 in
140 1952 196 1975 mare.
219 1940 302 1983 Cumque
313 1940 378 1974 fratres
388 1940 418 1974 siti
431 1945 449 1974 et
459 1940 508 1974 same
518 1945 581 1974 essent
591 1940 650 1974 afflicti
663 1946 760 1984 antequam
770 1952 813 1984 por-

111 1999 150 2028 tum
160 1992 280 2035 inuenissent,
289 1992 321 2036 [et]
330 2003 396 2037 aquam
404 1992 423 2026 in
430 1992 480 2027 vasis
490 2003 564 2027 sumere
571 1993 644 2035 vellent,
653 1993 698 2028 dixit
709 1994 744 2028 illis
754 1994 813 2028 Bren-

84 2056 102 2085 55
112 2048 180 2081 danus:
196 2046 272 2087 ‘Nolite
283 2046 354 2088 fratres,
366 2047 400 2079 lroc
411 2046 482 2080 facere:
500 2047 575 2080 stultum
589 2051 617 2080 est
630 2047 679 2081 enim
693 2048 741 2090 quod
755 2047 813 2090 agitis.

112 2099 178 2133 Adhuc
194 2099 240 2133 dens
253 2109 290 2131 non
303 2099 341 2132 vult
354 2098 407 2133 nobis
420 2099 518 2133 ostendere
533 2104 607 2143 portum
619 2104 637 2132 et
652 2100 717 2142 locum,
730 2105 748 2133 et
758 2099 813 2134 vnltis

111 2153 194 2196 rapinam
207 2152 279 2186 lacere?
303 2151 393 2186 Dominus
401 2152 467 2186 lhesns
479 2152 563 2186 Christus
574 2157 616 2195 post
627 2158 666 2187 tres
678 2153 718 2187 dies
729 2154 814 2187 ostendet

112 2211 185 2249 portum
197 2210 215 2238 et
224 2204 284 2238 locum
294 2203 379 2247 intrandi,
390 2210 410 2239 vt
422 2204 527 2239 reficiantur
540 2215 616 2249 corpora
625 2206 744 2240 vexatorum!
767 2206 813 2240 Cum

112 2264 173 2292 autem
183 2257 291 2291 circuissent
302 2268 336 2301 per
343 2263 381 2291 tres
389 2257 428 2291 dies
437 2257 487 2291 illam
498 2258 581 2300 insulam,
589 2258 642 2291 tertia
652 2258 682 2292 die
692 2259 740 2292 circa
749 2258 813 2292 horam

84 2323 104 2351 40
113 2323 180 2345 nonam
192 2312 302 2344 inuenerunt
314 2317 392 2354 portum,
400 2311 431 2344 vbi
441 2317 480 2344 erat
489 2311 548 2345 aditus
556 2311 610 2345 vnius
620 2311 677 2344 nauis.
700 2311 724 2343 Et
734 2312 814 2355 egressis

113 2363 149 2396 illis
164 2365 187 2397 de
200 2363 247 2404 naui,
259 2367 277 2396 et
289 2373 323 2406 per
334 2363 383 2407 ripas
398 2363 455 2395 maris
470 2363 611 2404 ambulantibus,
622 2363 699 2396 occurrit
712 2363 747 2396 illis
763 2364 824 2397 canis,

113 2426 147 2459 per
154 2417 246 2460 quandam
259 2415 349 2458 semitam,
358 2421 376 2450 et
388 2415 438 2450 venit
450 2416 473 2450 ad
489 2416 547 2459 pedes
563 2414 621 2449 sancti
634 2414 732 2450 Brendani.
754 2416 814 2458 Quem

113 2479 178 2502 omnes
191 2467 248 2503 secuti
261 2479 319 2511 vsqne
332 2468 355 2502 ad
369 2468 449 2512 opidum,
462 2468 547 2502 viderunt
559 2467 620 2501 aulam
633 2477 724 2511 magnam,
738 2473 814 2503 stratam

132 2538 192 2569 1εοΤ.
200 2537 218 2568 E.
269 2536 303 2568 ²E.
312 2537 329 2569 T.
337 2538 387 2569 nobis.
439 2538 473 2569 ³E.
482 2537 624 2576 peregrinare3al.
632 2539 667 2570 add.
675 2542 731 2570 tecum.
779 2538 813 2570 ‘E.

112 2579 153 2609 illos.
213 2577 409 2615 5Τ.ιιίιιιῑ;ι;ΕΛιειιιεεω,
471 2578 575 2608 ‘olom'
