1762 2803
304 105 349 162 ma
365 103 464 158 &aaut
479 102 575 161 Dauid.
748 119 792 163 259

91 224 139 260 letus
146 225 274 271 ingrederetur
281 228 334 263 viam.
358 227 434 262 Peracto
444 226 514 267 itinere,
525 226 626 270 solutisque
635 237 646 261 a
655 226 718 261 labore
728 226 793 268 bobus,

91 278 157 314 librum
172 286 256 324 apertum
269 292 280 314 a
293 280 360 325 pluuiis
373 291 410 324 que
421 285 463 313 tunc
475 280 552 314 multum
567 280 701 314 inundauerarrt
712 279 793 323 repperit

91 331 169 368 illesum.
191 333 275 369 Tandem
291 334 314 369 ad
329 332 405 379 plenum
424 331 506 367 eruditus
521 338 539 367 et
553 332 650 368 virtutibus
665 332 744 378 pollens,
760 331 794 366 Hi-

91 386 174 422 berniam
182 387 239 431 petiit,
247 393 387 431 constructoque
395 386 464 421 ibidem
474 386 585 422 monasterio
596 385 730 422 sanctissimam
738 386 793 420 vitam

92 439 148 473 duxit.
193 434 243 477 Cum
253 447 314 475 autem
324 440 408 474 Aidanus
417 445 470 474 nocte
479 440 560 484 paschali
572 440 664 474 orationes
675 439 812 479 continuaretur

92 493 176 536 apparuit
187 494 203 528 ei
214 494 290 538 angelus
300 493 369 528 domini
378 492 452 528 dicens:
465 493 529 527 ‘Nosti
540 494 588 538 quod
600 498 664 527 sancto
675 492 735 527 Dauid
746 491 794 537 patri

91 550 153 579 vestro
168 546 248 581 crastina
260 547 290 582 die
302 557 395 582 venenum
408 558 419 581 a
432 547 542 591 quibusdam
556 546 642 581 fratribus
657 547 681 580 ad
695 545 794 590 prandium

93 601 216 642 apponeturl’
239 600 265 634 At
275 599 316 635 ille:
328 599 484 644 ‘Nesci0¹inquit.
507 599 530 634 Et
541 600 629 645 angelus:
642 598 794 643 ‘Condiscipulus

92 655 135 685 tuus
143 652 230 686 Scutinus
238 654 261 686 ad
268 653 317 687 littus
325 658 389 696 pergat
396 652 458 693 maris,
468 663 502 695 ego
512 653 561 685 enim
571 663 614 686 eum
621 652 664 686 illuc
674 652 795 685 transferam.²

92 702 176 737 Veniens
195 705 218 738 ad
236 715 287 739 mare
310 704 411 748 discipulus
430 709 506 748 pontum
524 715 583 747 vsque
604 705 627 738 ad
647 714 696 748 genu
715 703 795 738 intrauit.
804 715 823 737 ιο

94 755 117 790 Et
128 756 219 801 accipiens
231 767 273 792 eum
285 757 344 800 belua,
356 756 436 792 traduxit
447 767 495 792 eum.
518 757 594 792 Peracta
607 761 667 791 autern
681 756 738 791 missa
752 767 794 791 curn

93 814 168 844 sanctus
187 809 247 845 Dauid
266 809 381 846 refectorium
400 811 423 844 ad
442 809 540 854 prandium
556 820 597 844 cum
614 808 700 844 fratribus
718 815 795 854 peteret,

94 862 186 903 Scutinus,
203 864 295 908 quondam
310 863 412 907 discipulus
425 873 475 904 suus,
489 863 566 897 obuians
577 862 608 904 illi,
620 868 684 897 cuncta
696 873 720 897 ex
732 862 796 897 ordine

94 915 198 958 referens¹;
217 917 286 960 pariter
304 916 335 950 leti
354 915 476 956 discumbunt,
494 914 562 959 gratias
578 921 654 959 agentes
669 915 709 950 deo.
737 915 796 950 Finita

94 968 175 1004 oratione
183 980 284 1013 assurgens
291 968 379 1004 diaeonus
387 969 418 1013 qui
425 968 473 1012 patri
481 968 585 1003 ministrare
595 974 721 1011 consueuerat,
728 980 796 1013 panem
806 979 812 1001 r
815 980 824 1009 5

94 1032 166 1055 veneno
178 1022 266 1057 infectum
281 1033 346 1057 mense
357 1020 446 1066 imponit;
458 1021 487 1057 cui
499 1032 553 1056 cocus
565 1027 583 1056 et
593 1022 708 1065 ychonomus
719 1032 796 1057 eonsen-

95 1080 161 1109 serant.
185 1075 272 1110 Scutinus
286 1080 347 1110 autem
363 1086 384 1110 se
398 1075 483 1119 erigens:
496 1074 566 1117 ‘hodie,
581 1074 645 1118 inquit,
657 1075 727 1110 nullum
741 1075 798 1110 lrater

95 1127 142 1171 patri
160 1127 282 1162 ministerium
300 1127 405 1163 adhibebit:
421 1139 456 1171 ego
474 1127 525 1162 enim
543 1127 659 1172 impendam.²
682 1127 716 1162 Ille
735 1133 796 1163 autem

95 1180 182 1215 confusus
189 1181 292 1215 abscedens
300 1186 318 1215 et
326 1182 402 1215 ebetans
412 1179 490 1225 diriguit.
512 1180 589 1225 Accepit
597 1180 657 1215 Dauid
668 1191 736 1225 panem
745 1181 797 1217 illum

95 1244 215 1274 venenosum,
225 1239 243 1267 et
251 1235 270 1267 in
279 1239 317 1267 tres
326 1239 388 1277 partes
399 1233 488 1275 diuidens,
497 1244 553 1267 vnam
564 1233 635 1267 cuidam
645 1233 726 1267 canicule
736 1233 796 1269 dedit:
807 1244 826 1265 ao

95 1296 131 1329 que
141 1285 202 1320 statim
210 1291 229 1320 vt
239 1285 323 1330 gustauit,
333 1285 400 1320 misere
408 1286 464 1320 vitam
475 1285 538 1319 finiuit.
562 1285 633 1320 Omnes
643 1286 694 1320 enim
704 1285 737 1329 pili
747 1285 797 1321 illius

96 1337 115 1372 in
122 1338 158 1372 ictu
166 1338 213 1372 oculi
225 1337 335 1380 ceciderunt,
342 1337 367 1373 ita
377 1343 396 1373 vt
406 1337 477 1373 viscera
485 1337 529 1380 eius,
538 1338 587 1372 corio
597 1338 667 1382 passim
678 1338 740 1381 fracto,
748 1339 798 1374 foras

96 1396 219 1436 erumperent.
241 1392 315 1426 Partem
326 1392 402 1425 alteram
414 1391 464 1425 dedit
475 1402 541 1426 coruo:
553 1397 571 1426 et
582 1402 626 1426 mox
637 1397 656 1426 vt
667 1397 727 1426 rostro
736 1392 798 1436 tetigit,

96 1445 187 1480 exanimis
193 1446 216 1479 de
223 1446 289 1479 arbore
297 1444 366 1479 cecidit.
381 1444 462 1479 Tertiam
467 1456 511 1479 vero
517 1450 588 1489 partem
596 1444 615 1478 in
623 1456 679 1479 manu
687 1456 720 1480 sua
726 1451 799 1487 tenens,

96 1497 190 1532 benedixit
202 1504 220 1532 et
231 1509 273 1532 cum
284 1498 384 1542 gratiarum
395 1497 467 1532 actione
479 1499 570 1533 comedit:
585 1503 604 1532 et
614 1499 632 1532 in
645 1498 695 1532 nullo
704 1498 721 1533 ei
732 1499 798 1532 nocuit.
808 1510 826 1540 ²5

98 1544 799 1596 Cumautemquidam[Hiberniensium]²abbasnomineBarreliminaapos·

97 1605 176 1639 tolorum
187 1605 235 1640 Petri
245 1610 263 1639 et
273 1604 324 1639 Pauli
331 1604 405 1639 visitare
415 1604 506 1638 affectaret
511 1604 523 1646 ³,
531 1615 599 1648 equum
608 1605 665 1639 saneti
674 1604 734 1639 Dauid
742 1604 799 1650 petiit,

98 1664 116 1693 et
128 1659 201 1702 accepit.
225 1658 305 1702 Optenta
317 1658 374 1701 patris
386 1657 519 1698 benedictione,
530 1663 604 1700 portum
616 1658 665 1702 petit,
677 1669 728 1692 mare
740 1659 799 1699 intrat,

98 1716 116 1744 et
131 1710 191 1744 fidens
206 1710 263 1754 patris
278 1709 405 1744 benedictione
420 1721 468 1754 equo
483 1720 518 1754 pro
532 1710 575 1743 naui
588 1710 649 1744 utitur.
671 1710 736 1755 Equus
751 1710 800 1745 enim

80 1792 82 1796 r
98 1769 189 1798 tumentes
196 1764 285 1797 ssuctuum
293 1764 375 1798 cumulos
385 1764 434 1797 velut
445 1764 520 1807 planum
532 1773 617 1807 campum
627 1765 731 1808 peragebat.
753 1764 800 1798 Cum
809 1777 829 1807 30

98 1822 158 1852 autem
174 1816 246 1861 longius
261 1817 386 1860 processisset,
399 1815 484 1861 apparuit
498 1815 515 1851 ei
530 1822 604 1851 sanetus
618 1816 732 1860 Brendanus,
744 1828 801 1862 super

98 1869 190 1903 marinum
200 1875 259 1904 cetum
268 1870 344 1903 duram⁴
351 1869 406 1903 vitam
414 1871 489 1903 ducens.
512 1869 617 1911 Quividens
625 1871 719 1904 hominem
727 1870 746 1904 in
754 1871 800 1905 mari

99 1922 216 1968 equitantem,
229 1922 339 1966 stupefactus
350 1922 386 1956 ait:
398 1922 498 1956 ‘Mirabilis
509 1923 554 1956 deus
565 1922 584 1956 in
596 1922 663 1957 sanctis
675 1923 724 1957 suis!
747 1924 800 1958 Salu-

98 1976 179 2011 tantibus
194 1981 254 2010 autern
266 1987 287 2010 se
300 1981 367 2016 mutuo,
379 1975 489 2009 Brendanus
500 1975 600 2019 interrogat
613 1976 662 2010 vnde
675 1981 729 2017 esset,
741 1987 752 2010 a
764 1987 800 2019 quo

99 2028 185 2068 venisset,
201 2034 220 2062 et
235 2028 312 2071 qualiter
326 2028 345 2061 in
360 2038 411 2061 mare
426 2027 529 2070 equitasset.
558 2027 581 2060 Et
595 2037 637 2061 curn
652 2027 682 2060 ille
697 2033 761 2061 cuncta
777 2029 800 2062 de
810 2040 828 2072 55

100 2087 162 2115 sancto
171 2081 230 2115 Dauid
240 2081 337 2123 retulisset,
348 2080 373 2114 ait
384 2080 505 2115 Brendanus:
517 2079 579 2114 ‘Vade
586 2080 605 2114 in
615 2089 671 2123 pace:
683 2090 717 2123 ego
727 2080 800 2115 veniam

100 2139 118 2168 et
124 2133 191 2168 videbo
198 2135 253 2167 eum!
276 2133 334 2167 Barre
344 2138 406 2167 autem
417 2132 469 2166 illeso
479 2143 543 2175 gressu
553 2132 631 2175 patriam
639 2132 682 2165 adiit
690 2139 707 2166 et
715 2132 802 2167 fratribus

100 2191 153 2229 gesta
163 2196 197 2229 per
206 2184 288 2218 ordinem
298 2184 389 2219 indicauit.
434 2177 493 2219 Dedit
503 2190 564 2218 autem
576 2190 649 2218 sanctus
659 2184 718 2218 Dauid
728 2185 802 2220 Aidano

100 2237 247 2281 tintinnabulum,
259 2238 292 2273 sed
303 2236 339 2282 ille,
350 2237 438 2282 nauigans
450 2238 473 2274 ad
484 2237 598 2279 Hiberniam,
609 2236 657 2273 illius
669 2237 741 2280 oblitus,
753 2237 803 2274 misit

62 2325 63 2330 ,
101 2293 125 2326 ad
133 2291 194 2326 Dauid
202 2291 511 2326 nunciumvttransmitteretillud.
534 2290 567 2326 Cui
576 2291 607 2325 ille
617 2290 739 2335 aitr‘Perge,
750 2302 802 2336 puer,
811 2306 832 2337 40

101 2346 125 2379 ad
134 2344 240 2389 magistrum
248 2346 309 2377 tuum.¹
332 2343 355 2376 Et
363 2344 429 2377 sactum
440 2350 474 2386 est,
484 2345 528 2377 dum
540 2348 662 2378 reuerteretur
674 2343 711 2387 ille,
723 2345 803 2380 crastina

102 2398 132 2433 die
141 2397 202 2432 visum
213 2402 241 2431 est
251 2396 390 2432 tintinnabulum
402 2396 452 2430 iuxta
462 2396 561 2437 Aidanum,
571 2396 636 2439 angelo
648 2396 742 2432 deferente
753 2404 804 2433 ante·

102 2461 158 2494 quam
169 2450 252 2484 venisset
266 2449 344 2484 nuncius
357 2448 401 2483 eius.
446 2442 534 2493 Quadam
547 2453 610 2483 autem
623 2454 676 2484 nocte
689 2450 775 2495 apparuit
786 2450 804 2486 ei

102 2503 179 2548 angelus
186 2502 255 2537 domini
262 2502 336 2538 dicens:
349 2501 442 2537 ‘Crastina
450 2500 479 2536 die
487 2502 597 2546 percingens
607 2501 663 2537 calcia
673 2507 702 2538 te:
715 2502 804 2539 Hierusa-

122 2567 186 2596 ¹80T.
194 2567 245 2602 E.;r.
253 2567 336 2596 referebat.
376 2565 423 2596 ²om.
463 2564 583 2595 ³r.visitasset.
623 2565 738 2596 ⁴Vit.miram.

440 2623 469 2648 82
