1762 2803
348 591 550 642 APPENDIX
577 591 611 642 II.

451 732 512 748 ss

201 826 304 861 Additional
311 826 353 860 lives
362 825 383 871 by
387 824 435 871 saun
445 826 468 870 of
474 824 576 869 Danenzoutlz
585 825 603 859 in
611 823 656 860 MS.
664 823 715 859 Bon
726 834 767 867 240.

132 923 148 954 p.
158 910 201 953 593]
252 921 266 944 1.
277 912 308 943 Da
320 912 396 944 Seuero
409 912 480 957 fluunt
492 918 519 943 ax
530 917 620 944 cronicis
632 909 736 943 aaronem&

136 983 222 1047 Sanctus
234 982 287 1014 Huna
297 981 392 1015 monachus
404 987 421 1015 et
432 979 517 1023 presbiter
528 980 573 1014 alme
583 979 653 1021 virginis
665 980 772 1013 Etheldrede
782 980 835 1013 fuisse

172 1031 276 1075 perhibetur.
299 1031 334 1065 Hic
345 1042 408 1075 magne
419 1031 520 1065 humilitatis
530 1031 560 1074 vir,
571 1037 648 1074 tempore
660 1036 720 1065 sancte
730 1031 835 1066 Etheldrede

133 1083 179 1127 apud
191 1083 238 1125 Hely
249 1083 293 1116 inter
303 1083 364 1116 fratres
376 1089 393 1116 et
404 1086 472 1117 sorores
484 1082 545 1125 iugiter
554 1083 587 1116 deo
597 1082 700 1116 famulantes
712 1081 836 1125 professionem

132 1133 177 1174 fecit,
188 1138 240 1175 atque
253 1133 270 1165 in
286 1133 335 1165 breui
347 1140 424 1175 tempore
436 1133 518 1167 uirtutum
531 1132 654 1166 exercitacione
665 1132 751 1174 perfectus
762 1131 835 1172 emicuit,

116 1195 125 1226 5
134 1188 195 1226 potens
206 1182 279 1223 ieiuniis,
290 1182 386 1216 humilitate
397 1182 505 1225 conspicuus,
515 1183 549 1216 fide
559 1182 624 1223 firmus,
635 1188 651 1216 et
663 1181 681 1215 in
692 1180 772 1216 omnibus
783 1192 836 1224 quan-

133 1239 171 1266 tum
181 1232 231 1266 sciuit
240 1238 257 1265 et
268 1233 324 1275 potuit
336 1231 369 1275 [se]
382 1232 456 1276 antiquis
468 1232 558 1266 monachis
570 1231 626 1266 studio
637 1231 724 1273 religionis
735 1231 809 1275 equauit,
820 1236 837 1265 et

134 1283 228 1317 eorundem
238 1282 316 1316 instituta
325 1288 408 1325 actusque
418 1283 503 1324 disseruit,
512 1283 557 1316 vnde
568 1294 579 1314 a
589 1293 624 1315 non
636 1282 692 1324 nullis,
701 1282 756 1315 eciam
767 1282 789 1315 ab
800 1282 837 1325 ipsa

135 1333 241 1367 Etheldreda
254 1338 309 1366 matre
324 1332 471 1375 congregacionis,
483 1332 553 1366 maximi
566 1332 636 1366 honoris
650 1338 667 1366 et
680 1333 743 1366 amoris
756 1343 787 1375 pre
800 1332 837 1365 aliis

135 1385 197 1425 dignus
211 1384 312 1416 habebatur.
339 1383 380 1422 Hic,
395 1388 414 1415 vt
428 1384 486 1424 femur,
500 1394 532 1425 pro
547 1383 576 1415 illa
590 1382 684 1415 venerabili
702 1383 838 1424 congregacione

109 1448 128 1469 ro
135 1437 207 1469 fratrum
214 1440 231 1468 et
240 1446 317 1468 sororum
324 1435 371 1477 apud
378 1435 424 1476 Hely
429 1435 581 1477 commorandum,
587 1434 662 1468 lacrimis
669 1440 687 1467 et
694 1434 769 1467 maximo
774 1434 838 1476 gemitu

135 1486 212 1518 eiusdem
219 1491 278 1518 sancte
283 1485 343 1517 matris
349 1485 455 1518 Etheldrede
460 1485 553 1518 celebrauit
558 1484 643 1529 exequias,
648 1491 666 1518 et
672 1494 710 1517 eam
715 1485 774 1518 nonin
781 1485 838 1528 lapide

136 1534 206 1578 cela[to]
215 1541 244 1569 aut
252 1535 326 1569 arcubus
334 1546 375 1569 auro
383 1535 504 1578 circumtectis,
512 1542 544 1577 set,
552 1537 596 1569 sicut
604 1535 627 1569 ab
635 1535 673 1579 ipsa
681 1536 782 1569 mandatum
789 1546 838 1569 acoe-

136 1591 190 1630 perat,
196 1586 213 1618 in
221 1586 305 1619 cimiterio
312 1586 385 1620 ecclesie
391 1586 437 1619 iuxta
443 1596 483 1619 suos
490 1587 574 1629 sepeliuit.
593 1588 616 1619 Et
624 1591 663 1629 post
670 1587 787 1619 venerandum
795 1585 839 1619 illius

136 1636 203 1669 obitum
214 1642 231 1669 et
243 1636 347 1677 sepulturam
358 1646 394 1668 non
405 1636 423 1668 in
434 1637 496 1669 eodem
507 1636 612 1669 monasterio
623 1636 705 1676 constitit,
713 1641 739 1669 set
749 1636 767 1668 in
778 1637 839 1668 eadem

110 1696 129 1726 15
137 1685 199 1729 palude
214 1685 279 1727 prope²
292 1686 338 1728 Hely
351 1686 375 1718 ad
388 1686 477 1729 quandam
489 1686 575 1719 modicam
587 1686 666 1726 insulam,
678 1696 711 1728 que
724 1685 759 1720 eius
772 1686 839 1720 nomine

136 1736 230 1769 vocabatur
242 1735 316 1778 Huneia,
328 1736 399 1770 secessit
404 1735 416 1778 ⁸,
431 1736 523 1770 solitariam
538 1737 603 1779 eligens
614 1736 667 1770 vitam
680 1741 698 1770 vt
711 1742 777 1770 tantum
789 1735 839 1780 quieti

137 1797 200 1821 vacans
207 1787 278 1820 domino
285 1787 376 1821 militaret:
388 1787 422 1829 vbi,
431 1787 512 1830 quamdiu
520 1788 566 1830 vixit,
574 1786 666 1830 gloriosam
673 1787 727 1821 vitam
734 1787 787 1828 duxit,
795 1786 840 1830 quod

137 1837 217 1872 omnibus
224 1839 258 1871 late
266 1838 331 1871 claruit.
353 1837 368 1874 tl
376 1837 405 1871 Ad
412 1838 461 1870 cuius
468 1838 546 1871 tumbam
554 1837 628 1871 multos⁴
636 1838 753 1880 recuperande
762 1836 840 1871 sanitatis

137 1887 196 1931 gracia
200 1888 304 1920 accedentes
310 1887 411 1930 sospitatem
418 1887 472 1930 ipsius
477 1898 589 1930 recuperasse
594 1887 666 1928 meritis,
671 1887 841 1930 pleriquetestantur.

111 1952 130 1974 20
139 1938 189 1983 Quod
201 1938 271 1981 quidam
282 1943 411 1980 cognoscentes,
423 1943 489 1972 secrete
500 1938 578 1972 eiusdem
588 1937 674 1980 reliquias,
683 1937 771 1980 sarcofago
782 1942 841 1980 postea

138 1991 197 2031 fracto,
205 1988 252 2032 apud
260 1988 365 2022 Thorneiam
376 1993 513 2031 transportantes
525 1994 642 2031 reposuerunt,
650 1994 739 2031 sperantes
750 2000 761 2022 a
772 1987 841 2021 domino

138 2040 174 2074 eius
182 2038 282 2082 patrociniis
292 2039 368 2081 graciam
378 2045 395 2073 et
405 2039 546 2073 misericordiam.
569 2039 634 2073 Floruit
645 2039 692 2073 circa
701 2050 767 2073 annum
777 2037 841 2073 domini

139 2098 242 2124 mouxxrx.

140 2173 169 2216 ib]
207 2185 222 2208 2.
233 2176 247 2211 il
260 2177 291 2208 Da
303 2177 379 2209 Seuero
392 2178 515 2216 Burrunono,
527 2184 589 2209 nmmo
600 2184 674 2209 naama
685 2175 778 2209 aurnum&

169 2250 219 2273 emus
235 2240 300 2273 domini
313 2241 423 2282 Brithnodus,
438 2241 493 2274 abbas
508 2252 519 2273 a
534 2251 574 2283 rege
589 2240 664 2282 glorioso
678 2240 749 2282 Edgaro
764 2241 842 2277 donatus,

114 2303 132 2335 ²5
180 2301 191 2323 a
204 2290 255 2323 beato
269 2291 361 2323 Dunstano
375 2290 506 2334 archiepiscopo
519 2290 650 2335 cantuar[iensi]
663 2297 715 2336 atque
728 2288 842 2325 Etheluuoldo

141 2342 227 2377 Wentano
235 2342 303 2383 presule
310 2341 370 2374 eliensi
378 2343 450 2375 ecclesie
458 2347 572 2382 consecratus,
580 2352 649 2385 gregem
658 2342 763 2376 dominicum
771 2342 843 2375 discrete

140 2404 161 2427 ac
173 2392 245 2426 sollicite
256 2393 288 2425 sub
299 2391 372 2433 regulari
383 2392 501 2426 moderamine
512 2391 590 2435 instituit,
602 2403 637 2426 non
648 2392 775 2437 paruipendens
786 2399 844 2425 curam

160 2474 166 2492 ¹
176 2474 259 2513 Compiled
266 2474 305 2503 trom
312 2473 354 2504 Hist.
360 2472 426 2503 Elieosis
432 2474 445 2507 Ι,
450 2481 468 2502 aa
475 2476 490 2504 a
495 2474 520 2511 18,
525 2472 549 2503 ed.
556 2473 625 2510 Stewart,
632 2474 670 2512 1848
676 2473 740 2514 (Anglia
747 2469 843 2506 Christiana).

141 2513 310 2552 ²MS.Bodl.propie.
370 2513 585 2544 ³B.successitcrossedout.
640 2514 674 2545 ίΒ.
682 2514 735 2544 multo.
791 2510 844 2541 ⁶Abr·

141 2554 181 2584 i'rom
189 2553 231 2584 Hist.
238 2553 304 2584 Eliensis
311 2552 333 2584 11.
340 2552 355 2584 6.
365 2552 389 2592 56.
