1762 2803
67 110 202 151 asanaa-r
218 101 263 157 me
276 100 313 154 ἐ).
325 101 457 154 numanae
472 111 529 164 rme
544 106 568 154 et
582 105 699 165 mature.
724 105 769 161 679

100 232 131 263 DE
142 239 225 270 QUODAM
237 240 328 266 Rooeuru
338 241 351 265 Α
362 241 455 267 lanuinus
466 241 539 267 cultam
551 241 589 266 VEL
600 241 670 267 smum
682 241 738 266 MORI.

68 305 148 381 Alina
156 315 190 347 quo
200 316 256 348 snpra,
265 306 352 339 lohannes
361 306 426 349 Pipere,
434 307 456 340 de
464 306 565 349 Friskenay,
573 317 615 340 casu
625 306 695 340 fortuito
704 306 771 348 grauis·

125 354 169 388 sima
174 365 282 398 compressus
287 362 323 389 erat
330 356 429 390 infirmitate
435 364 451 391 et
457 357 544 391 immensis
552 358 663 400 premebatur
668 356 771 390 continuatis

67 405 143 439 febribus
154 411 170 438 et
184 406 222 438 aliis
233 407 326 446 doloribus,
337 417 369 448 per
377 413 411 439 tres
424 418 493 440 menses
506 414 523 440 et
533 408 634 441 dimidium:
647 407 676 450 qui
684 407 771 440 anxietate

68 454 121 487 nimia
132 454 207 497 vndiqne
218 456 291 488 uallatus
302 461 319 488 et
330 455 408 488 astrictus
418 456 465 489 vonit
477 457 500 489 ad
513 458 597 499 capellam
610 456 666 489 sancti
680 455 770 489 Edmundi

68 504 189 547 supradictam,
201 504 253 538 deum
264 504 359 548 deprecans
370 510 387 538 et
399 511 477 538 sanctum
490 506 601 539 Edmundnm
614 506 694 549 quatinus
707 506 730 539 ab
742 505 788 546 illa5

68 553 183 598 infirmi[ta]te
190 554 242 590 cicius
248 556 380 596 conualesceret,
386 556 418 596 vel,
424 555 438 590 si
444 556 547 590 contrarium
555 556 572 591 in
580 556 666 591 deioculis
673 556 707 591 sibi
715 556 770 600 magis

68 610 114 638 esset
125 604 223 647 expediens,
233 605 299 648 absque
310 604 392 648 temporis
404 605 489 639 dilacione
499 612 572 640 mortem
584 606 648 640 subiret
658 612 675 640 et
687 606 770 650 reciperet

69 656 180 696 corporalem.
193 655 239 688 Hinc
246 656 269 687 ad
277 655 373 698 predictam
380 656 465 698 capellam
473 656 549 696 ueniens,
556 662 573 689 et
581 656 604 688 ibi
612 656 630 688 in
638 656 746 689 oracionibus
753 663 771 690 et

68 703 130 746 vigiliis
143 710 212 737 noctem
227 704 322 747 perducens
337 704 472 747 insolm]pnem:
488 705 517 738 die
530 705 607 747 proxima
621 706 698 747 sequenti
713 706 771 740 statim

69 758 108 795 post
120 763 169 786 suam
182 753 288 787 oblacionem
303 763 361 787 coram
376 754 457 796 ymagine
475 754 531 787 sancti
547 754 635 787 Edmundi
650 754 730 796 positam,
745 754 771 788 in·
782 770 800 793 10

68 802 144 838 mediate
153 803 189 838 sine
199 803 281 847 temporis
290 810 383 848 protractu,
391 804 424 839 deo
434 809 450 839 et
461 810 522 839 sancto
532 804 626 839 Edmundo
636 803 714 848 spiritum
722 814 772 840 sunm

69 854 192 889 commendans
200 854 244 889 inter
251 854 304 889 verba
311 854 395 888 oracionis
403 854 479 889 animam
487 854 566 889 exalauit.

255 956 286 989 DE
297 963 473 990 uentanoaurtuus
484 963 588 990 Liburnus.

73 1025 137 1100 ITem
149 1035 195 1057 anno
205 1035 239 1067 qno
250 1036 306 1068 supra,
314 1025 384 1068 qnidam
395 1031 447 1058 naute
458 1025 558 1067 nauigantes
569 1025 586 1058 in
594 1025 637 1058 mari
648 1032 707 1059 contra
715 1025 772 1059 villam

115 1074 185 1108 nomine
193 1075 287 1117 Skegneys‚
296 1081 344 1108 tanta
352 1074 397 1108 aeris
405 1075 505 1118 intemperie
513 1075 569 1109 subito
578 1075 645 1109 fuerant
655 1075 772 1116 circumuenti,

70 1125 115 1168 quod
127 1125 149 1158 de
160 1124 196 1158 vita
206 1124 275 1167 penitus
287 1125 398 1168 desperantes
409 1131 493 1159 vouemnt
506 1125 529 1158 ad
541 1132 620 1159 sanctum
632 1126 743 1159 Edmuudum
755 1134 800 1167 et15

70 1174 106 1206 eius
118 1174 201 1216 capellam
212 1174 234 1206 de
245 1174 327 1206 Wainllet
339 1174 469 1216 supradictarn;
480 1174 599 1217 promittentes
610 1174 625 1207 si
637 1175 679 1207 deus
690 1175 713 1207 de
724 1181 773 1208 tanto

70 1223 145 1267 periculo
160 1233 191 1266 per
205 1223 266 1257 merita
280 1223 335 1257 sancti
351 1223 439 1258 Edmundi
454 1233 484 1258 eos
499 1224 583 1265 liberaret,
599 1224 655 1267 ipsum
670 1224 687 1258 in
706 1225 773 1268 capella

70 1272 168 1316 supradicta
176 1284 207 1316 pro
214 1273 284 1306 modulo
294 1284 325 1307 suo
336 1273 428 1307 honoribus
438 1279 455 1307 et
463 1273 580 1307 oblacionibus
588 1274 665 1308 venerari
673 1274 772 1309 niterentur.

71 1324 110 1364 Quo
121 1329 161 1356 voto
174 1323 246 1356 emisso:
257 1323 335 1366 protinus
346 1323 368 1356 ab
378 1323 456 1356 horribili
463 1323 525 1357 timore
535 1335 566 1357 suo
575 1336 605 1367 per
615 1324 721 1368 tempestatis
732 1325 773 1358 sub-

70 1372 175 1406 traecionem
190 1379 229 1406 sunt
241 1373 290 1414 eruti,
301 1379 319 1406 et
331 1379 390 1416 optate
403 1373 490 1407 securitati
502 1373 599 1416 persancti
611 1374 701 1408 Edmundi
712 1375 773 1410 merita
783 1386 802 1407 ιο

70 1422 151 1456 velociter
162 1421 304 1465 com[m]endati;
316 1423 363 1455 vnde
374 1428 391 1455 et
399 1423 464 1455 dietum
471 1423 528 1456 locum
537 1423 599 1456 deuote
607 1423 702 1464 visitantes,
709 1434 772 1458 nauem

70 1472 92 1505 de
103 1482 142 1504 cera
150 1472 219 1505 nomine
231 1471 326 1509 oblacionis
337 1472 402 1505 ibidem
415 1472 504 1512 situarunt,
512 1478 529 1505 et
537 1472 600 1506 cotidie
608 1479 684 1515 tempore
691 1474 743 1507 misse
754 1474 771 1507 in

70 1521 132 1555 eadem
143 1521 209 1564 capella
220 1522 242 1553 ob
254 1521 369 1554 reuerenciam
381 1522 435 1555 sancti
446 1522 535 1555 Edmundi
543 1522 617 1565 propriis
624 1523 721 1566 sumptibus
732 1534 772 1557 can·

71 1572 127 1605 delam
135 1572 224 1605 ardentem
232 1571 326 1606 diutissime
334 1578 478 1606 sustentanerunt.

186 1676 216 1709 DE
226 1683 309 1715 Quanam
321 1683 410 1709 MULIERE
421 1683 535 1710 comunem
546 1684 571 1709 ET
582 1683 665 1710 CURATA·

115 1744 183 1778 Uedam
193 1743 254 1778 mulier
264 1743 334 1777 nomine
346 1744 424 1777 lohanna
436 1743 497 1784 Gibbe,
509 1754 551 1777 casu
562 1743 637 1778 cadens¹
650 1744 667 1778 in
678 1751 741 1779 terram
752 1745 774 1779 de
784 1757 802 1788 ²5

135 1805 179 1838 equo
195 1794 222 1827 cui
235 1794 327 1835 insederat,
340 1804 386 1826 anno
398 1793 475 1837 superius
491 1794 543 1834 dicto,
555 1794 603 1827 cuius
618 1805 668 1828 casus
683 1795 774 1829 occasione

70 1857 141 1879 manum
152 1856 201 1878 suam
213 1845 290 1879 dextram
301 1851 407 1878 contractam
418 1843 497 1886 obtinuit,
510 1844 534 1878 ita
546 1844 591 1888 quod
604 1844 622 1878 in
637 1845 683 1879 nullo
694 1845 728 1879 sibi
740 1845 773 1889 ipsi

70 1906 101 1937 per
108 1907 147 1928 earn
154 1895 209 1937 potnit
216 1894 311 1937 prouidere.
322 1894 373 1927 Vnde
381 1894 398 1926 in
404 1894 443 1926 villa
449 1894 471 1926 de
478 1895 524 1927 Crolt
530 1894 608 1936 predicta
614 1894 692 1927 lohanna
696 1895 774 1928 residens

70 1956 102 1986 per
109 1951 177 1978 noctem
185 1945 203 1977 in
211 1946 262 1977 domo
270 1944 359 1977 cuiusdam
366 1944 437 1976 nomine
443 1944 508 1982 Wioth,
517 1944 562 1976 circa
572 1950 640 1986 tempus
648 1945 774 1987 carnipriuii,in

71 1994 149 2036 sompnis
156 2005 187 2037 per
194 1993 278 2028 visionem
285 1992 352 2036 accepit
360 1993 406 2036 quod
414 1993 437 2027 ad
445 1993 528 2036 capellam
536 1999 613 2036 pergeret
620 1993 675 2027 sancti
686 1993 774 2028 Edmundi
783 2007 803 2037 30

71 2044 94 2077 de
101 2044 187 2085 Wainflet,
192 2050 209 2077 et
216 2043 240 2077 ibi
247 2055 278 2086 per
284 2042 346 2076 merita
353 2042 430 2076 eiusdem
436 2042 490 2076 sancti
498 2042 582 2085 integram
588 2043 671 2086 reciperet
677 2043 774 2078 sanitatem.

72 2095 110 2136 Que
125 2095 183 2128 statim
194 2094 222 2127 die
236 2093 314 2136 proximo
330 2093 408 2136 sequenti
423 2093 446 2126 ad
460 2093 525 2127 dictam
540 2093 624 2136 capellam
638 2094 746 2137 perueniens,
758 2102 775 2129 et

72 2144 89 2176 in
101 2144 209 2177 oracionibus
220 2155 251 2185 per
262 2143 331 2185 aliquod
343 2148 410 2185 tempus
423 2142 487 2176 ibidem
499 2143 598 2184 consistens,
611 2144 658 2185 quod
673 2145 776 2186 precabatur

71 2193 171 2226 mirabiliter
181 2192 258 2233 obtinuit,
265 2198 283 2225 et
293 2192 367 2234 perfecte
377 2191 446 2224 sanitati
455 2192 535 2225 restituta
545 2203 584 2225 curn
597 2193 660 2235 gaudio
672 2194 742 2227 recessit
752 2194 776 2226 ad

72 2243 145 2287 propria.
784 2255 802 2286 35

271 2303 302 2335 DE
313 2309 357 2335 num
369 2308 482 2335 conradere
493 2309 576 2335 cultura.

73 2370 173 2445 ANnosa
184 2369 259 2411 quedam
269 2367 338 2401 nomine
346 2367 402 2408 Colet,
415 2367 437 2400 de
446 2367 495 2409 Leik,
506 2374 595 2401 contracta
605 2367 636 2401 suit
648 2367 666 2399 in
677 2366 748 2400 brachio
758 2373 775 2400 et

133 2419 176 2452 tibia
187 2419 260 2451 sinistris
271 2429 302 2461 per
308 2424 343 2451 tres
354 2428 409 2451 annos
421 2418 501 2460 integros,
509 2418 533 2452 ita
541 2418 587 2461 quod
598 2417 656 2451 neruis
663 2423 680 2450 et
691 2417 775 2450 iuncturis

72 2469 160 2512 utriusque
174 2467 247 2501 membri
260 2467 334 2501 inuicem
349 2467 449 2510 congelatis,
460 2473 540 2500 nentrum
551 2467 647 2500 membrum
659 2465 776 2509 supradictum

375 2559 380 2578 ¹
392 2569 404 2590 r.
412 2559 472 2590 cecidit.
