1762 2803
296 206 341 262 aaa
357 205 456 258 &auctu
472 203 609 266 botulum.
763 220 801 261 131

101 329 189 362 Sanctum
201 329 255 372 igitur
266 329 380 371 Adulphum,
391 329 451 362 audita
463 329 502 361 eius
514 328 567 368 sama,
576 329 599 361 ad
610 328 739 361 traiectensem
749 328 805 361 eccle-

101 379 148 415 siam
164 380 183 415 in
199 382 307 426 episcopum
324 392 359 416 rex
374 380 484 415 sublimauit.
510 380 596 425 Vigilauit
612 380 662 415 enim
678 379 696 415 in
713 380 806 426 preceptis

102 434 176 475 domini,
188 435 261 469 assidua
272 434 393 469 sollicitudine
405 434 491 469 excubias
502 433 600 469 celebrans
611 433 664 468 ouilis
679 433 712 476 sui,
723 444 747 468 ne
762 434 806 467 insi·

101 486 155 521 diens
162 486 216 531 lupus
224 488 334 523 detrimento
341 488 401 532 aliquo
409 488 508 522 commisso
519 487 553 522 sibi
563 488 615 532 gregi
624 487 725 522 insultaret.
748 487 806 522 lnstat

101 539 189 583 operibus
207 540 332 576 misericordie
347 541 366 575 in
385 539 484 585 pascendis
502 540 620 585 pauperibus,
630 540 732 576 vestiendis
745 540 824 583 nudis‚5

102 593 215 638 corrigendis
226 594 335 636 errantibus,
346 594 462 630 consolandis
474 594 598 637 merentibus,
613 599 631 629 vt
643 595 721 629 eandem
733 593 807 638 pietatis

101 647 160 680 vicem
179 653 322 691 consequeretur
346 658 357 681 a
378 647 453 681 domino
476 649 522 682 sicut
544 648 632 692 promittit
657 648 675 681 in
699 646 805 691 euangelio:

102 698 171 741 ‘Beati
189 700 253 744 inquit,
272 700 407 744 misericordes,
426 700 511 745 quoniam
530 699 565 745 ipsi
582 699 727 736 misericordiam
742 710 806 735 conse-

102 754 191 794 quentur!
220 752 297 796 Vigiliis,
308 753 386 794 ieiuniis,
398 759 416 786 et
431 753 543 786 orationibus
559 753 671 787 intendebat.
698 753 747 787 Actu
763 763 806 797 pre·

102 805 152 839 uenit
164 804 270 849 doctrinam,
280 805 299 840 in
314 806 400 840 omnibus
416 811 498 840 sanctam
515 816 572 849 agens
586 805 648 840 vitam.
679 804 746 840 Beatus
761 815 807 840 vero
816 816 835 839 10

102 862 155 900 pater
171 857 274 902 Botulphus
290 859 313 893 ad
328 857 421 903 Angliam,
437 856 519 892 moribus
534 857 603 891 sanctis
619 856 730 892 exercitatus
746 857 806 892 redire

102 910 217 954 disponebat,
247 911 304 945 Erant
317 917 379 945 autem
395 911 414 945 in
431 911 497 945 eodem
513 910 631 951 monasterio,
645 920 681 954 quo
698 911 806 952 morabatur,

102 964 138 997 due
153 974 227 998 sorores
244 963 362 998 EtheImundi
379 965 428 1008 regis
447 963 560 998 Australium
579 962 689 1008 Anglorum,
708 963 807 999 monastice

103 1016 199 1061 discipline
210 1028 265 1051 causa
276 1016 318 1052 illuc
330 1017 397 1051 misse:
413 1027 449 1060 que
464 1017 538 1050 beatum
553 1016 613 1050 virum
629 1017 730 1060 repatriare
746 1017 808 1050 volen-

102 1072 150 1103 tem¹
166 1070 295 1113 intelligentes,
313 1071 400 1104 mandata
418 1069 435 1104 ei
452 1069 549 1113 imponunt
568 1068 618 1103 fratri
636 1070 675 1113 regi
692 1068 835 1113 perferendam

103 1121 189 1156 Transito
200 1122 256 1167 ergol
271 1122 322 1166 mari,
338 1133 348 1157 a
364 1133 408 1168 rege
425 1121 525 1157 honorifice
541 1121 644 1167 Botulphus
660 1122 770 1167 suscipitur;
790 1128 808 1157 et

102 1176 168 1209 auditis
176 1186 260 1210 sororum
268 1187 343 1210 suarum
351 1176 468 1219 petitionibus
477 1175 524 1209 deo³
533 1175 617 1218 acceptis,
624 1180 644 1209 vt
654 1175 723 1209 seilicet
730 1175 807 1209 fundum

103 1227 182 1270 aliquem
202 1228 225 1261 ad
244 1228 376 1262 monasterium
396 1229 539 1262 construendum
557 1227 583 1261 illi
602 1228 625 1260 ob
645 1238 727 1261 amorem
746 1228 808 1261 diuine

103 1280 194 1313 mercedis
205 1281 320 1322 concederet,
331 1280 431 1323 benignum
442 1280 515 1324 prebuit
526 1289 628 1314 assensum.
653 1278 700 1314 Petit
715 1280 765 1314 enim
779 1280 808 1314 vir

104 1337 177 1366 sanctus
189 1332 301 1376 simpliciter,
313 1343 350 1367 non
361 1337 381 1367 vt
392 1333 471 1376 aliquem
483 1333 533 1377 regia
543 1332 629 1367 violentia
644 1332 668 1366 de
684 1342 718 1366 suo
734 1332 807 1367 heredi·
817 1344 836 1364 zo

103 1385 149 1418 tario
160 1385 200 1419 iure
211 1396 265 1420 causa
277 1386 305 1419 sui
316 1386 401 1430 depellat,
413 1386 446 1420 sed
461 1386 526 1430 potius,
536 1391 556 1420 vt
569 1386 593 1420 de
606 1385 679 1420 incultis
693 1386 748 1420 terris
763 1385 807 1428 suis,

104 1436 143 1472 siue
155 1449 263 1482 possessore
279 1439 388 1480 carentibus,
399 1439 434 1473 sibi
445 1444 515 1473 tantum
526 1439 614 1473 concedat
625 1444 645 1473 vt
660 1439 757 1473 ecclesiam
772 1439 807 1473 deo

104 1497 210 1526 construere
229 1498 247 1526 et
265 1491 285 1525 in
303 1503 326 1526 ea
348 1491 415 1526 diuinis
439 1492 510 1536 legibus
533 1493 636 1526 seruientes
659 1493 718 1536 possit
741 1491 808 1526 iratres

104 1544 190 1587 adunare,
205 1555 283 1589 quorum
298 1545 333 1580 deo
348 1545 414 1588 placita
430 1544 569 1580 conuersatione
586 1551 604 1579 et
620 1544 687 1579 deuoto
703 1544 808 1579 interuentu

104 1607 182 1641 regnum
200 1597 240 1632 eius
259 1598 384 1643 temporaliter
405 1596 480 1640 firmari,
496 1603 515 1633 et
527 1597 631 1633 eternaliter
647 1598 667 1633 in
683 1597 728 1633 celis
743 1603 808 1643 posset
817 1608 836 1638 ²5

104 1652 180 1694 premiis
189 1651 316 1693 perhennibus
326 1652 445 1686 remunerari.
467 1651 566 1685 Annuente
577 1652 608 1695 pie
618 1651 657 1685 eius
666 1651 748 1695 petitioni
759 1662 808 1694 rege,

104 1704 213 1737 venerabilis
225 1708 277 1746 pater
287 1704 347 1737 locum
359 1704 451 1747 quendam
462 1704 551 1737 incultum
562 1708 580 1738 et
591 1704 615 1737 ab
626 1702 731 1737 hominibus
746 1703 809 1737 deser-

104 1759 149 1797 tum,
161 1754 239 1789 Ykanho
250 1762 339 1797 vocatum,
351 1756 410 1800 elegit.
441 1756 485 1790 Erat
496 1762 557 1790 autern
572 1756 660 1790 heremus
674 1755 710 1798 illa,
725 1755 771 1790 sicut
786 1757 809 1790 ab

105 1808 211 1842 hominibus
222 1808 313 1850 derelicta,
325 1809 351 1842 sic
363 1819 374 1842 a
386 1809 496 1842 demonibus
508 1818 601 1852 possessa,
613 1818 691 1852 quorum
703 1808 809 1842 fantastica⁴

104 1859 164 1895 illusio
176 1871 210 1905 per
222 1860 279 1896 sancti
291 1862 390 1896 aduentum
403 1861 437 1897 viri
451 1866 489 1897 erat
501 1861 544 1896 inde
556 1861 641 1905 fuganda,
653 1866 671 1896 et
682 1861 713 1905 pia
728 1860 808 1896 fidelium
817 1870 837 1901 30

105 1915 220 1948 conuersatio
243 1915 357 1956 inducenda;
383 1920 403 1949 vt
425 1914 456 1948 vbi
480 1914 661 1958 superabundauerat
683 1925 742 1958 vsque
765 1920 809 1948 tunc

105 1966 178 2009 dyaboli
201 1966 275 2007 tarracia,
298 1967 455 2010 superabundaret
478 1965 604 2009 benignissimi
628 1965 727 2000 conditoris
750 1967 809 2000 nostri

105 2018 168 2063 gratia.
198 2019 228 2053 Ad
243 2019 347 2063 ingressum
364 2030 408 2063 ergo
422 2019 471 2054 beati
488 2019 580 2063 Botulphi,
591 2019 652 2054 sumus
665 2019 725 2054 exalat
738 2019 809 2054 teterri-

106 2082 158 2107 mus:
181 2078 199 2106 et
222 2083 324 2117 agnoscens
348 2072 409 2117 sugam
432 2083 484 2106 suam
507 2073 604 2106 imminere
622 2072 712 2115 inimicus,
731 2071 809 2107 horridis

106 2131 194 2169 personat
205 2126 320 2168 clamoribus,
332 2126 407 2160 dicens:
423 2125 503 2160 ‘Locum
514 2126 562 2161 hunc
573 2125 628 2170 longo
641 2125 749 2160 incoluimus
763 2131 809 2161 tem·
817 2135 837 2166 35

107 2189 158 2222 pore,
175 2178 223 2223 [ac]⁵
241 2179 260 2213 in
278 2179 412 2222 sempiternum
427 2180 533 2222 putauimus
551 2179 643 2219 incolere;
659 2189 696 2220 eur,
713 2178 809 2223 Botulphe,

107 2231 204 2266 aeuissime
222 2232 296 2276 hospes,
307 2231 336 2265 his
353 2242 387 2265 nos
402 2231 492 2266 violenter
507 2232 582 2266 sedibus
598 2231 686 2275 depellis?
716 2230 776 2265 Nichil
791 2236 810 2266 te

107 2284 222 2327 offendimus,
234 2284 289 2320 nichil
304 2284 330 2319 tui
345 2283 390 2318 iuris
405 2284 552 2329 inquietauimus.
581 2284 629 2327 Quid
648 2283 696 2329 petis
711 2284 730 2318 in
745 2284 810 2329 expul-

108 2337 160 2372 sione
177 2342 251 2372 nostra?
267 2338 311 2381 quid
326 2337 359 2372 tibi
374 2348 440 2380 parare
454 2338 483 2373 vis
498 2339 517 2372 in
533 2339 566 2372 hac
582 2338 657 2381 regione
672 2343 740 2378 nostra,
754 2344 772 2371 et
787 2338 810 2371 ab

108 2390 158 2423 omni
170 2390 288 2434 profligatos⁸
298 2390 343 2424 orbe
354 2390 377 2423 ab
389 2389 423 2424 hac
437 2389 491 2423 etiam
502 2388 581 2424 miseros
594 2389 681 2424 exturbas
692 2389 810 2423 solitudinet'
818 2400 838 2430 40

109 2441 177 2477 Beatus
188 2453 232 2477 vero
244 2443 352 2487 Botulphus,
364 2441 412 2475 edito
426 2441 485 2476 crucis
501 2443 560 2486 signo,
575 2441 658 2476 inimicos
674 2452 739 2476 omnes
756 2441 812 2476 vertit

108 2494 127 2528 in
143 2496 210 2539 fugam,
222 2502 240 2530 et
257 2496 328 2541 potenti
346 2497 444 2531 verborum
462 2496 529 2530 virtute
544 2495 579 2530 sibi
598 2494 684 2529 diuinitus
703 2506 811 2531 concessam

108 2548 200 2583 interdicit
211 2549 246 2584 illis
258 2549 357 2594 regionem.
388 2549 497 2583 Constructo
512 2554 573 2583 autem
589 2548 707 2591 monasterio,
717 2555 737 2584 vt
752 2550 812 2583 bonus

110 2623 210 2655 ‘¹r.velle.
257 2624 437 2663 ²T.igitur;E.ergo.
483 2623 621 2662 ³E.de,T.deo.
668 2624 811 2663 ¹T.phautastica

109 2663 155 2695 lom.
218 2663 368 2701 ⁸vit.prosugatos.

446 2722 477 2747 ita
