1762 2803
240 77 285 132 Dc
301 75 403 129 &anua
418 77 550 136 collatrat.
704 91 746 135 193

144 229 171 266 ¹li
179 222 213 264 Dr
224 239 295 264 saucrn
308 222 414 264 Muraena
426 240 474 264 vino.
487 240 510 264 rr
520 229 639 265 aaaarrssal.

44 311 127 389 Virgo
135 319 198 348 sancta
209 312 299 348 Mildreda
310 325 334 347 ex
344 314 400 348 nobili
409 313 495 359 prosapia
505 319 545 349 orta
557 320 598 349 est:
610 314 662 349 cuius
669 314 747 349 tritauus

106 366 165 400 extitit
173 366 291 401 Ethelbertus
299 367 438 401 Cantuariorum
448 377 487 409 rex,
495 378 530 411 per
537 367 668 412 Augustinum,
675 367 746 412 Anglo·

44 429 85 453 rum
94 418 203 462 apostolum,
211 430 319 454 conuersus.
341 419 374 453 Cui
382 419 471 454 successit
482 420 577 456 Edbaldus
588 420 637 455 filius
647 431 703 463 suus;
715 419 746 466 qui

44 471 122 517 qualiter
132 483 174 505 cum
181 473 241 523 plebe
255 474 278 507 ad
289 473 398 517 ydolatriam
410 473 469 514 rediit,
481 479 499 507 et
510 479 575 517 postea
586 474 669 518 resipuit,
679 473 699 507 iu
709 475 747 508 vita

44 525 102 559 sancti
120 524 216 558 Laurencii
235 526 322 568 superius
339 526 387 559 vide.
416 525 453 558 Hic
468 525 563 558 Edbaldus
578 526 714 559 Ermenredum
728 531 764 564 et5

45 576 203 619 Ercombertum³,
215 582 233 612 et
248 583 331 612 sanctam
347 576 467 612 Eanswidam
481 577 549 621 genuit.
573 578 700 613 Ermenredus
713 589 748 613 rex

44 630 107 675 genuit
116 630 236 665 Ethelredum
248 635 266 665 et
277 631 415 669 Ethelbrictum¹
424 635 442 665 et
453 630 501 665 filias
512 637 601 675 quatuor:
613 630 748 676 Dompueuarn,

46 683 186 728 Ermenbirgam
191 684 203 726 ⁴,
212 684 365 729 Ermenburgam,
373 689 391 719 et
400 683 546 729 Ermengitham.
568 684 678 729 Dompneua
685 684 748 729 genuit

45 741 127 771 sanctam
143 736 259 781 Milburgam,
272 738 387 779 Mildredam,
402 737 510 781 Milgitham,
526 743 544 772 et
560 737 640 772 Merefin
654 737 749 781 puerum⁵

45 795 134 824 sanetum.
157 789 259 823 Interfectis
273 791 322 824 enim
334 790 402 824 sanctis
413 790 517 823 martiribus
531 790 639 823 Etlrelberto
654 795 672 823 et
685 790 749 824 Ethel-
758 800 777 821 ro

46 841 115 875 brict0⁶
125 852 159 876 rex
170 842 237 876 Cancie
248 841 345 885 Egbertus,
354 841 442 876 accersita
454 841 549 875 martirum
558 851 622 875 sorore
631 840 749 885 Dompneua,

45 894 64 929 in
72 893 155 929 Thaueto
163 893 223 928 insula
230 895 290 929 locum
298 894 321 928 ad
329 894 473 928 construendum
481 896 613 928 monasterium
621 894 710 928 concessit
715 905 749 939 pro

46 958 176 991 germanorum
183 947 272 982 memoria
280 953 298 981 et
306 957 339 981 sua
346 947 464 992 indulgentia,
472 947 519 981 sieut
526 948 545 981 in
553 947 590 981 vita
598 947 692 981 martirum
701 947 749 982 clare

46 999 149 1035 elucescitt
172 1001 222 1035 Hinc
234 1000 283 1036 euim
296 1001 406 1045 Dompneua
421 1001 477 1035 filiam
493 1012 545 1035 suam
561 1000 676 1044 Mildredam,
691 1000 749 1035 sacris

47 1053 112 1088 studiis
123 1054 247 1096 imbuendam,
260 1055 307 1088 vltra
319 1064 370 1088 mare
383 1055 441 1088 mittit.
464 1054 485 1087 ln
498 1054 575 1088 seculari
588 1053 637 1088 enim
650 1053 712 1088 habitu
725 1054 748 1088 ad
759 1066 776 1097 ¹5

46 1106 177 1141 monasterium
185 1107 282 1152 virginum,
290 1107 364 1142 nomine
374 1107 441 1142 Kalum
447 1108 458 1150 ⁸,
466 1106 562 1149 destinata,
570 1112 588 1142 et
599 1106 669 1142 literis⁹
679 1107 748 1151 tradita,

46 1161 65 1193 in
73 1160 125 1195 breui
133 1165 217 1204 tempore
224 1166 299 1195 cunetas
306 1160 388 1203 virgines
399 1160 499 1194 humilitate
507 1166 525 1193 et
535 1161 633 1194 virtutibus
644 1160 748 1203 superabat

48 1213 91 1246 Erat
99 1217 159 1246 autem
167 1212 250 1246 eiusdem
258 1212 351 1246 abbatisse
361 1213 476 1256 propinquus
486 1212 558 1245 iuuenis
568 1211 678 1256 spectabilis,
685 1211 749 1246 nobili·

48 1264 89 1298 tatis
97 1275 164 1309 magne
172 1277 176 1299 :
188 1275 243 1309 quem
251 1265 306 1299 totius
314 1265 357 1299 maii
365 1265 449 1299 incentor
456 1265 474 1298 in
483 1274 564 1298 amorem
572 1263 648 1308 virginis
656 1264 749 1308 accendit3

48 1315 177 1359 abbatissaque
188 1316 247 1350 acrior
257 1314 340 1359 insurgit,
353 1315 445 1360 precibus
456 1314 547 1349 blanditiis
558 1315 639 1359 puellam
652 1325 751 1360 occupans,
759 1325 779 1346 ao

48 1369 70 1401 ad
86 1368 158 1411 nuptias
173 1367 275 1402 concitauit.
302 1368 359 1411 Virgo
373 1379 418 1402 vero
434 1377 491 1411 super
505 1368 578 1401 firmam
593 1372 671 1412 petram,
686 1372 751 1401 contra

49 1430 113 1456 omnes
121 1420 200 1465 impetus
208 1420 348 1465 temptationum
356 1420 437 1461 fundata,
445 1425 511 1455 cuneta
522 1431 614 1465 respuens
621 1420 678 1456 dixit:
690 1420 752 1463 ‘Quo-

49 1474 108 1517 modo,
117 1474 188 1508 doctrix
199 1474 306 1509 castimonie
317 1479 336 1508 et
347 1475 385 1508 dux
396 1473 493 1519 virginum,
501 1474 524 1508 ad
534 1473 670 1518 corruptionem
681 1473 751 1509 allicis?

49 1533 107 1561 mater
114 1538 145 1561 me
153 1527 188 1561 huc
196 1528 219 1561 ad
231 1528 290 1562 scolas
301 1527 374 1569 direxit,
382 1538 419 1561 non
431 1528 454 1561 ad
463 1526 547 1571 nuptias3
559 1526 645 1570 pudicitie
655 1527 684 1561 hic
696 1527 751 1562 docu-

48 1585 130 1615 mentum
138 1580 214 1624 quesiui,
222 1591 259 1614 non
265 1580 361 1623 maritum3
371 1580 394 1613 ad
400 1580 487 1614 virtutum
495 1579 634 1614 instructionem
639 1580 653 1600 ¹⁰
660 1580 708 1621 veni,
714 1591 751 1614 non
761 1591 779 1622 ²5

49 1634 71 1665 ad
80 1633 227 1665 matrimonium.¹
243 1633 284 1674 Quo
290 1633 356 1673 audito,
362 1631 561 1674 abbatissainsequitur
566 1631 666 1675 suppliciis,
671 1631 752 1673 cedibus,

50 1684 164 1727 verberibus,
175 1689 194 1719 et
205 1684 296 1729 precibus,
304 1689 323 1718 vt
334 1683 422 1719 uoluntati
434 1694 467 1718 sue
478 1683 586 1727 acquiescat.
609 1683 632 1718 Et
644 1695 685 1718 cum
697 1683 752 1718 nullis

50 1736 142 1772 blanditiis
150 1748 184 1772 nec
191 1734 301 1773 verberibus
309 1737 413 1772 consentire
421 1737 481 1779 vellet,
489 1737 586 1779 abbatissa,
592 1737 654 1772 surore
658 1748 752 1779 succensa,

50 1790 69 1824 in
82 1791 174 1824 caminum
187 1796 239 1825 vasto
252 1791 338 1825 incendio
352 1795 471 1835 preparatum
483 1795 501 1824 et
514 1790 648 1824 inflammatum
662 1789 752 1834 virginem

50 1842 126 1888 impulit,
134 1850 152 1879 et
160 1854 192 1878 ore
200 1843 280 1879 fornacis
288 1844 386 1886 obstructo,
394 1843 454 1878 omnis
461 1854 519 1887 vapor
526 1842 636 1878 intrinsecus
644 1843 752 1887 constringi·
761 1855 780 1884 30

51 1901 86 1931 tur.
109 1897 176 1931 Nullus
184 1902 246 1931 tamen
254 1897 329 1930 omnino
337 1897 396 1937 ardor,
401 1896 462 1930 nullus
470 1901 520 1930 estus
528 1906 569 1930 eam
577 1895 640 1939 tetigit,
648 1895 695 1930 sicut
702 1896 753 1929 nulla

51 1949 108 1983 libido
117 1954 198 1983 mentem
210 1950 250 1983 eius
261 1948 363 1982 maculauit.
386 1947 430 1982 Post
441 1947 496 1981 trium
508 1958 553 1981 vero
564 1947 651 1981 horarum
664 1947 753 1991 spacium,

52 2010 92 2036 cum
104 2007 167 2037 sancta
178 2001 231 2046 uirgo
242 2012 280 2035 non
291 2000 350 2035 solum
363 1999 448 2035 carnibus
459 2000 493 2035 sed
505 2000 550 2044 ipsis
562 2000 616 2035 etiam
629 2000 702 2035 ossibus
711 2012 753 2035 con·
765 2043 767 2048 ,

52 2060 124 2098 sumpta
136 2056 246 2097 crederetur,
254 2054 346 2088 abbatissa
358 2055 380 2087 ad
392 2053 485 2087 fornacem
496 2053 579 2094 veniens,
587 2054 656 2088 audiuit
663 2054 754 2099 virginem

53 2106 99 2141 clara
104 2120 149 2143 voce
156 2108 230 2142 domino
236 2107 248 2127 ¹¹
257 2107 376 2152 psallentem:
385 2107 440 2149 ‘Igne
447 2117 478 2140 me
485 2106 599 2150 examinasti,
605 2107 685 2149 domine,
691 2111 709 2141 et
717 2117 754 2142 uon
763 2117 782 2149 ³5

52 2165 80 2194 cst
91 2160 165 2196 inuenta
178 2160 265 2205 iniquitas
276 2161 295 2194 in
307 2162 347 2195 me!
370 2159 461 2194 Patefacta
474 2165 535 2194 autem
547 2160 627 2201 fornace,
637 2171 713 2204 egressa
726 2166 755 2194 est

51 2212 102 2257 virgo
116 2213 270 2258 splendidissima,
282 2219 357 2247 cunctos
369 2213 388 2246 in
400 2211 540 2247 admirationem
552 2217 571 2246 et
582 2212 635 2257 quasi
646 2213 665 2247 in
676 2212 755 2248 extasim

53 2273 167 2302 conuertens.
190 2267 263 2302 Fideles
272 2267 306 2301 hec
314 2267 415 2308 audientes,
422 2265 514 2310 virginem
522 2271 605 2301 sanctam
612 2271 729 2309 venerantur,
737 2271 756 2300 et

72 2370 76 2388 ¹
88 2371 116 2401 Ed.
125 2372 142 2401 in
149 2372 168 2401 A.
176 2371 206 2402 SS.
214 2371 255 2401 Boll.
264 2370 302 2408 July
312 2371 342 2400 111.
351 2381 367 2408 p.
374 2380 409 2407 491.
429 2370 510 2407 Abridged
520 2371 559 2400 from
569 2371 597 2400 the
602 2370 640 2400 Vita
649 2371 671 2407 by
680 2369 756 2399 Gosceiin

53 2408 68 2436 in
76 2409 110 2440 MS.
117 2410 184 2448 Vespas.
192 2411 210 2440 B.
218 2410 260 2446 XX„
269 2411 314 2440 Harl,
323 2419 357 2448 105,
365 2410 409 2439 Harl.
416 2411 457 2447 3908
470 2410 522 2441 Rawl.
529 2410 548 2441 C.
555 2419 589 2447 440.
643 2410 649 2427 ²
659 2414 676 2440 et
682 2409 716 2439 abb.
724 2419 756 2442 om.

53 2447 68 2476 in
76 2449 94 2478 T.
131 2450 292 2480 ³E.ercombertam.
337 2450 376 2479 ¹Cs.
385 2449 401 2479 S.
410 2449 483 2488 llilburg.
520 2449 650 2488 'Epuerorum
690 2448 757 2480 ‘Their

54 2485 108 2519 Passio
114 2489 131 2520 is
136 2490 195 2520 related
202 2490 219 2520 in
226 2488 314 2520 Gosceliu's
320 2490 352 2519 Vit.
360 2490 376 2519 S.
384 2489 428 2519 lliild.
478 2489 485 2506 ⁷
495 2490 514 2520 E.
521 2490 600 2521 elucessit.
647 2490 653 2507 ⁸
663 2489 681 2519 Τ,
689 2489 757 2525 Kalum;

54 2526 71 2557 E.
79 2529 136 2561 calum.
182 2529 284 2561 'filiberte
324 2528 336 2548 ¹⁰
346 2529 365 2560 G.
373 2529 498 2560 instrumentum.
540 2529 755 2560 ¹¹Rdominoclarauoce.'

77 2595 117 2621 VOL.
125 2597 146 2622 11.
402 2596 413 2620 0
