1762 2803
266 93 312 149 mr
327 90 427 145 sanan
443 92 573 154 dunqatc.
728 110 739 140 2
743 109 768 154 51

71 215 154 261 spacium
161 215 240 251 viuendi.
264 213 316 249 Multi
322 213 383 258 itaque
391 225 445 259 reges
452 215 531 250 eundem
543 215 604 249 locum
615 214 699 258 improbe
708 214 772 249 viden·

71 274 105 311 tes,
113 270 136 303 ad
144 269 198 304 citam
206 273 285 303 mortem
292 266 423 312 peruenientes
432 268 455 302 de
462 278 496 302 sua
503 267 619 313 improbitate
627 267 693 302 iustam
705 277 772 312 penam

71 323 166 357 dederunt.
211 314 256 357 Rex
267 320 371 365 Anglorum
385 321 468 365 Edgarus
480 321 510 356 die
521 322 607 367 quodam,
619 322 663 356 dum
674 326 774 356 venaretur

70 375 89 409 in
98 387 179 418 nemore,
187 375 294 419 ignoranter
300 373 377 408 accessit
385 375 408 408 ad
416 374 475 408 locum
483 375 530 409 beati
538 375 572 410 viri
580 387 584 410 :
595 385 689 419 quemque
699 374 773 418 regibus

70 428 134 462 videre
149 439 186 461 non
200 433 238 461 erat
250 426 324 468 licitum,
336 426 396 460 locum
408 426 480 460 incaute
493 427 568 462 intuitus
580 433 613 462 est.
636 427 697 469 Quem
709 432 789 471 postea5

71 493 113 516 cum
124 480 206 522 vidisset,
217 478 318 525 penitentia
330 479 395 515 ductus
407 490 430 515 ex
442 479 507 514 intimo
520 481 575 517 corde
587 479 685 522 condoluit,
698 480 772 515 dicens:

71 534 104 568 ‘In
117 545 183 569 manus
195 538 237 569 tuas
249 533 324 568 domine
333 534 443 568 commendo
453 533 537 578 spiritum
550 545 623 570 meum:
636 534 730 570 redemisti
743 543 774 568 me

71 588 117 621 deus
125 587 216 621 veritatis.’
240 587 286 621 lnde
293 591 354 620 autem
361 588 414 622 valde
422 587 539 623 contristatus
546 588 666 632 penitentiam
674 589 715 632 egit,
724 587 773 631 quod

72 640 132 674 locum
145 646 229 675 sanctum
241 640 317 674 intuitus
331 644 364 681 est,
373 651 428 684 quem
441 640 545 675 nullatenus
555 641 618 675 videre
631 641 648 675 ei
660 640 773 684 permissum

71 692 109 727 suit.
133 693 219 738 Magnam
226 704 271 728 vero
278 697 350 737 partem
357 697 406 727 terre
413 693 489 737 largitus
500 699 528 727 cst
538 694 574 728 deo
582 699 600 727 et
608 697 671 727 sancto
682 693 772 736 Cungaro.
783 703 801 724 ιο

72 746 152 780 Omnem
163 746 217 780 etiam
228 746 296 780 clerum
307 745 390 780 eiusdem
399 746 484 779 territorii
493 746 612 780 deuotissime
622 745 680 779 orauit
688 745 774 789 quatinus

73 809 106 842 pro
115 810 136 833 eo
144 808 209 842 preces
217 798 314 833 tunderent
322 797 401 838 domino,
410 808 434 832 ne
442 808 476 841 pro
487 798 591 833 temeritate
599 808 635 841 qua
642 798 702 832 locum
710 797 774 832 videre

73 862 172 896 aggressus
184 856 212 885 est
224 851 285 896 ipsum
298 850 368 884 dehac
381 851 421 884 luce
429 850 482 884 citius
495 854 513 884 et
526 850 582 884 nimis
596 850 721 895 improuidam
731 848 775 883 vltio

72 905 135 939 diuina
153 905 248 949 propellat.
272 905 376 948 Regressus
395 909 456 939 autem
474 904 604 939 formidolosus
622 905 646 938 de
663 909 737 946 venatu,
756 902 774 937 in

73 958 140 1002 palatio
155 958 205 1002 regio
221 969 242 992 se
256 957 337 1001 recepit:
352 968 373 991 ac
386 957 447 992 valido
462 957 550 1001 languore
564 967 666 1002 oppressus
681 968 730 991 nono
745 955 802 998 die15

73 1011 123 1046 diem
137 1010 201 1046 clausit
216 1016 324 1045 extremum.
347 1009 400 1044 Multi
415 1009 476 1054 itaque
491 1021 545 1054 reges
560 1010 612 1055 prius
626 1009 681 1045 huius
696 1009 731 1044 loci
746 1020 775 1043 re-

73 1064 175 1098 uerentiam
189 1069 208 1098 et
220 1063 336 1108 priuilegium
349 1062 419 1098 violare
434 1063 538 1106 timuerant,
551 1069 570 1098 et
581 1063 721 1108 precedentium
733 1073 775 1096 suc-

73 1127 158 1153 cessores
173 1116 257 1161 amplius,
270 1115 331 1150 audito
344 1115 378 1151 hoc
392 1116 484 1159 miraculo,
498 1115 603 1151 timuerunt.
647 1109 698 1152 Cum
712 1116 774 1160 itaque

74 1169 178 1204 huiusmodi
193 1169 258 1204 studiis
269 1174 287 1204 et
298 1168 394 1204 virtutibus
407 1174 445 1204 tam
458 1169 493 1204 deo
506 1180 561 1213 quam
575 1169 681 1204 hominibus
694 1170 775 1214 placeret

74 1223 109 1257 deo
120 1223 197 1257 dilectus
211 1222 312 1266 Cungarus,
324 1222 417 1256 constituit
429 1222 448 1255 in
462 1223 528 1256 eodem
540 1222 619 1256 oratorio
632 1233 665 1256 suo
678 1221 775 1256 duodecim
784 1233 804 1254 ao

74 1276 176 1318 canonicos,
185 1275 215 1319 qui
227 1275 336 1319 regulariter
344 1274 428 1309 viuerent
440 1280 458 1309 et
468 1275 487 1309 in
498 1275 569 1309 honore
578 1280 643 1309 sancte
652 1280 670 1309 et
680 1275 776 1309 indiuidue

74 1328 160 1362 trinitatis
174 1328 193 1362 in
208 1329 274 1362 eodem
288 1327 357 1372 templo
372 1329 407 1362 deo
422 1327 557 1362 officiosissime
576 1327 697 1362 deseruirent.
727 1328 776 1361 Con·

74 1387 167 1431 struxerat
181 1381 230 1416 enim
244 1382 293 1416 idem
306 1381 397 1425 templum
409 1381 506 1425 lapidibus,
518 1382 567 1426 quod
579 1381 666 1426 primitus
680 1382 739 1416 suerat
751 1392 776 1416 ex

74 1435 130 1480 virgis
144 1440 162 1470 et
175 1435 241 1470 tabulis
257 1440 368 1470 contextum.
391 1435 500 1470 Conssuebat
511 1441 573 1470 autem
585 1434 667 1480 vndique
680 1434 777 1469 multitudo

75 1488 200 1532 languentium
217 1490 240 1523 ad
258 1493 341 1523 sanctum
359 1488 389 1523 dei
406 1488 494 1523 famulum
511 1487 622 1532 Cungarum,
638 1488 725 1532 quatinus
743 1498 778 1533 per
786 1502 804 1533 ²5

77 1541 142 1575 merita
155 1541 213 1584 ipsius
225 1547 243 1576 et
254 1541 347 1575 orationes
360 1546 468 1575 curarentur
482 1541 505 1575 ab
517 1540 654 1575 infirmitatibus
667 1547 686 1576 et
699 1541 778 1576 diuersis

75 1593 205 1637 languoribus:
217 1604 263 1637 quos
271 1604 305 1637 per
312 1592 342 1627 dei
350 1593 432 1636 gratiam,
439 1593 523 1627 inuocato
532 1598 595 1628 sancto
603 1592 678 1629 nomine
686 1593 777 1635 trinitatis,

75 1647 150 1683 curabat
168 1658 238 1689 omnes,
255 1658 266 1680 a
284 1658 393 1690 quacunque
412 1646 540 1680 detinebantur
555 1646 666 1679 infirmitate.
692 1646 777 1680 Cernens

76 1703 137 1732 autem
148 1698 177 1733 vir
187 1698 217 1733 dei
227 1698 258 1733 tali
269 1698 365 1733 occasione
376 1710 387 1733 a
398 1699 464 1733 dilecta
473 1697 508 1733 sibi
519 1698 617 1734 solitudine
627 1703 646 1733 et
656 1698 679 1733 ab
690 1698 778 1733 orationis

76 1751 163 1786 instantia
184 1762 205 1786 se
225 1752 302 1786 nimium
322 1752 421 1796 prepediti,
440 1753 463 1786 de
482 1762 557 1787 recessu
576 1753 599 1787 ab
616 1763 638 1787 eo
656 1752 696 1787 loco
715 1762 807 1796 secum3o

76 1806 140 1849 sepius
155 1806 276 1849 pertractauit.
299 1806 352 1848 Quod
368 1812 387 1841 et
401 1807 476 1840 tandem
491 1817 548 1849 opere
563 1805 667 1850 compleuit.
689 1806 779 1841 Audierat

77 1858 126 1893 enim
141 1858 188 1892 vltra
203 1858 303 1893 Sabrinum
314 1858 380 1893 fretum
395 1859 435 1892 loca
449 1858 545 1902 aptissima
556 1863 575 1893 et
588 1857 713 1893 secretissima
724 1869 778 1893 esse:

77 1922 113 1955 que
127 1910 191 1944 videre
206 1921 244 1944 non
259 1911 331 1944 modice
349 1911 439 1955 cupiebat.
468 1911 508 1952 Que
523 1912 539 1945 si
554 1911 589 1945 sibi
608 1910 669 1944 animo
685 1912 778 1952 sederent,

77 1963 138 1998 statuit
146 1963 165 1996 in
173 1963 243 1997 eisdem
251 1963 301 2006 locis,
310 1967 378 2007 quanto
388 1963 478 1998 secretius
487 1968 538 1997 tanto
546 1963 635 2004 deuotius,
645 1963 680 1997 deo
689 1963 779 1998 t‘amulari.

77 2016 135 2060 Igitur
149 2016 184 2050 iter
199 2026 297 2060 aggressus
316 2016 367 2050 littus
385 2016 477 2051 marinum
492 2016 550 2060 petiit,
565 2017 721 2060 prosequentibus
736 2027 779 2051 eum
788 2031 807 2062 35

77 2073 95 2103 et
110 2068 243 2103 deducentibus
258 2068 330 2102 clericis
345 2068 390 2110 suis,
404 2079 447 2103 cum
462 2069 503 2103 aliis
518 2069 587 2104 diuersi
602 2079 664 2110 sexus,
680 2075 698 2104 et
713 2070 780 2104 lachri-

77 2121 170 2157 mantibus
178 2132 199 2156 ac
207 2120 316 2156 eiulantibus
323 2121 347 2155 de
354 2121 400 2155 tanti
407 2121 466 2167 patris
474 2121 503 2156 sui
513 2128 532 2157 ct
540 2121 644 2157 fidelissimi
651 2128 670 2156 et
677 2122 781 2157 defensoris

77 2186 157 2210 recessu.
184 2174 318 2210 Transtretauit
335 2179 397 2210 autem
417 2176 481 2211 beatus
497 2175 592 2222 Cungarus
611 2186 653 2211 cum
670 2176 780 2222 quibusdam

78 2228 148 2264 clericis
156 2239 219 2263 secum
227 2227 303 2263 retentis
311 2227 330 2262 in
337 2228 432 2272 regionem
443 2229 592 2273 Glatmorcantie,
599 2229 618 2264 in
626 2233 680 2274 portu
693 2228 780 2264 Camensi

78 2293 167 2327 prospere
183 2282 257 2327 appulit.
285 2280 357 2316 Deinde
370 2282 420 2317 venit
435 2283 459 2318 ad
474 2284 552 2318 arduum
566 2288 653 2324 montem,
666 2293 704 2317 non
719 2281 780 2317 minus
788 2297 809 2327 40

77 2347 114 2370 vno
126 2336 185 2370 stadio
195 2337 218 2369 ab
228 2346 297 2380 equore
307 2335 411 2370 distantem.
434 2337 494 2379 Quem
506 2348 548 2371 cum
560 2337 674 2376 ascenderet,
688 2341 706 2370 et
719 2335 781 2377 vidit¹,

78 2388 149 2422 inuenit
161 2387 186 2422 ibi
198 2387 339 2432 liquidissimum
352 2387 431 2424 fontem:
442 2389 493 2423 iuxta
506 2399 560 2432 quem
573 2387 675 2423 construxit
688 2388 782 2423 habitacu-

78 2441 122 2482 lum,
135 2445 153 2475 et
164 2440 213 2484 cepit
224 2441 297 2485 signare
308 2440 423 2476 cimiterium.
468 2434 532 2476 Nocte
545 2442 601 2486 igitur
614 2441 725 2484 insequenti,
737 2442 781 2475 dum

79 2493 135 2538 quieti
142 2494 227 2529 membra
235 2493 361 2536 concessisset,
370 2494 453 2539 angelica
461 2494 532 2530 visione
540 2493 644 2530 admonitus
655 2499 684 2530 est
696 2494 781 2540 quatinus

366 2562 373 2581 ¹
383 2573 413 2594 orn.
421 2569 437 2594 et
443 2564 493 2596 viditl
