1762 2803
86 124 88 131 ⁴
122 97 167 159 634
368 102 370 105 ’
386 97 509 160 appatuit
526 99 558 146 ll.

121 218 197 257 collectis
212 223 230 255 in
245 232 298 255 vnum
311 221 390 256 iratribus
405 227 422 255 et
437 222 541 265 quibusdam
556 221 609 263 laicis,
624 221 711 255 hominem
730 223 789 257 statuit
805 224 822 258 in

122 274 202 314 medium,
218 273 265 306 cuius
277 272 362 306 relacione
375 272 410 304 iarn
424 272 471 305 dicta
485 273 593 314 replicantur,
605 277 622 304 et
636 272 710 313 plurium
725 272 823 306 testimonio

122 322 248 362 confirmantur,
256 322 278 354 ad
286 322 355 354 laudem
363 327 380 353 et
387 322 459 363 gloriam
466 321 511 363 regis
521 331 581 363 regum
589 327 606 354 et
617 321 671 354 sancti
681 322 768 354 Ednundi
779 323 823 365 regis

122 379 138 406 et
146 371 220 405 martiris
227 370 301 414 gloriosi.

142 470 172 501 Du
184 470 292 502 Rnnouruo
303 475 354 501 s1L10
367 470 463 510 Hucours,
475 477 501 502 ou
512 477 590 503 ooaonu
601 476 691 502 Duncmn
702 475 802 502 amaranto.

105 543 113 571 5
144 559 263 595 Hemamms¹
288 537 824 615 CircaidemtempusprosuitmartiretsanctusEdmundus

344 589 412 622 cuidam
424 590 516 632 Radulpho
528 589 607 630 Hugonis
619 588 659 628 lilio,
671 589 730 621 dolore
743 589 822 622 dencium

122 635 206 670 laboranti
222 636 275 670 tribus
290 638 425 672 ebdomadibus:
445 639 472 673 cui
487 640 528 672 dum
543 641 591 672 faber
604 640 674 672 adesset
688 645 706 672 vt
721 649 742 672 ex
756 640 824 674 maxilla

123 687 193 720 dentem
210 687 291 722 nociuum
308 691 391 732 euelleret,
409 690 485 724 infirmus
504 690 561 724 subito
579 699 647 723 memor
663 688 718 723 sancti
736 689 823 724 Edmundi

123 737 211 779 paululum
218 740 294 772 substitit
301 745 318 772 et
328 740 345 772 in
356 745 397 772 uoto
407 740 461 772 sancti
469 740 532 781 pariter
540 744 558 772 et
567 740 632 771 honore
642 738 732 771 candelam
742 737 781 771 lecit
789 739 824 772 fieri

97 799 115 820 ιο
122 788 145 819 ad
153 786 179 818 sui
187 787 226 818 colli
233 793 251 819 et
258 787 319 829 capitis
325 789 422 827 modulum,
430 798 463 829 quo
468 789 518 829 iacto,
524 798 563 820 cum
571 787 643 829 propriis
650 787 729 821 dentibus
735 788 824 830 requiescit

123 835 216 878 dulcius&
223 837 274 879 plena
281 837 315 871 fide
323 837 382 879 recipit
390 837 501 871 valitudinem
508 837 574 871 meritis
582 837 637 870 saneti
644 837 719 887 martiris
727 837 820 871 Edmundi.

202 936 232 968 DE
244 943 327 969 HUMERO
339 943 439 969 CUIUSDAM
451 944 540 970 MONACHI
552 943 651 970 GRAUITER
662 943 709 969 LESO
721 944 745 968 ET

367 994 490 1021 MIRACULOSE
501 994 580 1022 SANATO.

321 1059 375 1090 Rater
389 1058 461 1100 quidam
472 1057 612 1099 congregacionis
624 1058 678 1090 sancti
691 1057 779 1090 Edmundi
791 1058 825 1090 iam

342 1107 371 1140 die
385 1107 437 1140 ferme
452 1107 524 1140 decurso
539 1106 605 1139 domini
619 1107 687 1147 natalis,
700 1108 742 1140 dum
755 1107 825 1140 instaret

123 1154 208 1195 pulsando
215 1157 312 1197 vespertina
322 1156 394 1198 synaxis,
403 1167 494 1189 accurrens
505 1156 577 1190 festinus
588 1168 609 1189 ex
618 1156 692 1189 claustro
702 1157 726 1188 ad
733 1157 826 1189 oratorium

98 1219 115 1249 ¹5
124 1203 183 1237 anxius
191 1214 222 1245 pro
230 1203 344 1249 disposicione
352 1212 425 1249 quatuor
436 1212 525 1239 cantorum
537 1217 579 1249 quos
589 1206 625 1250 ipse
635 1206 703 1240 coraula
713 1206 825 1249 dispositurus

124 1259 161 1288 erat
173 1255 195 1288 ad
208 1266 289 1298 vesperas
303 1258 326 1291 ad
339 1258 432 1299 regendum
445 1258 526 1290 chorum:
543 1257 584 1289 dum
597 1267 689 1290 ascensum
703 1257 752 1290 iniret
764 1268 826 1290 nouem

124 1305 212 1346 graduum,
220 1305 285 1349 inpegit
292 1308 309 1340 in
320 1318 359 1341 eum
369 1309 420 1340 turba
430 1308 553 1340 monachorum
563 1307 657 1340 scolarium.
680 1307 713 1348 Qui
722 1312 767 1339 terre
775 1308 826 1340 elisus

124 1355 171 1387 nullo
177 1355 230 1388 modo
237 1357 297 1390 valens
305 1356 398 1391 consistere
406 1356 484 1398 pedibus,
492 1356 544 1389 sentit
554 1367 575 1389 ex
585 1355 650 1398 impetu
661 1367 711 1389 casus
721 1356 827 1389 collisionem

125 1404 191 1438 humeri
200 1404 263 1439 sinistri
274 1417 308 1450 qua
317 1412 366 1450 parte
376 1406 438 1440 cecidit
448 1412 499 1447 totus,
507 1407 579 1440 saliente
588 1406 626 1449 ipso
635 1407 707 1440 humero
720 1418 740 1440 ex
750 1407 827 1441 iuncture

98 1470 117 1491 20
125 1454 163 1488 loco
174 1456 249 1497 proprio.
272 1458 311 1498 Quo
322 1458 394 1491 fratrum
404 1457 488 1490 adiutorio
500 1458 562 1497 leuato,
572 1462 590 1489 et
601 1457 624 1489 ad
635 1457 734 1490 vestiarium
746 1458 826 1498 deducto,

125 1504 207 1538 tractibus
223 1506 329 1540 suauissimis
347 1513 365 1540 et
383 1507 447 1540 crebris
465 1507 540 1539 motibus
558 1507 631 1539 trahitur
645 1508 739 1550 brachium,
755 1508 769 1540 si
784 1509 827 1541 forte

126 1556 206 1587 humerus
217 1557 240 1588 acl
249 1558 305 1589 locum
314 1558 391 1589 iuncture
402 1557 474 1588 resiliret
484 1557 577 1597 proprium.
600 1557 629 1588 Sic
639 1563 657 1588 et
668 1557 700 1596 fit,
711 1567 732 1588 eo
743 1557 828 1589 resiliente

127 1604 195 1636 suauius
201 1614 219 1637 se
225 1606 278 1637 habet
285 1606 337 1638 irater
344 1605 385 1638 inde
389 1617 394 1644 ;
404 1611 430 1638 set
437 1610 495 1638 tamen
501 1611 519 1637 vt
527 1615 597 1637 maneus
605 1610 652 1637 caret
658 1605 756 1638 eleuacione
761 1604 827 1638 brachii

126 1654 154 1687 vel
168 1665 235 1697 manus,
247 1667 282 1688 non
296 1657 356 1690 valens
371 1666 438 1689 sursum
450 1656 525 1696 tendere,
537 1666 570 1688 nec
585 1666 603 1689 re
618 1665 649 1698 pro
664 1655 721 1698 aliqua
735 1661 828 1689 retrorsum

100 1719 118 1749 ²5
126 1704 217 1747 porrigere.
240 1706 305 1739 Anxius
321 1717 362 1749 ergo
377 1706 429 1739 frater
440 1716 472 1748 pro
487 1706 520 1739 hac
531 1705 600 1746 lesione,
614 1705 686 1739 fideliter
699 1712 736 1739 orat
749 1712 828 1739 sanctum

127 1754 238 1788 Edrnundum
246 1761 263 1789 vt
271 1766 301 1789 sue
308 1755 392 1790 miserans
400 1756 475 1795 lesionis,
483 1756 505 1788 ab
513 1766 533 1788 eo
545 1756 638 1797 depelleret
647 1755 750 1789 anxietatem
758 1756 826 1789 doloris.

127 1805 184 1838 Huius
194 1811 266 1839 euentus
277 1806 349 1840 transito
359 1812 436 1849 tempore
447 1818 457 1838 a
468 1805 533 1839 domini
544 1807 601 1839 natale
613 1817 666 1849 vsque
677 1808 700 1839 ad
711 1807 787 1839 inedium
798 1807 827 1846 xit,

127 1855 173 1888 idern
187 1856 239 1888 irater
254 1857 323 1890 elencus
339 1862 418 1890 sanctum
433 1867 473 1898 sepe
488 1855 558 1898 requirit
576 1861 651 1888 attentus
670 1857 757 1888 nocturnis
777 1856 827 1889 inter-

127 1906 233 1948 sticionibus,
245 1907 292 1939 hona
306 1907 340 1939 fide
353 1907 435 1950 propians
450 1906 473 1940 ad
488 1906 544 1948 sancti
557 1906 636 1939 lecticam
650 1906 828 1947 martiristangendo

99 1969 119 1999 30
128 1957 187 1990 dextra
201 1966 253 1990 manu
268 1962 346 1991 sanctam
360 1956 450 1990 marmoris
465 1957 542 1990 tabulam
557 1966 608 1998 super
622 1967 674 1998 quam
688 1962 759 1989 nouerat
774 1955 828 1989 sancti

127 2007 233 2050 requiescere
248 2009 325 2041 tumbam
340 2007 490 2049 preciosissimam,
503 2017 555 2050 quarn
568 2006 610 2038 dum
622 2012 701 2047 tangeret
715 2007 775 2047 plenus
790 2006 829 2044 fide,

128 2057 187 2090 solitus
195 2063 232 2090 erat
239 2058 329 2090 humerum
338 2059 458 2099 scapulotenus
471 2067 509 2089 cum
519 2056 580 2089 eadem
589 2066 641 2088 manu
648 2056 714 2095 tricare,
723 2066 758 2089 non
768 2055 829 2088 dubius

128 2111 189 2139 sancto
204 2108 297 2140 Edmundo
312 2107 418 2150 propiciante
433 2107 459 2139 sui
474 2105 537 2139 doloris
551 2105 655 2139 anxietatem
668 2116 687 2139 se
699 2116 750 2148 posse
765 2105 829 2147 fugare.

129 2157 206 2188 instante
214 2156 264 2199 igitur
271 2163 323 2191 nocte
333 2163 372 2200 post
384 2157 488 2191 dominicam
495 2156 551 2189 medie
558 2156 587 2197 xle,
596 2155 686 2199 appropiat
695 2157 741 2189 idem
748 2157 800 2189 irater
807 2154 829 2187 ad

101 2218 120 2247 35
128 2207 205 2240 tumbam
217 2206 290 2241 martiris
301 2213 376 2251 tempore
387 2207 526 2250 matuti[n]orum
535 2218 569 2250 qua
576 2207 627 2240 vellet
635 2207 740 2241 deuoeione:
755 2211 773 2240 et
783 2211 830 2239 tactu

129 2267 159 2289 sue
167 2268 228 2290 manus
236 2257 307 2301 percipit
315 2259 337 2291 ab
343 2261 405 2291 eodem
412 2269 498 2291 marmore
505 2264 572 2300 gratum
578 2258 649 2301 liquoris
654 2258 734 2291 sudorem
739 2257 829 2290 desudare.

129 2308 238 2340 Desudatum
246 2308 309 2348 cogitat
317 2319 336 2341 se
343 2319 396 2340 manu
403 2309 473 2341 dextera
480 2319 531 2350 posse
539 2307 624 2349 colligere,
632 2308 736 2350 collectoque
744 2308 830 2339 dolentem

144 1078 263 1114 Hermonem.

128 2358 219 2390 humerum
232 2357 303 2400 perungi
318 2358 386 2390 debere.
410 2358 470 2399 ltaque
485 2368 496 2389 a
510 2357 580 2390 sinistra
594 2362 643 2399 parte
655 2356 731 2399 corporis
739 2363 756 2389 et
769 2353 830 2398 capitis

128 2407 188 2449 sancti,
200 2407 275 2450 psallens
288 2407 374 2450 psalmum
385 2407 463 2440 ‘inclina
474 2406 554 2447 domine,’
567 2407 651 2440 trahendo
664 2407 780 2449 tergendoque
793 2413 831 2437 curn

101 2472 121 2501 40
129 2469 181 2492 manu
193 2459 257 2501 colligit
268 2458 357 2491 marmoris
368 2468 429 2497 rorem,
438 2457 499 2491 exinde
510 2467 552 2500 sepe
563 2467 659 2500 perungens
671 2456 746 2489 iamdiu
757 2454 831 2488 dolentis

129 2508 195 2542 humeri
202 2514 275 2551 partem.
298 2509 336 2551 Quo
344 2508 394 2550 tacto,
402 2508 543 2550 dextrorsumque
551 2518 641 2550 progresso
649 2506 708 2540 itidem
716 2504 829 2549 perficiendo:

128 2558 196 2600 gracias
204 2559 236 2592 deo
248 2565 264 2591 et
273 2564 339 2600 sancto,
347 2568 418 2590 manum
426 2557 502 2591 extendit
510 2568 549 2591 cum
560 2557 631 2590 brachio
642 2567 710 2589 sursum
721 2558 743 2589 ab
753 2557 830 2592 humero,
