1762 2803
148 114 194 170 bt
209 113 309 166 &aaut
326 113 452 164 orontio
469 109 628 166 contestato.
695 125 737 169 345

38 236 109 282 [annos]
115 237 213 270 translatos
219 236 241 269 ad
250 234 357 276 celum,vidi
365 233 409 267 mihi
417 233 472 278 paulo
479 239 522 267 ante
530 234 548 267 in
557 233 640 277 sompnis
648 232 740 274 assistere,

37 291 79 335 quid
88 288 138 333 genti
146 300 188 323 mee
194 294 236 333 post
243 288 311 322 obitum
317 298 379 322 meum
385 287 408 322 sit
413 287 493 321 futurum
500 298 524 321 ex
530 286 559 321 dei
566 285 610 321 mihi
617 287 703 321 mandato
711 297 740 320 re-

37 345 123 378 serentes
140 342 237 386 impletam
244 342 306 375 dicunt
311 341 414 384 Anglorum
423 341 527 384 nequitiam,
536 345 553 374 et
561 339 646 383 iniquitas
655 349 740 373 consum·

37 402 84 432 mata
101 395 147 429 iram
163 400 256 440 prouocat,
270 393 359 429 accelerat
373 393 476 428 vindictam.
504 393 614 428 Sacerdotes
632 391 740 438 preuaricati

37 455 79 485 sunt
91 454 165 492 pactum
178 447 252 490 domini,
263 447 332 491 polluto
344 453 419 491 pectore
431 454 449 481 et
464 448 548 481 manibus
563 446 662 490 inquinatis
677 451 757 485 sanctas

37 506 161 541 contrectant;
181 506 199 535 et
214 501 249 534 hii¹
261 511 298 534 non
312 506 401 544 pastores,
413 500 446 534 sed
459 499 572 541 mercenarii,
585 505 680 543 exponunt
692 499 741 542 lupis

37 566 87 595 oues,
96 565 132 588 non
140 559 244 598 protegunt,
252 554 279 587 lac
291 559 309 587 et
321 555 381 588 lanam
393 559 476 597 querunt,
488 565 524 588 non
535 564 585 594 oues,
593 559 612 587 vt
622 553 707 588 detrusos
717 552 740 585 ad

37 608 105 642 inferos
119 617 169 639 mors
183 614 201 640 et
213 613 296 650 pastores
308 607 394 651 depascat
405 612 423 639 et
435 617 485 640 oues.
508 607 545 640 Sed
557 611 575 639 et
587 606 680 649 principes
691 611 740 639 terre

37 660 126 698 infideles,
134 659 178 692 socii
186 659 253 700 furum,
261 659 352 702 predones
360 659 424 702 patrie,
433 658 498 701 quibus
506 670 541 692 nec
549 659 595 692 deus
601 659 661 692 timori
667 664 700 699 est,
706 668 741 691 nec

37 714 67 746 lex
79 710 155 752 honori3
169 711 235 755 quibus
242 712 309 745 veritas
320 712 376 752 oneri,
385 711 413 744 ius
425 711 542 754 contemptui,
554 710 651 744 crudelitas
663 710 740 743 delecta·
751 722 769 743 ιο

37 765 86 800 tioni.
110 764 173 808 ltaque
185 775 219 798 nec
231 764 296 808 prelati
307 764 402 805 iusticiam,
412 774 446 798 nec
455 770 529 798 seruant
541 763 608 797 subditi
619 763 740 807 disciplinam.

38 819 61 853 Et
72 829 114 853 ecce
127 817 213 852 dominus
224 817 305 862 gladium
317 829 370 852 suum
382 817 476 859 vibrabitl,
487 828 550 852 arcum
564 827 618 850 suum
629 816 711 857 tetendit,
723 821 741 850 et

38 872 108 916 parauit
115 871 172 906 illum.
195 872 285 905 Ostendet
293 872 381 915 deinceps
388 871 457 915 populo
464 871 506 905 huic
514 871 559 904 iram
566 876 584 904 et
590 870 741 915 indignationem,

38 924 161 959 immissiones
168 924 244 968 insuper
251 935 286 968 per
293 924 368 968 angelos
376 924 439 964 malos,
447 923 514 967 quibus
522 922 582 957 traditi
593 928 636 957 sunt
647 934 696 957 anno
705 933 742 956 vno

38 985 56 1012 et
66 979 95 1011 die
105 988 148 1018 vno,
156 977 199 1021 igne
209 978 264 1011 simul
276 983 294 1010 et
304 978 365 1019 gladio
376 976 470 1021 puniendi.
492 977 543 1021 ‘Ego
550 987 595 1010 vero
603 976 626 1010 ob
634 976 741 1010 intentatam
751 988 769 1018 ¹5

38 1041 79 1063 mee
89 1030 140 1072 genti
152 1030 273 1063 calamitatem
286 1030 351 1063 dolens
362 1036 416 1072 atque
428 1030 529 1072 suspirans,
542 1029 592 1063 dlxi:
606 1030 638 1063 “0
646 1029 741 1063 celestium

39 1087 151 1116 secretorum
164 1082 237 1123 conscii,
251 1083 266 1116 si
280 1082 364 1115 conuersi
377 1082 447 1126 egerint
463 1082 587 1126 penitentiam,
601 1081 689 1125 numquid
705 1091 741 1113 non

39 1135 120 1178 ignoscet
129 1135 175 1169 deus
186 1140 204 1168 et
215 1135 305 1178 relinquet
314 1141 356 1179 post
365 1145 386 1169 se
396 1135 557 1169 benedictionem?
579 1134 682 1168 Penitentia
693 1139 743 1167 certe

39 1188 128 1232 prolatam
140 1187 169 1221 dei
181 1199 213 1222 ore
224 1188 242 1221 in
255 1187 351 1222 Niniuitis³
361 1189 457 1232 suspendit
469 1187 588 1229 sententiam3
601 1198 637 1231 que
645 1187 699 1221 etiam
708 1187 742 1220 im-

39 1240 139 1274 minentem
145 1240 254 1285 impiissimo
259 1241 324 1275 Achab
331 1242 411 1276 debitam
417 1241 584 1276 distulitultionem.
596 1240 681 1275 Suadebo
687 1239 742 1285 igitur
751 1252 770 1273 ao

39 1294 88 1337 genti
98 1304 140 1327 mee
148 1299 168 1327 vt
179 1295 272 1338 peniteant
282 1294 305 1327 de
316 1295 412 1338 preteritis,
423 1300 442 1328 et
450 1299 526 1329 caueant
537 1295 561 1328 de
572 1294 649 1328 suturis:
666 1299 684 1328 et
695 1294 742 1327 sorte

40 1346 157 1379 miserebitur
167 1348 219 1388 deus,
226 1352 246 1380 vt
258 1357 294 1379 non
306 1346 379 1380 inducat
390 1357 447 1390 super
456 1358 488 1380 eos
500 1347 568 1380 malum
580 1346 614 1379 hoc
626 1347 702 1390 grande,
708 1346 741 1379 sed

40 1399 70 1442 qui
78 1398 143 1442 punire
151 1399 255 1443 preparauit
266 1409 347 1440 auersos,
355 1399 429 1443 recipiat
439 1399 457 1433 in
469 1400 545 1444 gratiam
558 1398 611 1433 solita
622 1399 689 1444 pietate
701 1409 742 1432 con-

40 1453 118 1484 uersos.”
133 1452 143 1469 ‘⁶
149 1451 274 1495 Nequaquam,
281 1452 370 1494 inquiunt,
377 1452 411 1486 hoc
417 1453 462 1485 erit:
471 1452 557 1496 quoniam
563 1452 667 1485 induratum
676 1457 704 1485 est
712 1461 743 1486 cor

41 1503 102 1547 populi
110 1503 169 1545 huius,
177 1510 195 1539 et
203 1504 284 1538 excecati
290 1505 342 1546 oculi,
349 1510 367 1538 et
373 1515 427 1538 aures
434 1510 537 1548 aggrauate,
542 1509 561 1538 vt
568 1515 602 1538 nec
609 1504 682 1538 audiant
688 1503 743 1538 corri·
752 1517 771 1547 ²5

41 1557 127 1600 pientem,
140 1569 174 1592 nec
189 1558 290 1601 intelligant
306 1563 459 1600 commonentem,
473 1570 507 1593 nec
521 1563 624 1592 terreantur
637 1557 697 1600 minis,
710 1568 744 1591 nec

41 1611 133 1644 beneficiis
141 1613 279 1654 prouocentur.¹¹
303 1611 345 1645 Hiis
355 1622 419 1645 eorum
429 1612 491 1646 verbis
503 1612 546 1645 dum
555 1611 599 1645 mihi
608 1612 665 1645 maior
673 1621 744 1645 accres-

41 1668 90 1697 ceret
97 1663 204 1707 sollicitudo,
210 1664 247 1698 dixi
255 1676 259 1698 ι
268 1664 333 1698 “Num
341 1665 366 1698 ita
373 1665 509 1709 imperpetuum
517 1664 616 1698 irascetur⁴
623 1665 674 1703 deus,
681 1669 699 1698 et
707 1674 744 1698 non

41 1722 120 1759 apponet
128 1722 147 1751 vt
157 1716 293 1761 complacitior⁵
304 1717 327 1752 sit
339 1718 409 1752 adhuc?
433 1718 511 1759 Quando
522 1729 567 1761 ergo
578 1723 604 1751 tot
616 1717 698 1752 tristibus
708 1717 745 1751 leta

41 1770 144 1810 succedent,
152 1776 183 1803 aut
190 1775 216 1803 tot
224 1770 302 1803 aduersa
310 1770 369 1813 qualis
379 1770 478 1804 consolatio
489 1770 610 1813 temperabit?
634 1770 691 1811 Quale
703 1780 745 1813 spe·
753 1780 773 1808 30

42 1822 119 1855 randum
128 1823 181 1856 estin
191 1823 226 1856 hiis
237 1822 290 1856 malis
300 1823 407 1864 remedium,
415 1828 434 1856 vt
445 1822 491 1856 sicut
503 1822 552 1856 illinc
561 1827 617 1856 terret
625 1829 643 1856 et
651 1822 745 1856 contristat

42 1873 101 1908 sutura
112 1869 209 1919 correptio,
220 1875 245 1909 ita
256 1875 299 1909 hinc
311 1876 442 1919 aliquantulum
456 1876 534 1910 mulceat
548 1875 609 1909 diuine
622 1875 745 1909 miserationis

42 1927 138 1968 promissio
144 1929 163 1961 ?”
185 1928 215 1962 Ad
224 1928 257 1962 hec
271 1929 328 1961 sancti
336 1929 373 1962 tale
381 1928 425 1961 mihi
433 1929 529 1972 problema
536 1934 651 1972 proponunt:
667 1928 745 1961 “Arbor

42 1979 121 2021 quelibet
133 1980 196 2015 viridis
209 1991 219 2015 a
231 1980 276 2014 suo⁰
289 1986 354 2015 trunco
366 1981 433 2021 decisa,
445 1981 468 2014 ad
479 1982 533 2015 trium
545 1981 628 2025 iugerum
640 1981 722 2025 spacium
734 1991 745 2014 a

42 2031 102 2066 radice
115 2034 189 2076 propria
201 2038 302 2078 separetur.
330 2033 371 2076 Que
384 2045 425 2068 cum
440 2033 489 2068 nulla
502 2033 581 2068 hominis
594 2044 649 2067 mann
662 2038 745 2076 cogente,
754 2048 772 2078 ³⁵

43 2084 92 2117 nulla
105 2091 183 2129 urgente
196 2085 311 2127 necessitate,
325 2088 348 2120 ad
363 2097 417 2120 suum
430 2097 506 2121 reuersa
520 2092 605 2119 truncum
620 2087 639 2119 in
652 2086 745 2129 antiquam

43 2136 120 2171 radicem
141 2149 183 2173 sese
202 2139 297 2182 receperit,
309 2144 440 2183 resumptoque
459 2149 513 2174 succo
532 2149 604 2173 rursum
623 2138 710 2180 floruerit,
727 2143 746 2173 et

43 2187 120 2223 fructum
140 2191 208 2234 fecerit,
226 2197 269 2225 tunc
284 2193 396 2235 sperandum
413 2197 441 2225 est
456 2192 528 2236 aliquod
544 2191 563 2225 in
580 2192 614 2224 hac
630 2191 746 2225 tribulatione

43 2242 135 2287 solacium,
147 2246 199 2280 etde
211 2256 233 2280 ea
244 2256 299 2290 quam
312 2245 427 2290 prediximus
441 2245 551 2281 aduersitate
563 2245 681 2279 remedium.”
705 2244 746 2280 Hec

43 2305 84 2330 cum
93 2298 189 2342 dixissent,
197 2299 232 2344 ipsi
243 2299 288 2342 celo,
296 2299 349 2334 vobis
360 2310 394 2344 ego
406 2299 488 2334 redditus
499 2299 551 2333 sum.¹
581 2298 694 2333 Assidebant
705 2309 745 2333 nar·
754 2313 775 2343 40

43 2351 89 2383 ranti
100 2353 190 2386 visionem
202 2353 270 2396 regina,
281 2353 374 2387 Robertus
385 2352 432 2386 sacri
443 2353 508 2395 palacii
520 2357 586 2393 custos,
597 2352 635 2385 dux
647 2351 747 2394 Haraldus,

44 2400 142 2445 Stigandus
153 2405 219 2439 etiam⁷
227 2405 258 2449 qui
267 2405 349 2439 ascendit
359 2405 417 2440 cubile
426 2406 483 2448 patris
494 2404 522 2439 sui
532 2409 550 2438 et
561 2404 658 2439 maculauit
669 2410 746 2440 stratum

44 2454 88 2497 eius,
96 2456 170 2491 uiuente
181 2458 240 2493 adhuc
250 2457 388 2502 archiepiscopo
397 2458 478 2491 Roberto
486 2457 592 2492 cathedram
600 2458 747 2493 cantuariensem

45 2527 175 2572 M¹om.in'l'w.
222 2532 349 2562 ²Tw.ribrauit.
399 2530 450 2560 ³Tw.
458 2530 474 2561 S.
482 2531 565 2560 Niniuitas.
615 2530 748 2564 ‘Rirrascetun

44 2571 50 2582 ⁰
62 2567 77 2597 Γ,
88 2571 203 2607 complacidior.
263 2571 269 2588 l
280 2572 298 2601 E.
307 2580 339 2602 sua.
402 2570 435 2601 ¹13.
444 2575 469 2607 ct;
479 2571 497 2602 T.
504 2570 559 2601 eciam.
