<?xml version="1.0" encoding="UTF-8"?>
<!DOCTYPE html PUBLIC "-//W3C//DTD XHTML 1.0 Transitional//EN"
    "http://www.w3.org/TR/xhtml1/DTD/xhtml1-transitional.dtd">
<html xmlns="http://www.w3.org/1999/xhtml" xml:lang="en" lang="en">
 <head>
  <title>
</title>
<meta http-equiv="Content-Type" content="text/html;charset=utf-8" />
  <meta name='ocr-system' content='tesseract 3.04.00' />
  <meta name='ocr-capabilities' content='ocr_page ocr_carea ocr_par ocr_line ocrx_word'/>
</head>
<body>
  <div class='ocr_page' id='page_1' title='image "./MN5111ucmf_0/MN5111ucmf_0_1315.png"; bbox 0 0 1762 2803; ppageno 0'>
   <div class='ocr_carea' id='block_1_1' title="bbox 70 101 773 160">
    <p class='ocr_par' dir='ltr' id='par_1_1' title="bbox 70 101 773 160">
     <span class='ocr_line' id='line_1_1' title="bbox 70 101 773 160; baseline 0.011 -11"><span class='ocrx_word' id='word_1_1' title='bbox 70 111 157 143; x_wconf 74' lang='lat' dir='ltr'>irs-nuu-</span> <span class='ocrx_word' id='word_1_2' title='bbox 165 113 182 143; x_wconf 76' lang='lat' dir='ltr'>a.</span> <span class='ocrx_word' id='word_1_3' title='bbox 189 123 202 143; x_wconf 75' lang='lat'>2·</span> <span class='ocrx_word' id='word_1_4' title='bbox 209 113 231 152; x_wconf 81' lang='grc'>1-1</span> <span class='ocrx_word' id='word_1_5' title='bbox 294 102 358 154; x_wconf 65' lang='lat' dir='ltr'>etita</span> <span class='ocrx_word' id='word_1_6' title='bbox 373 102 410 155; x_wconf 51' lang='lat' dir='ltr'>Q.</span> <span class='ocrx_word' id='word_1_7' title='bbox 423 101 545 160; x_wconf 70' lang='grc'><strong>11111111.</strong></span> <span class='ocrx_word' id='word_1_8' title='bbox 728 105 773 157; x_wconf 85' lang='lat'>699</span> 
     </span>
    </p>
   </div>
   <div class='ocr_carea' id='block_1_2' title="bbox 70 219 805 1879">
    <p class='ocr_par' dir='ltr' id='par_1_2' title="bbox 70 219 802 923">
     <span class='ocr_line' id='line_1_2' title="bbox 70 219 774 268; baseline -0.001 -11"><span class='ocrx_word' id='word_1_9' title='bbox 70 222 160 259; x_wconf 83' lang='lat' dir='ltr'>materiam</span> <span class='ocrx_word' id='word_1_10' title='bbox 176 224 262 259; x_wconf 86' lang='lat' dir='ltr'>scribendi</span> <span class='ocrx_word' id='word_1_11' title='bbox 278 235 351 260; x_wconf 90' lang='lat' dir='ltr'>assumo.</span> <span class='ocrx_word' id='word_1_12' title='bbox 374 226 402 261; x_wconf 86' lang='lat' dir='ltr'>Ad</span> <span class='ocrx_word' id='word_1_13' title='bbox 417 226 451 260; x_wconf 86' lang='lat' dir='ltr'>hoc</span> <span class='ocrx_word' id='word_1_14' title='bbox 465 225 511 260; x_wconf 92' lang='lat' dir='ltr'>enim</span> <span class='ocrx_word' id='word_1_15' title='bbox 523 230 571 268; x_wconf 89' lang='lat' dir='ltr'>urget</span> <span class='ocrx_word' id='word_1_16' title='bbox 586 219 618 259; x_wconf 88' lang='lat' dir='ltr'>me</span> <span class='ocrx_word' id='word_1_17' title='bbox 630 228 687 258; x_wconf 83' lang='lat' dir='ltr'>uestre</span> <span class='ocrx_word' id='word_1_18' title='bbox 699 223 774 267; x_wconf 82' lang='lat' dir='ltr'>postula·</span> 
     </span>
     <span class='ocr_line' id='line_1_3' title="bbox 71 274 775 319; baseline 0.001 -12"><span class='ocrx_word' id='word_1_19' title='bbox 71 274 122 308; x_wconf 89' lang='lat' dir='ltr'>tionis</span> <span class='ocrx_word' id='word_1_20' title='bbox 132 276 216 310; x_wconf 85' lang='lat' dir='ltr'>instancia</span> <span class='ocrx_word' id='word_1_21' title='bbox 226 282 243 310; x_wconf 89' lang='lat' dir='ltr'>et</span> <span class='ocrx_word' id='word_1_22' title='bbox 255 276 348 319; x_wconf 88' lang='lat' dir='ltr'>imperiosa</span> <span class='ocrx_word' id='word_1_23' title='bbox 358 277 432 311; x_wconf 90' lang='lat' dir='ltr'>dilectio.</span> <span class='ocrx_word' id='word_1_24' title='bbox 454 276 522 311; x_wconf 83' lang='lat' dir='ltr'>Veteris</span> <span class='ocrx_word' id='word_1_25' title='bbox 532 284 591 310; x_wconf 91' lang='lat' dir='ltr'>autem</span> <span class='ocrx_word' id='word_1_26' title='bbox 603 274 679 318; x_wconf 84' lang='lat' dir='ltr'>hystorie</span> <span class='ocrx_word' id='word_1_27' title='bbox 688 275 775 317; x_wconf 84' lang='lat' dir='ltr'>superflua</span> 
     </span>
     <span class='ocr_line' id='line_1_4' title="bbox 71 324 775 371; baseline -0.001 -13"><span class='ocrx_word' id='word_1_28' title='bbox 71 336 157 368; x_wconf 81' lang='lat' dir='ltr'>resecans,</span> <span class='ocrx_word' id='word_1_29' title='bbox 165 332 181 360; x_wconf 86' lang='lat' dir='ltr'>et</span> <span class='ocrx_word' id='word_1_30' title='bbox 189 327 263 360; x_wconf 89' lang='lat' dir='ltr'>obscura</span> <span class='ocrx_word' id='word_1_31' title='bbox 271 326 372 369; x_wconf 79' lang='lat' dir='ltr'>dilucidans,</span> <span class='ocrx_word' id='word_1_32' title='bbox 379 338 488 371; x_wconf 80' lang='lat' dir='ltr'>nequaquam</span> <span class='ocrx_word' id='word_1_33' title='bbox 496 338 507 360; x_wconf 86' lang='lat' dir='ltr'>a</span> <span class='ocrx_word' id='word_1_34' title='bbox 514 332 573 360; x_wconf 86' lang='lat' dir='ltr'>tenore</span> <span class='ocrx_word' id='word_1_35' title='bbox 580 325 657 360; x_wconf 87' lang='lat' dir='ltr'>ueritatis</span> <span class='ocrx_word' id='word_1_36' title='bbox 664 324 735 364; x_wconf 84' lang='lat' dir='ltr'>excessi,</span> <span class='ocrx_word' id='word_1_37' title='bbox 742 334 775 358; x_wconf 90' lang='lat' dir='ltr'>nec</span> 
     </span>
     <span class='ocr_line' id='line_1_5' title="bbox 71 373 774 419; baseline 0 -10"><span class='ocrx_word' id='word_1_38' title='bbox 71 373 123 409; x_wconf 85' lang='lat' dir='ltr'>nouil</span> <span class='ocrx_word' id='word_1_39' title='bbox 130 376 194 419; x_wconf 91' lang='lat' dir='ltr'>aliquid</span> <span class='ocrx_word' id='word_1_40' title='bbox 205 376 238 410; x_wconf 93' lang='lat' dir='ltr'>nisi</span> <span class='ocrx_word' id='word_1_41' title='bbox 249 377 295 419; x_wconf 87' lang='lat' dir='ltr'>quod</span> <span class='ocrx_word' id='word_1_42' title='bbox 306 376 375 419; x_wconf 88' lang='lat' dir='ltr'>publice</span> <span class='ocrx_word' id='word_1_43' title='bbox 384 377 497 411; x_wconf 81' lang='lat' dir='ltr'>edificationis</span> <span class='ocrx_word' id='word_1_44' title='bbox 508 376 596 419; x_wconf 83' lang='lat' dir='ltr'>exigeneia</span> <span class='ocrx_word' id='word_1_45' title='bbox 608 376 685 410; x_wconf 80' lang='lat' dir='ltr'>dictabat</span> <span class='ocrx_word' id='word_1_46' title='bbox 696 375 774 418; x_wconf 88' lang='lat' dir='ltr'>apposui.</span> 
     </span>
     <span class='ocr_line' id='line_1_6' title="bbox 71 424 791 470; baseline 0 -11"><span class='ocrx_word' id='word_1_47' title='bbox 71 425 176 460; x_wconf 86' lang='lat' dir='ltr'>Enarremus</span> <span class='ocrx_word' id='word_1_48' title='bbox 189 426 247 470; x_wconf 89' lang='lat' dir='ltr'>itaque</span> <span class='ocrx_word' id='word_1_49' title='bbox 259 426 346 469; x_wconf 89' lang='lat' dir='ltr'>magnalia</span> <span class='ocrx_word' id='word_1_50' title='bbox 357 427 450 461; x_wconf 86' lang='lat' dir='ltr'>beatissimi</span> <span class='ocrx_word' id='word_1_51' title='bbox 462 427 569 469; x_wconf 81' lang='lat' dir='ltr'>confessoris,</span> <span class='ocrx_word' id='word_1_52' title='bbox 583 427 611 470; x_wconf 89' lang='lat' dir='ltr'>qui</span> <span class='ocrx_word' id='word_1_53' title='bbox 623 427 664 460; x_wconf 86' lang='lat' dir='ltr'>dum</span> <span class='ocrx_word' id='word_1_54' title='bbox 676 424 791 469; x_wconf 77' lang='lat' dir='ltr'>peregrina-5</span> 
     </span>
     <span class='ocr_line' id='line_1_7' title="bbox 71 476 774 518; baseline 0.001 -9"><span class='ocrx_word' id='word_1_55' title='bbox 71 482 118 509; x_wconf 90' lang='lat' dir='ltr'>retur</span> <span class='ocrx_word' id='word_1_56' title='bbox 125 476 143 510; x_wconf 90' lang='lat' dir='ltr'>in</span> <span class='ocrx_word' id='word_1_57' title='bbox 150 477 206 518; x_wconf 86' lang='lat' dir='ltr'>terris,</span> <span class='ocrx_word' id='word_1_58' title='bbox 211 483 283 510; x_wconf 90' lang='lat' dir='ltr'>uentum</span> <span class='ocrx_word' id='word_1_59' title='bbox 290 477 355 511; x_wconf 82' lang='lat' dir='ltr'>fauoris</span> <span class='ocrx_word' id='word_1_60' title='bbox 362 484 380 511; x_wconf 94' lang='lat' dir='ltr'>et</span> <span class='ocrx_word' id='word_1_61' title='bbox 387 478 443 511; x_wconf 89' lang='lat' dir='ltr'>laudis</span> <span class='ocrx_word' id='word_1_62' title='bbox 452 479 527 511; x_wconf 88' lang='lat' dir='ltr'>humane</span> <span class='ocrx_word' id='word_1_63' title='bbox 534 477 657 511; x_wconf 89' lang='lat' dir='ltr'>detestabiliter</span> <span class='ocrx_word' id='word_1_64' title='bbox 664 476 774 518; x_wconf 80' lang='lat' dir='ltr'>abhorrebat,</span> 
     </span>
     <span class='ocr_line' id='line_1_8' title="bbox 71 527 774 570; baseline 0.001 -10"><span class='ocrx_word' id='word_1_65' title='bbox 71 527 115 560; x_wconf 94' lang='lat' dir='ltr'>utin</span> <span class='ocrx_word' id='word_1_66' title='bbox 126 528 196 561; x_wconf 85' lang='lat' dir='ltr'>domino</span> <span class='ocrx_word' id='word_1_67' title='bbox 206 527 304 561; x_wconf 85' lang='lat' dir='ltr'>laudaretur</span> <span class='ocrx_word' id='word_1_68' title='bbox 313 527 371 561; x_wconf 91' lang='lat' dir='ltr'>anima</span> <span class='ocrx_word' id='word_1_69' title='bbox 381 539 417 561; x_wconf 84' lang='lat' dir='ltr'>sua</span> <span class='ocrx_word' id='word_1_70' title='bbox 440 528 474 570; x_wconf 81' lang='lat' dir='ltr'>Qui</span> <span class='ocrx_word' id='word_1_71' title='bbox 485 527 532 561; x_wconf 93' lang='lat' dir='ltr'>enim</span> <span class='ocrx_word' id='word_1_72' title='bbox 541 528 628 562; x_wconf 85' lang='lat' dir='ltr'>uiuentem</span> <span class='ocrx_word' id='word_1_73' title='bbox 639 528 703 569; x_wconf 87' lang='lat' dir='ltr'>laudat,</span> <span class='ocrx_word' id='word_1_74' title='bbox 713 527 774 561; x_wconf 91' lang='lat' dir='ltr'>adula-</span> 
     </span>
     <span class='ocr_line' id='line_1_9' title="bbox 71 576 774 621; baseline 0.003 -13"><span class='ocrx_word' id='word_1_75' title='bbox 71 576 124 609; x_wconf 89' lang='lat' dir='ltr'>tionis</span> <span class='ocrx_word' id='word_1_76' title='bbox 134 579 190 609; x_wconf 85' lang='lat' dir='ltr'>nleum</span> <span class='ocrx_word' id='word_1_77' title='bbox 200 576 260 610; x_wconf 91' lang='lat' dir='ltr'>uendit</span> <span class='ocrx_word' id='word_1_78' title='bbox 271 587 305 620; x_wconf 91' lang='lat' dir='ltr'>quo</span> <span class='ocrx_word' id='word_1_79' title='bbox 315 585 367 621; x_wconf 87' lang='lat' dir='ltr'>caput</span> <span class='ocrx_word' id='word_1_80' title='bbox 378 577 472 620; x_wconf 85' lang='lat' dir='ltr'>peccatoris</span> <span class='ocrx_word' id='word_1_81' title='bbox 484 577 584 618; x_wconf 83' lang='lat' dir='ltr'>impinguat.</span> <span class='ocrx_word' id='word_1_82' title='bbox 606 579 647 610; x_wconf 91' lang='lat' dir='ltr'>Non</span> <span class='ocrx_word' id='word_1_83' title='bbox 657 584 684 610; x_wconf 87' lang='lat' dir='ltr'>est</span> <span class='ocrx_word' id='word_1_84' title='bbox 693 577 774 619; x_wconf 87' lang='lat' dir='ltr'>equidem</span> 
     </span>
     <span class='ocr_line' id='line_1_10' title="bbox 71 626 774 668; baseline 0.001 -9"><span class='ocrx_word' id='word_1_85' title='bbox 71 626 194 661; x_wconf 84' lang='lat' dir='ltr'>laus&#39;hominis</span> <span class='ocrx_word' id='word_1_86' title='bbox 205 628 223 660; x_wconf 89' lang='lat' dir='ltr'>in</span> <span class='ocrx_word' id='word_1_87' title='bbox 234 628 267 661; x_wconf 88' lang='lat' dir='ltr'>hoc</span> <span class='ocrx_word' id='word_1_88' title='bbox 278 627 343 661; x_wconf 89' lang='lat' dir='ltr'>mundo</span> <span class='ocrx_word' id='word_1_89' title='bbox 354 639 420 668; x_wconf 89' lang='lat' dir='ltr'>secura,</span> <span class='ocrx_word' id='word_1_90' title='bbox 431 626 480 661; x_wconf 87' lang='lat' dir='ltr'>cuius</span> <span class='ocrx_word' id='word_1_91' title='bbox 490 637 523 660; x_wconf 91' lang='lat' dir='ltr'>nec</span> <span class='ocrx_word' id='word_1_92' title='bbox 533 627 569 660; x_wconf 87' lang='lat' dir='ltr'>uita</span> <span class='ocrx_word' id='word_1_93' title='bbox 581 637 641 660; x_wconf 86' lang='lat' dir='ltr'>secura</span> <span class='ocrx_word' id='word_1_94' title='bbox 653 633 684 667; x_wconf 88' lang='lat' dir='ltr'>est,</span> <span class='ocrx_word' id='word_1_95' title='bbox 696 627 745 660; x_wconf 88' lang='lat' dir='ltr'>cuius</span> <span class='ocrx_word' id='word_1_96' title='bbox 757 633 774 661; x_wconf 90' lang='lat' dir='ltr'>et</span> 
     </span>
     <span class='ocr_line' id='line_1_11' title="bbox 74 676 802 721; baseline -0.003 -11"><span class='ocrx_word' id='word_1_97' title='bbox 74 676 135 711; x_wconf 88' lang='lat' dir='ltr'>intirna</span> <span class='ocrx_word' id='word_1_98' title='bbox 145 683 162 712; x_wconf 92' lang='lat' dir='ltr'>et</span> <span class='ocrx_word' id='word_1_99' title='bbox 171 677 266 712; x_wconf 89' lang='lat' dir='ltr'>nouissima</span> <span class='ocrx_word' id='word_1_100' title='bbox 276 684 315 712; x_wconf 90' lang='lat' dir='ltr'>sunt</span> <span class='ocrx_word' id='word_1_101' title='bbox 327 678 390 721; x_wconf 86' lang='lat' dir='ltr'>ignota.</span> <span class='ocrx_word' id='word_1_102' title='bbox 413 677 431 712; x_wconf 90' lang='lat' dir='ltr'>Si</span> <span class='ocrx_word' id='word_1_103' title='bbox 441 677 487 712; x_wconf 88' lang='lat' dir='ltr'>enim</span> <span class='ocrx_word' id='word_1_104' title='bbox 495 676 540 710; x_wconf 89' lang='lat' dir='ltr'>‘non</span> <span class='ocrx_word' id='word_1_105' title='bbox 550 677 626 711; x_wconf 89' lang='lat' dir='ltr'>saluatur</span> <span class='ocrx_word' id='word_1_106' title='bbox 634 677 664 719; x_wconf 89' lang='lat' dir='ltr'>qui</span> <span class='ocrx_word' id='word_1_107' title='bbox 673 687 708 710; x_wconf 86' lang='grc'>111</span> <span class='ocrx_word' id='word_1_108' title='bbox 717 687 774 719; x_wconf 85' lang='lat' dir='ltr'>perse·</span> <span class='ocrx_word' id='word_1_109' title='bbox 784 686 802 708; x_wconf 82' lang='grc' dir='ltr'>ιο</span> 
     </span>
     <span class='ocr_line' id='line_1_12' title="bbox 73 727 774 772; baseline 0 -11"><span class='ocrx_word' id='word_1_110' title='bbox 73 728 132 769; x_wconf 86' lang='lat' dir='ltr'>uerat,&#39;</span> <span class='ocrx_word' id='word_1_111' title='bbox 139 728 153 762; x_wconf 90' lang='lat' dir='ltr'>si</span> <span class='ocrx_word' id='word_1_112' title='bbox 159 728 164 745; x_wconf 88' lang='lat'>‘</span> <span class='ocrx_word' id='word_1_113' title='bbox 169 739 204 762; x_wconf 86' lang='lat' dir='ltr'>non</span> <span class='ocrx_word' id='word_1_114' title='bbox 210 734 301 763; x_wconf 86' lang='lat' dir='ltr'>coronatur</span> <span class='ocrx_word' id='word_1_115' title='bbox 306 728 335 772; x_wconf 94' lang='lat' dir='ltr'>qui</span> <span class='ocrx_word' id='word_1_116' title='bbox 343 728 418 772; x_wconf 83' lang='lat' dir='ltr'>legitime</span> <span class='ocrx_word' id='word_1_117' title='bbox 425 728 531 768; x_wconf 73' lang='grc' dir='ltr'>1111111111,ι</span> <span class='ocrx_word' id='word_1_118' title='bbox 538 728 552 762; x_wconf 84' lang='lat' dir='ltr'>si</span> <span class='ocrx_word' id='word_1_119' title='bbox 560 727 578 762; x_wconf 94' lang='lat' dir='ltr'>in</span> <span class='ocrx_word' id='word_1_120' title='bbox 585 737 659 762; x_wconf 87' lang='lat' dir='ltr'>arenoso</span> <span class='ocrx_word' id='word_1_121' title='bbox 664 727 715 761; x_wconf 89' lang='lat' dir='ltr'>huius</span> <span class='ocrx_word' id='word_1_122' title='bbox 722 727 774 762; x_wconf 87' lang='lat' dir='ltr'>seculi</span> 
     </span>
     <span class='ocr_line' id='line_1_13' title="bbox 72 778 799 823; baseline -0.003 -10"><span class='ocrx_word' id='word_1_123' title='bbox 72 778 129 813; x_wconf 82' lang='lat' dir='ltr'>stadio</span> <span class='ocrx_word' id='word_1_124' title='bbox 145 785 163 813; x_wconf 87' lang='lat' dir='ltr'>et</span> <span class='ocrx_word' id='word_1_125' title='bbox 180 779 197 813; x_wconf 86' lang='lat' dir='ltr'>in</span> <span class='ocrx_word' id='word_1_126' title='bbox 214 780 279 814; x_wconf 87' lang='lat' dir='ltr'>lubrico</span> <span class='ocrx_word' id='word_1_127' title='bbox 294 780 344 815; x_wconf 89' lang='lat' dir='ltr'>huius</span> <span class='ocrx_word' id='word_1_128' title='bbox 359 780 394 814; x_wconf 89' lang='lat' dir='ltr'>uite</span> <span class='ocrx_word' id='word_1_129' title='bbox 409 779 492 823; x_wconf 85' lang='lat' dir='ltr'>pugnanti</span> <span class='ocrx_word' id='word_1_130' title='bbox 509 779 598 822; x_wconf 86' lang='lat' dir='ltr'>apostolus</span> <span class='ocrx_word' id='word_1_131' title='bbox 612 778 659 811; x_wconf 89' lang='lat' dir='ltr'>dicat</span> <span class='ocrx_word' id='word_1_132' title='bbox 675 778 719 820; x_wconf 86' lang='lat' dir='ltr'>‘Qui</span> <span class='ocrx_word' id='word_1_133' title='bbox 736 785 776 822; x_wconf 87' lang='lat' dir='ltr'>stat,</span> <span class='ocrx_word' id='word_1_134' title='bbox 797 783 799 786; x_wconf 88' lang='grc'><strong>’</strong></span> 
     </span>
     <span class='ocr_line' id='line_1_14' title="bbox 72 827 775 873; baseline 0.001 -11"><span class='ocrx_word' id='word_1_135' title='bbox 72 829 131 862; x_wconf 91' lang='lat' dir='ltr'>uideat</span> <span class='ocrx_word' id='word_1_136' title='bbox 140 841 162 863; x_wconf 89' lang='lat' dir='ltr'>ne</span> <span class='ocrx_word' id='word_1_137' title='bbox 170 831 242 864; x_wconf 87' lang='lat' dir='ltr'>cadat&#39;:</span> <span class='ocrx_word' id='word_1_138' title='bbox 254 831 298 864; x_wconf 94' lang='lat' dir='ltr'>sicut</span> <span class='ocrx_word' id='word_1_139' title='bbox 308 831 403 873; x_wconf 89' lang='lat' dir='ltr'>periculosa</span> <span class='ocrx_word' id='word_1_140' title='bbox 412 837 439 864; x_wconf 91' lang='lat' dir='ltr'>est</span> <span class='ocrx_word' id='word_1_141' title='bbox 448 831 500 871; x_wconf 88' lang='lat' dir='ltr'>lucta,</span> <span class='ocrx_word' id='word_1_142' title='bbox 508 829 533 863; x_wconf 90' lang='lat' dir='ltr'>sic</span> <span class='ocrx_word' id='word_1_143' title='bbox 540 830 593 863; x_wconf 91' lang='lat' dir='ltr'>dubia</span> <span class='ocrx_word' id='word_1_144' title='bbox 600 835 626 863; x_wconf 89' lang='lat' dir='ltr'>est</span> <span class='ocrx_word' id='word_1_145' title='bbox 634 839 702 863; x_wconf 85' lang='lat' dir='ltr'>corona.</span> <span class='ocrx_word' id='word_1_146' title='bbox 725 827 775 865; x_wconf 47' lang='lat' dir='ltr'>(Non</span> 
     </span>
     <span class='ocr_line' id='line_1_15' title="bbox 73 879 776 923; baseline 0.001 -12"><span class='ocrx_word' id='word_1_147' title='bbox 73 889 114 921; x_wconf 86' lang='lat' dir='ltr'>ergo</span> <span class='ocrx_word' id='word_1_148' title='bbox 122 880 203 921; x_wconf 84' lang='lat' dir='ltr'>glorietur</span> <span class='ocrx_word' id='word_1_149' title='bbox 210 880 296 914; x_wconf 90' lang='lat' dir='ltr'>accinctus</span> <span class='ocrx_word' id='word_1_150' title='bbox 304 890 347 923; x_wconf 86' lang='lat' dir='ltr'>eque</span> <span class='ocrx_word' id='word_1_151' title='bbox 353 887 372 914; x_wconf 87' lang='lat' dir='ltr'>nt</span> <span class='ocrx_word' id='word_1_152' title='bbox 379 879 483 920; x_wconf 86' lang='lat' dir='ltr'>discinctus,’</span> <span class='ocrx_word' id='word_1_153' title='bbox 490 879 583 913; x_wconf 91' lang='lat' dir='ltr'>seminator</span> <span class='ocrx_word' id='word_1_154' title='bbox 587 885 606 912; x_wconf 91' lang='lat' dir='ltr'>ut</span> <span class='ocrx_word' id='word_1_155' title='bbox 613 889 684 920; x_wconf 86' lang='lat' dir='ltr'>messor,</span> <span class='ocrx_word' id='word_1_156' title='bbox 690 885 776 922; x_wconf 89' lang='lat' dir='ltr'>pugnator</span> 
     </span>
    </p>

    <p class='ocr_par' dir='ltr' id='par_1_3' title="bbox 73 929 805 1879">
     <span class='ocr_line' id='line_1_16' title="bbox 73 929 802 974; baseline 0 -10"><span class='ocrx_word' id='word_1_157' title='bbox 73 935 92 964; x_wconf 92' lang='lat' dir='ltr'>ut</span> <span class='ocrx_word' id='word_1_158' title='bbox 103 929 162 965; x_wconf 91' lang='lat' dir='ltr'>uictor.</span> <span class='ocrx_word' id='word_1_159' title='bbox 186 932 233 965; x_wconf 91' lang='lat' dir='ltr'>Dum</span> <span class='ocrx_word' id='word_1_160' title='bbox 243 930 290 966; x_wconf 92' lang='lat' dir='ltr'>enim</span> <span class='ocrx_word' id='word_1_161' title='bbox 298 930 423 966; x_wconf 83' lang='lat' dir='ltr'>‘inhabitamus</span> <span class='ocrx_word' id='word_1_162' title='bbox 434 932 489 966; x_wconf 91' lang='lat' dir='ltr'>luteas</span> <span class='ocrx_word' id='word_1_163' title='bbox 500 930 573 974; x_wconf 87' lang='lat' dir='ltr'>domos,&#39;</span> <span class='ocrx_word' id='word_1_164' title='bbox 581 935 598 965; x_wconf 89' lang='lat' dir='ltr'>et</span> <span class='ocrx_word' id='word_1_165' title='bbox 606 929 633 965; x_wconf 86' lang='lat' dir='ltr'>‘in</span> <span class='ocrx_word' id='word_1_166' title='bbox 645 929 707 965; x_wconf 91' lang='lat' dir='ltr'>sudore</span> <span class='ocrx_word' id='word_1_167' title='bbox 718 929 802 971; x_wconf 79' lang='lat' dir='ltr'>uultus15</span> 
     </span>
     <span class='ocr_line' id='line_1_17' title="bbox 74 980 776 1025; baseline 0 -11"><span class='ocrx_word' id='word_1_168' title='bbox 74 980 128 1015; x_wconf 87' lang='lat' dir='ltr'>nostri</span> <span class='ocrx_word' id='word_1_169' title='bbox 142 982 249 1016; x_wconf 86' lang='lat' dir='ltr'>comedimus</span> <span class='ocrx_word' id='word_1_170' title='bbox 263 992 327 1025; x_wconf 88' lang='lat' dir='ltr'>panem</span> <span class='ocrx_word' id='word_1_171' title='bbox 341 984 428 1022; x_wconf 83' lang='lat' dir='ltr'>nostrum,¹</span> <span class='ocrx_word' id='word_1_172' title='bbox 439 982 492 1016; x_wconf 91' lang='lat' dir='ltr'>nichil</span> <span class='ocrx_word' id='word_1_173' title='bbox 505 982 552 1025; x_wconf 88' lang='lat' dir='ltr'>apud</span> <span class='ocrx_word' id='word_1_174' title='bbox 564 992 597 1016; x_wconf 91' lang='lat' dir='ltr'>nos</span> <span class='ocrx_word' id='word_1_175' title='bbox 610 987 666 1015; x_wconf 90' lang='lat' dir='ltr'>tutum</span> <span class='ocrx_word' id='word_1_176' title='bbox 678 987 709 1022; x_wconf 89' lang='lat' dir='ltr'>est,</span> <span class='ocrx_word' id='word_1_177' title='bbox 722 981 776 1015; x_wconf 89' lang='lat' dir='ltr'>nichil</span> 
     </span>
     <span class='ocr_line' id='line_1_18' title="bbox 73 1030 799 1075; baseline 0 -11"><span class='ocrx_word' id='word_1_178' title='bbox 73 1031 147 1065; x_wconf 90' lang='lat' dir='ltr'>solidum</span> <span class='ocrx_word' id='word_1_179' title='bbox 155 1039 184 1065; x_wconf 92' lang='lat' dir='ltr'>aut</span> <span class='ocrx_word' id='word_1_180' title='bbox 192 1033 291 1074; x_wconf 79' lang='lat' dir='ltr'>perrectum.</span> <span class='ocrx_word' id='word_1_181' title='bbox 310 1034 372 1067; x_wconf 91' lang='lat' dir='ltr'>Paulus</span> <span class='ocrx_word' id='word_1_182' title='bbox 379 1033 402 1066; x_wconf 89' lang='lat' dir='ltr'>ad</span> <span class='ocrx_word' id='word_1_183' title='bbox 410 1033 481 1067; x_wconf 91' lang='lat' dir='ltr'>tercium</span> <span class='ocrx_word' id='word_1_184' title='bbox 488 1033 544 1066; x_wconf 86' lang='lat' dir='ltr'>celum</span> <span class='ocrx_word' id='word_1_185' title='bbox 551 1039 610 1075; x_wconf 89' lang='lat' dir='ltr'>raptus</span> <span class='ocrx_word' id='word_1_186' title='bbox 618 1031 669 1065; x_wconf 85' lang='lat' dir='ltr'>dicit:</span> <span class='ocrx_word' id='word_1_187' title='bbox 681 1031 776 1065; x_wconf 89' lang='lat' dir='ltr'>‘Nondum</span> <span class='ocrx_word' id='word_1_188' title='bbox 797 1030 799 1033; x_wconf 84' lang='grc'><strong>’</strong></span> 
     </span>
     <span class='ocr_line' id='line_1_19' title="bbox 74 1080 776 1126; baseline 0.003 -12"><span class='ocrx_word' id='word_1_189' title='bbox 74 1080 148 1116; x_wconf 88' lang='lat' dir='ltr'>arbitror</span> <span class='ocrx_word' id='word_1_190' title='bbox 158 1092 186 1115; x_wconf 90' lang='lat' dir='ltr'>me</span> <span class='ocrx_word' id='word_1_191' title='bbox 198 1082 359 1126; x_wconf 71' lang='lat' dir='ltr'>comprehendisse:</span> <span class='ocrx_word' id='word_1_192' title='bbox 381 1084 405 1116; x_wconf 94' lang='lat' dir='ltr'>Et</span> <span class='ocrx_word' id='word_1_193' title='bbox 414 1082 453 1126; x_wconf 88' lang='lat' dir='ltr'>quis</span> <span class='ocrx_word' id='word_1_194' title='bbox 462 1082 545 1125; x_wconf 87' lang='lat' dir='ltr'>gloriatur</span> <span class='ocrx_word' id='word_1_195' title='bbox 553 1092 572 1116; x_wconf 92' lang='lat' dir='ltr'>se</span> <span class='ocrx_word' id='word_1_196' title='bbox 581 1087 648 1115; x_wconf 86' lang='lat' dir='ltr'>castum</span> <span class='ocrx_word' id='word_1_197' title='bbox 659 1082 722 1115; x_wconf 88' lang='lat' dir='ltr'>habere</span> <span class='ocrx_word' id='word_1_198' title='bbox 734 1083 776 1116; x_wconf 78' lang='lat' dir='ltr'>cor?</span> 
     </span>
     <span class='ocr_line' id='line_1_20' title="bbox 74 1131 775 1175; baseline 0 -11"><span class='ocrx_word' id='word_1_199' title='bbox 74 1131 117 1172; x_wconf 79' lang='lat' dir='ltr'>Quis</span> <span class='ocrx_word' id='word_1_200' title='bbox 128 1132 177 1165; x_wconf 91' lang='lat' dir='ltr'>nouit</span> <span class='ocrx_word' id='word_1_201' title='bbox 187 1138 244 1165; x_wconf 88' lang='lat' dir='ltr'>utrum</span> <span class='ocrx_word' id='word_1_202' title='bbox 254 1143 313 1166; x_wconf 88' lang='lat' dir='ltr'>amore</span> <span class='ocrx_word' id='word_1_203' title='bbox 324 1143 346 1167; x_wconf 91' lang='lat' dir='ltr'>an</span> <span class='ocrx_word' id='word_1_204' title='bbox 357 1133 397 1167; x_wconf 90' lang='lat' dir='ltr'>odio</span> <span class='ocrx_word' id='word_1_205' title='bbox 407 1133 469 1175; x_wconf 90' lang='lat' dir='ltr'>dignus</span> <span class='ocrx_word' id='word_1_206' title='bbox 480 1132 514 1166; x_wconf 89' lang='lat' dir='ltr'>sit?</span> <span class='ocrx_word' id='word_1_207' title='bbox 536 1133 587 1167; x_wconf 87' lang='lat' dir='ltr'>Solus</span> <span class='ocrx_word' id='word_1_208' title='bbox 598 1131 646 1165; x_wconf 87' lang='lat' dir='ltr'>nouit</span> <span class='ocrx_word' id='word_1_209' title='bbox 656 1131 736 1164; x_wconf 92' lang='lat' dir='ltr'>dominus</span> <span class='ocrx_word' id='word_1_210' title='bbox 746 1132 775 1175; x_wconf 90' lang='lat' dir='ltr'>qui</span> 
     </span>
     <span class='ocr_line' id='line_1_21' title="bbox 75 1179 804 1224; baseline -0.001 -10"><span class='ocrx_word' id='word_1_211' title='bbox 75 1187 114 1215; x_wconf 91' lang='lat' dir='ltr'>sunt</span> <span class='ocrx_word' id='word_1_212' title='bbox 123 1181 165 1216; x_wconf 90' lang='lat' dir='ltr'>eins.</span> <span class='ocrx_word' id='word_1_213' title='bbox 188 1182 239 1216; x_wconf 93' lang='lat' dir='ltr'>Multi</span> <span class='ocrx_word' id='word_1_214' title='bbox 250 1182 343 1217; x_wconf 86' lang='lat' dir='ltr'>‘miserunt</span> <span class='ocrx_word' id='word_1_215' title='bbox 354 1195 425 1217; x_wconf 87' lang='lat' dir='ltr'>manum</span> <span class='ocrx_word' id='word_1_216' title='bbox 433 1183 456 1217; x_wconf 88' lang='lat' dir='ltr'>ad</span> <span class='ocrx_word' id='word_1_217' title='bbox 465 1188 545 1224; x_wconf 87' lang='lat' dir='ltr'>aratrum,</span> <span class='ocrx_word' id='word_1_218' title='bbox 553 1188 570 1216; x_wconf 88' lang='lat' dir='ltr'>et</span> <span class='ocrx_word' id='word_1_219' title='bbox 580 1187 626 1216; x_wconf 89' lang='lat' dir='ltr'>retro</span> <span class='ocrx_word' id='word_1_220' title='bbox 636 1179 713 1215; x_wconf 88' lang='lat' dir='ltr'>conuersi</span> <span class='ocrx_word' id='word_1_221' title='bbox 725 1181 804 1216; x_wconf 69' lang='grc'><strong>5111311</strong></span> 
     </span>
     <span class='ocr_line' id='line_1_22' title="bbox 74 1233 776 1276; baseline 0.003 -11"><span class='ocrx_word' id='word_1_222' title='bbox 74 1233 125 1266; x_wconf 89' lang='lat' dir='ltr'>Multi</span> <span class='ocrx_word' id='word_1_223' title='bbox 136 1234 181 1267; x_wconf 89' lang='lat' dir='ltr'>bene</span> <span class='ocrx_word' id='word_1_224' title='bbox 189 1234 286 1268; x_wconf 84' lang='lat' dir='ltr'>‘currentes</span> <span class='ocrx_word' id='word_1_225' title='bbox 295 1235 313 1268; x_wconf 90' lang='lat' dir='ltr'>in</span> <span class='ocrx_word' id='word_1_226' title='bbox 320 1235 402 1269; x_wconf 89' lang='lat' dir='ltr'>uirtutum</span> <span class='ocrx_word' id='word_1_227' title='bbox 409 1235 477 1276; x_wconf 88' lang='lat' dir='ltr'>stadi0‚’</span> <span class='ocrx_word' id='word_1_228' title='bbox 484 1234 588 1267; x_wconf 86' lang='lat' dir='ltr'>ceciderunt.</span> <span class='ocrx_word' id='word_1_229' title='bbox 612 1234 654 1267; x_wconf 90' lang='lat' dir='ltr'>Ideo</span> <span class='ocrx_word' id='word_1_230' title='bbox 662 1233 749 1267; x_wconf 85' lang='lat' dir='ltr'>lohannes</span> <span class='ocrx_word' id='word_1_231' title='bbox 758 1234 776 1267; x_wconf 92' lang='lat' dir='ltr'>in</span> 
     </span>
     <span class='ocr_line' id='line_1_23' title="bbox 74 1283 798 1326; baseline 0.004 -11"><span class='ocrx_word' id='word_1_232' title='bbox 74 1283 148 1325; x_wconf 87' lang='lat' dir='ltr'>epistola</span> <span class='ocrx_word' id='word_1_233' title='bbox 162 1294 193 1317; x_wconf 88' lang='lat' dir='ltr'>sua</span> <span class='ocrx_word' id='word_1_234' title='bbox 207 1285 259 1318; x_wconf 88' lang='lat' dir='ltr'>dicit:</span> <span class='ocrx_word' id='word_1_235' title='bbox 275 1285 338 1318; x_wconf 86' lang='lat' dir='ltr'>‘Nunc</span> <span class='ocrx_word' id='word_1_236' title='bbox 353 1286 383 1319; x_wconf 89' lang='lat' dir='ltr'>filii</span> <span class='ocrx_word' id='word_1_237' title='bbox 397 1286 426 1319; x_wconf 89' lang='lat' dir='ltr'>dei</span> <span class='ocrx_word' id='word_1_238' title='bbox 439 1295 503 1325; x_wconf 87' lang='lat' dir='ltr'>sumus,</span> <span class='ocrx_word' id='word_1_239' title='bbox 515 1284 546 1318; x_wconf 89' lang='lat' dir='ltr'>sed</span> <span class='ocrx_word' id='word_1_240' title='bbox 559 1284 637 1318; x_wconf 89' lang='lat' dir='ltr'>nondum</span> <span class='ocrx_word' id='word_1_241' title='bbox 649 1289 721 1326; x_wconf 82' lang='lat' dir='ltr'>apparet</span> <span class='ocrx_word' id='word_1_242' title='bbox 734 1284 777 1326; x_wconf 91' lang='lat' dir='ltr'>quid</span> <span class='ocrx_word' id='word_1_243' title='bbox 795 1286 798 1290; x_wconf 82' lang='lat'>&#39;</span> 
     </span>
     <span class='ocr_line' id='line_1_24' title="bbox 74 1332 777 1376; baseline 0.003 -11"><span class='ocrx_word' id='word_1_244' title='bbox 74 1332 147 1367; x_wconf 82' lang='lat' dir='ltr'>erimus.¹</span> <span class='ocrx_word' id='word_1_245' title='bbox 170 1335 223 1367; x_wconf 86' lang='lat' dir='ltr'>Porro</span> <span class='ocrx_word' id='word_1_246' title='bbox 235 1335 297 1368; x_wconf 86' lang='lat' dir='ltr'>beatus</span> <span class='ocrx_word' id='word_1_247' title='bbox 310 1336 406 1369; x_wconf 86' lang='lat' dir='ltr'>Guthlacus</span> <span class='ocrx_word' id='word_1_248' title='bbox 418 1334 482 1369; x_wconf 87' lang='lat' dir='ltr'>Christi</span> <span class='ocrx_word' id='word_1_249' title='bbox 495 1334 583 1368; x_wconf 82' lang='lat' dir='ltr'>consessor</span> <span class='ocrx_word' id='word_1_250' title='bbox 593 1332 677 1376; x_wconf 84' lang='lat' dir='ltr'>egregius,</span> <span class='ocrx_word' id='word_1_251' title='bbox 687 1338 777 1376; x_wconf 85' lang='lat' dir='ltr'>tamquam</span> 
     </span>
     <span class='ocr_line' id='line_1_25' title="bbox 73 1382 776 1427; baseline 0.001 -11"><span class='ocrx_word' id='word_1_252' title='bbox 73 1382 122 1417; x_wconf 88' lang='lat' dir='ltr'>fortis</span> <span class='ocrx_word' id='word_1_253' title='bbox 132 1383 182 1418; x_wconf 89' lang='lat' dir='ltr'>miles</span> <span class='ocrx_word' id='word_1_254' title='bbox 192 1395 203 1418; x_wconf 89' lang='lat' dir='ltr'>a</span> <span class='ocrx_word' id='word_1_255' title='bbox 212 1384 270 1427; x_wconf 87' lang='lat' dir='ltr'>prelio,</span> <span class='ocrx_word' id='word_1_256' title='bbox 278 1395 360 1420; x_wconf 89' lang='lat' dir='ltr'>seruusue</span> <span class='ocrx_word' id='word_1_257' title='bbox 369 1385 425 1419; x_wconf 88' lang='lat' dir='ltr'>fidelis</span> <span class='ocrx_word' id='word_1_258' title='bbox 434 1384 503 1419; x_wconf 88' lang='lat' dir='ltr'>rediens</span> <span class='ocrx_word' id='word_1_259' title='bbox 512 1395 522 1418; x_wconf 92' lang='lat' dir='ltr'>a</span> <span class='ocrx_word' id='word_1_260' title='bbox 534 1384 598 1424; x_wconf 83' lang='lat' dir='ltr'>labore,</span> <span class='ocrx_word' id='word_1_261' title='bbox 605 1384 640 1418; x_wconf 83' lang='grc'><strong>1111</strong></span> <span class='ocrx_word' id='word_1_262' title='bbox 650 1393 710 1417; x_wconf 85' lang='lat' dir='ltr'>secure</span> <span class='ocrx_word' id='word_1_263' title='bbox 718 1388 776 1426; x_wconf 89' lang='lat' dir='ltr'>potest</span> 
     </span>
     <span class='ocr_line' id='line_1_26' title="bbox 74 1433 804 1478; baseline 0.004 -13"><span class='ocrx_word' id='word_1_264' title='bbox 74 1433 132 1466; x_wconf 87' lang='lat' dir='ltr'>dicere</span> <span class='ocrx_word' id='word_1_265' title='bbox 143 1445 182 1467; x_wconf 86' lang='lat' dir='ltr'>curn</span> <span class='ocrx_word' id='word_1_266' title='bbox 193 1437 287 1478; x_wconf 86' lang='lat' dir='ltr'>propheta:</span> <span class='ocrx_word' id='word_1_267' title='bbox 301 1436 420 1476; x_wconf 85' lang='lat' dir='ltr'>‘Conuertere,</span> <span class='ocrx_word' id='word_1_268' title='bbox 430 1436 489 1468; x_wconf 86' lang='lat' dir='ltr'>anima</span> <span class='ocrx_word' id='word_1_269' title='bbox 500 1445 544 1474; x_wconf 90' lang='lat' dir='ltr'>mea,</span> <span class='ocrx_word' id='word_1_270' title='bbox 555 1435 573 1468; x_wconf 92' lang='lat' dir='ltr'>in</span> <span class='ocrx_word' id='word_1_271' title='bbox 584 1434 661 1477; x_wconf 90' lang='lat' dir='ltr'>requiem</span> <span class='ocrx_word' id='word_1_272' title='bbox 671 1440 725 1474; x_wconf 78' lang='lat' dir='ltr'>tuam,</span> <span class='ocrx_word' id='word_1_273' title='bbox 736 1434 777 1476; x_wconf 87' lang='lat' dir='ltr'>quia</span> <span class='ocrx_word' id='word_1_274' title='bbox 785 1443 804 1473; x_wconf 78' lang='lat'>²5</span> 
     </span>
     <span class='ocr_line' id='line_1_27' title="bbox 75 1482 777 1529; baseline 0.007 -15"><span class='ocrx_word' id='word_1_275' title='bbox 75 1482 154 1518; x_wconf 88' lang='lat' dir='ltr'>dominus</span> <span class='ocrx_word' id='word_1_276' title='bbox 166 1485 251 1518; x_wconf 85' lang='lat' dir='ltr'>benefecit</span> <span class='ocrx_word' id='word_1_277' title='bbox 264 1485 305 1527; x_wconf 88' lang='lat' dir='ltr'>tibi;</span> <span class='ocrx_word' id='word_1_278' title='bbox 322 1486 363 1529; x_wconf 90' lang='lat' dir='ltr'>quia</span> <span class='ocrx_word' id='word_1_279' title='bbox 375 1486 436 1529; x_wconf 86' lang='lat' dir='ltr'>eripuit</span> <span class='ocrx_word' id='word_1_280' title='bbox 449 1485 525 1519; x_wconf 89' lang='lat' dir='ltr'>animam</span> <span class='ocrx_word' id='word_1_281' title='bbox 538 1495 595 1518; x_wconf 86' lang='lat' dir='ltr'>meam</span> <span class='ocrx_word' id='word_1_282' title='bbox 608 1485 631 1518; x_wconf 89' lang='lat' dir='ltr'>de</span> <span class='ocrx_word' id='word_1_283' title='bbox 643 1490 704 1526; x_wconf 89' lang='lat' dir='ltr'>morte,</span> <span class='ocrx_word' id='word_1_284' title='bbox 717 1485 777 1519; x_wconf 86' lang='lat' dir='ltr'>oeulos</span> 
     </span>
     <span class='ocr_line' id='line_1_28' title="bbox 74 1534 777 1579; baseline 0.003 -12"><span class='ocrx_word' id='word_1_285' title='bbox 74 1543 123 1567; x_wconf 87' lang='lat' dir='ltr'>meos</span> <span class='ocrx_word' id='word_1_286' title='bbox 131 1545 141 1568; x_wconf 90' lang='lat' dir='ltr'>a</span> <span class='ocrx_word' id='word_1_287' title='bbox 148 1535 229 1576; x_wconf 85' lang='lat' dir='ltr'>lacrimis,</span> <span class='ocrx_word' id='word_1_288' title='bbox 236 1536 289 1577; x_wconf 89' lang='lat' dir='ltr'>pedes</span> <span class='ocrx_word' id='word_1_289' title='bbox 297 1546 345 1570; x_wconf 90' lang='lat' dir='ltr'>meos</span> <span class='ocrx_word' id='word_1_290' title='bbox 352 1548 364 1569; x_wconf 90' lang='lat' dir='ltr'>a</span> <span class='ocrx_word' id='word_1_291' title='bbox 370 1536 430 1579; x_wconf 66' lang='lat' dir='ltr'>lapsu?</span> <span class='ocrx_word' id='word_1_292' title='bbox 453 1535 511 1569; x_wconf 85' lang='lat' dir='ltr'>Hodie</span> <span class='ocrx_word' id='word_1_293' title='bbox 519 1535 626 1569; x_wconf 88' lang='lat' dir='ltr'>introductus</span> <span class='ocrx_word' id='word_1_294' title='bbox 636 1539 662 1568; x_wconf 88' lang='lat' dir='ltr'>est</span> <span class='ocrx_word' id='word_1_295' title='bbox 670 1534 687 1568; x_wconf 93' lang='lat' dir='ltr'>in</span> <span class='ocrx_word' id='word_1_296' title='bbox 694 1534 777 1575; x_wconf 87' lang='lat' dir='ltr'>gaudium</span> 
     </span>
     <span class='ocr_line' id='line_1_29' title="bbox 73 1582 778 1627; baseline 0.001 -11"><span class='ocrx_word' id='word_1_297' title='bbox 73 1582 141 1617; x_wconf 71' lang='lat' dir='ltr'>&#39;domini</span> <span class='ocrx_word' id='word_1_298' title='bbox 150 1584 182 1625; x_wconf 92' lang='lat' dir='ltr'>sui,</span> <span class='ocrx_word' id='word_1_299' title='bbox 189 1590 207 1618; x_wconf 88' lang='lat' dir='ltr'>et</span> <span class='ocrx_word' id='word_1_300' title='bbox 215 1584 242 1618; x_wconf 81' lang='lat' dir='ltr'>‘in</span> <span class='ocrx_word' id='word_1_301' title='bbox 252 1595 295 1627; x_wconf 89' lang='lat' dir='ltr'>pace</span> <span class='ocrx_word' id='word_1_302' title='bbox 305 1585 361 1619; x_wconf 82' lang='lat' dir='ltr'>sactus</span> <span class='ocrx_word' id='word_1_303' title='bbox 370 1592 397 1620; x_wconf 89' lang='lat' dir='ltr'>est</span> <span class='ocrx_word' id='word_1_304' title='bbox 406 1587 454 1619; x_wconf 90' lang='lat' dir='ltr'>locus</span> <span class='ocrx_word' id='word_1_305' title='bbox 466 1585 512 1619; x_wconf 88' lang='lat' dir='ltr'>eius.¹</span> <span class='ocrx_word' id='word_1_306' title='bbox 535 1584 594 1619; x_wconf 84' lang='lat' dir='ltr'>Hodie</span> <span class='ocrx_word' id='word_1_307' title='bbox 602 1584 662 1618; x_wconf 86' lang='lat' dir='ltr'>‘datur</span> <span class='ocrx_word' id='word_1_308' title='bbox 669 1583 685 1617; x_wconf 89' lang='lat' dir='ltr'>ei</span> <span class='ocrx_word' id='word_1_309' title='bbox 693 1584 715 1617; x_wconf 94' lang='lat' dir='ltr'>de</span> <span class='ocrx_word' id='word_1_310' title='bbox 722 1584 778 1618; x_wconf 82' lang='lat' dir='ltr'>fructu</span> 
     </span>
     <span class='ocr_line' id='line_1_30' title="bbox 75 1634 778 1679; baseline 0.004 -13"><span class='ocrx_word' id='word_1_311' title='bbox 75 1644 146 1676; x_wconf 89' lang='lat' dir='ltr'>operum</span> <span class='ocrx_word' id='word_1_312' title='bbox 156 1646 231 1677; x_wconf 89' lang='lat' dir='ltr'>suorum,</span> <span class='ocrx_word' id='word_1_313' title='bbox 241 1641 259 1669; x_wconf 89' lang='lat' dir='ltr'>et</span> <span class='ocrx_word' id='word_1_314' title='bbox 269 1636 340 1670; x_wconf 91' lang='lat' dir='ltr'>laudent</span> <span class='ocrx_word' id='word_1_315' title='bbox 349 1647 389 1670; x_wconf 93' lang='lat' dir='ltr'>eum</span> <span class='ocrx_word' id='word_1_316' title='bbox 399 1636 417 1670; x_wconf 86' lang='lat' dir='ltr'>in</span> <span class='ocrx_word' id='word_1_317' title='bbox 427 1636 481 1679; x_wconf 88' lang='lat' dir='ltr'>portis</span> <span class='ocrx_word' id='word_1_318' title='bbox 491 1646 544 1679; x_wconf 90' lang='lat' dir='ltr'>opera</span> <span class='ocrx_word' id='word_1_319' title='bbox 553 1635 601 1670; x_wconf 82' lang='lat' dir='ltr'>eius.¹</span> <span class='ocrx_word' id='word_1_320' title='bbox 624 1635 651 1668; x_wconf 88' lang='lat' dir='ltr'>lbi</span> <span class='ocrx_word' id='word_1_321' title='bbox 660 1634 778 1679; x_wconf 78' lang='lat' dir='ltr'>vnusquisque</span> 
     </span>
     <span class='ocr_line' id='line_1_31' title="bbox 74 1682 805 1727; baseline 0.003 -12"><span class='ocrx_word' id='word_1_322' title='bbox 74 1687 144 1716; x_wconf 85' lang='lat' dir='ltr'>sanctus</span> <span class='ocrx_word' id='word_1_323' title='bbox 155 1683 200 1717; x_wconf 91' lang='lat' dir='ltr'>inter</span> <span class='ocrx_word' id='word_1_324' title='bbox 210 1683 254 1717; x_wconf 88' lang='lat' dir='ltr'>filios</span> <span class='ocrx_word' id='word_1_325' title='bbox 263 1684 291 1717; x_wconf 91' lang='lat' dir='ltr'>dei</span> <span class='ocrx_word' id='word_1_326' title='bbox 299 1685 331 1717; x_wconf 86' lang='lat' dir='ltr'>‘de</span> <span class='ocrx_word' id='word_1_327' title='bbox 341 1691 416 1719; x_wconf 86' lang='lat' dir='ltr'>torrente</span> <span class='ocrx_word' id='word_1_328' title='bbox 426 1684 519 1727; x_wconf 89' lang='lat' dir='ltr'>uoluptatis</span> <span class='ocrx_word' id='word_1_329' title='bbox 526 1689 584 1718; x_wconf 90' lang='lat' dir='ltr'>eterne</span> <span class='ocrx_word' id='word_1_330' title='bbox 591 1683 689 1726; x_wconf 72' lang='lat' dir='ltr'>potabitur!</span> <span class='ocrx_word' id='word_1_331' title='bbox 711 1682 738 1716; x_wconf 93' lang='lat' dir='ltr'>lbi</span> <span class='ocrx_word' id='word_1_332' title='bbox 745 1684 777 1717; x_wconf 87' lang='lat' dir='ltr'>erit</span> <span class='ocrx_word' id='word_1_333' title='bbox 785 1695 805 1724; x_wconf 79' lang='lat'>30</span> 
     </span>
     <span class='ocr_line' id='line_1_32' title="bbox 75 1730 778 1776; baseline 0.003 -11"><span class='ocrx_word' id='word_1_334' title='bbox 75 1730 166 1776; x_wconf 86' lang='lat' dir='ltr'>vnicuique</span> <span class='ocrx_word' id='word_1_335' title='bbox 177 1734 214 1767; x_wconf 91' lang='lat' dir='ltr'>laus</span> <span class='ocrx_word' id='word_1_336' title='bbox 227 1745 238 1767; x_wconf 92' lang='lat' dir='ltr'>a</span> <span class='ocrx_word' id='word_1_337' title='bbox 250 1734 287 1774; x_wconf 86' lang='lat' dir='ltr'>deo,</span> <span class='ocrx_word' id='word_1_338' title='bbox 301 1740 319 1768; x_wconf 92' lang='lat' dir='ltr'>et</span> <span class='ocrx_word' id='word_1_339' title='bbox 331 1733 422 1769; x_wconf 76' lang='lat' dir='ltr'>‘dominus</span> <span class='ocrx_word' id='word_1_340' title='bbox 434 1734 521 1768; x_wconf 88' lang='lat' dir='ltr'>transiens</span> <span class='ocrx_word' id='word_1_341' title='bbox 533 1733 636 1768; x_wconf 85' lang='lat' dir='ltr'>ministrabit</span> <span class='ocrx_word' id='word_1_342' title='bbox 649 1732 684 1766; x_wconf 70' lang='lat' dir='ltr'>eis!</span> <span class='ocrx_word' id='word_1_343' title='bbox 706 1732 733 1766; x_wconf 92' lang='lat' dir='ltr'>Ibi</span> <span class='ocrx_word' id='word_1_344' title='bbox 745 1733 778 1767; x_wconf 89' lang='lat' dir='ltr'>erit</span> 
     </span>
     <span class='ocr_line' id='line_1_33' title="bbox 76 1782 778 1826; baseline 0.003 -12"><span class='ocrx_word' id='word_1_345' title='bbox 76 1782 140 1816; x_wconf 87' lang='lat' dir='ltr'>mensis</span> <span class='ocrx_word' id='word_1_346' title='bbox 148 1794 169 1816; x_wconf 88' lang='lat' dir='ltr'>ex</span> <span class='ocrx_word' id='word_1_347' title='bbox 176 1795 240 1825; x_wconf 86' lang='lat' dir='ltr'>mense,</span> <span class='ocrx_word' id='word_1_348' title='bbox 250 1784 342 1817; x_wconf 85' lang='lat' dir='ltr'>sabbatum</span> <span class='ocrx_word' id='word_1_349' title='bbox 349 1796 370 1818; x_wconf 85' lang='lat' dir='ltr'>ex</span> <span class='ocrx_word' id='word_1_350' title='bbox 380 1785 459 1826; x_wconf 87' lang='lat' dir='ltr'>sabbato,</span> <span class='ocrx_word' id='word_1_351' title='bbox 466 1785 557 1817; x_wconf 90' lang='lat' dir='ltr'>sabbatum</span> <span class='ocrx_word' id='word_1_352' title='bbox 567 1784 671 1824; x_wconf 87' lang='lat' dir='ltr'>dedicatum,</span> <span class='ocrx_word' id='word_1_353' title='bbox 678 1783 696 1816; x_wconf 89' lang='lat' dir='ltr'>in</span> <span class='ocrx_word' id='word_1_354' title='bbox 704 1793 738 1826; x_wconf 91' lang='lat' dir='ltr'>quo</span> <span class='ocrx_word' id='word_1_355' title='bbox 745 1794 778 1817; x_wconf 88' lang='lat' dir='ltr'>nec</span> 
     </span>
     <span class='ocr_line' id='line_1_34' title="bbox 75 1835 658 1879; baseline 0.002 -11"><span class='ocrx_word' id='word_1_356' title='bbox 75 1835 183 1869; x_wconf 74' lang='lat' dir='ltr'>exultationis</span> <span class='ocrx_word' id='word_1_357' title='bbox 190 1836 297 1870; x_wconf 82' lang='lat' dir='ltr'>immensitas</span> <span class='ocrx_word' id='word_1_358' title='bbox 304 1847 406 1879; x_wconf 85' lang='lat' dir='ltr'>mensuram,</span> <span class='ocrx_word' id='word_1_359' title='bbox 414 1848 446 1871; x_wconf 90' lang='lat' dir='ltr'>nec</span> <span class='ocrx_word' id='word_1_360' title='bbox 453 1836 534 1871; x_wconf 87' lang='lat' dir='ltr'>eternitas</span> <span class='ocrx_word' id='word_1_361' title='bbox 541 1838 593 1870; x_wconf 89' lang='lat' dir='ltr'>habet</span> <span class='ocrx_word' id='word_1_362' title='bbox 600 1836 658 1869; x_wconf 84' lang='lat' dir='ltr'>tinem.</span> 
     </span>
    </p>
   </div>
   <div class='ocr_carea' id='block_1_3' title="bbox 75 1904 778 1951">
    <p class='ocr_par' dir='ltr' id='par_1_4' title="bbox 75 1904 778 1951">
     <span class='ocr_line' id='line_1_35' title="bbox 75 1904 778 1951; baseline 0.004 -4"><span class='ocrx_word' id='word_1_363' title='bbox 75 1916 159 1948; x_wconf 84' lang='lat' dir='ltr'>INClPlT</span> <span class='ocrx_word' id='word_1_364' title='bbox 168 1919 221 1949; x_wconf 86' lang='lat' dir='ltr'>UITA</span> <span class='ocrx_word' id='word_1_365' title='bbox 231 1919 296 1948; x_wconf 71' lang='lat' dir='ltr'>nunti</span> <span class='ocrx_word' id='word_1_366' title='bbox 308 1918 422 1950; x_wconf 79' lang='lat' dir='ltr'>GUTHLACI</span> <span class='ocrx_word' id='word_1_367' title='bbox 434 1919 579 1950; x_wconf 79' lang='lat' dir='ltr'>ANACHORITE</span> <span class='ocrx_word' id='word_1_368' title='bbox 591 1919 619 1949; x_wconf 87' lang='lat' dir='ltr'>ET</span> <span class='ocrx_word' id='word_1_369' title='bbox 629 1904 778 1951; x_wconf 69' lang='lat' dir='ltr'>conressoitls.</span> 
     </span>
    </p>
   </div>
   <div class='ocr_carea' id='block_1_4' title="bbox 202 1980 651 2014">
    <p class='ocr_par' dir='ltr' id='par_1_5' title="bbox 202 1980 651 2014">
     <span class='ocr_line' id='line_1_36' title="bbox 202 1980 651 2014; baseline 0 -2"><span class='ocrx_word' id='word_1_370' title='bbox 202 1980 233 2012; x_wconf 83' lang='lat' dir='ltr'>DE</span> <span class='ocrx_word' id='word_1_371' title='bbox 244 1986 302 2013; x_wconf 83' lang='lat' dir='ltr'>SIGNO</span> <span class='ocrx_word' id='word_1_372' title='bbox 313 1987 335 2013; x_wconf 86' lang='lat' dir='ltr'>IN</span> <span class='ocrx_word' id='word_1_373' title='bbox 346 1987 465 2014; x_wconf 61' lang='lat' dir='ltr'>marturum</span> <span class='ocrx_word' id='word_1_374' title='bbox 476 1986 531 2012; x_wconf 69' lang='lat' dir='ltr'>eundi</span> <span class='ocrx_word' id='word_1_375' title='bbox 543 1981 651 2014; x_wconf 77' lang='lat' dir='ltr'>Gurfluncr.</span> 
     </span>
    </p>
   </div>
   <div class='ocr_carea' id='block_1_5' title="bbox 27 2036 806 2534">
    <p class='ocr_par' dir='ltr' id='par_1_6' title="bbox 27 2036 806 2534">
     <span class='ocr_line' id='line_1_37' title="bbox 76 2036 779 2112; baseline 0.003 -41"><span class='ocrx_word' id='word_1_376' title='bbox 76 2036 188 2112; x_wconf 83' lang='lat' dir='ltr'>TEmpore</span> <span class='ocrx_word' id='word_1_377' title='bbox 195 2038 293 2072; x_wconf 80' lang='lat' dir='ltr'>Aethelredi</span> <span class='ocrx_word' id='word_1_378' title='bbox 300 2038 346 2081; x_wconf 87' lang='lat' dir='ltr'>regis</span> <span class='ocrx_word' id='word_1_379' title='bbox 353 2039 449 2082; x_wconf 81' lang='lat' dir='ltr'>Anglorum</span> <span class='ocrx_word' id='word_1_380' title='bbox 460 2039 532 2072; x_wconf 87' lang='lat' dir='ltr'>dilectus</span> <span class='ocrx_word' id='word_1_381' title='bbox 541 2039 574 2073; x_wconf 90' lang='lat' dir='ltr'>deo</span> <span class='ocrx_word' id='word_1_382' title='bbox 583 2045 600 2073; x_wconf 89' lang='lat' dir='ltr'>et</span> <span class='ocrx_word' id='word_1_383' title='bbox 608 2038 707 2072; x_wconf 91' lang='lat' dir='ltr'>hominibus</span> <span class='ocrx_word' id='word_1_384' title='bbox 714 2038 779 2073; x_wconf 84' lang='lat' dir='ltr'>beatis·</span> 
     </span>
     <span class='ocr_line' id='line_1_38' title="bbox 134 2088 806 2132; baseline 0.004 -11"><span class='ocrx_word' id='word_1_385' title='bbox 134 2089 188 2121; x_wconf 90' lang='lat' dir='ltr'>simus</span> <span class='ocrx_word' id='word_1_386' title='bbox 204 2089 304 2130; x_wconf 88' lang='lat' dir='ltr'>Guthlacus,</span> <span class='ocrx_word' id='word_1_387' title='bbox 321 2089 343 2124; x_wconf 89' lang='lat' dir='ltr'>de</span> <span class='ocrx_word' id='word_1_388' title='bbox 359 2090 412 2123; x_wconf 92' lang='lat' dir='ltr'>nobili</span> <span class='ocrx_word' id='word_1_389' title='bbox 427 2101 489 2132; x_wconf 83' lang='lat' dir='ltr'>genere</span> <span class='ocrx_word' id='word_1_390' title='bbox 504 2090 609 2123; x_wconf 86' lang='lat' dir='ltr'>Merciorum</span> <span class='ocrx_word' id='word_1_391' title='bbox 624 2100 644 2122; x_wconf 82' lang='lat' dir='ltr'>ex</span> <span class='ocrx_word' id='word_1_392' title='bbox 661 2088 779 2124; x_wconf 87' lang='lat' dir='ltr'>illustrissimis</span> <span class='ocrx_word' id='word_1_393' title='bbox 787 2099 806 2131; x_wconf 80' lang='lat'>35</span> 
     </span>
     <span class='ocr_line' id='line_1_39' title="bbox 77 2139 779 2184; baseline 0.003 -11"><span class='ocrx_word' id='word_1_394' title='bbox 77 2139 177 2182; x_wconf 89' lang='lat' dir='ltr'>parentibus</span> <span class='ocrx_word' id='word_1_395' title='bbox 185 2139 268 2181; x_wconf 88' lang='lat' dir='ltr'>originem</span> <span class='ocrx_word' id='word_1_396' title='bbox 276 2139 351 2175; x_wconf 88' lang='lat' dir='ltr'>ducens:</span> <span class='ocrx_word' id='word_1_397' title='bbox 364 2151 384 2175; x_wconf 91' lang='lat' dir='ltr'>ea</span> <span class='ocrx_word' id='word_1_398' title='bbox 391 2141 434 2174; x_wconf 89' lang='lat' dir='ltr'>hora</span> <span class='ocrx_word' id='word_1_399' title='bbox 442 2150 476 2184; x_wconf 93' lang='lat' dir='ltr'>qua</span> <span class='ocrx_word' id='word_1_400' title='bbox 486 2140 566 2175; x_wconf 90' lang='lat' dir='ltr'>dominus</span> <span class='ocrx_word' id='word_1_401' title='bbox 574 2150 613 2175; x_wconf 89' lang='lat' dir='ltr'>eum</span> <span class='ocrx_word' id='word_1_402' title='bbox 620 2139 688 2174; x_wconf 89' lang='lat' dir='ltr'>uocauit</span> <span class='ocrx_word' id='word_1_403' title='bbox 696 2144 713 2174; x_wconf 92' lang='lat' dir='ltr'>et</span> <span class='ocrx_word' id='word_1_404' title='bbox 721 2150 779 2182; x_wconf 87' lang='lat' dir='ltr'>segre-</span> 
     </span>
     <span class='ocr_line' id='line_1_40' title="bbox 27 2189 779 2234; baseline -0.001 -10"><span class='ocrx_word' id='word_1_405' title='bbox 27 2221 29 2224; x_wconf 94' lang='lat'>.</span> <span class='ocrx_word' id='word_1_406' title='bbox 77 2189 124 2232; x_wconf 90' lang='lat' dir='ltr'>gauit</span> <span class='ocrx_word' id='word_1_407' title='bbox 132 2190 154 2223; x_wconf 89' lang='lat' dir='ltr'>de</span> <span class='ocrx_word' id='word_1_408' title='bbox 161 2195 209 2223; x_wconf 91' lang='lat' dir='ltr'>utero</span> <span class='ocrx_word' id='word_1_409' title='bbox 216 2190 276 2223; x_wconf 85' lang='lat' dir='ltr'>matris</span> <span class='ocrx_word' id='word_1_410' title='bbox 285 2200 320 2231; x_wconf 91' lang='lat' dir='ltr'>sue,</span> <span class='ocrx_word' id='word_1_411' title='bbox 327 2191 386 2224; x_wconf 90' lang='lat' dir='ltr'>celesti</span> <span class='ocrx_word' id='word_1_412' title='bbox 394 2190 492 2234; x_wconf 90' lang='lat' dir='ltr'>pronostico</span> <span class='ocrx_word' id='word_1_413' title='bbox 499 2190 600 2233; x_wconf 83' lang='lat' dir='ltr'>designatos</span> <span class='ocrx_word' id='word_1_414' title='bbox 607 2195 639 2224; x_wconf 90' lang='lat' dir='ltr'>est.</span> <span class='ocrx_word' id='word_1_415' title='bbox 661 2191 725 2224; x_wconf 86' lang='lat' dir='ltr'>Manus</span> <span class='ocrx_word' id='word_1_416' title='bbox 732 2191 779 2224; x_wconf 89' lang='lat' dir='ltr'>enim</span> 
     </span>
     <span class='ocr_line' id='line_1_41' title="bbox 77 2239 779 2282; baseline 0.001 -10"><span class='ocrx_word' id='word_1_417' title='bbox 77 2239 127 2282; x_wconf 93' lang='lat' dir='ltr'>quasi</span> <span class='ocrx_word' id='word_1_418' title='bbox 138 2240 214 2273; x_wconf 90' lang='lat' dir='ltr'>hominis</span> <span class='ocrx_word' id='word_1_419' title='bbox 225 2240 286 2273; x_wconf 89' lang='lat' dir='ltr'>celitus</span> <span class='ocrx_word' id='word_1_420' title='bbox 298 2239 356 2281; x_wconf 87' lang='lat' dir='ltr'>missa,</span> <span class='ocrx_word' id='word_1_421' title='bbox 368 2241 391 2274; x_wconf 90' lang='lat' dir='ltr'>ad</span> <span class='ocrx_word' id='word_1_422' title='bbox 406 2241 482 2274; x_wconf 90' lang='lat' dir='ltr'>hostiurn</span> <span class='ocrx_word' id='word_1_423' title='bbox 495 2241 557 2274; x_wconf 90' lang='lat' dir='ltr'>domus</span> <span class='ocrx_word' id='word_1_424' title='bbox 570 2247 641 2275; x_wconf 80' lang='lat' dir='ltr'>extensa</span> <span class='ocrx_word' id='word_1_425' title='bbox 652 2246 684 2281; x_wconf 89' lang='lat' dir='ltr'>est,</span> <span class='ocrx_word' id='word_1_426' title='bbox 697 2240 779 2274; x_wconf 80' lang='lat' dir='ltr'>ineffabili</span> 
     </span>
     <span class='ocr_line' id='line_1_42' title="bbox 77 2289 779 2332; baseline -0.001 -10"><span class='ocrx_word' id='word_1_427' title='bbox 77 2290 143 2331; x_wconf 75' lang='lat' dir='ltr'>fulgore</span> <span class='ocrx_word' id='word_1_428' title='bbox 155 2290 265 2323; x_wconf 85' lang='lat' dir='ltr'>choruscans.</span> <span class='ocrx_word' id='word_1_429' title='bbox 288 2290 326 2331; x_wconf 89' lang='lat' dir='ltr'>Que</span> <span class='ocrx_word' id='word_1_430' title='bbox 339 2290 427 2332; x_wconf 87' lang='lat' dir='ltr'>signaculo</span> <span class='ocrx_word' id='word_1_431' title='bbox 440 2289 495 2324; x_wconf 89' lang='lat' dir='ltr'>crucis</span> <span class='ocrx_word' id='word_1_432' title='bbox 509 2290 572 2324; x_wconf 91' lang='lat' dir='ltr'>ostium</span> <span class='ocrx_word' id='word_1_433' title='bbox 587 2290 672 2330; x_wconf 89' lang='lat' dir='ltr'>muniens,</span> <span class='ocrx_word' id='word_1_434' title='bbox 683 2289 727 2323; x_wconf 79' lang='lat' dir='ltr'>felici</span> <span class='ocrx_word' id='word_1_435' title='bbox 741 2299 779 2331; x_wconf 90' lang='lat' dir='ltr'>pre-</span> 
     </span>
     <span class='ocr_line' id='line_1_43' title="bbox 77 2339 806 2385; baseline 0 -13"><span class='ocrx_word' id='word_1_436' title='bbox 77 2339 161 2381; x_wconf 82' lang='lat' dir='ltr'>figurabat</span> <span class='ocrx_word' id='word_1_437' title='bbox 172 2340 249 2382; x_wconf 90' lang='lat' dir='ltr'>auspicio</span> <span class='ocrx_word' id='word_1_438' title='bbox 259 2340 306 2383; x_wconf 89' lang='lat' dir='ltr'>quod</span> <span class='ocrx_word' id='word_1_439' title='bbox 316 2339 344 2374; x_wconf 91' lang='lat' dir='ltr'>ille</span> <span class='ocrx_word' id='word_1_440' title='bbox 352 2340 376 2374; x_wconf 90' lang='lat' dir='ltr'>ad</span> <span class='ocrx_word' id='word_1_441' title='bbox 385 2346 442 2374; x_wconf 87' lang='lat' dir='ltr'>ortum</span> <span class='ocrx_word' id='word_1_442' title='bbox 452 2339 552 2383; x_wconf 87' lang='lat' dir='ltr'>procederet</span> <span class='ocrx_word' id='word_1_443' title='bbox 560 2340 589 2385; x_wconf 88' lang='lat' dir='ltr'>qui</span> <span class='ocrx_word' id='word_1_444' title='bbox 596 2340 642 2374; x_wconf 84' lang='lat' dir='ltr'>finali</span> <span class='ocrx_word' id='word_1_445' title='bbox 649 2339 778 2382; x_wconf 88' lang='lat' dir='ltr'>perseuerancia</span> <span class='ocrx_word' id='word_1_446' title='bbox 786 2348 806 2379; x_wconf 77' lang='lat'>40</span> 
     </span>
     <span class='ocr_line' id='line_1_44' title="bbox 78 2389 778 2434; baseline 0.001 -11"><span class='ocrx_word' id='word_1_447' title='bbox 78 2389 142 2424; x_wconf 88' lang='lat' dir='ltr'>Christi</span> <span class='ocrx_word' id='word_1_448' title='bbox 150 2401 218 2424; x_wconf 86' lang='lat' dir='ltr'>crucem</span> <span class='ocrx_word' id='word_1_449' title='bbox 225 2390 243 2424; x_wconf 92' lang='lat' dir='ltr'>in</span> <span class='ocrx_word' id='word_1_450' title='bbox 254 2402 285 2424; x_wconf 90' lang='lat' dir='ltr'>suo</span> <span class='ocrx_word' id='word_1_451' title='bbox 294 2401 365 2434; x_wconf 89' lang='lat' dir='ltr'>corpore</span> <span class='ocrx_word' id='word_1_452' title='bbox 376 2390 498 2426; x_wconf 81' lang='lat' dir='ltr'>circumferret.</span> <span class='ocrx_word' id='word_1_453' title='bbox 519 2392 616 2426; x_wconf 85' lang='lat' dir='ltr'>Hominum</span> <span class='ocrx_word' id='word_1_454' title='bbox 625 2389 709 2433; x_wconf 89' lang='lat' dir='ltr'>siquidem</span> <span class='ocrx_word' id='word_1_455' title='bbox 721 2389 778 2424; x_wconf 87' lang='lat' dir='ltr'>multi·</span> 
     </span>
     <span class='ocr_line' id='line_1_45' title="bbox 77 2438 778 2484; baseline 0 -10"><span class='ocrx_word' id='word_1_456' title='bbox 77 2440 119 2474; x_wconf 90' lang='lat' dir='ltr'>tudo</span> <span class='ocrx_word' id='word_1_457' title='bbox 129 2441 152 2474; x_wconf 87' lang='lat' dir='ltr'>ad</span> <span class='ocrx_word' id='word_1_458' title='bbox 162 2442 278 2484; x_wconf 88' lang='lat' dir='ltr'>spectaculum</span> <span class='ocrx_word' id='word_1_459' title='bbox 288 2441 330 2474; x_wconf 92' lang='lat' dir='ltr'>illud</span> <span class='ocrx_word' id='word_1_460' title='bbox 338 2443 390 2476; x_wconf 87' lang='lat' dir='ltr'>ducta</span> <span class='ocrx_word' id='word_1_461' title='bbox 398 2442 477 2475; x_wconf 84' lang='lat' dir='ltr'>miraculi</span> <span class='ocrx_word' id='word_1_462' title='bbox 486 2443 563 2476; x_wconf 89' lang='lat' dir='ltr'>nouitate</span> <span class='ocrx_word' id='word_1_463' title='bbox 571 2445 688 2475; x_wconf 84' lang='lat' dir='ltr'>concurrerat:</span> <span class='ocrx_word' id='word_1_464' title='bbox 700 2438 778 2474; x_wconf 87' lang='lat' dir='ltr'>sciebant</span> 
     </span>
     <span class='ocr_line' id='line_1_46' title="bbox 78 2490 779 2534; baseline 0 -10"><span class='ocrx_word' id='word_1_465' title='bbox 78 2490 124 2524; x_wconf 89' lang='lat' dir='ltr'>enim</span> <span class='ocrx_word' id='word_1_466' title='bbox 131 2490 206 2525; x_wconf 79' lang='lat' dir='ltr'>uniuersi</span> <span class='ocrx_word' id='word_1_467' title='bbox 216 2497 234 2525; x_wconf 91' lang='lat' dir='ltr'>et</span> <span class='ocrx_word' id='word_1_468' title='bbox 244 2491 311 2533; x_wconf 87' lang='lat' dir='ltr'>singuli,</span> <span class='ocrx_word' id='word_1_469' title='bbox 319 2493 365 2534; x_wconf 88' lang='lat' dir='ltr'>quod</span> <span class='ocrx_word' id='word_1_470' title='bbox 374 2499 410 2526; x_wconf 86' lang='lat' dir='ltr'>tarn</span> <span class='ocrx_word' id='word_1_471' title='bbox 420 2493 496 2526; x_wconf 88' lang='lat' dir='ltr'>inaudite</span> <span class='ocrx_word' id='word_1_472' title='bbox 504 2492 573 2525; x_wconf 90' lang='lat' dir='ltr'>visionis</span> <span class='ocrx_word' id='word_1_473' title='bbox 584 2490 686 2534; x_wconf 87' lang='lat' dir='ltr'>prodigium,</span> <span class='ocrx_word' id='word_1_474' title='bbox 695 2499 779 2532; x_wconf 89' lang='lat' dir='ltr'>magnum</span> 
     </span>
    </p>
   </div>
   <div class='ocr_carea' id='block_1_6' title="bbox 361 2554 495 2588">
    <p class='ocr_par' dir='ltr' id='par_1_7' title="bbox 361 2554 495 2588">
     <span class='ocr_line' id='line_1_47' title="bbox 361 2554 495 2588; baseline -0.007 -2"><span class='ocrx_word' id='word_1_475' title='bbox 361 2554 367 2574; x_wconf 92' lang='lat'><strong>¹</strong></span> <span class='ocrx_word' id='word_1_476' title='bbox 378 2555 412 2588; x_wconf 80' lang='lat' dir='ltr'>MS.</span> <span class='ocrx_word' id='word_1_477' title='bbox 419 2555 495 2586; x_wconf 81' lang='lat' dir='ltr'>nouimus.</span> 
     </span>
    </p>
   </div>
   <div class='ocr_carea' id='block_1_7' title="bbox 0 0 894 2803">
    <p class='ocr_par' dir='ltr' id='par_1_8' title="bbox 0 0 894 2803">
     <span class='ocr_line' id='line_1_48' title="bbox 0 0 894 2803; baseline 0 0"><span class='ocrx_word' id='word_1_478' title='bbox 0 0 894 2803; x_wconf 95' lang='lat' dir='ltr'> </span> 
     </span>
    </p>
   </div>
  </div>
 </body>
</html>
