1762 2803
110 126 151 156 222
300 113 380 164 meua
395 109 511 172 termut
526 108 619 171 attulit.

108 234 187 278 aquilam
199 233 217 267 in
229 232 269 278 ripa
280 234 381 275 sedentem,
393 239 411 267 et
422 233 447 267 ait
458 232 486 268 vir
498 233 538 267 dei:
554 232 620 266 ‘Vides
633 231 663 266 vbi
676 236 744 273 nostra,
756 240 811 276 quam

109 288 186 332 predixi,
205 287 287 321 ministra
306 286 385 321 residet?
413 287 477 330 Curre,
488 298 538 330 rogo,
550 292 568 320 et
583 286 626 330 quid
642 286 695 319 uobis
711 286 812 329 epularum,

109 342 183 375 domino
196 342 285 381 mittente,
296 340 381 381 attulerit,
393 339 463 382 inspice
475 345 493 373 et
506 339 558 373 citius
574 339 627 372 affer)
657 339 693 379 Qui
708 350 811 379 accurrens,

109 395 167 429 attulit
178 393 248 438 piscem
259 404 296 427 non
308 392 404 435 modicum,
416 404 471 437 quem
482 392 513 427 illa
524 402 582 437 nuper
591 392 614 426 de
625 391 680 426 fluuio
689 390 811 436 prendiderat.

67 470 68 473 =
92 456 101 485 5
110 448 143 481 Et¹
152 447 176 481 ait
185 452 268 480 sanctus:
281 446 339 488 ‘Quid
347 446 417 480 fecisti?
440 447 501 488 Quare
513 447 596 480 ministre
605 451 668 479 nostre
677 451 748 489 partem
758 456 811 479 suam

109 511 146 532 non
159 499 224 532 dedisti
231 500 244 532 ?'
267 499 290 532 Et
301 499 360 531 diuiso
370 500 421 541 pisce
431 499 526 532 dimidium
536 499 636 540 remittens,
647 499 665 531 in
675 499 760 541 proximo
771 498 811 531 vico

109 562 129 584 se
138 550 204 585 refecit.
249 544 300 586 Cum
308 551 391 594 plurimis
399 552 417 584 in
427 552 506 594 quadarn
517 551 560 585 villa
570 552 647 585 verbum
657 551 694 586 vite
704 553 812 595 predicaret,

109 605 188 648 preuidit
203 604 262 637 subito
277 606 296 637 in
311 605 376 648 spiritu
391 605 485 648 antiquum
500 605 572 638 hostem
588 606 610 637 ad
624 606 753 637 retardandum
765 616 812 649 opus

109 657 173 690 salutis
189 657 267 691 adesse:
286 656 366 700 Moxque
383 657 464 699 insidias,
478 668 524 701 quas
539 657 609 691 futuras
624 658 718 698 intellexit,
730 659 813 692 docendo

83 727 102 748 10
110 721 233 754 preoccupare
246 710 319 753 curauit,
328 711 401 745 dicens:
414 710 507 754 ‘Oportet
519 711 626 753 charissimi,
635 716 655 745 vt
667 712 751 754 quotiens
760 712 812 746 vobis

109 763 191 796 misteria
208 763 259 806 regni
277 764 349 796 celestis
365 764 488 807 predicantur,
503 764 573 796 intento
592 763 626 797 hec
646 764 700 797 corde
719 769 737 797 et
756 775 812 798 sensu

109 816 260 860 vigilantissimo²
271 817 353 860 audiatis,
365 828 389 851 ne
400 817 446 851 forte
458 817 545 859 diabolus,
558 817 589 861 qui
602 816 650 851 mille
663 818 741 851 nocendi
758 817 813 852 habet

110 876 163 912 artes,
176 871 295 913 superuacuis
306 881 339 904 vos
352 870 400 905 euris
412 871 434 904 ab
446 876 510 905 eterne
523 870 587 905 salutis
600 870 692 905 auditione
707 872 813 914 prepediat.'

111 922 134 956 Et
146 934 188 957 ecce
200 924 260 956 statim
272 924 329 957 hostis
341 924 426 967 antiquus
437 924 552 957 fantasticum
564 923 649 957 deferens
660 925 727 967 ignem,
739 925 814 958 domum

84 983 102 1013 15
110 975 161 1008 iuxta
172 975 251 1018 positam
262 976 348 1018 incendit,
360 977 384 1009 ita
395 981 415 1010 vt
425 976 531 1010 viderentur
542 975 607 1009 sacies³
619 976 688 1019 ignium
699 981 755 1010 totam
768 977 813 1010 voli-

111 1033 150 1061 tare
168 1039 201 1070 per
217 1028 284 1070 villam,
296 1039 316 1062 ac
333 1030 406 1062 iuuante
421 1034 477 1063 vento
493 1028 554 1072 fragor
572 1040 615 1062 aera
632 1034 734 1063 concutere.
762 1029 814 1063 Tunc

111 1080 194 1122 exiliens,
212 1081 264 1123 quasi
282 1080 305 1113 ad
322 1081 465 1124 extinguendum
482 1082 549 1125 ignem,
566 1082 619 1115 turba
634 1092 683 1125 pene
699 1086 741 1123 tota,
757 1093 814 1126 aquas

111 1134 198 1169 iactantt:
214 1134 263 1168 unda
275 1139 336 1168 tamen
348 1146 392 1168 vera
404 1134 459 1169 falsas
475 1146 512 1169 non
528 1134 586 1179 potuit
602 1135 709 1179 extinguere
725 1135 815 1179 ssammas,

111 1190 169 1222 donec
181 1193 245 1221 orante
257 1188 357 1222 Cuthberto
369 1189 441 1232 fugatus
452 1194 515 1223 auctor
526 1189 637 1223 fallaciarum
651 1190 692 1223 ficta
708 1200 771 1224 secum
787 1191 815 1224 in·

84 1250 102 1272 20
111 1242 175 1277 cendia
184 1252 253 1282 ‚vacuas
265 1246 366 1286 reportaret
378 1242 397 1276 in
407 1253 467 1277 auras.
489 1242 530 1284 Quo
539 1242 584 1285 viso,
594 1243 647 1277 turba
656 1242 733 1277 multum
743 1243 815 1279 erubuit

111 1301 129 1330 et
138 1295 192 1329 flexis
202 1295 285 1338 genibus,
293 1296 383 1330 instabilis
393 1296 448 1330 animi
458 1297 531 1331 veniam
541 1297 654 1340 precabatur.
697 1289 743 1331 Alia
754 1303 815 1332 autem

110 1349 155 1389 vice,
167 1349 253 1381 instantia
264 1349 358 1381 cuiusdam
370 1349 436 1382 deuote
447 1349 520 1390 femine,
530 1350 626 1382 interram
637 1355 740 1391 prostratus
749 1362 815 1392 preces

111 1400 199 1434 altissimo
211 1400 287 1433 denotas
298 1399 354 1434 fudit:
370 1406 388 1434 et
399 1400 453 1435 ssatus
465 1406 562 1435 ventorum
577 1401 617 1434 sine
632 1412 684 1434 mora
699 1407 784 1445 mutatur,
797 1409 815 1437 et

111 1459 169 1487 totum
180 1453 259 1499 incendii
270 1453 373 1497 periculum
385 1455 459 1497 penitus
474 1454 555 1488 recessit.
607 1446 688 1489 Cuidam
706 1456 766 1489 comiti
782 1466 816 1499 pro

85 1515 103 1545 ²5
112 1506 189 1540 sanitate
204 1506 267 1539 vxoris
284 1505 391 1548 suppliciter
408 1507 495 1547 exoranti,
511 1507 535 1540 ait
552 1506 674 1540 Cuthbertus:
695 1507 748 1540 ‘Scio
767 1509 816 1542 enim

112 1559 158 1604 ipse,
167 1558 250 1603 quamuis
261 1563 279 1592 te
289 1559 350 1593 dicere
359 1559 432 1604 pudeat,
443 1560 485 1604 quia
495 1570 505 1593 a
515 1559 599 1593 demonio
610 1564 697 1594 vexatur:
713 1560 750 1593 scio
762 1561 816 1595 etiam

113 1616 155 1657 quia
167 1614 274 1656 priusquam
293 1614 335 1646 illuc
357 1616 502 1656 peruenerImus,
521 1615 581 1656 i'ugato
604 1615 687 1654 demone,
704 1614 815 1657 liberabitur,

113 1668 203 1708 nobisque
217 1666 357 1699 aduenientibus
369 1677 467 1700 occurrens
482 1667 608 1707 ministerium,
624 1667 672 1709 quod
690 1674 816 1709 consueuerat,

113 1720 166 1754 nobis
178 1718 241 1752 sedula
252 1718 351 1762 impendet.
380 1719 445 1763 Neque
457 1719 507 1753 enim
521 1720 553 1753 tali
567 1725 658 1753 tormento
671 1718 704 1753 soli
719 1720 816 1755 subiiciun-

85 1783 105 1813 30
113 1779 143 1806 tur
154 1772 201 1814 mali,
212 1772 246 1805 sed
255 1772 324 1805 occulto
333 1772 363 1805 dei
374 1772 440 1806 iudicio
452 1773 560 1816 aliquotiens
572 1772 626 1806 etiam
636 1773 743 1807 innocentes
753 1773 771 1807 in
782 1774 816 1808 hoc

114 1824 190 1868 [seculo]
206 1835 243 1857 non
256 1829 327 1857 tautum
340 1836 417 1867 corpore
431 1827 464 1859 sed
478 1831 496 1859 et
509 1831 571 1859 mente
584 1826 699 1868 captiuantur
711 1837 722 1859 a
734 1826 817 1861 diabolo.¹

113 1878 196 1919 Cumque
215 1876 276 1909 omnia
294 1882 314 1910 vt
332 1878 437 1919 predixerat
456 1878 568 1920 euenissent,
587 1878 688 1911 testabatur
705 1879 770 1912 mulier
786 1880 817 1913 illa

113 1929 204 1973 quomodo
219 1930 242 1961 ad
258 1930 338 1971 primum
355 1929 402 1962 freni
419 1930 466 1973 equi,
477 1931 496 1963 in
512 1941 548 1973 quo
566 1935 640 1963 sanctus
657 1930 737 1971 sedebat,
749 1936 817 1965 tactum

113 1983 163 2016 omni
174 1993 195 2015 se
206 1981 289 2015 molestia
301 1981 403 2015 absolutam
416 1983 479 2016 sensit.
523 1975 575 2018 Cum
589 1982 650 2017 multis
667 1982 686 2016 in
702 1983 817 2018 mailrosensi

86 2049 105 2080 35
113 2035 226 2070 monasterio
242 2035 296 2067 annis
312 2035 387 2077 degens,
403 2035 508 2069 nonnullis⁵
523 2036 610 2070 virtutum
626 2036 735 2070 claresceret
753 2038 816 2081 signis,

113 2087 213 2123 translatus
231 2092 259 2121 est
275 2087 297 2121 ab
313 2088 378 2122 abbate
396 2087 441 2122 Eata
456 2089 479 2122 ad
494 2090 625 2123 monasterium
640 2088 786 2132 lindisfernense,
798 2095 818 2125 vt

113 2142 201 2186 prepositi
217 2140 322 2174 auctoritate
335 2141 400 2175 fratres
416 2141 515 2176 instrueret
533 2148 551 2176 et
567 2143 652 2186 exempla
669 2142 740 2176 virtutis
756 2149 818 2178 osten-

113 2196 170 2229 deret.
204 2194 251 2227 Nam
270 2199 367 2237 vtrumque
386 2195 518 2229 monasterium
537 2196 593 2229 abbas
613 2195 658 2229 Eata
676 2200 724 2229 tuno
738 2198 817 2240 regebat.

114 2248 172 2291 Igitur
182 2248 210 2280 vir
222 2247 290 2280 domini
302 2257 345 2279 mox
357 2248 457 2281 monastica
468 2247 550 2281 instituta
562 2247 648 2281 fratribus
658 2249 738 2281 viuendo
750 2250 819 2292 pariter

86 2313 106 2344 40
114 2305 133 2334 et
144 2301 226 2334 docendo
237 2300 330 2333 tradebat:
349 2299 441 2343 variisque
457 2301 575 2344 languoribus
591 2305 609 2334 et
624 2301 721 2334 tormentis
737 2312 819 2345 compre·

114 2354 183 2387 hensos
196 2352 298 2386 orationum
311 2352 397 2386 instantia
408 2353 485 2397 pristine
501 2353 573 2386 sanitati
589 2351 671 2393 restituit,
683 2353 780 2387 nonnullos
796 2355 819 2389 ab

114 2407 214 2441 immundis
226 2406 319 2449 spiritibus
330 2410 406 2440 vexatos
419 2416 457 2440 non
470 2406 529 2440 solum
544 2416 623 2450 presens
634 2406 709 2449 orand0,
720 2408 819 2452 tangendo,

115 2459 227 2502 imperando,
243 2458 374 2501 exhortandot,
390 2459 423 2492 sed
439 2459 494 2492 etiam
510 2459 619 2502 quandoque
634 2459 707 2499 absens,
720 2461 819 2494 valitudine

135 2526 202 2557 1Β.Ατ.
242 2526 402 2564 ²E,vigilantissime.
444 2527 552 2559 ³Bediaces.
591 2526 722 2559 ‘Bediactabat
763 2528 818 2562 ᾗΒεεΙ,

115 2567 172 2597 multis,
239 2566 246 2593 9
256 2567 295 2596 Bed.
303 2567 412 2599 exorcizando.
