1762 2803
239 114 285 169 mu
300 112 401 165 senua
417 112 577 176 obductae.
713 129 757 171 419

58 235 112 272 nichil
124 235 222 269 dubitares.
249 234 273 268 Et
285 234 350 268 adiecit
361 234 456 269 dominus:
473 233 546 268 ‘Vadet
559 235 574 269 si
586 234 618 269 tibi
629 244 666 269 non
678 236 759 276 credent,

58 290 98 324 istis
106 287 151 321 visis
162 287 267 321 discredere
277 298 314 320 non
324 286 396 321 valent?
416 286 452 321 His
461 285 515 321 dictis
523 293 561 321 tota
572 287 603 325 illa
612 289 666 322 beata
678 288 725 322 visio
736 288 759 322 ab

59 342 115 378 oculis
128 341 168 375 eius
181 340 275 386 disparuit.
298 340 354 375 Mane
367 345 428 375 autem
444 340 492 376 lacto
506 341 597 377 adductus
608 342 632 377 ad
646 352 710 386 regem
723 340 758 377 ait:

60 397 118 430 ‘Vere
125 394 259 429 dedicationem
270 395 322 429 istius
332 395 409 429 ecclesie
417 405 428 429 a
435 395 510 429 domino
521 396 555 430 deo
563 395 630 430 iactam
638 396 672 430 hac
679 396 698 430 in
706 401 760 430 nocte

59 449 95 485 vidi
103 453 120 483 et
128 447 195 488 audiui,
207 453 225 482 et
236 447 261 482 ita
272 448 346 482 demum
358 447 441 491 sospitati
453 447 535 483 redditus
546 450 598 483 sum!
622 448 646 482 Et
656 449 778 489 extendens5

60 501 140 545 digitum,
152 501 191 535 ‘hic
203 506 237 542 est,
251 500 314 544 inquit,
328 500 409 535 fenestra
424 511 459 544 per
473 511 529 544 quam
541 501 627 536 dominus
640 501 701 536 aulam
713 501 760 535 hanc

60 553 144 589 introiuit.
168 553 188 587 Si
203 552 258 587 michi
273 563 311 586 non
326 552 404 594 creditis,
419 552 484 587 saltem
502 552 563 588 venite
578 559 597 588 et
612 555 658 598 ipsis
673 554 761 599 operibus

61 607 138 642 credite!
162 605 185 640 Et
199 606 276 641 adduxit
289 616 321 641 eos
333 606 356 640 ad
368 606 448 650 lapidem
461 605 553 640 nobilibus
566 607 648 642 exuuiis¹
661 606 759 652 insignem.

61 660 130 703 Quibus
141 659 191 700 visis,
202 659 313 694 lineamenta
324 660 453 700 membrorum,
465 659 534 703 capitis¹
546 660 617 695 aurium
629 665 648 695 et
661 661 759 705 palpebra-

61 724 107 752 rum,
118 713 155 746 oris
167 717 185 746 et
196 712 267 746 narium
278 712 303 746 ita
313 711 331 746 in
342 711 381 747 suis
392 713 490 747 manebant
501 712 546 747 locis
557 713 669 754 immarcida,
680 718 699 749 vt
711 713 761 748 omni
771 723 790 746 ro

61 765 176 809 ambiguitate
188 765 271 810 depulsa,
283 766 338 801 etiam
349 765 438 800 increduli
449 777 487 800 non
498 766 607 801 dubitarent.
629 767 732 811 Albugines
744 772 762 801 et

61 819 178 863 impetigines
186 819 304 862 elephantine
311 818 435 862 percussionis
445 819 472 852 sic
483 819 501 852 in
513 819 544 853 illa
554 819 603 862 pelle
613 820 761 861 dinoscebantur,

62 876 81 906 vt
87 872 170 905 vleerose
178 871 271 905 cicatrices
279 871 356 917 humore
364 870 490 905 intercutaneo
496 871 563 905 sudare
570 870 682 906 viderentur.
702 870 762 906 Parie-

62 930 90 958 tes
98 935 170 968 quoque
178 923 245 957 diuinis
254 923 336 968 insigniti
348 922 438 965 manibus
445 924 472 957 rei
483 929 535 967 geste
542 924 668 958 testimonium
678 924 763 968 perhibe-

63 978 111 1011 bant.
133 977 223 1020 Reposite
238 982 281 1011 sunt
295 977 326 1011 ille
341 977 420 1010 exuuiel
434 977 483 1010 inter
497 976 590 1020 reliquias,
605 982 624 1011 et
639 977 681 1022 quia
694 988 762 1012 nomen
773 987 791 1017 ¹5

63 1029 141 1064 hominis
157 1030 206 1063 illius
222 1030 336 1073 ignorabant,
352 1031 447 1064 ‘sanctum
464 1029 594 1074 Peregrinum'
609 1040 652 1065 eum
668 1030 763 1065 vocabant.

64 1083 110 1117 Acta
117 1087 160 1117 sunt
167 1083 202 1117 hec
210 1088 294 1127 tempore
302 1083 351 1127 regis
360 1082 465 1126 Dagoberti.

138 1186 151 1221 tt
164 1178 210 1220 ³De
221 1196 293 1220 seuera
305 1178 437 1219 Eruutsuxen
447 1195 524 1219 vrxouts
535 1195 559 1220 sa
569 1187 688 1221 abnuisse-⁴.

67 1252 157 1331 SAncta
165 1253 277 1298 Ethelburga
288 1253 306 1288 in
316 1253 411 1298 prouincia
422 1253 521 1288 Lindeseie
529 1254 547 1287 in
555 1254 598 1288 villa
609 1255 633 1289 de
643 1253 765 1297 Stallingtori³

118 1306 207 1349 originem
220 1306 277 1349 duxit,
291 1306 342 1341 cuius
357 1311 410 1351 pater
421 1305 496 1340 nomine
508 1305 555 1347 otta,
566 1307 648 1342 nondum
660 1306 679 1341 in
690 1306 765 1341 Christo

65 1364 143 1401 renatus,
158 1370 192 1403 per
206 1359 263 1394 filiam
277 1371 330 1394 suam
345 1361 368 1394 ad
380 1360 437 1394 fidem
452 1360 520 1394 Christi
533 1361 616 1394 conuerti
629 1361 700 1395 meruit.
724 1360 793 1394 Hecto

66 1412 114 1445 enim
124 1412 177 1455 virgo
188 1418 251 1447 sancta
262 1423 272 1447 a
284 1413 368 1457 primeua
380 1418 429 1446 etate
440 1413 501 1446 carnis
511 1413 586 1446 delicias
598 1419 616 1447 et
627 1413 684 1447 seculi
694 1412 765 1447 blandi·

66 1469 127 1499 menta
141 1466 250 1507 abhorrens,
263 1477 301 1501 non
315 1464 390 1508 lenitati,
405 1476 443 1500 non
458 1466 498 1500 ioco
513 1465 575 1500 dedita
586 1465 625 1501 luit.
648 1465 693 1501 Eius
705 1465 766 1501 studio

66 1518 123 1552 hostis
131 1519 216 1563 antiquus
224 1519 314 1561 inuidens‚
322 1524 394 1564 patrem
402 1519 442 1553 eius
448 1519 509 1553 offam
517 1518 577 1553 adhuc
583 1518 697 1554 incredulum
703 1524 767 1554 contra

66 1570 113 1604 illam
125 1571 206 1606 incitauit
217 1572 236 1606 in
248 1573 334 1612 furorem,
344 1577 364 1605 vt
374 1573 398 1605 de
409 1577 461 1615 patre
471 1571 580 1605 seulssimus
591 1572 644 1606 fieret
655 1576 767 1616 persecutor.

67 1621 128 1657 Puella
136 1636 180 1659 vero
192 1630 256 1659 sancta
267 1624 356 1669 capellam
367 1624 386 1659 in
397 1635 434 1669 qua
444 1624 535 1668 baptizata
545 1624 610 1667 iuerat,
621 1625 710 1660 secretius
722 1635 768 1669 sepe
776 1637 795 1668 ²5

67 1675 142 1718 intrans
158 1678 227 1713 crebris
246 1678 330 1721 suspiriis
346 1683 364 1711 et
378 1677 506 1712 afflictionibus
523 1678 579 1711 deum
597 1677 683 1711 inuocare
698 1677 768 1712 studuit

67 1733 86 1762 vt
97 1740 148 1765 suam
159 1730 261 1765 castitatem
273 1731 341 1765 carnali
352 1730 456 1775 corruptela
466 1729 530 1764 violari
542 1741 579 1764 non
590 1730 710 1775 permitteret.
732 1729 768 1765 Via

68 1792 122 1825 quam
140 1785 199 1829 pedes
216 1783 292 1828 virginis
308 1785 415 1818 venerande
430 1783 449 1817 in
463 1788 501 1818 tam
518 1789 582 1818 saneto
596 1784 692 1828 proposito
706 1785 768 1818 eundo

68 1840 86 1867 et
104 1837 198 1871 redeundo
217 1838 314 1879 calcarunt,
333 1847 426 1881 nunquam
449 1846 571 1877 marcescens
591 1836 610 1870 in
629 1837 690 1870 colore
708 1836 767 1878 viridi,

68 1891 87 1920 vt
102 1888 164 1930 fertur,
180 1901 256 1934 semper
269 1896 382 1934 perseuerat.
404 1889 504 1923 Crescente
519 1893 580 1922 autem
595 1894 643 1923 etate
658 1900 700 1923 cum
714 1894 768 1934 pater
776 1900 796 1930 3⁰

68 1941 131 1984 copule
146 1943 215 1977 carnali
229 1953 271 1977 eam
286 1944 359 1977 tradere
373 1943 434 1984 vellet,
449 1942 523 1986 penitus
542 1941 607 1983 renuit,
622 1947 686 1985 utpote
702 1953 739 1986 que
757 1953 768 1976 a

69 1994 146 2034 pueritia
164 2006 254 2040 sponsum
271 1995 346 2030 Ihesum
362 1995 455 2029 Christum
470 1994 505 2028 sibi
520 2005 544 2028 ex
559 1995 615 2029 corde
633 1995 717 2038 elegerat.
744 1993 768 2029 Et

68 2053 164 2086 parentum
176 2059 213 2082 non
225 2048 318 2082 sustinens
330 2048 429 2088 molestias,
439 2047 492 2082 vnius
504 2046 569 2082 ancille
579 2046 665 2081 comitatu
676 2052 768 2090 contenta,

69 2099 146 2138 patriam
161 2101 265 2146 relinquere
280 2101 371 2145 cogitauit.
393 2101 474 2144 Arrepto
489 2106 551 2134 autem
565 2099 636 2141 itinere,
651 2100 716 2134 aneilla
731 2105 769 2134 tam

69 2152 120 2192 graui
133 2154 163 2188 siti
177 2155 238 2189 subito
253 2160 281 2189 est
296 2154 367 2196 afflicta,
383 2154 431 2197 quod
446 2153 482 2188 nisi
497 2153 550 2188 citius
565 2153 674 2187 adiutorium
689 2153 769 2196 adesset,
777 2164 796 2195 ³⁵

70 2209 146 2240 mortem
165 2207 200 2242 sibi
214 2207 293 2243 vicinam
309 2218 347 2242 non
362 2207 458 2242 dubitaret.
482 2207 522 2241 Hoc
537 2206 618 2251 grauiter
629 2207 691 2241 serens
707 2206 770 2242 Ethel-

71 2256 133 2301 burga,
152 2260 212 2294 flexis.
226 2262 303 2304 genibus
322 2261 404 2295 omnium
419 2265 520 2294 creatorem
538 2260 620 2294 exorauit
639 2260 724 2303 quatinus
739 2259 769 2295 siti

70 2311 134 2345 ancille
147 2323 180 2348 sue
193 2313 304 2348 subueniret.
328 2314 366 2347 Nec
381 2323 439 2355 mora,
451 2313 492 2346 sons
506 2313 529 2346 de
542 2318 591 2346 terra
604 2322 705 2356 erumpens
720 2312 770 2347 sitim

71 2363 136 2398 ancille
151 2366 234 2407 extinxit,
249 2372 267 2400 et
278 2377 338 2409 vsque
351 2366 406 2400 hodie
421 2376 495 2399 manare
514 2376 550 2398 non
570 2364 641 2398 desinit.
685 2357 771 2409 Contigit

71 2410 111 2448 illas
122 2420 205 2461 tempore
217 2417 284 2452 messis
294 2418 313 2452 in
325 2419 379 2452 domo
389 2417 477 2452 mediocri
488 2416 572 2462 hospicio
583 2416 645 2461 recipi,
657 2421 675 2450 et
688 2423 731 2463 post
742 2428 772 2453 re·
779 2429 800 2461 40

72 2464 169 2504 sectionem
178 2472 234 2515 [cum]
241 2472 313 2516 hospita
320 2482 361 2506 cum
369 2482 402 2506 sua
409 2470 477 2505 familia
484 2471 507 2505 ad
515 2480 579 2514 agrum
586 2480 671 2514 pergens¹
677 2471 772 2515 assignato

90 2529 124 2562 1Ε.
132 2534 198 2564 eximiis.
237 2535 271 2565 lE.
280 2536 343 2565 eximie.
376 2536 382 2553 ³
393 2536 417 2563 ed.
425 2535 441 2562 in
449 2535 484 2563 Act.
492 2534 521 2563 SS.
528 2534 569 2563 Boll.
577 2533 612 2564 Oct,
619 2533 639 2564 V.
646 2544 661 2572 p.
670 2535 711 2573 649:
721 2536 774 2574 partly

72 2566 271 2614 foundedonBedalV.7.
285 2574 438 2607 etsAErkenwaru.
458 2572 621 2606 ⁴etabbat.om.inr.
643 2574 773 2615 *Eatalington

400 2624 412 2649 E
419 2624 430 2649 e
437 2624 449 2649 2
