1762 2803
54 124 86 155 als.
94 120 138 152 uodt.
147 117 189 157 rao-t
217 108 263 162 ΕΒ
273 106 309 158 ᾖ.
317 107 449 158 Εἷΰηῖῑῑῃῦῦ
460 116 517 170 tege
528 113 552 160 Bt
562 113 677 171 matim-
710 112 751 168 581

53 237 103 270 ticam
114 232 245 276 grassabantur;
262 237 280 265 et
291 241 334 275 quos
346 230 374 265 dei
385 232 458 265 cultores
468 241 506 265 esse
516 237 605 273 nouerant,
617 231 687 265 omnino
698 231 755 266 delere

54 293 83 321 aut
94 281 170 317 seruituti
182 292 212 314 eos
223 281 314 323 subiugare
325 281 428 315 nitebantur.
450 281 538 315 Heredem.
554 281 623 315 Deinde
634 281 679 315 circa
690 292 755 315 annum

54 336 75 369 xi,
88 332 134 375 regni
147 331 201 364 sancti
214 331 303 363 Edmundi
313 331 336 363 ad
351 331 460 373 Estangliam
475 331 545 373 nauigio
558 331 684 374 peruenientes,
695 336 712 364 et
725 341 756 373 per

54 391 107 418 totum
118 392 182 415 annum
193 391 239 414 nunc
250 380 293 413 mari
304 391 350 414 nunc
357 387 402 415 terra
414 380 525 423 circueuntes,
533 380 642 422 monasteria,
650 380 728 415 ciuitates
738 387 755 415 et

54 434 101 469 villas
113 431 196 465 incendiis
207 436 224 464 et
233 431 304 464 cedibus
315 431 435 466 deuastabant.
457 432 517 475 Equos
528 442 569 466 vero
581 432 602 466 de
614 431 688 466 exercitu
700 431 772 468 sanctis

55 482 142 519 Edmundi
157 487 174 514 et
190 481 212 514 de
224 480 356 524 prouincialibus
372 481 404 515 sibl
419 481 510 525 rapientes,
522 489 609 526 equestres
624 483 665 516 lacti
680 489 725 523 sunt,
738 489 755 517 et

55 539 103 578 prout
114 532 200 565 audebant
212 531 322 565 circumcirca
332 531 447 565 discurrentes
458 538 510 565 cunta
521 533 662 575 pessumdabant.
684 534 711 565 Ex
722 533 756 566 biis

55 592 111 618 tamen
119 581 182 616 cotidie
190 582 247 623 plures
255 592 290 615 non
298 582 335 616 sine
342 592 406 624 magno
411 583 494 624 sanguine
499 583 522 616 ab
530 582 603 616 exercitu
608 582 662 616 sancti
668 583 755 616 Edmundi

55 634 110 668 valide
117 642 185 675 semper
193 631 343 665 interficiebantur.
366 634 397 665 Ex
403 634 481 666 crom'cis.
498 632 578 675 Quadam
588 643 663 676 namque
670 633 708 665 uice
717 643 756 665 cum

56 685 124 728 quidam
135 684 202 715 illorum
213 689 292 715 sanctum
300 684 412 716 Edmundum
420 683 437 716 in
445 684 519 726 quodam
531 690 588 716 castro
596 694 627 716 suo
635 683 709 716 residere
717 694 756 725 cog·
766 694 785 716 ro

55 739 146 774 noscerent,
155 739 230 765 castrum
241 733 300 765 statim
312 733 403 765 molientes
414 739 490 765 euertere
501 734 611 766 obsederunt.
635 734 679 765 Cum
687 742 728 765 vero
739 733 756 765 in

56 783 142 816 obsidione
150 782 216 814 obsessi
224 789 241 815 et
249 782 348 815 obsidentes
355 783 393 815 dira
400 784 446 816 t'ame
454 784 562 815 laborarent:
574 794 597 816 ne
604 783 680 825 inopiam
687 793 757 815 suorum

56 833 117 876 pagani
128 832 241 874 perciperent,
253 838 323 865 sanctus
333 833 438 865 Edmundus
452 834 524 865 multum
536 833 640 866 frumentum
652 832 706 875 proici
719 843 758 875 pre·

56 883 105 927 cepit,
113 888 130 916 et
138 889 205 916 taurum
213 882 299 926 quendam
307 883 336 927 qui
348 883 415 926 pinguis
427 883 471 916 insra
479 889 555 916 castrum
563 883 666 927 pascebatur
672 883 758 916 frumento

56 935 119 968 mundo
124 933 195 967 saturari
203 939 220 967 et
228 934 272 967 bene
279 939 347 976 pastum
355 935 399 968 vltra
407 944 464 967 muros
470 934 528 968 statim
534 934 606 977 paganis
612 934 635 967 ad
643 933 758 977 diripiendum
767 944 785 975 15

56 984 103 1017 iussit
114 983 180 1025 exponi.
203 984 226 1016 Et
237 984 270 1016 bec
278 984 329 1017 auide
336 990 390 1026 rapta,
399 984 440 1017 dum
448 991 507 1017 taurus
515 984 597 1017 discissus
607 990 624 1017 et
632 994 677 1026 pene
684 983 757 1017 crudus¹

56 1033 126 1077 paganis
137 1033 221 1066 famelicis
232 1034 340 1066 deuorandus
352 1040 443 1076 aptaretur,
451 1034 514 1067 recenti
525 1034 611 1066 frumento
622 1034 703 1067 intestina
712 1034 758 1067 eius-

57 1084 95 1116 dem
109 1082 152 1115 tauri
167 1083 232 1125 repleta
245 1083 354 1125 reperierunt.
382 1083 395 1119 ll
413 1084 519 1116 Estimantes
534 1083 585 1126 igitur
599 1083 662 1126 pagani
677 1084 758 1116 obsessos

57 1132 101 1165 omni
113 1132 163 1173 copia
174 1132 251 1165 ciborum
262 1132 368 1173 habundare,
376 1138 434 1174 utpote
445 1132 474 1174 qui
485 1133 567 1165 animalia
579 1143 610 1165 sua
620 1134 706 1165 frumento
717 1143 757 1175 pas-

57 1188 124 1215 cerent:
141 1182 186 1215 clam
198 1182 253 1215 timidi
266 1189 377 1216 recesserunt.
400 1184 449 1224 Quos
461 1189 531 1216 sanctus
543 1195 573 1216 rex
586 1194 625 1216 cum
639 1195 670 1216 suo
682 1184 757 1216 exercitu
767 1197 786 1217 ao

57 1232 151 1274 insequens,
165 1233 222 1274 plures
234 1243 293 1266 eorum
308 1232 396 1268 interfecit.
423 1233 487 1268 illllia
500 1233 537 1267 vice
553 1234 594 1266 dum
607 1233 670 1275 pagani
682 1234 745 1266 clam
741 1244 758 1267 tn

57 1281 118 1314 abditis
129 1281 210 1314 siluarum
221 1281 262 1314 vnd‘
258 1292 297 1324 que
308 1275 364 1315 locum
372 1292 406 1325 quo
417 1288 487 1315 sanctus
499 1293 528 1315 rex
537 1282 554 1315 in
566 1292 601 1315 non
613 1288 649 1315 tuto
660 1282 717 1315 subito
728 1293 758 1316 ve·

57 1337 104 1363 nerat
112 1330 270 1373 circumdedissent
278 1338 295 1365 et
303 1332 373 1375 quidam
385 1333 428 1365 illius
440 1332 472 1365 loci
481 1342 515 1375 quo
525 1338 595 1365 sanctus
603 1338 638 1365 erat
646 1333 671 1365 eis
680 1332 759 1365 dilatorie

58 1381 117 1414 timore
124 1392 164 1414 cum
171 1382 244 1424 pecunia
251 1357 362 1424 iridicassent,
370 1394 409 1416 cum
417 1383 445 1416 vix
456 1394 525 1416 suorum
537 1384 610 1426 aliquem
623 1394 680 1416 secum
688 1384 759 1417 haberet

58 1431 136 1473 siluisque
147 1442 168 1465 ac
179 1432 228 1475 aquis
236 1434 263 1466 vel
275 1434 365 1475 paludibus
374 1434 462 1476 profundis
470 1434 545 1477 undique
556 1434 699 1467 circumdaretur:
713 1434 759 1467 iuxta
768 1447 786 1477 25

58 1481 119 1514 flumen
131 1492 165 1524 quo
176 1489 218 1522 erat,
225 1489 299 1526 quatuor
309 1493 351 1516 vene
362 1494 451 1526 aquarum,
463 1494 531 1526 semper
542 1483 624 1526 deinceps
635 1484 713 1522 fluentes,
721 1494 759 1517 eru·

58 1537 122 1571 perunt.
145 1532 214 1565 Deinde
222 1542 251 1565 rex
259 1543 290 1574 per
297 1533 361 1565 vadum
368 1539 409 1566 ante
420 1533 525 1574 incognitum
532 1533 579 1575 quod
586 1533 639 1566 modo
647 1534 759 1574 Demesorde,

58 1579 74 1612 .i.
87 1580 152 1614 ‘latens
163 1581 237 1614 vadum’
250 1581 317 1624 dicitur,
328 1582 395 1616 transiit
402 1594 407 1622 ;
426 1582 484 1626 sicque
496 1582 519 1615 ad
530 1593 570 1615 suos
584 1582 660 1623 veniens,
672 1582 719 1625 ipsos
732 1593 760 1616 co-

58 1629 144 1672 adunauit,
156 1637 173 1665 et
189 1631 266 1665 celeriter
276 1643 328 1675 super
338 1634 409 1667 eosdem
423 1633 519 1667 incredulos
531 1633 579 1667 irruit
591 1639 608 1667 et
620 1644 650 1667 eos
663 1633 760 1676 prostrauit.

59 1680 102 1712 Item
114 1682 198 1715 relacione
211 1683 266 1724 plebis
278 1684 350 1716 retertur
362 1685 444 1726 quoniam
457 1685 498 1716 dum
511 1684 548 1717 vice
563 1685 638 1726 quadam
654 1684 671 1716 in
684 1685 760 1727 quodam
769 1696 789 1725 30

59 1730 149 1773 municipio
161 1742 192 1765 suo
203 1733 242 1766 lorti
253 1739 353 1774 moraretur,
365 1733 448 1768 exercitus
460 1744 566 1776 paganorum
581 1733 688 1777 prouinciam
704 1733 761 1768 subito

59 1778 134 1821 ingressi,
146 1781 186 1814 illuc
201 1783 284 1815 aduolant
293 1790 310 1816 et
325 1791 400 1816 castrum
413 1785 498 1817 obsident.
521 1784 647 1826 Prospicientes
661 1795 701 1816 vero
714 1786 761 1826 quod

59 1834 132 1861 castrum
147 1830 173 1863 eis
188 1831 319 1872 inexpugnabile
337 1840 388 1871 esset,
403 1834 483 1865 recedere
501 1833 625 1872 decreuerunt3
644 1839 670 1866 set
689 1833 760 1876 quidam

59 1876 130 1913 latomus
142 1891 172 1924 pre
182 1888 270 1916 senectute
281 1892 338 1924 cecus,
346 1893 397 1926 quern
409 1883 453 1917 inter
463 1881 584 1926 prebendarius
598 1894 627 1917 rex
638 1889 708 1917 sanctus
720 1894 760 1926 pas·

59 1929 113 1971 cebat,
128 1932 207 1965 mercede
222 1932 283 1965 ductus
297 1932 408 1966 inlinniorem
423 1934 479 1966 locum
494 1933 552 1974 castri,
563 1944 597 1976 quo
612 1944 670 1966 murus
676 1933 760 1967 ltacittus
769 1949 788 1979 35

60 1975 178 2013 insultantibus
190 1981 263 2022 cederet,
273 1982 366 2023 indicauit;
378 1982 459 2025 quoniam
471 1982 508 2024 ipse
518 1982 559 2016 olim
571 1983 703 2016 construccionis
716 1984 760 2017 muri

60 2025 103 2060 illius
117 2029 213 2072 prepositus
228 2031 287 2065 suerat.
317 2032 394 2074 Cumque
410 2037 479 2065 sanctus
494 2042 523 2065 rex
538 2031 622 2066 machinis
641 2032 761 2074 inpellentibus

60 2085 126 2110 murum
136 2080 197 2114 cedere
208 2087 324 2122 cognosceret,
335 2092 379 2124 equo
390 2081 444 2115 veloci
455 2092 487 2123 per
496 2088 563 2124 portam
575 2081 620 2115 inter
630 2087 696 2116 turmas
707 2093 761 2125 puga-

60 2135 119 2161 norum
130 2129 174 2164 exiit.
197 2131 241 2164 Cum
252 2141 293 2173 ergo
304 2131 420 2174 insequeretur
431 2142 441 2165 a
453 2132 509 2173 longe,
520 2132 543 2165 ab
554 2131 579 2166 eis
591 2131 681 2176 inquisitus
692 2132 721 2166 vbi
732 2144 761 2167 rex

60 2183 109 2218 esset,
121 2181 221 2223 respondit:
234 2181 331 2215 ‘Velociter
342 2182 401 2222 redite,
409 2182 449 2225 quia
460 2192 499 2215 cum
509 2192 542 2224 ego
553 2182 570 2215 in
580 2183 650 2216 castello
660 2193 713 2225 erum,
721 2189 762 2217 tunc
769 2197 790 2228 40

60 2236 89 2259 rex
100 2228 122 2261 ibi
135 2232 181 2263 erat!
204 2233 244 2264 Hoc
256 2232 356 2266 audientes:
373 2243 413 2265 eum
425 2232 491 2276 insequi
504 2232 604 2273 omiserunt,
617 2239 633 2266 et
649 2234 727 2267 celeriter
738 2235 762 2267 ad

60 2280 199 2315 perscrutandum
217 2281 306 2314 castellum
325 2292 355 2324 pro
373 2281 454 2324 capcione
473 2282 518 2324 regis
537 2282 628 2316 redierunt.
652 2283 707 2324 Quem
723 2294 762 2316 cum

61 2325 129 2360 minime
142 2330 249 2372 reperissent,
261 2336 302 2364 tunc
314 2331 369 2374 primo
384 2337 500 2374 cognouerunt
512 2332 559 2375 quod
570 2332 607 2375 ipse
619 2342 648 2365 rex
659 2333 725 2366 locutus
736 2333 762 2366 eis

61 2382 117 2417 esset;
128 2379 176 2413 cuius
188 2381 249 2415 timore
262 2381 320 2416 statim
332 2382 419 2416 discedere
430 2388 539 2424 parauerunt,
549 2382 630 2425 quoniam
641 2383 677 2417 eius
688 2383 762 2417 reditum

62 2432 100 2459 Cum
106 2429 181 2463 exercitu
188 2431 261 2464 collecto
268 2432 415 2466 exterminabilem
423 2432 456 2466 sibi
463 2432 603 2466 sormidauemnt
626 2434 649 2466 Et
657 2444 696 2466 cum
704 2432 762 2466 furtim
770 2445 789 2476 45

62 2471 101 2509 mde
112 2487 131 2512 se
144 2480 274 2515 subtraherent:
291 2493 321 2516 rex
332 2489 400 2517 sauctus
412 2493 452 2516 cum
463 2483 536 2517 exercitu
549 2483 599 2516 rediit
614 2489 630 2516 ct
645 2493 705 2516 omnes
717 2484 762 2518 male

181 2542 186 2560 ¹
197 2544 231 2575 MS
239 2545 297 2576 crudis.
517 2545 523 2564 ²
534 2546 569 2576 MS
577 2555 643 2577 murum.
