1762 2803
214 179 260 235 bc
275 177 375 231 sancto
391 176 563 230 ercamrao.

39 306 120 342 tudinem
131 303 156 336 ita
165 300 284 342 dementauit,
291 305 310 334 vt
322 299 384 333 diuino
395 299 477 343 percussi
487 299 559 341 indicio,
566 299 589 333 ad
601 308 665 333 vocem
676 298 740 332 tantilli

38 357 121 397 hominis
134 365 188 389 cursu
202 353 272 388 concito
284 362 318 397 per
329 358 401 396 portam
413 364 449 397 qua
459 356 549 387 venerant
560 352 676 396 repedarent.
704 351 741 386 His

38 412 92 457 igitur
99 406 268 443 tumultuationibus
276 407 298 440 ad
307 406 384 440 ecclesie
392 406 493 449 superioris
501 407 570 440 aditum
576 406 717 444 conclamantes,
723 411 741 439 et

39 461 161 501 tintinnabuli¹
172 460 275 505 pulsatione
288 459 374 494 auxilium
385 465 512 502 conuocantes,
521 459 562 494 illos
570 459 645 503 quidem
658 469 742 503 compre-

39 519 119 553 hendere
127 514 260 557 nequiuerunt:
273 514 306 548 secl
314 524 349 556 pro
356 518 407 547 tanta
414 513 573 547 animaduersione
581 523 639 556 nsque
650 513 673 545 ad
686 522 741 546 mane
751 522 759 551 5

39 570 104 605 ibidem
120 567 207 601 excubias
220 566 341 600 celebrarunt.
371 566 425 600 Facto
440 572 502 601 autem
517 576 571 600 mane
587 570 628 600 octo
642 564 741 609 presbiteri

39 631 75 659 tam
83 620 193 655 venerabilis
200 620 282 653 thesauri
290 620 375 654 custodes
384 620 461 664 delegati
469 619 547 659 suerunt,
556 620 614 654 donec
622 619 676 653 tertia
684 619 714 652 die
722 619 742 652 in

40 675 99 711 tutiori
110 675 154 714 loco,
162 673 235 706 interim
248 673 326 715 paratoi,
334 672 393 707 sancti
405 673 481 715 reliquie
492 673 626 706 clauderentur.
649 672 742 705 Omnibus

40 728 93 772 igitur
101 726 134 759 rite
142 725 222 768 peractis
230 735 271 758 cum
280 724 363 758 crucibus
371 729 389 758 et
397 725 462 765 cereis,
467 724 592 758 sacerdotibus
601 724 696 758 etiam³ad
704 728 741 757 tam

40 777 143 814 venerabile
153 776 262 821 obsequium
273 777 421 820 prestolantibus,
430 788 471 811 cum
480 777 599 820 processione
610 783 628 811 et
637 777 710 810 letaniis
718 777 741 810 ad
753 788 771 809 ro

41 831 129 867 tumulum
134 830 252 872 ven[erunt]⁴
261 830 378 863 Erkenwaldi
384 830 481 874 pontificis,
487 829 538 864 cuius
546 829 605 864 loculo
613 829 674 874 ligneo
682 829 743 864 suble·

41 891 81 920 uato
93 890 185 928 repertum
196 882 229 916 suit
240 882 320 927 corpus⁵
330 883 486 917 sacratissimum⁰
496 884 556 917 isdem
569 883 671 927 sigillorum
684 883 743 917 muni-

42 938 119 972 tionibus
134 937 200 979 quibus
214 936 250 969 iam
264 936 336 979 pridem
352 936 411 970 fuerat
424 936 554 980 premunitum.
582 936 665 970 Tandem
681 936 743 969 diuina

42 989 154 1035 prouidentia
162 993 223 1022 tantus
231 988 290 1023 sactus
298 994 326 1023 est
334 999 434 1024 concursus
442 989 557 1033 populorum,
563 993 583 1023 vt
591 994 628 1023 toto
636 988 677 1023 nisu
686 988 744 1023 reluc-

42 1042 120 1078 tantibus
132 1041 163 1085 qui
178 1052 211 1085 pre
228 1041 298 1076 foribus
313 1043 394 1084 aderant,
410 1041 461 1086 ipsas
476 1041 525 1076 sores
541 1042 610 1077 serris⁷
623 1042 744 1086 postibusque
754 1052 772 1081 ¹5

42 1101 158 1130 excuterent:
171 1105 206 1128 nec
214 1105 224 1127 a
233 1105 266 1128 suo
274 1095 367 1129 desiderio
377 1094 479 1128 defraudati
491 1100 529 1128 tam
538 1094 630 1129 ineffabile
641 1105 745 1129 sacramen-

43 1153 79 1183 tum
94 1147 246 1191 prospexeruntl.
292 1140 332 1182 His
347 1147 407 1190 itaque
423 1147 486 1191 gestis,
499 1152 563 1182 sancta
577 1147 659 1182 decreuit
672 1147 746 1181 deuotio

43 1200 128 1239 fidelium,
144 1211 211 1244 corpus
224 1200 299 1244 gloriosi
312 1200 403 1244 pontificis
415 1201 470 1244 digna
481 1211 522 1234 cum
534 1201 639 1235 reuerentia
650 1202 672 1234 ad
684 1201 745 1235 locum

45 1253 209 1286 honorabilioremt
220 1264 263 1287 esse
274 1254 428 1287 transferendum.
451 1254 522 1287 Statuto
533 1258 593 1287 autem
605 1254 640 1296 die,
651 1264 687 1297 quo
698 1253 746 1287 dicta

44 1305 162 1349 solempnitas
174 1306 268 1349 debelb]at
276 1306 369 1348 celebrari,
378 1312 504 1340 conuenerunt
515 1306 611 1350 pontifices
623 1313 640 1341 et
651 1306 712 1340 clerici
722 1306 745 1341 ad
755 1320 773 1340 ιο

43 1364 80 1392 tam
85 1359 201 1402 magnificum
208 1359 330 1393 ministerium
335 1360 461 1403 peragendum
467 1358 572 1403 specialiter
579 1360 654 1394 euocati.
669 1359 746 1404 Cunque

44 1412 87 1444 cista
100 1411 191 1454 plumbea,
204 1412 223 1444 iu
236 1423 272 1455 qua
286 1413 336 1454 prius
350 1411 435 1453 iacuerat,
446 1423 488 1445 cum
500 1423 552 1445 sacro
563 1423 640 1456 corpore
651 1412 675 1446 ad
686 1412 746 1446 locum

45 1462 102 1496 eidem
114 1464 137 1497 de
151 1473 199 1497 nouo
213 1469 296 1507 paratum
308 1469 412 1508 portaretur
423 1463 517 1499 inuentum
533 1469 567 1506 est,
580 1474 614 1508 per
624 1463 746 1508 ignorantiam

45 1516 122 1557 artificis,
128 1517 176 1560 quod
184 1527 217 1550 vas
224 1516 269 1550 illud
277 1527 318 1550 cum
327 1528 404 1560 corpore
412 1516 431 1550 in
439 1516 552 1561 longitudine
558 1523 576 1551 et
582 1517 676 1551 latitudine
685 1518 747 1561 sepul-

45 1567 87 1602 chro
99 1568 134 1603 iam
145 1574 209 1613 parato
220 1568 279 1604 maius
289 1575 343 1604 esset.
367 1570 390 1604 Et
400 1581 448 1612 ecce,
459 1581 500 1605 cum
510 1581 575 1605 omnes
585 1570 616 1615 qui
626 1571 702 1606 aderant
712 1582 747 1615 pro
756 1584 774 1615 ²5

45 1626 93 1655 tanta
100 1622 211 1665 negligentia
219 1623 298 1657 multum
306 1629 369 1657 essent
377 1624 483 1665 contristati,
491 1624 551 1658 subito
559 1624 589 1658 dei
599 1625 680 1669 potentia
691 1624 749 1658 maior

45 1672 63 1706 in
74 1674 134 1717 lapide
143 1675 164 1708 fit
175 1681 266 1718 apertura,
275 1676 300 1708 ita
310 1677 359 1719 quod
370 1676 449 1711 duricies
459 1676 525 1720 lapidis
535 1676 657 1711 sacrosanctis
667 1677 749 1720 reliquiis

46 1726 103 1759 locum
117 1727 239 1771 daret-quod
253 1728 369 1763 affirmabant
379 1729 410 1773 qui
422 1730 504 1771 aderant,
515 1730 574 1765 sorori
586 1740 620 1765 sue
631 1730 749 1765 sanctissime

47 1779 176 1825 Ethelburge¹⁰
190 1782 250 1815 olim¹¹
264 1781 354 1816 euenisse,
377 1781 495 1817 Translatum
513 1789 541 1818 est
559 1783 619 1828 itaque
638 1782 749 1818 sanctissimi

47 1843 111 1877 corpus
125 1834 242 1869 Erkenwaldi
258 1841 275 1869 et
292 1846 334 1869 cum
349 1841 398 1870 tanta
413 1836 483 1879 pietate
500 1837 607 1880 repositum,
618 1848 667 1870 anno
682 1838 706 1870 ab
720 1837 776 1883 itt-30

47 1886 149 1922 carnatione
166 1888 236 1922 domini
258 1888 355 1923 millesimo
377 1891 478 1924 centesimo
496 1889 660 1935 quadragesimum,
677 1890 749 1925 mensis

47 1941 151 1975 nouembris
169 1941 199 1975 die
215 1942 358 1985 quartodecimo.
387 1942 409 1976 In
424 1942 476 1976 cuius
489 1942 609 1977 translatione
626 1948 689 1986 preter
704 1942 749 1976 illud

47 1992 94 2032 quod
106 2003 162 2036 supra
173 1993 287 2034 describitur,
299 1994 335 2028 alia
346 1995 409 2036 multa,
417 2005 453 2038 que
464 1999 541 2038 propter
552 1995 667 2039 quorundam
680 1994 749 2029 tedium

48 2042 170 2085 obmittuntur,
178 2046 265 2080 miracula
273 2047 388 2081 claruerunt:
400 2047 477 2082 alterum
488 2047 507 2081 in
518 2047 599 2081 omnium
609 2048 666 2081 oculis
675 2048 694 2080 in
705 2059 749 2091 quo-

48 2094 88 2129 dam
102 2099 188 2133 canonico
203 2100 262 2144 ipsius
277 2100 355 2134 ecclesie
370 2107 462 2144 presente,
477 2100 548 2134 fortiter
562 2106 605 2134 tunc
623 2100 749 2142 febricitante;
758 2115 777 2145 35

48 2147 123 2184 alterum
136 2151 155 2185 in
168 2154 248 2196 quodam
260 2164 319 2197 puero
331 2154 413 2195 absente,
425 2159 443 2187 et
454 2154 490 2187 iam
502 2164 536 2198 per
547 2152 642 2187 dimidium
653 2164 721 2187 annum
732 2158 750 2188 et

48 2210 69 2233 eo
80 2204 159 2248 amplius
165 2217 225 2250 vsque
236 2207 259 2240 ad
270 2213 348 2241 mortem
360 2212 465 2250 egrotante:
478 2207 560 2251 presenti
572 2206 681 2240 subuenitur
691 2207 750 2241 sancti

49 2256 144 2298 presentia,
157 2259 229 2292 absenti
244 2270 289 2293 vero
304 2260 386 2303 pulueris
401 2261 424 2293 de
440 2259 490 2303 ligno
505 2259 524 2293 in
536 2270 573 2303 quo
585 2264 660 2293 sanctus
671 2258 751 2294 iacuerat

49 2315 149 2350 aspersum.
161 2311 240 2353 Quidam
245 2323 289 2347 vero
296 2312 308 2332 ¹³
315 2312 350 2346 deo
356 2312 368 2332 ¹¹
377 2313 454 2346 deuotus
460 2312 556 2346 collectum
562 2312 658 2356 puluerem
666 2313 752 2346 statimvt

50 2368 89 2393 cum
96 2371 143 2406 aqua
149 2362 223 2398 infirmo
228 2364 306 2407 tradidit,
312 2364 352 2409 ipse
360 2365 484 2399 infirmitatem
492 2365 567 2399 omnino
573 2364 636 2399 euasit.
658 2365 751 2409 Adiunge-
759 2382 780 2411 40

49 2410 101 2445 batur
108 2415 163 2449 etiam
171 2416 239 2461 qu0d¹⁵
247 2417 305 2451 thuris
315 2417 334 2451 in
346 2419 411 2452 eodem
423 2417 484 2462 ligneo
495 2417 559 2451 locello
568 2427 578 2451 a
586 2427 607 2451 se
615 2417 682 2461 reperti
691 2417 752 2452 tenuis

49 2459 141 2507 fumigatio
146 2478 202 2503 nares
210 2470 320 2505 infirmantis
326 2470 434 2514 impleuerat
441 2483 445 2505 :
453 2469 504 2514 quasi
511 2469 623 2504 thimiamato
629 2470 753 2513 compellente

69 2519 210 2566 [Ettritumbult.
243 2528 275 2559 πΤ.
283 2528 300 2558 E.
308 2536 378 2566 peracto.
403 2529 466 2558 ³T.et.
495 2527 753 2564 ¹T.E.uenientes;Sanueni·

51 2561 264 2597 entrbustssoll.venerunt.
290 2568 379 2598 ὖΤ.οιιῐιι5.
399 2568 500 2598 “Boll.cum.
521 2567 629 2599 'Sanierris
654 2567 753 2607 sBollpcr·

51 2604 262 2677 fffzffinixgitsasofflnss
282 2607 431 2685 ¹i'slgslllthgkllggrsgie,
456 2607 467 2624 ¹¹
477 2607 495 2637 T.
503 2607 559 2638 solum.
583 2606 752 2640 ¹²Bolladdoctauo.
