1762 2803
150 118 201 196 360¹
342 117 422 169 nota
437 113 554 177 litemus
569 113 661 177 aonio.

151 238 189 271 filia
202 236 262 271 Cearli
274 236 322 282 regis
336 237 452 272 Merctorum.
475 236 563 280 Baptizati
578 243 621 271 sunt
633 241 652 270 et
666 236 697 271 alii
708 236 761 271 liberi
775 237 815 271 eius
830 237 854 271 de

153 289 266 333 Ethelburga
275 289 338 334 regina
347 289 448 334 progeniti:
461 289 577 324 Ethelhunus
585 294 603 324 et
610 288 695 324 Wscfrea
700 288 711 332 ¹,
720 295 738 324 et
746 288 783 323 iilia
791 288 854 323 Ethel-

152 341 250 387 drit[h]a²;
260 341 385 377 etYffilfilius
392 341 467 377 Osiridi.
501 335 585 378 Tantum
591 348 652 377 autem
658 342 760 378 deuotionis
766 341 854 378 Edwinus

153 407 197 439 erga
212 398 279 431 cultum
291 397 372 431 veritatis
387 396 456 437 habuit,
467 402 487 430 vt
500 397 554 430 etiarn
568 397 607 440 regi
620 396 740 432 Orientalium
752 396 855 440 Anglorum

135 449 267 492 5Eorpwaldo,
283 448 320 483 filio
340 448 441 490 Redwaldi,
456 450 581 493 persuaderet,
597 449 664 484 relictis
682 448 772 483 idolorum
790 459 856 493 super-

152 501 255 537 stitionibus
274 503 330 537 fidem
349 508 368 537 et
386 508 500 537 sacramenta
516 502 584 537 Christi
599 513 632 538 sua
647 502 741 547 prouincia
756 502 855 547 suscipere.

153 556 209 589 Cuius
224 560 276 598 pater
291 556 404 588 Redvvaldus
419 556 456 587 iam
471 556 541 587 dudum
555 556 575 588 in
591 555 657 589 Cancia
676 555 795 589 sacramentis
812 555 855 588 fidei

153 607 234 642 imbutus
248 607 317 642 luerat:
336 608 369 642 sed
383 607 457 642 rediens
472 607 552 650 domum,
565 608 587 640 ab
599 617 657 642 virore
670 612 734 642 suaet
747 607 856 650 quibusdam

153 660 247 704 peruersis
262 659 367 693 doctoribus
382 660 474 700 seductus,
490 669 500 693 a
519 659 624 693 sinceritate
643 660 686 694 fidei
705 660 822 703 deprauatus,
837 659 856 693 in

127 722 145 743 ro
154 713 220 746 eodem
231 712 293 756 phano
305 712 362 746 altare
373 712 436 745 habuit
448 713 471 745 ad
484 711 593 746 sacrificium
602 712 675 753 Christi,
684 717 702 746 et
711 713 780 746 arulam
790 713 812 746 ad
820 711 856 746 vie·

153 765 217 799 timam
224 765 356 799 demoniorum.
379 764 449 798 Verum
458 764 578 808 Eorpwaldus
586 776 622 799 non
630 765 687 799 multo
695 771 793 809 postquam
801 765 857 799 fidem

154 818 228 861 accepit,
242 817 314 852 occisus
322 823 350 852 est
365 817 426 852 aviro
441 817 504 861 gentili
517 817 592 852 nomine
608 818 705 862 Ricberto;
724 818 753 853 cui
768 818 857 853 successit

154 872 210 905 frater
222 882 267 905 suus
279 872 394 915 Sighbertus,
404 871 433 906 vir
445 881 479 915 per
490 871 551 905 omnia
563 871 731 915 christianissimus,
743 871 790 906 sicut
801 882 858 916 supra

155 925 211 968 plene
219 935 329 968 expressum
339 930 372 959 est.
416 917 480 959 Tanta
490 929 551 959 autem
561 936 583 958 eo
591 930 674 968 tempore
683 936 720 969 pax
727 926 747 959 in
755 930 792 958 toto
800 936 858 969 regno

128 987 146 1017 15
156 978 228 1011 Edrvini
240 977 296 1011 fuisse
308 978 420 1021 perhibetur,
430 982 450 1011 vt
462 977 477 1010 si
489 978 555 1011 mulier
566 988 608 1011 cum
619 979 695 1021 paruulo
706 989 739 1022 per
749 983 806 1012 totam
815 988 858 1021 pro·

156 1029 235 1064 uinciam
248 1030 342 1064 ambulare
354 1030 410 1065 vellet
421 1041 432 1064 a
445 1029 492 1064 mari
504 1031 527 1064 ad
539 1041 596 1073 mare,
607 1031 657 1065 nullo
669 1041 689 1066 se
700 1031 774 1066 ledente
784 1032 858 1066 valeret.

156 1083 236 1117 Tantum
247 1094 281 1116 rex
292 1083 341 1116 idem
348 1082 420 1117 vtilitati
431 1093 465 1116 sue
476 1082 536 1126 gentis
547 1083 638 1117 consuluit
647 1089 666 1118 vt
677 1084 771 1127 plerisque
782 1083 801 1117 in
813 1083 858 1117 locis

156 1134 187 1170 vbi
195 1135 255 1169 fontes
265 1135 335 1169 lucidos
346 1135 396 1169 iuxta
407 1134 490 1179 publicos
498 1135 569 1168 viarum
580 1135 668 1170 transitus
680 1136 776 1179 conspexit
781 1136 793 1178 ⁴,
800 1135 825 1169 ihi
835 1136 859 1169 ob

157 1187 271 1231 refrigerium
283 1187 376 1229 viantium,
389 1186 455 1222 erectis
469 1186 561 1230 stipitibus
573 1197 627 1221 creos
640 1187 717 1222 caucosl
728 1187 817 1232 suspendi
832 1187 859 1222 iu·

129 1252 148 1273 20
156 1242 213 1283 heret,
227 1252 287 1285 neque
300 1241 335 1275 hos
346 1239 449 1285 quisquam,
461 1240 498 1274 nisi
511 1241 534 1274 ad
545 1251 600 1275 vsum
611 1241 743 1285 necessarium,
754 1241 860 1285 contingere

156 1304 191 1338 pre
206 1294 331 1337 magnitudine
345 1293 416 1327 timoris
431 1293 460 1327 vel
475 1293 543 1327 amoris
557 1294 617 1330 vellet.
663 1287 698 1328 Illo
713 1299 796 1338 tempore
812 1305 860 1339 papa

159 1347 257 1388 Honorius,
265 1346 326 1380 audito
334 1347 383 1391 quod
394 1356 441 1390 gens
453 1346 657 1381 Northanhumbrorum
668 1348 691 1382 ad
702 1348 759 1382 fidem
771 1358 860 1382 conuersa

157 1405 212 1442 esset,
224 1399 273 1434 misit
285 1399 371 1444 episcopo
382 1399 458 1434 Paulino
469 1399 549 1443 pallium,
561 1404 580 1433 et
591 1399 630 1444 regi
642 1399 720 1435 Edwino
731 1401 807 1444 litteras,
819 1400 860 1435 talis

157 1453 237 1487 tenoris:
251 1446 345 1487 ‘Domino
356 1452 510 1486 excellentissimo
522 1452 720 1496 ac·precellentissimo
733 1453 771 1486 filio
783 1453 861 1487 Edwino

131 1514 149 1545 25
158 1504 198 1548 regi
209 1505 318 1548 Anglorum,
329 1504 424 1538 Honorius
436 1504 534 1548 episcopus
546 1514 611 1538 seruus
623 1515 719 1538 seruorum
731 1504 766 1547 dei,
778 1505 862 1539 salutem.

160 1559 187 1591 lta
200 1557 336 1591 christianitatis
347 1561 409 1590 vestre
420 1556 514 1599 integritas
526 1556 573 1590 eirca
584 1557 613 1590 sui
624 1557 723 1591 conditoris
736 1558 805 1591 cultum
818 1558 861 1592 fidei

159 1614 187 1644 est
198 1610 264 1644 ardore
276 1619 369 1650 succensa,
376 1613 396 1643 vt
407 1609 461 1652 longe
470 1609 542 1652 lateque
552 1609 675 1653 resplendeat,
683 1613 701 1643 et
709 1609 728 1643 in
735 1609 785 1643 omni
793 1610 861 1645 mundo

160 1664 274 1705 annunciata,
282 1662 338 1697 vestri
346 1661 407 1706 operis
415 1661 538 1706 multipliciter
546 1661 613 1696 referat
623 1662 707 1697 fructum.
730 1663 761 1697 Sic
772 1663 821 1697 enirn
828 1673 862 1698 vos

159 1727 213 1758 reges
219 1726 262 1749 esse
270 1714 384 1758 cognoscitis,
391 1715 434 1747 dum
441 1719 459 1747 et
467 1715 541 1758 regem⁰
549 1719 651 1747 creatorem
657 1720 739 1748 vestrum
747 1716 862 1750 orthodoxa⁷

132 1782 151 1812 50
159 1767 284 1813 predicatione
292 1766 356 1809 edocti,
364 1767 419 1802 deum
427 1767 533 1800 venerando
541 1767 619 1809 creditis,
628 1767 686 1811 eique,
695 1769 862 1812 seeundum⁸qu0d

159 1822 239 1857 humana
252 1821 300 1856 valet
313 1819 397 1862 conditio,
410 1819 477 1854 mentis
489 1825 551 1855 vestre
564 1819 655 1855 sinceram
670 1821 787 1855 deuotionem
802 1822 863 1856 exsol-

159 1874 207 1909 uitis.
230 1873 278 1916 Quid
293 1872 343 1908 enirn
358 1873 392 1907 deo
408 1878 470 1906 nostro
486 1872 535 1906 aliud
550 1872 617 1907 offerre
632 1873 740 1915 valebimus,
755 1873 791 1907 nisi
805 1879 826 1908 vt
844 1874 863 1908 in

159 1926 213 1960 bonis
224 1926 294 1958 actibus
305 1925 431 1968 persistentes,
440 1924 538 1967 ipsumque
549 1930 642 1959 auctorem
653 1925 728 1958 humani
735 1926 809 1969 generis
820 1936 863 1960 con-

160 1980 238 2020 fitentes,
247 1988 289 2011 eum
298 1977 363 2019 colere,
371 1978 425 2019 eique
432 1982 475 2010 vota
482 1981 546 2010 nostra
556 1978 634 2011 reddere
642 1977 762 2011 festinemus?
785 1978 809 2011 Et
816 1978 864 2019 ideo,

133 2045 151 2074 35
160 2028 315 2065 excellentissime
326 2028 357 2069 fili,
365 2033 442 2072 paterna
452 2040 486 2061 vos
498 2028 585 2062 charitate
596 2040 632 2073 qua
643 2029 734 2072 conuenit,
746 2029 865 2064 exhortamur

160 2089 179 2118 vt
187 2083 221 2117 hoc
229 2082 278 2127 quod
285 2092 319 2117 vos
329 2081 391 2116 diuina
400 2080 525 2115 misericordia
534 2083 556 2116 ad
567 2092 620 2116 suam
630 2082 707 2125 gratiam
715 2093 781 2117 vocare
790 2083 864 2127 dignata

160 2141 194 2178 est,
206 2135 283 2170 sollicita
295 2134 396 2169 intentione
409 2139 428 2168 et
442 2133 521 2168 assiduis
533 2134 646 2168 orationibus
659 2145 734 2169 seruare
748 2135 864 2170 omnimodo

160 2187 260 2231 festinetis3
272 2193 292 2223 vt
299 2186 330 2232 qui
337 2198 371 2222 vos
382 2186 401 2221 in
409 2186 491 2231 presenti
501 2187 563 2221 seculo
574 2197 598 2221 ex
607 2186 657 2222 omni
666 2197 729 2223 errore
739 2188 832 2223 absolutos
841 2189 864 2224 ad

161 2242 273 2285 agnitionem
281 2240 309 2275 sui
317 2240 397 2274 nominis
405 2245 433 2273 est
442 2239 526 2282 dignatus
534 2241 641 2282 perducere,
650 2240 715 2274 etiaml
724 2241 797 2275 celestis
805 2241 865 2285 patrie

133 2308 154 2338 40
161 2293 213 2329 vobis
228 2297 315 2337 preparet
329 2291 449 2326 mansionem.
473 2291 593 2326 Predicatoris
608 2291 663 2337 igitur
674 2292 731 2327 vestri
745 2294 814 2327 domini
829 2295 865 2328 mei

161 2346 260 2391 apostolice
272 2346 361 2383 memorie
369 2344 452 2389 Gregorii
463 2344 570 2388 frequenter
578 2345 655 2380 lectione
664 2347 752 2390 occupati,
763 2357 797 2390 pre
809 2347 866 2382 oculis

162 2399 247 2435 affectum
257 2399 340 2434 doctrine
349 2398 413 2444 ipsius,
421 2398 470 2443 quod
475 2397 488 2417 ¹⁰
496 2407 530 2441 pro
538 2397 605 2433 vestris
615 2398 711 2434 animabus
722 2399 801 2434 libenter
812 2410 865 2434 exer-

182 2489 294 2519 ¹E.wselrea.
337 2487 480 2519 ²T.etheldritha.
526 2486 604 2525 ³T.ylly.
649 2488 686 2520 *αὶ
695 2488 787 2519 construxit.
831 2488 866 2520 ᾗΕ.

163 2528 385 2606 fiilohuemial'oegemet'
423 2527 547 2558 ⁷T.ortodoxa.
585 2528 722 2560 lom.in'l'.l3ed.
759 2528 866 2560 'T.Bed.et.
