1762 2803
126 94 171 149 Di
187 91 296 147 &untur
311 91 428 153 [Dilissfllssfl
444 90 530 155 illim
547 96 571 145 ii
586 92 653 146 aihu.
722 104 751 151 27

48 216 161 262 stupefactus
170 220 188 250 et
199 215 267 249 herens
272 215 284 257 ¹,
292 213 375 258 discipuli
383 214 496 258 perfectione
506 214 599 258 attonitus,
607 213 701 248 Laurentii
712 225 751 249 cra-

48 270 121 307 ticulam
140 267 281 303 tolerabiliorem
300 268 357 302 fuisse
374 267 498 302 indubitanter
515 267 598 302 asseruit.
621 267 657 302 Hic
671 266 751 311 denique

49 324 170 359 Goderannus
189 322 212 355 ad
229 321 355 364 episcopatum
371 320 500 356 Sanctonicum
519 326 631 364 assumptus,
647 330 683 364 quo
698 319 751 354 altius

49 374 155 411 conscendit
166 385 188 409 eo
200 373 253 409 latius
264 372 361 412 virtutibus
372 373 448 410 refulsit.

113 536 129 574 ll
141 528 175 572 DE
186 545 262 572 satieris
275 528 376 571 Huwntno
387 546 445 571 niuno
456 545 479 570 ET
490 545 539 570 ALBO
550 533 688 570 tinnrtnlaus⁹‚

85 630 120 665 Vm
136 635 197 665 autem
210 630 343 665 Willebrordus
357 636 410 675 pater
425 629 536 665 venerabilis
550 640 592 664 cum
607 628 662 663 sociis
676 628 714 663 suis
729 628 769 665 de5

107 682 175 727 Anglia
182 684 205 718 ad
214 682 291 717 Frisiam
298 684 375 718 veniens
383 684 450 718 multos
458 683 481 718 ad
487 683 543 718 iidem
551 682 678 721 conuertisset,
686 682 752 716 horum

50 735 107 770 secuti
116 735 201 780 exempla
211 737 247 770 duo
257 736 354 780 presbiteri
363 736 386 770 de
394 735 468 770 natione
476 735 584 780 AngIorum,
591 736 623 780 qui
633 735 652 769 in
662 734 753 769 Hibernia

50 788 106 822 multo
112 793 196 833 tempore
202 799 235 833 pro
244 795 307 823 eterna
314 790 373 833 patria
380 789 600 830 exulauerant,venerunt
608 790 631 823 ad
639 787 753 832 prouinciam

50 841 172 886 Antiquorum
188 842 289 885 Saxonum,
301 843 318 877 si
331 843 377 877 sorte
390 842 461 886 aliquos
473 841 542 876 ibidem
555 841 667 885 predicando
680 840 753 875 Christo

50 895 145 937 acquirere
156 900 237 937 possent.
264 895 321 929 Erant
333 901 395 929 autem
407 896 462 930 vnius
476 895 536 936 ambo,
547 894 594 929 sicut
606 893 713 936 deuotionis,
726 893 753 928 sic
762 894 782 926 “i

50 947 104 981 edam
117 947 212 982 vocabuli:
230 958 274 983 nam
288 953 364 993 vterque
377 948 449 983 illorum
462 948 588 993 appellabatur
600 946 712 988 Hewaldus;
731 957 753 981 ea

50 1005 111 1034 tamen
127 1001 242 1035 distinctione
257 1007 277 1035 vt
291 1012 325 1045 pro
340 1002 413 1036 diuersa
430 1001 537 1046 capillorum
554 1001 616 1046 specie
630 1011 678 1035 vnus
696 999 754 1045 Niger

51 1053 157 1095 Hevvaldus,
165 1055 211 1088 alter
218 1054 277 1088 Albus
287 1055 382 1089 diceretur.
404 1055 487 1097 Quorum
494 1059 572 1098 vterque
583 1054 651 1098 pietate
660 1052 754 1097 religionis

50 1106 136 1146 imbutus,
142 1107 175 1139 sed
184 1106 240 1149 Niger
248 1107 348 1140 Hewaldus
355 1107 414 1151 magis
422 1116 515 1140 sacrarum
522 1106 624 1140 litterarum
632 1111 670 1140 erat
678 1104 754 1139 scientia

50 1156 147 1192 institutus.
167 1158 202 1200 Qui
209 1159 305 1193 venientes
311 1159 330 1193 in
337 1159 452 1202 prouinciam
459 1158 514 1199 illam,
520 1157 646 1192 intrauerunt³
653 1157 753 1201 hospitium
762 1162 781 1193 ¹5

51 1210 145 1244 cuiusdam
152 1210 212 1254 villici,
220 1211 348 1256 petieruntque
358 1211 381 1245 ab
392 1222 414 1245 eo
421 1217 441 1246 vt
450 1210 617 1246 transmitterentur
627 1211 650 1245 ad
661 1215 753 1255 satrapam

51 1262 81 1307 qui
90 1274 146 1308 super
154 1275 196 1298 eum
203 1270 248 1307 erat,
256 1277 278 1300 eo
286 1266 335 1310 quod
343 1265 432 1300 haberent
439 1265 507 1310 aliquid
515 1264 611 1309 legationis
619 1269 637 1299 et
645 1264 754 1299 causevtilis

51 1318 99 1359 quod
111 1318 134 1351 ad
144 1317 195 1351 illum
206 1318 279 1352 deferre
289 1318 383 1352 deberent.
405 1318 447 1352 Non
459 1318 508 1352 enirn
518 1317 622 1352 habuerunt
632 1327 695 1361 regem
704 1317 754 1351 idem

51 1369 127 1414 Antiqui
135 1370 226 1414 Saxones,
234 1371 267 1406 sed
275 1376 358 1415 satrapas
369 1371 458 1415 plurimos
466 1381 499 1405 sue
509 1370 560 1415 genti
570 1369 679 1415 prepositos,
687 1369 718 1414 qui
725 1370 754 1404 in-

51 1428 128 1464 gruente
139 1424 182 1457 belli
193 1424 273 1465 articulo,
284 1424 357 1457 mittunt
367 1423 457 1468 equaliter
468 1428 533 1464 sortes,
544 1428 562 1458 et
573 1432 702 1466 quemcunque
713 1432 755 1456 sors
763 1428 784 1450 ²0

52 1475 157 1518 ostenderit,
165 1476 214 1510 hunc
221 1481 305 1520 tempore
315 1476 358 1510 belli
367 1476 433 1510 ducem
443 1485 509 1510 omnes
519 1479 625 1519 sequuntur,
633 1473 675 1509 huic
684 1474 755 1509 obtem·

52 1534 125 1570 perant3
138 1534 212 1572 peracto
220 1533 281 1563 autem
290 1528 344 1571 bello,
352 1539 426 1564 rursum
433 1527 504 1572 equalis
513 1527 594 1573 potentie
604 1538 669 1562 omnes
681 1532 754 1572 satrape

52 1579 102 1614 fiunt.
125 1580 210 1625 Suscepit
223 1593 268 1626 ergo
281 1592 314 1616 eos
324 1582 401 1622 villicus,
414 1587 432 1616 et
446 1581 556 1625 promittens
569 1591 591 1615 se
603 1581 677 1614 mittere
688 1590 720 1614 eos
731 1580 754 1614 ad

52 1638 143 1677 satrapam
152 1634 183 1677 qui
189 1644 245 1678 super
252 1645 273 1668 se
280 1638 325 1675 erat,
330 1639 350 1669 vt
355 1634 449 1678 petebant,
455 1633 524 1679 aliquot
531 1633 596 1668 diebus
604 1643 667 1667 secum
675 1632 755 1668 retinuit.

53 1684 87 1726 Qui
95 1696 137 1720 cum
144 1686 211 1731 cogniti
217 1686 384 1721 essentabarbaris
390 1687 439 1731 quod
445 1687 520 1721 alterius
526 1691 589 1721 essent
594 1685 754 1730 religionis-nam
764 1692 784 1723 πᾶ

52 1742 70 1771 et
78 1738 154 1781 psalmis
162 1750 237 1784 semper
244 1746 299 1784 atque
309 1739 422 1774 orationibus
428 1740 523 1781 vacabant,
531 1745 549 1774 et
557 1739 638 1783 quotidie
646 1738 755 1773 sacrificium

53 1790 87 1823 deo
99 1791 173 1825 victime
187 1791 272 1826 salutaris
285 1792 391 1835 offerebant,
405 1792 493 1826 habentes
508 1801 571 1826 serum
584 1791 659 1826 vascula
672 1801 724 1825 sacra
737 1796 755 1825 et

53 1843 131 1877 tabulam
139 1844 201 1878 altaris
209 1844 249 1879 vice
256 1844 462 1889 dedicatam-suspecti
469 1850 512 1878 sunt
523 1844 584 1886 habiti,
592 1844 635 1888 quia
645 1843 661 1878 si
669 1843 755 1887 perueni-

53 1901 93 1929 rent
100 1897 123 1930 ad
131 1903 224 1941 satrapam
232 1902 250 1932 et
258 1898 376 1942 loquerentur
383 1908 426 1932 cum
433 1897 469 1940 illo,
477 1901 582 1932 auerterent
591 1896 643 1932 illum
653 1906 663 1931 a
671 1896 706 1932 diis
716 1896 755 1932 suis

54 1953 71 1982 et
79 1951 101 1984 ad
110 1961 178 1986 nouam
185 1950 284 1986 christiane
292 1951 335 1986 fidei
343 1950 451 1996 religionem
458 1951 586 1993 transferrent,
594 1949 657 1994 sicque
666 1951 754 1995 paulatim
763 1956 783 1987 ³⁰

53 2003 112 2037 omnis
124 2015 188 2038 eorum
200 2004 295 2048 prouincia
305 2009 387 2039 veterem
399 2009 495 2047 cogeretur
505 2003 565 2037 noua⁴
576 2008 648 2037 mutare
659 2002 755 2038 culturam.

54 2052 116 2099 Itaque
127 2056 187 2090 subito
199 2061 299 2100 rapuerunt
309 2067 347 2098 eos,
360 2061 379 2091 et
390 2056 533 2090 interemerunt:
547 2055 616 2089 Album
630 2054 704 2100 quidem
715 2055 756 2090 He-

53 2107 132 2143 waldum
145 2108 204 2143 veloci
219 2109 310 2143 occisione
323 2109 383 2153 gladii,
397 2108 486 2152 Nigruml
499 2114 561 2143 autem
574 2109 685 2143 Hewaldum
700 2109 756 2152 longo

53 2160 185 2203 suppliciorum
192 2162 272 2196 cruciatu
278 2166 297 2196 et
304 2161 397 2195 horrenda
402 2161 527 2195 membrorum
533 2160 615 2195 omnium
622 2160 755 2205 discerptione;

53 2216 71 2245 et
82 2214 126 2247 eosfl
135 2214 206 2249 occisos
215 2214 234 2249 in
246 2214 300 2249 Reno
310 2215 432 2260 proiecerunt.
455 2215 509 2258 Quod
520 2225 562 2249 cum
573 2220 646 2260 satrapa
657 2214 688 2249 ille
699 2224 755 2259 quem
763 2220 782 2251 35

53 2264 115 2301 videre
122 2267 208 2302 volebant
215 2269 302 2310 audisset,
310 2268 367 2303 iratus
378 2273 407 2303 est
413 2269 468 2302 valde
479 2269 527 2313 quod
538 2269 561 2302 ad
571 2279 592 2303 se
599 2267 664 2302 venire
671 2268 756 2302 volentes

53 2320 145 2365 peregrini
162 2332 200 2355 non
217 2321 379 2366 permitterentur;
402 2327 421 2356 et
439 2321 514 2356 mittens
532 2320 597 2356 occidit
611 2320 698 2355 vicanos¹
714 2320 756 2355 illos

53 2382 123 2417 omnes,
132 2374 230 2419 vicumque
241 2375 326 2409 incendio
338 2375 457 2419 consumpsit.
502 2367 557 2409 Passi
567 2380 611 2409 sunt
620 2380 681 2408 autem
689 2374 756 2416 prelati

53 2427 157 2462 sacerdotes
169 2432 188 2461 et
200 2427 263 2461 famuli
276 2427 345 2462 Christi
358 2428 422 2471 quinto
436 2437 495 2462 nonas
509 2426 600 2468 octobris3
615 2436 650 2459 nec
667 2424 755 2469 martyrio

54 2507 232 2552 ,¹V.B.huiusmodi.
274 2511 337 2541 ¹From
345 2510 493 2542 BedaH.E.V.ro.
533 2510 569 2541 ’E
577 2509 679 2540 intrauerunt.
720 2508 756 2540 ¹E.

54 2555 139 2581 mnouam.
189 2551 337 2590 ⁵Bed.Nigellum.
387 2551 496 2590 ‘Bedquos
546 2549 667 2581 'aviancos
