1762 2803
97 119 99 125 ¹
143 148 202 209 690x
410 140 533 203 anamais
549 125 596 188 ΙΙΙ.

144 265 246 298 sanctissimi
256 264 330 298 martiris
340 273 403 297 nomen
413 270 431 297 et
439 264 493 297 uitam
503 269 521 297 et
531 264 605 307 patriam
615 270 633 297 et
642 269 722 307 parentes
733 267 751 295 et
760 260 846 306 passionis

143 315 216 357 gloriam
228 320 245 348 et
258 314 379 347 miraculorum
390 313 465 355 insignia
476 313 551 347 breuiter
561 319 643 347 annotata
654 318 766 356 cognoscant,
777 318 794 345 et
806 320 846 344 cum

145 365 178 398 ista
193 375 227 398 non
241 364 316 398 uiderint
330 374 362 398 nec
378 363 468 405 audierint,
483 375 504 398 ex
519 366 572 399 nostri
587 365 638 399 officii
654 364 693 398 stilo
707 363 784 398 veritatis
798 362 846 396 testi·

144 415 202 449 monio
212 417 288 457 credant,
296 421 314 448 et
323 416 350 449 dei
361 415 461 457 operationi,
469 427 480 448 a
490 427 525 459 quo
534 417 581 450 bona
591 416 649 449 omnia
656 415 704 456 fiunt,
713 420 730 448 et
738 413 812 447 martiris
820 413 846 446 sui

126 475 135 504 5
145 466 247 498 Freemundi
256 465 320 499 meritis
327 472 344 499 et
352 466 431 499 laudibus
439 466 536 499 deuotiores
543 466 612 508 pietatis
620 467 684 498 cultum
691 465 788 498 exhibeant.

144 545 288 622 TEmporibus
302 555 362 588 regum
377 545 486 590 antiquorum
504 551 541 580 erat
557 545 628 589 quidam
645 556 675 579 rex
690 544 707 578 in
723 543 791 586 Anglia,
807 542 847 576 Offa

204 595 278 630 nomine.
301 595 337 629 Hic
349 595 381 630 sibi
394 596 471 639 reginam
484 597 571 641 quandam
584 595 671 630 Botildam
683 594 758 636 nomine,
771 603 847 628 sororem

144 646 191 680 beati
201 646 301 679 Eadmundi
311 646 357 688 regis
368 652 385 680 et
396 641 477 688 martiris,
484 646 599 681 coniunxerat.
621 648 638 680 Α
648 646 727 689 primeua
737 650 782 679 etate
793 655 848 688 usque

145 699 168 731 ad
176 696 282 739 decrepitam
289 697 313 730 hii
321 697 371 730 simul
378 697 460 737 uixerant,
467 698 499 730 sed
505 698 557 739 prolis
565 697 609 730 inter
614 708 634 730 se
641 696 775 730 consolationem
783 695 848 728 habere

118 760 137 782 ιο
145 758 180 780 non
190 752 275 789 poterant.
298 749 365 779 Eadem
377 753 479 789 tempestate
490 748 508 779 in
519 748 581 779 eadern
592 747 681 788 prouincia
691 747 762 789 quidam
772 747 847 786 algarus

145 796 220 836 nomine,
228 806 298 829 uxorem
308 796 378 829 nomine
386 796 467 829 Thouam
478 795 542 834 habuit,
551 806 583 838 que
593 795 630 829 uiro
641 805 672 829 suo
682 795 736 828 filiurn
746 794 848 838 procreauit.

147 847 182 881 Hic
189 846 242 881 tercia
250 847 278 880 die
285 846 380 880 natiuitatis
389 856 420 880 sue
431 852 491 880 contra
499 852 560 880 nature
570 847 641 880 modum
651 845 679 879 dei
691 847 779 880 uoluntate
788 846 848 887 loque-

146 898 181 931 lam
188 895 247 937 edidit,
255 896 301 930 etde
309 896 374 939 prefato
382 907 423 939 rege
431 896 471 930 Offa
481 896 590 940 prophetauit
601 896 647 940 quod
657 895 675 929 in
684 896 744 929 ultimo
755 895 848 929 senectutis

146 954 223 990 tempore
235 947 289 980 illium
301 957 323 979 ex
334 956 387 980 uxore
401 958 432 980 sua
446 953 548 988 procrearet,
562 957 613 990 quem
627 948 670 980 deus
683 948 706 980 ad
719 946 760 979 fidei
772 945 849 989 graciam

119 1012 137 1042 ¹5
146 997 221 1038 eligeret,
232 995 287 1038 etqui
298 1001 365 1038 patrem
376 1006 426 1029 suum
436 995 559 1029 incredulitatis
571 996 633 1038 frigore
643 996 732 1029 detentum
742 1006 782 1028 cum
793 1001 849 1028 matre

146 1056 177 1081 sua
187 1047 210 1080 ad
219 1046 300 1089 baptismi
309 1046 390 1088 graciam,
398 1056 438 1079 cum
448 1046 523 1079 maxima
532 1044 608 1079 eiusdem
619 1045 676 1089 gentis
686 1045 800 1088 multitudine,
808 1055 849 1088 con·

146 1102 225 1138 uerteret,
236 1102 253 1130 et
265 1096 283 1130 in
296 1096 372 1130 infancia
383 1108 415 1131 sua
425 1097 502 1139 leprosos
516 1097 607 1143 mundaret
618 1103 636 1131 et
648 1107 698 1130 cecos
711 1096 819 1137 illuminaret,
833 1102 850 1129 et

146 1149 220 1182 eandem
232 1147 305 1189 patriam
316 1149 339 1181 ab
350 1148 425 1181 hostium
435 1147 543 1181 immanitate
551 1148 644 1188 liberaret;
659 1147 677 1180 in
689 1147 737 1180 cuius
749 1153 787 1180 ortu
798 1157 850 1189 super

145 1198 219 1231 eandem
231 1197 301 1230 domum
312 1197 330 1229 in
345 1207 379 1241 qua
392 1207 434 1239 puer
447 1203 550 1239 nasceretur,
563 1207 622 1231 arcum
635 1197 667 1231 celi
681 1207 744 1230 nouem
757 1197 817 1231 diebus
833 1203 850 1229 et

120 1261 139 1282 ao
147 1247 219 1282 totidem
224 1247 303 1280 noctibus
310 1247 333 1280 ad
341 1246 437 1280 sanctitatis
445 1246 481 1280 eius
489 1247 606 1281 testimonium
616 1247 678 1290 iugiter
687 1252 764 1281 constare
772 1247 851 1291 predixit.

147 1299 186 1339 Quo
196 1297 246 1338 dicto,
255 1297 273 1331 in
283 1303 342 1331 sancte
352 1296 433 1331 trinitatis
444 1297 552 1331 confessione
560 1297 665 1340 baptismum
675 1298 729 1340 petiit,
737 1303 754 1331 et
764 1297 848 1341 optinuit;

146 1355 164 1383 et
172 1347 250 1391 predicto
259 1347 306 1391 quod
313 1348 389 1391 prefatus
399 1358 441 1391 puer
451 1349 570 1382 Freemundus
580 1354 681 1382 uocaretur:
694 1348 754 1382 statim
766 1355 785 1383 ut
794 1349 850 1391 bapti-

146 1406 194 1433 zatus
206 1398 242 1437 fuit,
255 1400 336 1440 paruulus
349 1399 397 1431 obiit.
419 1399 485 1440 Elapso
498 1399 556 1441 itaque
569 1405 646 1441 tempore
658 1398 702 1432 sicut
715 1410 758 1441 puer
770 1398 849 1441 predixit,

146 1449 206 1492 regina
220 1447 304 1491 concepit,
318 1453 335 1481 et
350 1447 395 1481 sicut
409 1447 462 1481 etiam
476 1447 494 1481 in
509 1447 586 1490 sompnis
601 1453 720 1491 preostensam
734 1447 794 1490 fuerat,
809 1458 850 1491 pro-

120 1513 138 1544 ²5
147 1500 219 1533 missum
234 1511 245 1532 a
260 1499 292 1532 deo
307 1499 435 1532 Freemuudum
451 1498 489 1546 sine
504 1509 567 1541 magno
584 1498 701 1541 parturitionis
716 1498 775 1532 dolore
790 1498 850 1533 edidit,

147 1551 203 1591 Super
216 1550 262 1582 hunc
274 1548 329 1589 igitur,
342 1549 386 1581 sicut
399 1559 442 1591 puer
453 1550 591 1591 prophetauerat‚
604 1549 647 1583 lucis
660 1550 752 1591 columpna
765 1549 850 1592 apparuit,

147 1605 165 1633 et
176 1598 230 1641 ipsius
241 1598 323 1632 noticiam
334 1605 351 1632 et
361 1598 457 1632 sanctitatis
468 1599 537 1632 laudem
547 1599 680 1642 circumquaque
689 1599 763 1632 diffudit.
802 1590 852 1632 Puer

148 1649 271 1690 Freemundus‚
284 1659 323 1681 cum
335 1649 358 1681 ad
373 1649 483 1690 intelligibilis
497 1649 548 1682 etatis
563 1660 618 1683 annos
633 1649 716 1692 peruenit,
732 1649 755 1682 ab
769 1650 850 1693 episcopo

148 1699 196 1731 Eswi
208 1697 288 1739 baptismi
300 1698 376 1738 graciam
386 1698 460 1740 expetiit,
471 1704 488 1731 et
497 1699 613 1731 nescientibus
623 1704 672 1741 patre
682 1705 699 1731 et
711 1705 766 1732 matre
777 1700 851 1732 eandem

121 1761 141 1792 ³⁰
149 1747 233 1794 suscepit3
245 1748 301 1790 plures
313 1747 354 1780 uero
365 1748 476 1790 prouectioris
486 1748 535 1781 etatis
545 1748 624 1781 homines
634 1748 687 1790 signis
697 1748 778 1792 predictis
788 1759 851 1792 prouo-

148 1805 202 1841 catos,
210 1798 287 1833 eiusdem
294 1798 352 1841 gracie
362 1798 418 1832 socios
428 1799 493 1833 habuit.
516 1799 599 1842 Baptismi
610 1799 668 1844 itaque
677 1799 735 1842 gracia
745 1800 852 1843 sublimatus,

148 1851 171 1883 de
185 1849 248 1882 uirtute
262 1850 280 1882 in
295 1849 376 1883 uirtutem
390 1850 470 1891 excreuit,
485 1851 561 1892 leprosos
576 1849 671 1892 mundabit,
685 1851 732 1885 uarie
747 1850 852 1885 infirmitatis

148 1901 240 1934 incomodo
257 1901 354 1942 depressos,
369 1899 448 1934 inuocato
464 1900 528 1934 Christi
543 1900 612 1934 nomine
626 1901 702 1942 curauit;
719 1906 820 1943 patremque
834 1907 852 1935 et

148 1954 221 1983 matrem
237 1950 273 1983 eius
290 1950 378 1994 hucusque
394 1949 493 1992 gentilitatis
507 1961 564 1984 errore
579 1950 676 1992 depressos,
691 1956 778 1984 tantorum
794 1951 851 1993 prodi·

121 2011 140 2041 35
149 1999 216 2040 giorum
225 2000 342 2040 magnitudine
352 2001 375 2033 ad
388 2000 452 2032 Christi
464 2001 520 2041 fidem,
531 2011 570 2033 cum
580 2000 646 2033 infinita
656 2000 739 2033 nobilium
748 2007 766 2033 et
776 2000 852 2043 plebium

149 2048 262 2089 multitudine,
277 2049 364 2083 conuertit.
388 2049 424 2092 Ipsi
438 2060 485 2090 uero,
500 2050 549 2083 etatis
562 2050 646 2092 grauitate
660 2050 737 2093 depressi
750 2055 767 2083 et
781 2061 852 2093 corpore

149 2098 247 2133 infirmitate
260 2099 336 2141 inualidi‚
348 2105 387 2143 post
399 2106 488 2143 acceptam
501 2100 564 2134 Christi
575 2100 652 2143 graciam
663 2100 698 2143 regi
712 2100 771 2134 celesti
781 2101 852 2135 tandem

150 2150 223 2182 militare
235 2151 312 2183 uolentes
323 2161 334 2183 a
346 2150 381 2183 suis
394 2151 484 2183 consilium
498 2150 520 2183 de
530 2151 579 2193 regni
593 2151 709 2184 incolumitate
722 2152 823 2194 suscipiunt,
835 2158 852 2185 et

150 2199 203 2231 filium
211 2209 261 2231 suum
269 2200 399 2240 Freemundum,
406 2200 473 2232 iusticie
480 2201 567 2241 cultorem,
573 2201 621 2242 pacis
629 2207 646 2233 et
654 2200 745 2233 concordie
753 2207 853 2242 amatorem,

121 2262 142 2293 40
150 2247 215 2280 uiribus
224 2248 315 2290 insignem,
323 2249 363 2283 licet
373 2250 465 2292 plurimum
472 2249 575 2284 renitentem
582 2251 605 2283 ad
615 2249 663 2293 regni
673 2250 699 2283 sui
709 2250 791 2293 regimen,
798 2251 853 2283 multa

150 2307 201 2340 prece
210 2304 316 2340 preostensa,
326 2299 420 2342 ingruentis
432 2299 538 2334 necessitatis
549 2300 615 2335 ratione
626 2310 665 2334 cunr
676 2300 771 2335 amicorum
782 2300 853 2335 consilio

149 2355 276 2392 promouerunt.

198 2428 225 2459 Ac
237 2426 340 2460 necessitate
350 2428 454 2469 compulsus,
462 2439 498 2461 non
509 2440 539 2461 sue
550 2429 581 2461 sed
591 2435 681 2470 parentum
692 2441 761 2463 suorum
770 2430 854 2463 uoluntati

220 2476 332 2515 satisfaciens,
341 2476 389 2518 regni
399 2477 466 2519 apicem
476 2488 522 2510 anno
534 2477 601 2520 integro
609 2484 626 2511 et
635 2477 707 2512 dimidio
717 2479 797 2521 nobiliter
805 2479 853 2517 rexit,

122 2539 142 2570 45
151 2537 234 2569 pauperes
245 2527 292 2567 iuuit,
302 2527 350 2569 pacis
362 2527 439 2568 graciam
452 2527 502 2568 auxit,
512 2527 609 2570 iniquorum
620 2529 746 2562 contumaciam
757 2529 853 2562 debellauit.

147 2575 226 2610 'Deitatis
234 2586 292 2610 amore
299 2582 397 2619 preuentus,
405 2576 455 2611 huius
464 2577 534 2611 honoris
545 2579 612 2611 culmen
622 2579 639 2612 in
647 2578 729 2621 nichilum
737 2579 795 2614 duxit:
807 2585 824 2613 et
831 2588 853 2612 ne
