1762 2803
82 142 84 148 ‘
129 158 185 227 544*
396 142 520 203 astenoit
537 145 568 190 11.

128 266 185 300 colore
198 264 279 299 infectum
292 264 365 309 [vidit]¹,
377 265 439 299 deinde
451 266 504 299 oculis
516 267 552 300 eius
565 267 689 300 intumentibus
700 265 756 300 visum
770 270 830 305 amisit.

129 316 204 351 Postea2
212 322 267 350 mutos
275 317 326 360 loqui,
336 317 418 350 demones
426 318 550 359 obmutescere,
558 328 609 352 cecos
616 317 671 351 visum
680 317 762 360 recipere,
771 321 830 355 surdos

129 369 193 409 audire,
208 367 274 401 claudis
289 378 357 409 gressus
372 367 445 410 dirigere
460 367 478 400 in
493 369 557 402 Christi
571 367 642 401 nomine
656 369 702 402 lecit.
725 369 769 409 Hec,
785 381 831 406 more

130 420 183 451 sancti
198 418 272 459 Patricii,
285 418 353 450 cencies
366 418 383 449 in
396 419 423 450 die
436 424 453 450 et
467 419 484 450 in
497 425 548 452 nocte
561 419 629 452 cencies
641 419 729 451 oraciones
741 420 774 452 deo
784 422 831 455 fudit.

113 478 122 508 5
131 468 221 503 Sororibus
230 473 247 500 et
254 468 335 501 fratribus
343 468 400 510 sepius
409 468 478 502 dicebat
486 469 507 502 de
515 469 569 502 tribus
578 467 658 511 operibus
670 467 832 512 quibusdelectatur

130 521 182 555 deus:
194 519 249 562 primo
261 519 307 553 enim
315 518 369 561 diligit
380 521 422 553 deus
434 520 522 554 hominem
533 520 634 563 simplicem,
642 526 659 553 et
670 520 770 561 religiosum
777 523 831 565 magis

129 571 181 604 corde
192 580 244 612 quam
256 570 321 603 habitu.
344 571 424 603 Secundo
439 572 527 603 hominem
542 571 667 613 relinquentem
680 576 751 613 peccata
765 582 802 613 sua,
815 579 831 607 et

129 632 189 655 eorum
198 621 300 654 memoriam
310 632 331 654 ex
342 622 394 654 corde
405 621 496 662 delentem,
505 632 527 654 ne
537 632 557 655 ea
568 631 601 663 que
612 621 695 654 destruxit
707 620 768 654 iterum
779 623 832 657 reedi-

130 673 174 705 ficet,
196 671 258 704 Tercio
273 672 361 704 hominem
376 672 479 704 vendentem
494 671 552 703 omnia
567 681 600 713 que
615 671 668 703 habet
683 671 780 703 secundum
794 684 831 714 pre·

103 732 122 753 10
130 728 199 763 ceptum
207 721 277 762 domini,
282 728 300 754 et
307 722 374 763 largum
382 731 450 764 semper
457 726 518 763 postea
525 720 542 753 in
552 726 653 763 paupertate
661 731 697 753 sua.
720 721 753 753 ‘Et
761 722 793 754 hec
800 723 832 755 tria

130 778 175 814 sunt,
186 771 246 815 inquit,
256 782 290 816 que
301 777 389 805 execratur
399 772 452 805 deus:
466 770 522 815 primo
534 769 622 804 hominem
634 770 733 814 religiosum
745 771 804 806 habitu
815 779 831 807 et

130 823 211 856 iniustum
221 823 272 856 corde
283 829 323 857 ante
334 823 433 856 dominum:
446 822 527 865 quoniam
539 821 607 865 spiritus
618 828 687 856 sanctus
700 822 758 864 effugit
770 823 832 857 fictum.

131 874 210 907 Secundo
227 873 314 906 hominem
333 873 460 915 relinquentem·
474 878 546 915 peccata
563 883 594 905 sua
611 873 725 914 corporaliter,
740 874 832 907 habentem

131 930 189 958 tamen
197 933 256 957 eorum
264 923 343 957 affectum
352 923 369 956 in
377 924 439 957 corde:
452 922 496 956 sicut
508 923 562 956 lsrael
573 922 590 955 in
603 923 672 956 deserto
684 922 751 966 positus
762 924 804 957 ollas
816 930 832 958 et

105 985 182 1018 15cepas
198 973 256 1017 Egipti
276 975 327 1007 corde
346 974 449 1016 concupiuit.
471 973 533 1006 Tercio
548 972 636 1007 hominem
653 972 784 1007 renunciantem
798 975 832 1011 suis

131 1025 203 1064 diuiciis,
209 1030 226 1056 et
234 1035 305 1057 auarum
314 1026 331 1057 in
339 1024 389 1057 donis
397 1025 430 1065 dei,
436 1030 452 1057 et
461 1035 482 1057 ea
489 1024 602 1057 retinentem.¹
616 1026 622 1065 ΙΙ
636 1025 679 1057 Orta
685 1030 711 1058 est
717 1024 783 1068 questio
790 1025 833 1058 inter

130 1076 201 1109 ancillas
213 1075 280 1108 cenobii
292 1076 314 1109 de
324 1085 369 1117 pane
379 1076 408 1118 qui
420 1076 465 1109 furto
476 1076 543 1109 ablatus
553 1080 584 1113 est,
596 1080 613 1107 et
623 1085 657 1108 vna
667 1075 734 1109 illarum
746 1076 785 1117 plus
796 1076 833 1109 aliis

131 1131 211 1167 suspecta
223 1125 259 1158 luit.
282 1126 314 1158 Cui
327 1125 394 1166 longius
407 1137 438 1167 pre
450 1125 554 1159 verecundia
569 1125 632 1158 astanti
645 1125 694 1167 virgo
707 1131 767 1158 sancta
781 1126 832 1159 dixit:

131 1176 185 1209 ‘Veni
196 1175 337 1209 innocentissima
349 1175 413 1209 Christi
423 1176 477 1217 virgo,
489 1186 524 1208 non
536 1182 555 1209 tu
566 1185 629 1218 panem
640 1174 730 1216 abstulisti,
740 1181 766 1208 set
777 1176 833 1219 aliqua

105 1240 124 1262 no
131 1225 195 1261 semina
203 1225 220 1259 in
228 1225 324 1269 penitencia
329 1225 386 1269 posita
392 1237 454 1269 panem
459 1226 498 1260 tulit
503 1233 520 1261 et
526 1225 627 1260 abscondit?
650 1227 688 1268 Que
693 1237 722 1260 rea
728 1226 765 1268 fuit,
771 1237 832 1269 panem

131 1278 200 1321 protulit
213 1283 231 1310 et
243 1277 311 1310 veniam
325 1276 381 1319 peciit.
394 1279 401 1317 ss
415 1278 484 1310 Mortuo
499 1276 584 1310 auunculo
598 1283 657 1310 sancte
669 1276 740 1318 virginis
753 1277 782 1320 qui
795 1284 833 1311 octo

132 1328 175 1361 filios
185 1327 250 1368 habuit,
260 1328 307 1361 misit
318 1338 350 1370 pro
360 1328 393 1361 illis
404 1334 421 1361 et
431 1327 483 1361 dixit:
496 1327 557 1361 ‘Pater
564 1333 621 1361 vester
630 1339 661 1369 pro
673 1326 776 1371 quibusdam
787 1338 833 1361 com-

132 1378 189 1411 missis
204 1383 302 1420 torquetur:
318 1378 348 1410 det
361 1378 478 1420 vnusquisque
490 1383 566 1411 vestrum
580 1378 673 1420 peregrinis
688 1383 705 1411 et
718 1377 833 1420 indigentibus

132 1429 207 1472 quolibet
216 1428 243 1461 die
251 1428 301 1462 huius
311 1428 352 1462 anni
362 1429 452 1462 duodecim
464 1439 522 1470 panes,
531 1434 548 1462 et
560 1429 577 1461 in
587 1429 621 1461 fine
631 1429 672 1461 anni
680 1427 751 1462 venietis
762 1429 785 1461 ad
796 1428 833 1462 me!

105 1494 124 1523 ²5
133 1481 222 1522 Completo
233 1490 279 1513 anno
290 1478 399 1513 venientibus
410 1479 444 1513 illis
453 1478 506 1513 dixit:
518 1479 580 1512 ‘Pater
591 1485 648 1513 vester
659 1491 690 1522 per
700 1478 833 1513 misericordiam

133 1530 165 1570 dei,
178 1536 195 1564 ct
208 1541 239 1573 per
251 1540 322 1564 munera
333 1535 390 1563 vestra
401 1536 418 1564 et
429 1529 518 1564 oraciones
531 1542 542 1563 a
555 1530 645 1564 tormentis
658 1535 726 1573 ereptus
738 1530 775 1563 est!
787 1529 793 1573 ΙΙ
804 1529 834 1563 Vir

133 1581 203 1622 quidam
210 1590 242 1620 pro
249 1586 304 1612 morte
311 1579 340 1612 filii
349 1580 374 1611 sui
383 1581 498 1619 contristatus,
506 1590 545 1612 cum
553 1579 627 1612 lacrimis
634 1581 658 1611 ad
665 1580 749 1620 virginem
756 1586 833 1612 sanctam

133 1629 184 1670 venit,
192 1629 261 1662 dicens:
274 1630 324 1662 ‘Non
331 1628 411 1661 recedam
419 1641 430 1662 a
439 1635 462 1671 te,
470 1628 503 1661 nisi
513 1629 567 1662 filium
577 1639 635 1661 meum
643 1628 781 1662 resuscitaueris.'
804 1627 834 1661 Cui

133 1682 172 1714 illa:
189 1682 241 1713 ‘Non
256 1691 295 1714 mee
307 1680 374 1715 virtutis
389 1686 415 1714 est
431 1685 457 1714 set
470 1681 587 1723 apostolorum
600 1691 692 1724 eorumque
707 1679 834 1714 successorum?

106 1747 125 1777 30
134 1733 211 1774 Cumque
224 1731 299 1773 petendo
313 1730 447 1764 misericordiam
460 1736 549 1773 perstaret,
561 1729 609 1772 virgo
622 1737 687 1773 sancta,
700 1741 751 1773 prece
762 1731 800 1765 lusa
812 1729 834 1764 ad

133 1782 227 1823 dominum,
235 1782 288 1814 filium
296 1782 332 1815 eius
340 1781 439 1814 defunctum
450 1781 562 1815 resuscitauit.
576 1783 582 1822 ΙΙ
595 1782 648 1824 Virgo
661 1782 729 1825 insuper
740 1782 783 1816 alios
792 1783 834 1815 duos

133 1833 214 1875 temporis
226 1844 307 1875 processu
315 1833 428 1866 resuscitauit.
442 1834 448 1872 ΙΙ
462 1833 572 1865 Commotum
583 1839 609 1865 est
620 1834 685 1866 bellum
693 1839 753 1866 contra
765 1839 834 1874 gentem

133 1882 162 1917 vbi
172 1888 232 1916 sancta
239 1883 287 1921 virgo
297 1881 391 1923 habitabat,
399 1888 417 1915 et
428 1881 456 1915 illa
468 1881 577 1924 compaciens
588 1882 654 1924 rogauit
665 1881 754 1916 dominum
766 1882 834 1916 dicens:

133 1934 138 1950 ‘
144 1934 202 1973 Parce,
210 1939 270 1966 sancta
277 1932 349 1973 trinitas,
356 1932 455 1965 hominibus
462 1931 500 1965 istis
508 1933 547 1965 licet
553 1931 616 1965 vilibus
623 1939 640 1965 et
647 1932 765 1974 mendacibus,
771 1933 800 1976 qui
808 1942 834 1964 me

105 1998 124 2030 35
133 1984 151 2018 in
164 1984 199 2018 suis
215 1983 277 2017 finibus
292 1983 402 2026 receperunt!
426 1982 480 2025 Igitur
495 1984 517 2017 ad
530 1993 590 2026 preces
605 1983 642 2017 eius
658 1984 738 2017 dominus
753 1981 836 2025 confregit

133 2040 189 2069 castra
200 2034 282 2076 hostium,
294 2040 312 2068 et
325 2034 398 2067 victores
410 2039 459 2067 erant
471 2044 502 2076 pro
514 2033 576 2077 quibus
589 2032 627 2077 ipsa
639 2035 715 2076 rogabat.
739 2035 777 2068 Hec
788 2033 835 2075 virgo

133 2092 194 2119 sancta
207 2085 224 2118 in
238 2085 323 2118 Hibernia
335 2091 376 2118 nata
389 2090 406 2118 et
418 2090 525 2126 conuersata,
539 2089 599 2117 sancto
611 2085 645 2118 line
658 2085 722 2128 quieuit
735 2085 753 2118 in
767 2084 835 2118 domino

134 2143 189 2168 xvru.
197 2136 269 2168 Kalend
277 2135 362 2168 februarii.

174 2207 209 2243 The
213 2208 309 2253 following
317 2208 359 2242 noes
368 2207 387 2241 in
395 2206 439 2243 MS.
448 2206 500 2242 Bottl.
511 2217 547 2250 240
555 2207 598 2241 hove
606 2208 682 2251 another,
688 2207 749 2254 fuller
757 2210 799 2248 text,

401 2265 443 2299 than
452 2264 471 2298 in
482 2263 501 2299 T.
507 2262 531 2298 E.
539 2278 570 2300 c·-

135 2348 151 2379 p.
161 2334 205 2378 594]
228 2345 243 2368 1.
259 2337 334 2369 inerma
345 2342 477 2368 conuenerunt
488 2342 534 2367 vrrn
545 2342 611 2368 sanem
623 2336 711 2369 Antanoi
723 2342 803 2368 nonnus

431 2394 541 2420 urrunnun.

178 2446 204 2480 IR
217 2444 252 2479 vite
263 2443 364 2479 venerabilis
379 2445 462 2478 Aelredus
477 2455 498 2478 ex
509 2450 586 2478 veterum
601 2445 696 2487 Anglorum
711 2444 771 2479 illustri
785 2444 836 2486 stirpe

106 2517 128 2548 40
198 2502 302 2540 procreatus,
314 2506 354 2529 cum
366 2495 422 2529 adhuc
434 2494 490 2528 infans
502 2494 565 2529 iaceret
579 2495 596 2528 in
609 2496 662 2536 cunis,
675 2495 722 2530 venit
733 2496 756 2529 ad
767 2496 836 2529 domum

135 2549 189 2593 patris
197 2548 234 2582 eius
243 2547 313 2590 quidam
324 2545 455 2579 archidiaconus
467 2546 572 2589 propinquus
584 2545 620 2579 eius
632 2547 727 2580 secundum
738 2557 812 2586 carnem,
820 2548 836 2576 et

326 2611 332 2628 ¹
342 2621 373 2641 om.
493 2611 500 2630 l
510 2612 544 2641 MS.
552 2613 606 2641 l'ostea
613 2621 652 2642 cum.
