1762 2803
245 109 291 165 wc
305 106 408 160 &ancta
423 107 578 166 uthrutcua
716 123 762 168 427

60 245 103 269 men
119 231 223 277 possidens,
234 228 378 274 incorruptioni¹
389 228 465 274 virginis
477 235 539 264 sancte
551 230 607 264 fidem
620 229 712 264 credulam
724 241 761 264 non

60 287 160 326 adhiberet,
173 294 215 319 cnm
228 288 305 327 quatuor
317 282 371 317 sociis
385 284 408 317 ad
420 284 510 318 tumulum
522 283 597 318 accedit
620 283 653 318 Est
669 288 729 317 autem
743 283 762 317 in

61 340 101 386 ipso
114 337 176 373 tumbe
188 335 249 382 lapide
261 335 344 371 foramen
357 346 368 370 a
381 335 455 371 sinistro
467 336 530 379 latere,
543 348 554 372 a
567 336 640 383 perfido
653 346 730 381 pagano,
743 340 763 370 vt

60 392 176 439 premittitur,
188 391 279 425 factum²z
291 389 322 425 vbi
333 390 420 425 sacerdos
431 390 515 425 surculos
525 391 599 425 maratri
612 402 649 436 quo
662 389 762 435 pauimenti

61 446 169 490 superficies
188 444 272 488 compta³
287 444 347 477 fuerat
363 443 452 487 arripiens
467 444 570 485 intromisit,
583 444 666 488 virginea
679 444 780 484 membra5

61 504 149 534 attrectat.
178 496 202 530 Et
220 497 316 530 candelam
335 497 439 530 accendens
456 497 527 540 virgule
545 497 617 531 cuidam
634 496 680 537 fixit,
695 502 714 531 et
729 508 763 540 per

62 552 144 585 foramen
152 548 265 589 intromisit3
276 550 310 583 sed
322 548 415 582 oculorum
429 549 468 583 acie
481 549 562 593 caligata,
574 550 625 583 nulla
638 549 762 593 presumptori

61 603 172 638 intrinsecus
187 600 288 644 aspiciendi
304 602 357 635 datur
372 601 453 635 facultas.
476 602 549 635 Interea
561 612 618 646 super
631 600 763 636 mundissimas

62 658 96 690 deo
104 655 169 689 dilecte
178 653 255 698 virginis
265 660 327 688 vestes
337 654 413 688 candela
420 654 492 697 decidit,
501 655 550 698 arsit,
558 656 592 689 sed
602 656 669 689 ardens
679 654 704 688 nil
715 654 762 688 lesit.

62 710 100 744 Nec
108 709 137 743 his
145 707 224 743 saciatus
234 708 304 750 infelix,
313 707 383 751 virgam
393 708 461 752 arripit,
469 708 488 742 in
496 708 612 743 extremitate
623 707 671 743 acuit
678 712 697 742 et
704 708 762 749 findit,
772 718 791 740 ro

61 763 131 806 virgam
145 766 165 795 vt
179 761 232 805 prius
246 760 347 796 immittens
366 761 448 795 vestibus
466 761 530 804 infigit,
545 766 564 796 et
578 773 653 796 manum
668 761 688 794 in
702 760 762 805 girum

61 816 137 850 voluens
156 814 205 848 foras
223 820 286 848 vestes
305 814 388 855 extrahit,
411 814 455 849 socii
476 820 537 848 autem
558 824 624 849 manus
645 819 762 858 apponentes

61 874 132 903 vestem
148 879 185 901 non
198 868 295 908 dimittunt,
308 869 366 902 donec
381 868 470 912 particula
480 878 491 902 a
502 868 597 901 sacerdote
613 868 671 901 fuerat
686 868 763 901 abscisa.

62 922 85 955 Et
93 932 135 955 eece
146 920 243 955 confestim
251 921 275 955 de
282 920 368 955 manibus
379 931 443 955 eorum
455 920 513 955 vestis
522 920 588 962 ablata,
599 920 698 955 introrsum
709 921 762 965 quasi

62 974 176 1008 inuisibiliter
184 979 212 1008 est
220 979 302 1009 retracta
325 973 361 1008 His
371 973 396 1008 ita
405 974 467 1018 gestis,
475 973 558 1018 sequitur
569 985 613 1008 mox
624 973 683 1018 pestis
693 975 764 1017 acerba,
773 981 791 1012 ¹5

62 1037 98 1069 que
105 1026 185 1060 illicitam
193 1027 294 1060 sacerdotis
302 1025 399 1069 coniugem
409 1037 450 1060 cum
461 1026 504 1060 filiis
514 1026 619 1070 prostrauit,
628 1037 649 1060 ac
656 1030 712 1060 totam
724 1026 764 1061 eius

63 1079 170 1124 progeniem
182 1079 248 1114 diffusa
264 1079 351 1121 funditus,
368 1089 409 1114 cum
429 1080 529 1121 sacerdote,
549 1079 652 1125 extirpauit.
680 1080 719 1115 Nec
737 1080 764 1114 sic

63 1132 142 1167 vibratus
157 1132 213 1167 ferire
228 1130 306 1167 cessauit
321 1132 395 1167 celestis
409 1133 486 1177 gladius,
502 1132 546 1177 quin
561 1133 608 1168 duos
622 1133 706 1168 eiusdem
722 1133 763 1168 facti

63 1186 145 1221 conscios
152 1197 189 1220 vna
199 1186 229 1221 die
240 1187 346 1231 perimeret.
368 1186 442 1220 Tertius
449 1197 494 1221 vero
502 1186 568 1221 litteris
575 1186 662 1228 imbutus,
669 1186 694 1220 ita
701 1192 764 1221 mente

63 1249 138 1283 prorsus
157 1238 246 1273 alienatus
264 1245 298 1282 est,
312 1245 332 1273 vt
347 1239 403 1273 nichil
420 1240 502 1274 omnium
518 1250 555 1284 que
571 1240 658 1275 didicerat
675 1241 764 1275 memoria
773 1253 792 1274 ιο

63 1293 150 1334 retinens,
169 1293 258 1327 lunaticus
277 1294 345 1328 misere
363 1293 418 1327 vitam
437 1293 501 1327 finiuit.
531 1293 612 1335 Quartus
629 1303 673 1328 vero
690 1294 764 1336 paralisi

63 1355 168 1387 percussus
174 1345 245 1379 meritis
253 1346 327 1380 tandem
335 1352 398 1379 sancte
403 1346 480 1390 virginis
487 1345 541 1379 saluti
549 1338 764 1392 redditur—Quidam

64 1398 177 1431 Britstanus⁴
195 1400 275 1440 nomine,
292 1399 353 1433 vsuris
371 1405 390 1432 et
408 1400 470 1433 multis
486 1399 539 1432 malis
557 1399 643 1441 irretitus,
658 1399 765 1434 infirmitate

64 1450 147 1485 detentus
162 1451 276 1494 grauissima,
290 1452 324 1485 suh
340 1450 402 1485 habitu
417 1450 518 1486 monastico
533 1450 627 1485 residuum
642 1449 680 1486 vite
695 1460 729 1486 sue
745 1451 763 1486 in

65 1504 175 1538 monasterio
191 1510 253 1539 sancte
265 1503 346 1549 virginis,
361 1504 377 1538 si
389 1504 531 1546 concalesceret,
543 1504 578 1539 deo
592 1503 662 1539 seruire
674 1504 765 1548 promisit.
773 1515 792 1545 ²5

64 1556 140 1599 Cunque
155 1558 204 1591 bona
219 1568 252 1592 sua
267 1558 292 1592 illi
311 1558 422 1591 monasterio
441 1558 553 1599 contulisset,
572 1557 650 1592 ministri
669 1558 724 1601 regis,
741 1569 764 1593 ne

65 1607 145 1645 habitum
157 1609 242 1646 indueret
254 1616 341 1655 exparte
353 1611 403 1655 regia
415 1611 519 1655 prohibent,
531 1618 636 1646 asserentes
650 1621 692 1646 eum
705 1610 765 1647 furem

65 1672 110 1704 esse,
122 1663 218 1707 pecuniam
231 1665 280 1709 regis
292 1665 311 1698 in
323 1664 417 1698 latrocinio
430 1665 498 1699 habere
511 1663 540 1698 et⁵
552 1664 617 1706 celare,
630 1670 653 1706 ct,
664 1669 684 1698 vt
697 1676 764 1708 penam

64 1716 155 1757 euaderet,
174 1716 256 1751 habitum
275 1728 358 1762 querere.
381 1718 411 1752 Ad
430 1718 517 1752 iudicium
533 1717 614 1758 traditur,
630 1723 731 1759 accusatur,
747 1725 765 1753 et

65 1776 140 1811 negans,
155 1769 242 1804 conuiciis
258 1770 342 1811 afficitur,
359 1769 419 1814 ligatis
437 1770 515 1814 pedibus
530 1775 548 1804 et
563 1770 649 1804 manibus
665 1769 794 1808 Londonhsao

65 1820 141 1864 ducitur,
150 1821 194 1855 etin
202 1834 276 1856 carcere
283 1822 361 1857 vinculis
369 1822 434 1856 ferreis
440 1822 549 1857 constrictus
556 1834 593 1855 non
602 1822 673 1856 modico
681 1828 764 1867 ternpore

66 1879 160 1908 coartatur.
181 1875 267 1909 Sanctam
276 1876 406 1909 Etheldredarn
418 1882 436 1909 et
447 1880 530 1909 sanctum
541 1875 661 1908 Benedictum
673 1876 764 1910 continuis

66 1927 170 1969 gemitibus,
181 1928 266 1973 suspiriis
276 1935 294 1964 et
306 1928 404 1973 lachrymis
414 1928 444 1964 die
454 1933 544 1972 nocteque
557 1927 658 1963 inuocahat.
680 1927 764 1964 Tandem

66 1989 107 2013 cum
121 1992 188 2024 magno
203 1982 273 2016 lumine
288 1987 412 2026 apparuerunt
425 1982 442 2016 ei
456 1987 530 2017 sanctus
544 1981 654 2016 Benedictus
669 1986 687 2015 et
702 1989 765 2017 sancta

66 2030 184 2076 Etheldreda,
196 2045 238 2069 cum
249 2045 313 2070 sorore
325 2045 358 2069 sua
370 2035 471 2079 Sexburga.
494 2034 528 2069 Cui
539 2039 602 2069 saneta
610 2034 722 2069 Etheldreda
729 2035 763 2071 ait:
773 2046 792 2077 35

65 2084 122 2126 ‘Quid
131 2098 170 2129 nos,
178 2087 242 2131 inquit,
249 2088 347 2129 Britstane,
353 2088 420 2122 totiens
427 2087 526 2133 lachrymis
534 2087 609 2131 pulsas?
618 2086 673 2121 tantis
681 2087 764 2123 clamori·

65 2137 99 2172 bus
110 2144 228 2175 commoues?
251 2141 290 2185 Ego
302 2151 349 2182 sum,
359 2141 423 2185 inquit,
435 2140 551 2182 Etheldreda,
559 2150 614 2184 quam
626 2145 645 2174 tu
656 2139 723 2174 totiens
736 2140 764 2175 in-

65 2193 144 2228 uocasti:
157 2193 187 2228 hic
198 2200 259 2229 autem
271 2200 346 2229 sanctus
359 2195 474 2237 Benedictus,
483 2193 534 2228 cuius
544 2193 630 2228 auxilium
642 2192 764 2237 poposeisti&

64 2242 116 2279 Tunc
128 2257 216 2281 conuersa
228 2248 250 2282 ad
263 2247 395 2283 Benedictum:
408 2248 452 2290 ‘eia,
463 2247 526 2291 inquit,
538 2246 612 2281 domine
623 2246 727 2289 Benedicte,
736 2247 764 2282 fac

65 2299 112 2339 quod
120 2298 191 2334 iussum
199 2307 227 2335 est
234 2311 245 2335 a
253 2301 337 2335 domino!
360 2301 385 2335 At
395 2301 425 2335 ille
434 2300 588 2345 appropinquans,
597 2299 672 2343 digitum
681 2298 700 2332 in
711 2301 765 2335 anulo
772 2314 793 2344 4⁰

65 2348 123 2386 ferreo
129 2353 190 2397 posuit
198 2359 216 2388 et
224 2354 301 2397 vincula,
308 2353 382 2389 homine
390 2344 445 2388 nicliil
452 2352 547 2394 sentiente,
554 2351 637 2393 extraxit,
642 2352 665 2386 de
672 2362 765 2398 manuque

65 2405 116 2445 quasi
122 2406 234 2449 indignando
242 2409 341 2450 compedes
349 2407 525 2451 proiiciens,trabem
532 2405 592 2439 solarii
600 2411 637 2439 tarn
646 2405 716 2439 fortiter
722 2418 765 2450 per-

64 2457 124 2500 cussit,
129 2464 148 2492 vt
155 2459 178 2492 de
185 2460 245 2494 sonitu
253 2462 338 2494 custodes
346 2460 418 2494 excitati
423 2460 494 2494 vinctos
501 2458 569 2501 fugisse
575 2458 665 2498 timerent,
672 2458 764 2495 lucernam

83 2523 117 2556 ¹E.
126 2527 254 2567 incorruptionis.
310 2527 398 2559 ²T.faeto.
456 2527 569 2566 ³rrl.eoperta.
629 2528 764 2561 ⁴T.bricstanus.

65 2560 160 2597 lomina
221 2569 346 2606 ⁰E.popocisti.
