1762 2803
272 105 319 160 De
333 104 434 158 &anuo
450 104 557 173 canoto
725 108 766 161 183

62 229 117 263 istum
126 226 215 269 (ulnicum
226 227 276 261 dedit
287 226 343 262 michi
354 228 401 262 dens
411 233 430 262 ut
440 228 551 262 ministraret
563 226 623 261 michi.
646 226 682 260 Pro
693 225 764 266 balneo,

62 280 153 327 perfundo
161 280 254 315 modicum
262 291 308 325 aque
317 291 373 325 super
380 281 439 327 pedes
448 292 510 325 meos;
519 286 537 315 et
545 279 634 325 calligulis
641 285 682 314 utor
689 285 765 325 propter

62 336 192 369 infirmitatem.
215 334 251 368 Pro
266 335 335 369 cithara
349 339 367 368 et
382 335 417 369 alio
430 335 500 369 musico
513 345 569 378 opere
582 345 618 378 quo
631 333 735 368 delectabar
746 333 765 366 in

63 387 151 422 conuiuiis
162 388 214 429 meis,
223 388 263 421 dico
274 387 329 421 michi
342 388 437 421 duodecim
449 388 530 432 psalmos
541 387 560 421 in
571 387 601 421 die
609 387 643 430 [etl
653 386 737 420 similiter
746 386 765 420 in

62 446 121 475 nocte.
144 440 167 473 Et
178 440 204 474 sic
214 451 248 484 pro
256 440 350 484 pec(catis)
359 441 405 475 meis
413 452 448 485 que
456 447 498 476 ante
506 441 594 476 faciebam
605 439 698 474 modicum
707 439 765 482 (exhi
775 447 784 477 5

62 493 104 534 beo)
116 492 238 527 ministerium
252 494 292 527 deo.
314 493 368 527 Vnde
383 504 428 537 rogo
439 499 457 527 te
472 494 524 534 abba,
537 493 570 536 (ut)
584 503 621 526 non
636 491 765 526 scandalizeris

62 552 138 591 propter
145 545 269 580 infirmitatem
279 548 350 580 meam!
364 547 405 581 Hec
413 548 490 581 audiens
497 547 584 591 Egipcius
593 546 649 580 dixit:
659 546 697 580 ‘Ve
705 545 765 585 michi,

62 600 104 645 quia
116 610 150 644 ego
162 600 185 633 de
195 600 252 634 multa
263 599 382 635 tribulacione
392 605 410 634 et
420 601 477 635 multo
490 600 553 635 labore
563 600 620 635 seculi
633 600 691 644 magis
702 599 725 633 ad
736 609 765 633 re·

62 654 178 698 pausandum
189 653 237 687 inter
245 654 345 688 monachos
356 655 404 694 ueni,
412 660 430 688 et
440 655 489 698 quod
500 664 537 688 non
548 654 638 688 habebam
650 658 699 694 tunc,
710 653 765 687 modo

62 708 131 741 habeo:
143 706 172 739 Tu
184 712 245 741 autem
257 718 281 741 ex
292 707 349 741 multa
360 707 479 742 delectatione
490 707 546 742 seculi
556 707 650 742 uoluntate
661 706 735 749 propria
746 707 764 740 in
776 720 795 742 ιο

61 759 200 794 tribulacionem
207 759 280 801 uenisti,
285 764 303 793 et
311 769 322 793 a
330 759 388 793 multa
396 759 453 803 gloria
462 764 516 804 atque
524 758 595 794 diuiciis
603 758 670 793 uenisti
677 758 696 793 in
706 758 765 793 humi·

62 813 131 847 litatem
140 817 158 847 et
168 814 306 857 paupertatem!
319 811 386 857 Sicque
394 813 472 847 multum
480 813 575 847 edificatus
584 812 674 855 discessit,
680 819 698 847 et
708 813 766 847 laetus

62 867 78 901 el
86 866 163 909 amicus,
171 877 216 911 sepe
224 866 308 901 ueniebat
315 866 338 901 ad
347 877 389 901 eum
397 877 430 901 sue
439 866 520 901 utilitatis
528 866 596 910 causa]

234 1019 249 1056 ll
262 1011 296 1053 De
307 1029 378 1053 snucro
390 1011 476 1054 Muteno
488 1018 589 1053 alannae&

66 1101 141 1181 DUm
157 1101 175 1135 in
187 1101 263 1136 exordio
275 1101 372 1136 christiane
386 1102 428 1136 fidei
441 1102 542 1146 apostolica
555 1102 638 1136 doctrina
652 1112 686 1145 per
700 1101 764 1135 orbem

126 1160 216 1190 terrarum
235 1154 253 1188 in
270 1155 354 1189 omnibns
372 1155 457 1199 gentibus
475 1155 613 1196 diffunderetur,
629 1165 718 1190 conuersa
737 1159 793 1198 estr5

63 1207 157 1242 Britannie
164 1207 255 1252 gentilitas
266 1208 289 1242 ad
297 1208 358 1251 iidem,
366 1215 384 1243 et
394 1209 446 1243 multi
454 1209 528 1243 domino
536 1210 633 1243 credentes
640 1214 658 1243 et
666 1208 765 1253 apostolica

61 1267 148 1305 precepta
159 1266 259 1304 sequentes
269 1262 325 1295 variis
334 1261 422 1296 virtutum
434 1263 526 1295 miraculis
537 1262 638 1295 fulserunt:
652 1262 675 1294 de
687 1272 764 1305 quorum

62 1323 138 1347 numero
154 1313 227 1347 beatum
242 1312 332 1347 Melorum
348 1313 427 1347 fidenter
441 1313 533 1347 credimus
548 1312 637 1347 extitisse.
660 1312 702 1347 Fuit
716 1313 765 1347 enim

62 1366 126 1400 beatus
135 1366 217 1399 Melorus
227 1366 250 1399 de
261 1365 317 1400 nobili
326 1366 465 1400 Britannorum
473 1377 546 1410 genere,
554 1367 606 1400 cuius
613 1372 666 1410 pater
674 1366 765 1400 Melianus

62 1420 147 1454 ducatum
163 1419 254 1454 Cornubie
269 1420 338 1454 tenuit:
358 1419 409 1454 cuius
424 1425 507 1464 tempore
523 1429 557 1464 per
571 1419 688 1464 septennium
704 1419 765 1464 pluuia
775 1430 794 1452 to

62 1483 118 1518 super
125 1479 193 1507 terram
201 1484 238 1507 non
245 1472 314 1508 cecidit.
334 1472 435 1518 instigante
442 1474 516 1508 tandem
522 1474 602 1518 maligno
609 1473 679 1518 spiritu,
686 1473 765 1517 septimo

62 1536 110 1560 anno
118 1527 195 1560 ducatus
205 1526 234 1561 sni
242 1527 286 1560 dum
294 1526 390 1561 consilium
398 1526 496 1570 primatum
504 1526 528 1560 ad
535 1527 630 1560 vtilitatem
638 1526 696 1570 patrie
704 1527 765 1570 proui-

62 1580 141 1612 dendam
156 1579 220 1613 suisset
234 1585 370 1623 congregatum,
382 1579 402 1612 in
415 1579 456 1623 ipso
469 1579 557 1612 concilio³
569 1579 671 1613 Riuoldus⁴
682 1579 765 1622 veniens,

62 1631 162 1666 Melianum
172 1632 247 1666 fratrem
258 1644 312 1666 suum
322 1633 393 1676 occidit,
401 1639 419 1666 et
431 1643 465 1677 pro
475 1633 505 1667 illo
516 1643 593 1678 regnare
604 1633 657 1678 cepit.
680 1633 765 1668 Habebat

61 1692 122 1720 autem
131 1686 221 1720 Melianus
232 1686 329 1730 paruulum
337 1688 428 1730 quendam
440 1685 497 1720 filium
508 1696 598 1720 annorum
609 1691 680 1731 septem
691 1687 765 1721 nomine
774 1694 793 1726 ¹5

62 1737 164 1773 Melorum:
175 1749 231 1783 quern
242 1743 284 1783 post
295 1739 353 1783 patris
364 1749 430 1773 necem
441 1743 517 1783 patruus
529 1739 569 1773 eius
579 1739 662 1774 occidere
671 1740 766 1783 querebat,

62 1791 128 1826 timens
138 1802 163 1826 ne
173 1792 189 1825 si
198 1802 245 1835 puer
252 1798 347 1835 superstes
357 1797 407 1826 esset
417 1797 435 1825 et
445 1792 468 1826 ad
476 1791 547 1826 virilem
555 1797 622 1826 etatem
630 1791 741 1836 perueniret,
748 1792 765 1826 ei

62 1844 146 1877 ducatum
154 1844 239 1877 auferret.
262 1844 364 1877 Riuoldus⁴
372 1844 427 1887 igitur
437 1844 480 1887 quid
490 1844 558 1878 laceret
569 1844 678 1884 deliberans,
686 1855 765 1888 puerum

62 1894 79 1929 in
88 1896 199 1931 Cornubiam
208 1908 270 1931 secum
278 1897 359 1939 adduxit,
366 1898 397 1931 vbi
406 1896 514 1932 conciliumu
522 1897 650 1941 episcoporum
661 1903 679 1932 et
689 1896 765 1932 aliorum

62 1950 161 1984 multorum
178 1950 237 1984 luerat
255 1955 391 1994 congregatum.
419 1950 442 1984 Et
457 1960 498 1984 cum
513 1960 591 1994 puerum
607 1949 690 1984 occidere
705 1950 793 1991 vellet,30

62 2002 144 2038 omnium
154 2014 210 2048 prece
222 2002 288 2038 lactum
301 2001 341 2038 est⁶
353 2008 372 2038 vt
384 2013 421 2038 non
433 2002 552 2046 occideretur,
564 2002 597 2038 sed
613 2007 683 2038 tantum
699 2013 765 2039 manus

61 2057 126 2092 dextra
134 2068 176 2092 cum
186 2057 261 2092 sinistro
269 2058 317 2102 pede
326 2062 446 2091 truncaretur.
469 2056 492 2090 Et
502 2057 570 2091 lactum
580 2062 608 2091 est
618 2057 648 2091 ita.
672 2057 727 2091 Facta
736 2064 765 2092 est

61 2116 121 2144 autem
134 2116 177 2155 post
189 2111 223 2145 hec
234 2111 288 2144 beato
301 2110 371 2144 Meloro
384 2120 449 2144 manus
463 2115 550 2154 argentea
562 2117 580 2145 et
592 2121 626 2154 pes
638 2110 730 2145 aeneusir
747 2118 765 2146 et

61 2163 101 2205 pius
113 2169 131 2198 et
142 2165 231 2198 innocens
243 2164 266 2198 de
278 2164 308 2198 die
319 2163 337 2197 in
349 2162 398 2197 diem
408 2163 505 2198 virtutibus
517 2174 608 2206 crescens,
617 2164 695 2198 nutritus
705 2169 734 2198 est
745 2165 764 2198 in

61 2217 139 2258 quodam
144 2216 255 2250 monasterio
260 2216 266 2235 ⁸
271 2215 367 2257 Cornubie,
372 2222 390 2250 et
395 2215 467 2249 diuinas
473 2215 573 2260 scripturas
579 2226 638 2260 vsque
643 2217 665 2250 ad
671 2222 765 2260 quartum·
773 2222 793 2254 35

61 2268 152 2303 decimum
164 2278 233 2303 annunt
246 2269 322 2314 legebat.
367 2261 456 2315 Quodam
468 2269 517 2303 enim
529 2268 601 2303 estiuali
612 2274 696 2313 tempore
707 2268 764 2304 abbas

61 2320 108 2355 illius
118 2323 153 2356 loci
161 2323 228 2357 nuces⁰
236 2324 329 2367 colligens,
336 2333 394 2367 puero
403 2323 455 2366 quasi
464 2322 538 2356 domino
549 2333 584 2357 suo
595 2322 720 2367 presentauit:
733 2322 764 2367 qui

62 2373 109 2418 cepit
121 2386 152 2410 eas
164 2376 248 2419 colligere
260 2382 347 2419 argentea
358 2385 420 2417 manu,
430 2375 534 2420 mirumque
543 2376 562 2410 in
573 2376 648 2410 modum
657 2385 723 2409 manus
734 2375 765 2409 illa

81 2436 86 2452 ¹
97 2436 125 2467 Ed.
134 2437 151 2466 in
158 2436 178 2465 A.
185 2437 215 2467 SS.
224 2436 264 2466 Ball.
271 2445 281 2474 3
287 2437 323 2473 Jan.
331 2436 343 2467 1.
352 2437 386 2473 136,
393 2435 433 2466 from
443 2446 452 2466 a
462 2436 491 2467 llls.
500 2436 540 2467 Rub.
548 2436 603 2467 Vallis.
623 2437 698 2467 Another
705 2436 764 2476 (short)

62 2473 119 2505 Lilein
127 2477 160 2506 MS.
169 2476 357 2515 Reg.uc.vl1.t.1⁶2.
421 2476 586 2507 'Ebritanniorum
647 2476 764 2508 ³E.c0nsilio.

61 2512 184 2546 ¹E.Rinoldus.
224 2517 353 2547 ³E.consilium.
398 2515 495 2547 ⁸0m.inT.
539 2516 636 2547 ⁷T.eneus.
682 2516 764 2554 'Regin

61 2555 127 2585 cenobio
135 2555 151 2587 S.
160 2555 247 2586 Borentini.
287 2556 293 2574 ⁰
304 2556 322 2587 Er
329 2556 383 2587 mices.
