1762 2803
123 111 170 205 '132
222 194 224 200 ,
317 148 397 202 tutus
412 145 528 209 tertona
543 145 635 207 uratia

126 268 203 313 virginis
212 267 268 302 Lucle
276 272 309 310 est,
315 267 334 302 in
340 279 376 311 qua
382 267 461 302 animam
469 277 530 302 meam
538 266 612 301 domino
620 265 676 301 Ihesu
684 264 757 301 Christo
763 264 829 301 libani!

128 321 144 356 F
144 322 227 356 estiuitas
234 332 278 356 vero
286 327 390 355 sanctarum
399 320 517 365 Kyneswide,
524 319 630 363 Kineburge
638 323 656 353 et
664 318 722 352 Tibbe
730 318 749 352 in
757 328 829 352 monas-

127 376 174 409 terio
184 374 237 419 burgi
248 374 305 408 sancti
316 374 365 408 Petri
375 374 434 418 pridie
444 383 503 408 nonas
514 372 578 408 Marcii
588 372 653 407 festiue
662 371 759 415 recolitur;
771 382 782 405 a
793 382 830 416 quo

128 429 203 473 quidem
212 427 322 461 monasterio
331 428 381 461 locus
389 426 429 461 siue
437 427 533 460 cenobium
541 427 560 459 in
568 436 604 469 quo
611 425 693 469 virgines
698 424 768 468 prefate
774 424 830 459 vitam

110 481 148 525 5in
159 492 226 525 magna
237 480 332 515 sanctitate
344 481 441 522 duxerunt,
454 480 486 514 vix
499 479 599 513 miliaribus
613 478 684 513 duobus
696 482 798 522 separatur,
812 483 830 512 et

128 536 183 569 modo
191 534 214 567 ab
221 534 285 567 incolis
293 533 357 567 Castre
365 533 474 567 nominatur.

150 645 198 689 [MS.
206 645 227 681 T.
235 646 292 681 adds:
427 644 511 679 Narratio
517 644 528 680 ¹.

151 711 255 763 Margarita
263 719 311 754 dicta
319 718 397 763 Pelagia,
405 719 468 762 pulcra
477 723 495 753 et
505 717 576 760 nobilis,
584 728 626 752 curn
636 716 708 752 cuidam
719 717 830 753 adolescenti

127 771 147 806 in
163 772 267 816 coniugium
282 773 329 813 data,
345 773 453 817 nupciarum
469 771 515 806 festa
530 776 593 806 essent
612 771 708 812 celebrata,
724 772 776 816 uirgo
795 772 830 806 deo

128 825 230 871 inspirante
243 825 362 860 considerans
375 826 476 869 dampnum
489 824 597 869 uirginitatis
608 825 664 858 tantis
675 824 769 868 plausibus
780 834 830 859 com-

102 888 121 908 10
128 878 194 921 parari,
207 883 297 921 prostrata
309 879 328 911 in
342 883 411 911 terram
424 888 466 911 cum
480 878 560 911 lacrimis
573 877 634 911 omnia
647 877 701 911 huius
714 878 751 910 uite
764 877 830 921 gaudia

129 931 181 975 quasi
198 936 279 964 stercora
297 930 401 975 respuebat.
432 930 490 964 Nocte
508 935 569 964 autern
588 929 619 963 illa
639 939 650 964 a
668 929 704 964 uiri
722 929 829 973 co(nsortio)

129 983 228 1025 abstinens,
236 988 254 1017 et
266 984 324 1017 tonsis
336 983 415 1017 crinibus
427 982 488 1016 media
499 988 553 1016 nocte
564 994 585 1016 se
596 984 632 1017 deo
643 983 800 1026 recommendans,
810 982 830 1016 in

128 1035 175 1071 uirili
184 1036 246 1070 habitu
255 1037 277 1070 ad
285 1036 377 1080 quoddam
388 1036 519 1069 monasterium
529 1035 585 1078 uenit,
593 1041 611 1070 et
621 1035 696 1070 fratrem
707 1035 801 1079 Pelagium
809 1046 830 1071 se

128 1090 229 1133 appellans,
237 1089 255 1122 in
264 1089 374 1122 monachum
382 1088 473 1132 recipitur.
496 1088 531 1131 Qui
542 1094 579 1122 tam
591 1088 661 1132 (sancte
672 1088 700 1131 ac)
712 1088 797 1132 religiose
809 1099 830 1124 se

101 1153 108 1174 r
111 1154 119 1184 5
128 1141 191 1186 gessit,
199 1142 248 1185 quod
256 1141 342 1174 defuncto
349 1140 514 1174 sanctimonialium
522 1142 618 1185 prouisore
628 1142 669 1175 licet
680 1141 749 1175 inuitus
757 1152 830 1176 monas-

127 1196 173 1228 terio
188 1194 280 1238 uirginum
296 1199 324 1227 est
339 1194 425 1237 prelatus.
456 1193 505 1227 Dum
520 1203 565 1237 ergo
580 1204 677 1238 corporum
692 1194 797 1228 necessaria
812 1200 830 1229 et

128 1247 230 1280 animarum
245 1246 312 1289 pabula
326 1246 389 1279 sedule
402 1245 519 1287 ministraret,
531 1246 614 1279 diabolus
630 1246 646 1279 ei
661 1246 746 1280 inuidens
762 1247 830 1280 studuit

128 1298 206 1343 qualiter
217 1308 328 1342 prosperum
341 1297 381 1331 eius
393 1307 467 1332 cursum
479 1297 551 1332 obiectu
563 1299 646 1332 criminis
656 1298 758 1342 impediret.
782 1299 829 1333 Nam

128 1362 183 1387 unam
202 1352 297 1397 uirginem,
313 1362 348 1396 que
364 1351 411 1396 (pre)
427 1350 496 1385 loribus
512 1357 556 1394 erat,
571 1351 590 1385 in
608 1350 718 1386 adulterium
732 1352 792 1394 traxit,
812 1357 830 1387 et

101 1417 120 1440 ao
129 1407 250 1450 [tumescente
267 1405 327 1448 utero]
343 1411 404 1439 tantus
424 1407 484 1448 pudor
504 1412 522 1439 et
542 1406 593 1439 dolor
610 1404 705 1449 utriusque
724 1406 830 1440 monasterii

129 1458 228 1492 monachos
233 1464 251 1491 et
259 1458 340 1501 uirgines
352 1457 481 1500 consternauit,
488 1459 536 1501 quod
545 1459 595 1492 solus
602 1458 686 1502 Pelagius
697 1464 761 1502 utpote
767 1469 829 1493 earum

129 1509 237 1553 (familiaris
245 1515 299 1553 atque
307 1510 412 1553 prepositus
418 1510 529 1543 sineiudicio
540 1515 558 1543 et
567 1510 701 1544 examinatione
711 1511 734 1543 ab
744 1512 829 1545 omnibus

129 1562 279 1605 condempnatur.
306 1561 342 1602 Qui
358 1561 407 1595 foras
425 1572 467 1595 cum
485 1561 584 1605 ignominia
596 1562 669 1605 pellitur
684 1568 702 1595 et
717 1563 736 1595 in
750 1564 829 1606 quodam

128 1614 188 1660 ru(pis
201 1625 257 1657 specu
272 1613 383 1656 relcluditur,
395 1613 563 1656 monachorumque
575 1614 704 1649 seuerissimus
721 1615 755 1648 sibi
772 1616 829 1659 depu-

101 1681 120 1712 ²5
130 1669 185 1711 (tatur
197 1667 235 1711 qui)
248 1677 315 1711 panem
329 1667 438 1701 ordeaceum
454 1671 472 1701 et
485 1677 552 1711 aquam
566 1667 673 1702 tenuissime
685 1667 702 1701 ei
715 1666 829 1702 ministrauit.

128 1721 155 1754 At
167 1719 196 1753 ille
209 1720 270 1753 omnia
283 1719 377 1764 pacienter
387 1719 480 1753 sustinens
492 1719 511 1753 in
523 1720 572 1754 nullo
582 1721 665 1754 turbatus
676 1720 713 1762 suit,
722 1726 750 1755 set
759 1722 830 1764 gracias

129 1784 205 1817 semper
216 1774 250 1807 deo
260 1772 363 1816 (refe)rens,
371 1784 405 1817 per
416 1777 521 1807 sanctorum
533 1772 618 1817 exempla
631 1783 651 1808 se
665 1772 749 1808 continue
757 1773 828 1809 consor-

129 1825 197 1868 (tabat.)
221 1826 267 1859 Cum
279 1826 343 1868 fi(nem
355 1836 409 1859 suum
420 1827 486 1859 adesse
498 1825 618 1870 cognouisset,
626 1826 694 1868 ab)bati
704 1831 723 1860 et
735 1826 830 1861 monachis

129 1880 170 1924 (per
177 1878 246 1913 litteras
254 1878 280 1912 sic
291 1878 384 1912 mandauit
391 1878 403 1921 ε)
413 1878 483 1912 ‘Nobili
494 1883 533 1913 orta
543 1889 616 1923 genere,
624 1878 730 1923 (Margarita
738 1880 757 1914 in
768 1879 830 1914 seculo

101 1946 121 1975 30
130 1932 224 1975 dictami),
233 1943 268 1976 que
280 1937 300 1966 ut
310 1932 387 1976 pelagus
398 1932 541 1976 temptacionum
553 1932 670 1975 (transirem),
679 1932 763 1976 Pelagius
774 1932 828 1967 michi

130 1996 198 2019 nomen
210 1985 299 2028 imposui;
313 1985 348 2028 (uir
359 1985 408 2028 sum)
420 1995 457 2018 non
468 1995 502 2029 pro
514 1985 622 2030 deceptione
633 1985 714 2028 mentita,
722 1986 771 2030 quod
779 1986 830 2020 sactis

130 2039 226 2081 (ostendi);
239 2039 263 2072 de
276 2038 352 2071 crimine
363 2039 449 2072 uirtutem
460 2037 535 2082 optinui,
546 2038 684 2082 peni(tenci)a1n
694 2039 783 2073 innocens
795 2039 830 2082 egi.

130 2091 169 2123 lam
177 2100 234 2133 queso
241 2095 261 2122 ut
269 2101 324 2133 quam
332 2091 367 2122 uiri
373 2090 460 2123 seminam
468 2091 577 2132 nescierunt,
584 2097 646 2124 sancte
654 2102 727 2125 sorores
736 2092 830 2135 sepeliant,

129 2148 147 2178 et
160 2141 184 2177 sit
198 2141 280 2186 expiaeio
292 2143 370 2176 uiuentis
384 2144 463 2177 ostensio
476 2142 576 2186 morientis,
590 2149 609 2176 ut
621 2143 689 2176 lemine
701 2143 791 2188 uirginem
802 2154 831 2177 re-

102 2211 121 2242 35
130 2201 240 2240 cognoscant
250 2206 305 2239 quam
314 2196 467 2240 calumpniatores
478 2197 580 2231 adulterum
586 2196 699 2232 indicabant!
715 2197 757 2232 Hiis
765 2197 830 2232 auditis

129 2249 223 2283 monachis
238 2254 257 2283 et
271 2249 438 2283 sanctimonialibus
453 2251 476 2284 ad
492 2251 599 2294 speluncam
613 2251 732 2293 currentibus,
743 2251 828 2295 Pelagius

129 2301 221 2337 aleminis
228 2301 301 2344 semina,
310 2306 328 2336 et
336 2302 387 2346 uirgo
395 2304 460 2337 intacta
470 2302 589 2348 cognoscitur,
601 2309 619 2337 et
630 2303 699 2338 cunctis
708 2303 830 2349 penitenciam

130 2354 232 2398 agentibus,
240 2354 259 2387 in
267 2355 377 2388 monasterio
385 2354 477 2398 uirginum
485 2356 584 2389 honorifice
592 2356 681 2400 sepelitur
685 2357 704 2400 ἶ]

150 2426 155 2446 ¹
165 2427 188 2456 Cf.
196 2427 234 2464 Leg.
241 2427 300 2462 Aurea,
307 2436 322 2464 p.
330 2428 364 2464 67⁶.
411 2428 417 2444 ²
428 2429 488 2458 Collect
494 2430 510 2458 in
518 2429 544 2460 T.:

137 2488 344 2499 .........
365 2467 501 2504 marganteadeo
510 2469 546 2498 date
553 2474 569 2498 et
576 2469 621 2498 nobis
643 2491 646 2499 .
668 2491 672 2499 .
693 2491 697 2499 .
718 2491 722 2499 .
743 2466 830 2507 dignemini

129 2510 190 2539 adesse.
209 2507 285 2536 Exultent
305 2529 462 2539 ,,,,,,,
483 2508 614 2546 Propteriudicia
621 2513 647 2540 tua
655 2509 723 2541 domine.

151 2553 247 2590 Sanctarum
261 2557 339 2593 uirginum
353 2561 413 2586 tuarum
431 2558 533 2595 Kyneburge,
549 2560 647 2597 Kyneswide
661 2569 679 2590 ac
693 2559 749 2597 Tibbe,
763 2559 830 2595 domine,

129 2597 271 2636 supplicationibus
279 2596 329 2626 tribue
337 2607 366 2626 nos
373 2597 429 2634 foueri,
437 2602 454 2627 ut
461 2607 525 2635 quarum
533 2599 638 2629 uenerabilem
646 2621 696 2630 .....
