1762 2803
91 126 94 132 .
115 103 161 150 414
307 89 386 141 illota
402 86 518 149 legente
533 87 626 150 anglie·

116 209 257 245 commendauit.
286 208 363 244 Addidit
378 209 455 255 insuper
473 210 522 255 quod
541 221 609 255 corpus
628 220 682 245 suum
700 208 719 245 in
738 207 817 254 quadam

116 269 188 299 carecta
199 274 233 297 sua
243 264 330 297 decenter
337 269 442 307 poneretur,
449 268 467 298 et
475 264 552 299 iunctis¹
560 265 579 298 in
587 265 652 298 eadem
660 263 738 298 firmiter
746 263 817 298 duobus

116 316 155 352 suis
166 316 225 351 bobus
237 320 256 351 et
267 315 340 350 nemine
351 316 434 359 ducente,
443 317 476 351 sed
488 316 518 351 vbi
530 319 576 352 deus
588 316 705 359 ordinauerit,
714 327 748 361 per
759 316 818 351 dictos

116 370 174 404 boues
181 369 291 412 veheretur;
303 374 322 404 et
330 370 391 403 statim
401 369 500 413 prostrauit
509 380 530 404 se
541 374 558 404 et
569 370 627 404 orauit
638 369 692 404 deum
702 370 777 404 dicens:
790 370 795 389 ‘
801 368 818 403 0

99 430 108 462 5
117 433 161 467 spes
170 427 188 457 et
198 421 248 457 salus
257 422 376 464 credentium,
385 422 402 456 Ο
410 423 466 456 decus
475 427 493 457 et
501 422 554 467 quies
562 422 688 466 laborantium,
697 421 753 456 ihesu
764 421 819 464 bone,

117 475 145 511 fac
157 475 204 510 hanc
215 486 258 510 cum
269 486 324 510 seruo
335 481 367 510 tuo
378 473 530 519 misericordiam,
539 482 559 510 vt
570 477 673 521 quicunque
685 475 780 521 operarius
791 475 819 510 in·

113 528 221 564 firmitatem
228 539 262 563 seu
269 529 318 563 aliud
326 529 480 574 impedimentum
487 529 507 564 in
515 540 593 574 corpore
601 540 634 565 suo
642 530 731 572 habuerit,
737 530 767 564 vel
775 528 819 573 qui²

116 583 225 618 necessitate
233 583 339 628 compulsus
347 593 381 627 pro
389 583 448 617 brutis
458 582 567 618 animalibus
578 594 609 618 me
619 594 660 618 cum
670 584 719 618 bona
726 582 819 618 voluntate

116 635 161 678 [in]³
167 635 242 669 nomine
248 641 311 669 sancto
316 635 535 670 tuoreuerentervisitare
540 635 623 678 voluerit,
628 641 690 679 optato
696 645 733 669 non
741 635 818 676 carere⁴,

87 698 109 719 ιο
117 694 134 722 et
139 688 193 722 bruta
200 687 290 730 animalia,
298 698 342 732 rogo
348 693 367 722 te
373 688 452 732 domine,
459 687 554 732 pristinam
560 688 656 723 sanitatem
663 687 761 732 recipiant!
783 686 819 730 Qui

117 752 158 776 cum
166 741 216 786 loqui
224 745 320 784 cessasset,
328 752 365 777 vox
377 742 400 777 de
412 742 462 777 coelo
473 742 545 778 sonuit:
559 741 585 777 Ὀ
596 747 659 777 sancte
667 740 768 784 Walstane‚
777 752 818 777 con·

115 805 191 831 cessum
203 800 231 830 est
243 795 275 829 tibi
287 796 336 840 quod
348 795 416 840 petisti.
438 795 486 831 Veni
497 797 520 830 de
531 796 594 830 labore
606 798 629 831 ad
642 795 729 840 requiem,
740 795 783 830 veni
795 796 819 830 de

117 849 192 883 miseria
202 849 225 882 ad
237 849 325 882 salutem.¹
348 849 372 882 Et
383 850 443 883 statim
454 849 473 882 in
485 849 566 892 predicto
578 853 630 892 prato
643 848 727 893 spiritum
740 846 819 883 reddidit

118 900 239 945 omnipotenti
247 901 287 935 deo.
310 901 338 935 Illi
345 902 420 945 quidem
428 901 459 945 qui
467 913 508 935 eum
516 907 580 936 sancto
591 902 688 935 Walstano
698 902 820 945 personaliter

91 967 109 999 15
117 955 191 988 fuerunt
198 955 271 998 quando
280 964 360 999 superna
368 954 420 999 petiit
428 960 446 988 et
454 959 560 999 presentem
568 956 659 989 mundum
667 954 745 999 reliquit,
756 954 775 989 in
784 954 819 989 hoc

116 1014 174 1045 testes
181 1008 295 1044 veracissimi
303 1008 413 1043 extiterunt⁶
421 1009 469 1051 quod
480 1008 533 1051 quasi
543 1008 627 1042 columba
637 1007 680 1042 niue
691 1007 786 1042 candidior
797 1008 820 1042 ab

117 1073 149 1097 ore
162 1061 201 1095 eius
214 1055 277 1096 sancto
291 1060 368 1095 exiliens
381 1062 426 1096 coeli
439 1062 512 1095 culmen
527 1061 609 1096 ascendit
625 1066 643 1095 et
658 1060 678 1095 in
694 1060 820 1105 superioribus

114 1116 166 1149 clara
174 1115 222 1148 nube
229 1114 307 1148 euanuit.
330 1114 401 1148 Collato
406 1124 450 1157 ergo
456 1124 509 1148 sacro
514 1124 591 1157 corpore
596 1114 687 1148 Walstani
692 1123 727 1157 per
732 1114 820 1148 honestas

117 1177 207 1210 personas
215 1166 239 1199 ibi
247 1166 347 1200 existentes
358 1168 378 1199 in
385 1172 467 1200 carrecta
474 1177 513 1208 sua,
521 1171 575 1210 prout
584 1167 688 1199 ordinatum
696 1165 748 1209 prius
755 1165 820 1208 fuerat,

90 1233 110 1255 ao
118 1220 175 1254 boues
183 1219 218 1252 iter
225 1223 278 1252 suuni
286 1229 352 1253 versus
360 1219 425 1253 siluam
434 1220 457 1254 de
469 1219 596 1264 Costesheya⁰
604 1223 654 1253 recte
663 1218 775 1253 direxerunt.
798 1218 820 1253 In

117 1283 154 1317 quo
167 1270 232 1306 itinere
244 1272 292 1306 istud
304 1272 434 1306 miraculosum
448 1271 522 1317 contigit
533 1272 634 1317 quodcum
646 1272 702 1307 boues
714 1281 756 1306 cum
767 1281 820 1307 sacro

118 1336 195 1370 corpore
209 1325 290 1369 predicto
303 1336 370 1369 aquam
383 1325 463 1369 ingressi
474 1325 549 1360 fuerunt
560 1324 722 1369 profundissimam
737 1324 757 1358 in
773 1326 821 1359 dicta

118 1379 164 1414 silua
178 1378 293 1421 existentem,
307 1379 353 1413 deus
366 1390 400 1423 pro
415 1389 478 1413 amore
490 1385 509 1413 et
522 1379 592 1413 honore
604 1378 661 1413 sancti
673 1378 764 1413 Walstani
776 1378 820 1413 illud

118 1433 226 1465 miraculum
238 1431 317 1464 ostendit
328 1432 427 1477 quod-rote
437 1432 484 1465 dicte
496 1435 566 1465 carecte
577 1440 634 1474 super
646 1441 693 1473 aque
704 1430 820 1473 superficiem

92 1502 99 1522 η
101 1501 110 1532 5
119 1485 192 1519 labilem
200 1489 218 1518 et
228 1483 335 1518 naturaliter
345 1483 433 1528 liquidam
440 1489 527 1528 tanquam
538 1488 671 1527 superterram
678 1483 708 1518 vel
716 1482 770 1517 aliam
782 1494 820 1517 rna-

119 1537 185 1571 teriam
192 1535 322 1570 consolidatam
328 1540 347 1570 et
355 1536 427 1571 firmam
435 1536 475 1571 sine
483 1536 544 1580 aliqua
551 1534 670 1570 immersione
675 1536 681 1554 ³
687 1541 820 1583 processerunt

120 1591 202 1633 Quarum
210 1594 292 1623 rotarum
297 1588 374 1633 vestigia
379 1600 438 1633 usque
446 1588 465 1623 in
472 1590 521 1624 hunc
529 1590 578 1624 diem
586 1588 605 1623 in
613 1599 659 1632 aque
668 1589 749 1633 predicte
756 1599 820 1633 super·

119 1643 160 1678 ficie
171 1652 261 1686 apparere
271 1641 361 1676 dicuntur.
383 1642 463 1686 Contigit
473 1643 528 1677 etiam
536 1642 584 1677 aliud
592 1642 710 1677 miraculum:
723 1644 820 1686 quodcum

120 1696 164 1740 [in]³
172 1696 251 1739 quodam
262 1695 329 1729 montis
338 1696 407 1729 excelsi
417 1695 512 1730 cacumine
523 1694 598 1729 indicta
608 1695 655 1729 silua
667 1694 753 1729 existenti
762 1696 821 1731 boues

89 1765 111 1795 ,30
120 1760 161 1783 cum
169 1758 221 1781 sacro
229 1758 305 1792 corpore
313 1747 371 1781 sancti
379 1747 470 1782 Walstani
477 1748 572 1792 paululum
580 1748 758 1791 persisterent,uena
766 1747 821 1782 fontis

117 1807 183 1837 contra
188 1806 273 1835 naturam
280 1800 315 1835 loci
322 1800 371 1835 illius
378 1800 397 1834 in
406 1799 479 1844 signum
485 1800 542 1844 gratie
548 1801 571 1834 ob
578 1811 660 1834 amorem
666 1800 821 1834 sanctiWalstani

118 1864 177 1899 usque
188 1853 207 1888 in
219 1853 268 1888 hunc
279 1854 328 1888 diem
339 1863 373 1897 per
384 1853 465 1888 diuinam
476 1852 560 1898 apparuit
572 1853 694 1896 clementiam,
702 1854 733 1889 vbi
740 1858 783 1888 ante
790 1853 821 1887 illa

117 1913 203 1952 tempora
214 1917 308 1950 nunquam
319 1917 367 1951 aqua
377 1906 452 1941 inuenta
464 1906 501 1940 fuit.
526 1906 643 1941 Declinantes
655 1912 716 1940 autem
727 1907 786 1941 boues
797 1907 821 1941 ab

119 1961 149 1994 illo
161 1960 200 1994 loco
212 1970 254 1993 cum
265 1959 296 1992 illo
308 1960 392 2003 precioso
400 1969 477 2001 corpore
484 1969 549 1993 versus
557 1958 619 1993 villam
631 1960 654 1992 de
666 1959 771 2000 Bauburgfl,
779 1968 821 1991 cum

91 2021 110 2054 35
120 2013 158 2046 fere
170 2012 192 2045 ad
203 2011 264 2045 locum
274 2010 306 2044 vbi
318 2021 366 2044 nunc
378 2021 445 2053 corpus
457 2009 504 2044 iacet
515 2010 610 2044 humatum
622 2010 756 2054 prouenissent,
767 2009 821 2043 aliam

119 2064 218 2100 stationem
225 2063 244 2097 in
252 2063 332 2106 quodam
340 2063 380 2097 loco
388 2063 481 2097 fecerunt:
492 2062 511 2096 in
519 2075 555 2107 quo
562 2074 622 2107 vsque
630 2062 648 2095 in
656 2062 705 2096 diem
712 2063 821 2097 hodiernum

119 2118 190 2152 fontem
199 2116 260 2158 alium,
268 2117 315 2150 mire
322 2116 394 2151 virtutis
402 2121 466 2151 contra
478 2115 540 2151 febres
548 2121 566 2150 et
573 2115 640 2150 multas
648 2116 693 2151 alias
699 2115 821 2159 infirmitates,

120 2171 143 2204 ob
156 2180 237 2204 amorem
250 2170 308 2203 sancti
320 2169 411 2203 Walstani
425 2169 487 2203 diuina
501 2169 560 2213 pietas
576 2170 672 2203 constituit.
696 2168 778 2203 Positum
793 2174 822 2204 est

117 2233 187 2267 corpus
199 2222 253 2256 huius
264 2221 322 2256 sancti
333 2222 367 2256 uiri
377 2221 469 2257 Walstani
481 2222 500 2256 in
512 2221 589 2256 ecclesia
601 2222 624 2256 de
636 2222 733 2265 Bawburg,
741 2223 760 2256 in
770 2223 821 2256 cuius

91 2288 112 2318 40
120 2275 195 2309 nomine
200 2278 228 2307 est
233 2274 325 2315 dedicata3
337 2285 371 2316 pro
377 2273 428 2308 cuius
434 2284 497 2307 amore
503 2275 549 2307 deus
554 2274 628 2308 diuersa
635 2278 721 2318 operatur
728 2273 821 2309 miracula.

121 2328 168 2362 Nam
183 2326 251 2361 ibidem
265 2326 353 2371 paralitici
372 2332 462 2369 curantur,
478 2326 516 2362 ceci
530 2326 599 2369 vident,
614 2327 665 2362 surdi
680 2326 761 2369 audiunt,
776 2326 821 2362 muti

119 2382 224 2425 loquuntur,
233 2379 292 2414 claudi
303 2379 401 2421 ambulant,
410 2380 490 2414 euadunt
502 2379 632 2422 febricitantes,
640 2381 710 2425 arrepti
717 2391 728 2414 a
735 2380 821 2415 demonio

118 2435 225 2479 liberantur,
239 2434 301 2477 oculis,
313 2434 368 2468 etiam
379 2433 488 2478 genitalibus
501 2434 589 2468 membris
602 2433 669 2478 priuati
680 2433 750 2469 meritis
763 2433 822 2469 sancti

118 2508 247 2538 ·¹E.cunctis.
300 2507 390 2544 ‘Equod
416 2512 421 2517 ·’
444 2507 491 2537 ³om.
520 2512 523 2516 “
546 2502 638 2536 ‘'neareat.
688 2506 723 2537 5Ε.
731 2507 822 2536 extiterant.

119 2549 268 2585 ⁶=Costesseyor
274 2547 338 2584 Cossey,
347 2556 386 2577 near
393 2546 478 2577 Norwich..
497 2571 500 2574 ,
517 2545 527 2574 ,1
536 2546 553 2576 E.
562 2547 656 2578 emersione.
671 2570 681 2574 ..
704 2546 821 2584 ³ubanburg.
