1762 2803
115 108 158 149 314
268 139 269 143 ,
305 95 384 147 nuno
400 93 516 156 naamon
531 89 629 157 unalia

113 215 187 259 signum
198 217 247 258 quod
260 215 328 250 scilicet
339 222 402 261 preter
415 216 474 251 officia
486 217 611 251 membrorum
625 217 690 261 quibus
704 217 723 251 in
738 216 815 262 puellari

114 268 188 303 leuitate
203 270 260 303 abusa
274 280 321 311 sum,
336 270 355 304 id
370 275 398 304 est
417 271 516 313 oculorum,
532 281 625 311 manuum,
641 271 715 314 pedum,
731 270 815 305 inuenies

115 322 205 366 reliquum
222 324 302 365 corporis
318 322 359 363 mei,
375 323 422 357 sicut
437 323 531 364 illibatum,
546 323 571 357 ita
586 329 603 357 et
618 323 754 367 incorruptum:
772 334 815 357 nam

114 374 194 408 libidinis
211 379 230 409 et
245 375 319 418 crapule
334 386 402 419 expers
417 387 492 419 semper
506 377 536 410 fui.
559 376 647 410 Pollicem
663 387 735 419 quoque
751 377 816 410 dextre

97 433 180 461 smanns
188 437 224 469 quo
234 427 279 460 mihi
289 428 363 461 assidue
373 434 437 462 sancte
447 428 506 463 crucis
515 428 647 473 impresseram
659 429 737 473 signum,
745 428 816 463 videbis

115 479 233 515 nihilominus
240 480 319 523 illesum,
327 487 346 514 vt
354 487 442 525 appareat
453 482 555 526 benignitas
567 482 636 516 domini
645 482 664 516 in
673 487 726 525 parte
737 487 816 521 seruata,

114 538 132 566 et
140 537 217 576 paterna
225 534 330 575 castigatio1
339 535 358 567 in
370 539 422 577 parte
434 535 530 577 absumpta
536 534 553 567 ²!
576 535 684 568 Dunstanus
696 535 762 577 itaque,
774 544 815 567 cum

114 587 163 628 apud
177 585 244 619 Sarum
257 595 315 629 prope
329 585 437 620 Wiltoniam
453 591 575 630 pernoctaret,
589 596 623 630 per
634 586 694 620 visum
707 586 817 620 transfertur

114 637 133 671 in
149 638 244 672 ecclesiam
256 638 345 673 Wiltonie
358 650 416 682 vsque
430 640 453 672 ad
465 640 555 673 tumulum
566 639 642 683 virginis
654 644 726 681 sancte3
739 644 757 673 et
768 649 816 681 eece,

88 689 164 725 10videt
183 692 266 735 angelica
284 692 366 726 claritate
386 698 469 727 sanctum
491 692 594 727 Dionisium
615 692 667 726 altari
686 692 778 732 assistere,
798 697 816 725 et

115 743 205 788 virginem
218 744 303 778 Editham
315 745 355 780 luce
367 750 386 780 et
398 746 477 780 candore
489 746 605 790 splendidam
616 746 647 779 tali
658 745 744 780 dilectum
756 750 816 789 patro-

114 807 159 830 num
178 797 289 840 compellare
308 798 416 832 deuotione:
433 798 489 839 ‘Scis
505 804 562 842 pater,
578 799 602 832 de
617 809 647 832 me
663 799 706 841 quid
726 797 816 831 dominice

114 849 215 892 placuerit³
231 850 300 894 gratie3
317 856 336 884 tu
348 850 415 885 summi
428 851 500 885 consilii
511 851 604 895 interpres
615 856 633 884 et
645 851 706 884 diuine
717 850 817 884 voluntatis

115 902 180 945 legate,
193 901 235 935 huic
251 904 327 943 aduene,
340 914 376 947 qua
389 905 426 937 fide
439 909 457 937 et
471 903 577 937 auctoritate
592 904 627 937 huc
643 913 686 937 eum
700 903 816 936 inuitauerim

89 963 107 992 15
116 955 208 988 edissere?
233 955 312 989 Sanctus
327 954 421 990 Dionisius
436 956 472 990 ait:
485 956 633 996 ‘Animaduerte
650 955 711 997 frater,
726 954 817 989 visionem

116 1017 171 1051 quam
183 1017 242 1050 nuper
252 1007 312 1042 vidisti
324 1019 387 1042 veram
396 1019 438 1043 esse
448 1020 504 1053 super
515 1008 569 1043 huius
580 1008 645 1043 dilecte
657 1008 726 1042 domini
738 1008 817 1042 declara·

115 1061 171 1095 tione.
195 1060 255 1104 Digna
266 1066 295 1095 est
306 1071 316 1095 a
328 1061 425 1105 terrigenis
438 1062 527 1103 venerari,
539 1073 575 1106 que
588 1061 637 1096 inter
648 1061 740 1106 celigenas
751 1061 817 1095 meruit

117 1113 204 1148 coronari.
228 1114 309 1157 Dignum
324 1120 353 1148 est
365 1116 434 1149 honore
446 1116 480 1148 hoc
494 1126 565 1159 corpus,
577 1116 611 1148 hoc
623 1115 713 1158 templum
723 1114 817 1158 virginalis

116 1165 207 1210 pudicitie,
223 1166 242 1200 in
255 1178 291 1210 quo
304 1173 375 1201 amator
387 1167 496 1212 virginitatis
509 1168 592 1212 regnauit
605 1167 690 1201 dominus
705 1178 739 1201 rex
754 1166 817 1210 glorie.

89 1229 109 1248 ²0
117 1220 164 1253 Nam
180 1219 220 1252 eius
233 1219 328 1262 placabilia
340 1221 389 1262 apud
402 1220 495 1254 Christum
510 1220 596 1263 suffragia
611 1220 718 1253 mortalibus
730 1225 773 1252 sunt
785 1230 818 1252 ne-

116 1270 205 1304 cessaria)
229 1270 286 1313 Igitur
301 1272 354 1304 tertio
368 1282 426 1305 nonas
438 1272 543 1305 nouembris
555 1282 622 1315 corpus
639 1276 723 1304 sanctum
735 1272 758 1304 de
770 1275 818 1304 terra

116 1323 192 1365 leuatur,
203 1328 221 1356 et
232 1322 298 1366 omnia,
308 1329 328 1357 vt
338 1323 450 1367 premittitur
458 1323 581 1358 inueniuntur.
627 1316 733 1357 Monachus
743 1323 818 1366 quidam

117 1374 216 1416 Glastonie,
232 1375 307 1409 nomine
320 1375 403 1418 Edulfus,
416 1377 511 1410 collectam
523 1382 593 1409 temere
604 1376 623 1408 in
638 1386 702 1420 rugam
717 1386 728 1408 a
742 1386 818 1418 corpore

117 1434 180 1463 sancto
194 1427 276 1463 tunicam
291 1429 363 1464 cultello
378 1429 469 1473 prescidh,
483 1428 574 1473 simulque
588 1434 672 1463 sanctum
688 1439 754 1472 corpus
770 1428 818 1462 ferro

90 1492 108 1522 25
116 1481 213 1526 percussit.
236 1482 275 1516 Nec
291 1493 347 1524 mora,
362 1483 457 1527 sanguinis
472 1484 526 1525 unda,
541 1494 562 1516 ac
577 1481 593 1516 si
607 1483 630 1516 de
644 1482 686 1516 vina
699 1493 747 1516 vena
760 1481 819 1516 elicita

116 1534 206 1579 prorupit,
213 1539 312 1577 vestesque
320 1545 341 1568 ac
349 1535 475 1579 pauimentum
483 1534 576 1578 respersit.
595 1534 679 1568 Territus
685 1539 803 1578 presumptor
807 1533 819 1576 ⁴,

117 1588 188 1622 serrum
199 1597 240 1621 cum
253 1597 304 1621 sacra
316 1587 380 1631 rapina
392 1587 495 1631 proiiciens,
506 1587 600 1621 infaciem
611 1587 652 1627 ruit,
662 1588 734 1630 culpam
746 1587 819 1620 fletibus

118 1641 180 1674 lauare
194 1639 268 1674 curauit.
292 1639 375 1684 Cumque
389 1652 400 1674 a
412 1640 535 1674 satisfactione
547 1639 632 1680 surrexit,
644 1639 680 1673 iam
692 1640 753 1673 nullus
766 1650 820 1673 cruor

118 1693 207 1737 apparuit.
231 1692 306 1726 Etcum
318 1703 371 1726 soror
382 1694 462 1737 quedam
473 1693 497 1726 de
507 1693 553 1726 vitta
564 1693 611 1726 sacri
626 1691 689 1735 capitis
702 1697 774 1735 partem
788 1692 819 1725 ab·

91 1755 111 1783 30
119 1744 202 1779 scidere⁵
213 1750 293 1777 tentaret
299 1745 311 1786 ὅ,
321 1746 375 1779 vitale
386 1750 440 1789 caput
451 1756 472 1779 se
482 1745 545 1786 erexit,
556 1755 577 1778 ac
587 1743 741 1788 presumptricem
752 1744 819 1778 minaci

118 1797 245 1842 indignatione
258 1799 360 1832 absterruit.
406 1792 475 1833 Clerici
488 1798 579 1832 Pictorum
591 1796 658 1831 scrinio
670 1796 819 1831 circumferentes

119 1856 202 1885 sanctum
214 1850 338 1884 confessorem
350 1850 427 1892 Ywium,
439 1850 458 1884 in
470 1850 546 1885 cenobio
558 1855 620 1883 sancte
632 1849 708 1894 virginis
720 1849 820 1884 honorifice

118 1902 204 1948 suscepti,
220 1902 239 1936 in
258 1903 310 1937 altari
325 1904 379 1939 beate
394 1904 461 1939 Edithe
477 1904 564 1948 reliquias
580 1904 711 1948 deposuerunt.
736 1903 820 1947 Cumque

119 1957 179 1991 clerici
195 1958 294 1991 abscedere
309 1958 383 1998 vellent,
399 1963 449 1992 tanto
462 1957 525 1991 Ywius
540 1957 606 1990 affixus
618 1962 646 1990 est
658 1957 746 2000 pondere,
761 1961 780 1991 vt
797 1957 819 1990 ab

92 2021 109 2051 35
119 2010 171 2045 altari
176 2010 226 2043 nullo
232 2010 329 2044 conamine
335 2010 407 2045 leuarel
412 2016 494 2054 possent.
514 2011 589 2044 Plorant
595 2011 672 2050 aduene,
679 2009 751 2050 eiulant,
758 2014 820 2042 vestes

119 2063 205 2097 scindunt
220 2067 238 2095 et
253 2062 313 2096 crines
329 2063 425 2098 euelluntl.
449 2063 547 2106 Desperati
562 2064 637 2096 tandem
652 2061 732 2104 receptis
749 2062 820 2095 duobus

119 2115 193 2148 milibus
201 2115 301 2148 solidorum
309 2126 320 2149 a
327 2115 421 2149 Wlftrude
429 2115 525 2155 abbatissa,
534 2115 556 2148 ad
565 2114 640 2158 propria
650 2114 712 2147 tristes
720 2113 820 2148 redierunt.

120 2162 171 2204 Cum
181 2167 230 2201 enim
240 2177 274 2201 rex
284 2168 377 2202 Canutus⁹
385 2167 404 2202 in
414 2168 460 2202 festo
472 2172 590 2211 pentecostes
600 2168 649 2210 apud
657 2166 769 2206 Wiltoniam,
777 2177 821 2199 eon-

120 2221 190 2262 uiuans,
204 2219 290 2254 solennes
302 2221 401 2254 cachinnos
406 2220 420 2239 ¹⁰
431 2220 450 2253 in
463 2225 544 2254 sanctam
557 2219 643 2253 Editham
654 2219 762 2261 effunderet,
774 2229 820 2252 nun-

92 2286 112 2315 40
120 2285 175 2318 quam
188 2284 209 2307 se
221 2272 332 2308 crediturum
343 2273 395 2316 dixit,
407 2273 463 2308 filiam
475 2274 523 2318 regis
537 2273 604 2316 Edgari
617 2278 699 2307 sanctam
711 2272 756 2314 fore,
769 2272 820 2305 cuins

120 2332 173 2371 pater
180 2326 250 2360 libidini
258 2338 332 2370 semper
336 2338 357 2360 ac
365 2328 451 2361 tirannidi
460 2328 531 2362 deditus
540 2327 578 2361 fuit.
598 2325 712 2361 Contradixit
721 2325 804 2359 Ednotus
810 2325 822 2344 ¹¹

120 2379 273 2425 archiepiscopus,
282 2385 325 2414 tunc
335 2391 419 2424 presens,
428 2386 446 2414 et
454 2380 515 2414 statim
526 2379 645 2424 sepulchrum
654 2378 730 2422 virginis
739 2377 821 2421 aperuit:

140 2470 146 2488 ¹
157 2470 174 2500 E.
182 2470 289 2507 castigatione.
342 2470 348 2487 ²
359 2471 376 2501 E.
384 2475 469 2507 assumpta.
519 2471 525 2487 ³
536 2469 553 2499 E.
561 2470 623 2506 placuit⁴
675 2468 680 2485 ¹
691 2468 708 2496 E.
717 2472 821 2503 presomptor.

120 2510 126 2527 ⁵
137 2510 154 2539 E.
162 2510 259 2539 abscindere.
298 2508 304 2524 ⁶
314 2509 331 2538 T.
340 2514 429 2546 temptaret.
469 2508 476 2526 ⁷
485 2509 503 2538 T.
513 2509 530 2538 E.
538 2509 587 2537 leuari
595 2511 665 2544 possent.
705 2506 711 2522 ⁸
721 2506 739 2535 T.
747 2506 821 2536 auellunt.

121 2548 126 2565 ⁰
137 2548 155 2578 E.
164 2547 237 2578 camicus.
278 2547 289 2565 ¹⁰
300 2548 317 2578 E.
325 2548 413 2577 cachinnas.
455 2547 466 2566 ¹¹
477 2547 497 2578 al.
505 2547 593 2577 Edilnotus.
