1762 2803
231 74 276 130 Uo
292 72 392 126 &auctu
407 71 535 125 benamu.
692 87 731 118 ιη

32 209 90 244 vsque
99 196 154 231 hodie
165 195 231 238 ingens
242 194 268 228 ibi
278 193 362 228 fraxinus
371 198 451 235 ostensa,
462 193 481 227 in
493 191 583 227 memoria
591 192 639 228 beati
650 192 736 228 lfenelmi

33 250 110 288 celebris
122 249 204 283 habetur.
226 248 279 281 Tunc
290 247 399 281 senissimus
410 246 476 281 artifex
487 247 560 290 longius
570 256 648 290 puerum
658 247 737 289 abducit,

33 307 52 341 in
57 304 123 340 vallem
130 301 240 346 profundam
246 301 264 334 in
269 301 310 345 ipsa
315 300 366 343 silua,
373 300 437 335 Clento
442 305 530 335 vocatam.
543 300 626 344 Cumque
631 298 636 318 ¹
642 304 737 344 tyrannus,

33 357 132 402 iniquitatis
148 354 203 396 filius,
219 355 293 388 diuersa
308 354 349 387 loca
364 358 435 387 secreta
450 353 534 388 curiosus
548 358 640 397 quereret,
653 352 679 387 sic
695 363 737 387 eum

33 413 129 454 increpare
136 408 233 442 videbatur
241 412 311 452 martyr
316 418 340 441 ex
346 418 391 441 voce
399 406 501 441 dominica:
514 407 577 449 ‘Quod
583 405 633 448 facis,
640 406 667 440 fac
675 405 738 440 citius!
746 417 755 446 5

35 465 61 499 Ibi
69 463 124 507 igitur
131 462 166 496 sub
174 461 240 494 arbore
248 460 312 504 spinea
320 465 374 504 caput
380 459 467 494 Kenelmi
475 459 572 504 septennis
580 459 684 500 absciditur,
689 459 738 503 quod

34 518 74 561 ipse
89 516 173 559 protinus
189 514 272 547 extensis
287 513 372 556 palmulis
388 512 485 555 excepisse
500 518 618 546 memoratur.
643 512 739 546 Asseritur

35 570 88 604 etiam
96 566 145 610 quod
153 567 189 600 iam
201 565 319 600 decollandus
328 565 365 599 ‘Te
372 566 428 598 deum
438 565 541 605 laudamus,
549 570 568 599 te
579 564 674 599 dominum
682 565 738 599 confi·

35 621 103 655 temur’
119 619 214 662 inceperit,
229 624 284 661 atque
297 620 316 651 in
330 618 361 651 illo
375 628 443 652 versu:
463 618 501 652 ‘Te
514 623 617 661 martyrum
629 617 739 651 candidatus

35 673 94 708 laudat
103 671 205 707 exercitus’
215 670 307 715 iugulatus
315 671 425 712 occubuerit,
433 670 559 706 sextodecimo
567 670 655 706 kalendas
661 669 738 715 augusti.
748 681 767 704 ro

37 727 85 761 tttico
93 730 155 759 autem
166 724 233 768 impius
241 729 349 768 persecutor
357 734 420 758 cesum
427 724 545 758 innocentem
557 730 606 758 terra
616 724 681 764 obruit,
689 729 707 759 et
715 724 738 759 ad

36 782 110 814 (tomum
121 777 199 811 festinus
210 777 269 812 rediit.
294 777 365 811 Deinde
371 777 383 820 ²,
391 777 421 821 qui
434 777 473 812 celo
484 782 530 812 teste
541 777 648 821 martyrium
659 776 739 821 pertulit,

36 833 74 867 celo
84 837 130 866 teste
142 831 235 865 reuelatus
246 835 264 865 et
276 831 379 865 declaratus
388 829 426 865 fuit.
450 830 497 865 Nam
506 830 575 875 fulgida
585 830 633 868 lucis
641 831 740 875 columpna

37 888 59 919 de
74 885 113 918 celo
128 894 185 927 super
200 884 260 916 locum
276 883 339 924 effusa,
351 883 416 926 sepius
431 888 506 917 ostensa
519 889 553 917 est.
576 884 637 925 Quem
651 883 701 917 enim
716 883 739 917 ab

37 939 115 971 humana
130 936 196 970 noticia
211 936 320 971 abscidere³
335 934 437 971 nitebatur*
453 935 577 971 inhumanitas
594 935 673 978 beluina,
687 935 739 971 illum
749 948 767 978 ¹⁵

37 990 140 1025 hominibus
148 989 238 1033 prodebat
245 989 328 1033 pecualis
339 988 437 1033 diligentia.
461 989 544 1023 Candida
554 1000 634 1034 namque
643 990 678 1024 bos
685 988 740 1024 vidue

38 1043 131 1078 cuiusdam
141 1043 215 1086 pascuis
224 1042 293 1077 relictis
304 1042 382 1086 publicis
391 1043 414 1076 ab
426 1042 462 1076 alto
472 1049 534 1077 monte
542 1044 565 1077 ad
576 1043 661 1077 infimum
672 1044 739 1087 sepulti

38 1101 178 1130 monumentum
189 1096 280 1130 decurrit:
296 1095 424 1141 inseparabilis
435 1096 459 1130 ibi
471 1096 548 1137 adhesit,
560 1096 607 1131 mira
619 1096 740 1131 oblectatione

38 1150 124 1183 diuinitus
138 1154 214 1183 attracta
229 1155 247 1182 et
262 1148 327 1191 illecta,
339 1154 358 1183 vt
370 1149 437 1183 nullius
448 1149 492 1183 inde
505 1149 592 1183 instantia
603 1149 658 1184 auelli
670 1155 740 1194 posset.

39 1202 127 1244 Quotiens
140 1212 185 1236 vero
197 1203 220 1236 ad
236 1203 311 1235 domurn
326 1202 401 1235 reducta
416 1201 480 1244 extitit,
492 1207 550 1236 totum
565 1207 669 1236 armentum
684 1197 768 1246 dirploro

38 1253 91 1289 iactis
98 1254 151 1297 copia
158 1255 265 1299 superabat,
273 1259 310 1288 tam
319 1254 388 1288 salubri
398 1254 446 1289 circa
456 1260 538 1289 sanctam
549 1254 621 1298 glebam
631 1255 741 1297 pascebatur

38 1307 95 1342 herba
102 1312 121 1342 et
131 1306 194 1351 gratia.
217 1306 302 1350 Miroque
313 1307 368 1341 modo
379 1307 428 1351 qnod
440 1308 514 1352 vesperi
525 1308 622 1342 detonsum
634 1313 678 1350 erat,
686 1318 741 1342 mane

39 1358 161 1394 abundantius
174 1360 279 1393 inueniebat
285 1359 296 1394 ⁵.
327 1359 377 1394 illnc
392 1365 453 1395 autem
468 1361 520 1396 locus
535 1360 584 1396 idem
600 1362 664 1395 ‘vacce
677 1360 741 1395 vallis’

39 1413 125 1457 appellari
141 1414 241 1448 consueuit.
292 1406 363 1457 Empto
378 1413 490 1455 Quendreda
503 1425 537 1458 per
548 1412 667 1448 fratricidium
682 1425 741 1458 regno

40 1466 100 1508 potita,
108 1466 138 1499 tali
150 1466 210 1499 edicto
219 1476 284 1499 omnes
294 1467 358 1500 termit
366 1472 386 1500 vt
396 1465 412 1500 si
421 1467 463 1510 quis
474 1466 587 1501 Kenelmum
599 1467 701 1510 requireret
711 1466 741 1500 vel
750 1471 769 1509 ²5

39 1517 131 1559 indicaret,
146 1519 176 1553 vel
191 1518 246 1553 etiam
261 1519 284 1552 de
300 1529 322 1552 eo
337 1518 399 1553 verbis
414 1523 506 1561 tractaret,
521 1518 562 1554 sine
577 1518 664 1554 dilatione
682 1519 742 1563 capite

39 1570 105 1614 plexus
120 1571 199 1615 penam*
211 1572 283 1616 patiens
298 1571 374 1606 lueret⁷.
396 1572 467 1607 Verum
481 1571 595 1617 presulgida⁸
610 1572 690 1615 lucerna,
705 1584 742 1617 que

40 1623 167 1658 obfuscabatur
174 1625 194 1658 in
205 1624 279 1667 Anglia,
287 1624 354 1658 clarius
364 1626 437 1659 emicuit
449 1625 468 1658 in
478 1636 521 1659 arce
531 1624 595 1659 mundi
606 1624 672 1658 Roma.
695 1625 742 1660 Nam

41 1685 81 1709 cum
94 1675 133 1711 Leo
146 1688 196 1721 papa
207 1676 267 1710 iunior
278 1676 377 1711 missarum
391 1678 474 1713 solennia
486 1678 592 1720 celebraret,
603 1688 647 1712 ecce
658 1677 742 1713 columba

41 1738 96 1772 super
109 1730 170 1763 niuem
183 1730 260 1764 candida
275 1730 336 1773 palam
351 1730 441 1775 apparuit,
455 1730 519 1776 [que]⁹
530 1729 604 1766 niueam
616 1730 742 1767 membranam
751 1737 771 1768 3⁰

41 1783 100 1818 aureis
114 1783 179 1818 litterIs
194 1783 265 1828 anglice
278 1783 386 1828 inscriptam
401 1789 461 1819 rostro
474 1784 537 1819 ferens
552 1795 609 1830 super
623 1784 679 1819 altare
694 1785 742 1820 beati

42 1834 90 1870 Petri
105 1838 194 1882 deposuit,
210 1843 228 1871 et
243 1837 338 1872 abscessit.
365 1837 416 1881 Papa
430 1848 474 1872 vero
490 1849 531 1872 cum
546 1843 627 1873 tremore
641 1837 743 1883 respiciens

42 1898 108 1922 nouam
118 1890 201 1924 cedulam
212 1890 279 1933 ignotis
286 1891 349 1923 verbis
360 1901 381 1924 ac
389 1891 455 1924 litteris
466 1891 540 1931 editam,
548 1891 621 1934 populis
628 1890 743 1924 diuersarum

43 1942 135 1976 nationum
145 1943 288 1977 demonstrauit:
301 1941 349 1976 inter
360 1954 407 1986 quos
418 1949 471 1977 erant
480 1942 553 1989 Anglici
565 1953 635 1976 sacram
647 1943 743 1987 epistolam

43 1992 130 2036 legentes,
136 1995 192 2029 talem
197 1994 366 2039 interpretationem
373 1996 497 2030 continentem
505 2007 509 2030 :
522 1997 553 2030 ‘ln
562 1997 626 2030 Clento
634 2006 689 2030 vacce
696 1995 744 2030 valle
754 2003 772 2034 55

43 2045 87 2079 iacet
100 2048 203 2082 Kenelmus
215 2049 277 2091 regius
287 2053 346 2089 natus,
355 2049 389 2082 sub
396 2048 408 2066 '⁰
418 2048 472 2092 spina
479 2048 539 2093 capite
548 2047 670 2082 truncatus¹¹.'
691 2047 745 2084 Tunc

44 2109 96 2144 papa,
108 2101 210 2146 postposito
222 2100 343 2136 feminearum
355 2102 447 2136 minarum
461 2108 538 2145 terrore,
552 2102 606 2136 mittit
621 2112 662 2137 cunr
677 2103 745 2147 Argus

3 2181 4 2184 ,
44 2152 129 2189 fidelibus
140 2156 210 2201 legatos
215 2155 228 2175 ¹²
239 2155 341 2189 cardinales
352 2165 394 2189 cum
404 2154 470 2189 titteris
480 2161 498 2190 et
509 2160 601 2201 potestate
612 2155 711 2200 apostolica
722 2157 744 2191 ad

44 2207 201 2254 archiepiscopum
212 2209 326 2243 Dorobernie
333 2207 440 2242 Willridum
451 2213 560 2253 ceterosque
570 2208 666 2252 pontifices
675 2208 745 2253 Angla·

45 2269 89 2302 rum,
98 2262 183 2306 quatinus
191 2263 214 2297 dc
222 2263 297 2306 indigno
305 2261 380 2296 latibulo
386 2260 404 2296 in
413 2261 509 2296 ecclesiam
517 2267 618 2305 martyrem
625 2261 746 2297 transferrent
753 2271 774 2300 to

64 2376 166 2416 ¹E.Coquer
227 2378 263 2406 lul.
271 2378 348 2414 Denique.
408 2374 445 2406 iul.
454 2375 556 2405 abscondere.
621 2374 656 2405 tn.
664 2375 746 2406 nitebatur.

45 2413 51 2431 ³
60 2416 79 2445 al.
84 2417 201 2448 inueniebatnr.
272 2415 278 2433 ⁶
289 2418 307 2448 Ε.
314 2418 371 2456 capitis
377 2416 398 2455 pl.
406 2425 457 2454 pena;
466 2415 485 2446 T.
492 2415 544 2453 capite
551 2414 573 2453 pl.
580 2423 642 2453 penam.
712 2413 718 2431 ¹
728 2415 746 2444 E.

46 2454 129 2490 lucrium.
137 2458 187 2495 capite
194 2458 293 2495 plecteretur.
341 2456 474 2495 'Epcrfulgida
521 2456 569 2485 ssorn.
615 2454 747 2485 ¹⁰al.incctsub.

46 2493 55 2510 ¹¹
66 2496 87 2525 At
100 2499 126 2527 the
138 2498 203 2534 bottom,
215 2498 232 2528 T.
243 2498 287 2536 gives
298 2498 325 2527 the
336 2497 402 2534 English
413 2501 456 2526 text:
467 2495 493 2536 (ln
505 2494 559 2529 Clcntl
572 2494 645 2525 cau-dale
656 2495 707 2525 under
716 2506 747 2526 ane

46 2534 102 2567 titurnc
109 2539 127 2567 lis
135 2538 203 2568 Kenclm
210 2538 268 2576 kyngr's
274 2538 312 2568 barn
319 2538 371 2567 hcued
378 2537 453 2575 byrcued.
513 2535 525 2553 ¹²
535 2536 554 2566 E.
561 2536 622 2573 ligatos.
