1762 2803
125 135 171 178 440
193 175 195 180 ,
315 122 395 174 tanta
410 119 526 182 teratur
541 118 634 181 attrita.

126 254 192 289 corpus
207 254 274 288 magno
290 254 331 278 cum
347 243 430 278 honore¹
447 243 470 277 ad
486 242 563 286 regiam
574 242 711 286 eximiamque²
727 241 788 277 villam
804 244 827 277 de

127 296 196 331 Scham
212 297 325 339 transfertur,
337 303 355 331 et
371 296 389 330 in
405 295 487 339 ecclesia,
501 307 556 340 quam
570 295 636 330 vinens
651 295 723 340 lapidea
738 300 828 330 structura

127 349 200 383 domino
209 354 340 391 construxerat,
348 349 459 383 reconditur.
482 348 524 382 Non
535 347 610 381 minima
622 357 700 391 namque
712 348 828 391 congregatio

127 402 258 437 monachorum
270 402 304 436 sub
315 402 380 436 abbate
392 400 500 444 regulariter
511 400 617 444 degentium
629 406 672 435 tunc
683 400 708 435 ibi
720 401 785 442 ssoruit,
797 401 828 446 qui

109 459 191 498 5postea
204 466 215 488 a
228 456 326 499 nephando
340 456 386 489 duce
397 454 474 499 Ynguar
486 454 597 498 prouintiam
612 454 662 488 illam
678 460 760 489 vastante
773 454 828 489 truci-

127 509 197 542 dantur.
220 508 313 553 Tempore
323 519 396 553 quoque
405 507 470 542 Canuti
478 507 527 552 regis
535 508 592 541 abbas
602 507 701 542 Rameseie
709 507 828 544 Ethelstanus

127 571 169 596 ossa
178 562 236 595 sancti
245 562 260 595 F
261 562 311 596 altcis
319 573 361 596 cum
369 573 436 606 magno
448 561 517 595 honore
528 561 550 594 ad
561 561 658 595 ecclesiam
669 572 721 596 suam
731 562 828 602 transtulit,

126 615 157 648 vbi
164 624 223 658 vsque
231 614 249 647 in
258 614 367 648 hodiernum
376 614 423 648 diem
433 614 506 648 Christo
515 614 594 647 donante
602 613 705 656 requiescit.

414 702 429 739 T
437 701 522 736 Narratio
527 700 538 735 ³.

149 769 830 820 IohannespresbiterDamascenus,grecisliteriseruditus,insraseptem⁴

100 843 118 865 ιο
127 839 185 863 annos
197 829 282 863 omnem⁵
290 829 393 863 liberalium
401 828 467 863 artium
475 827 570 863 scientiam
581 829 709 873 apprehendit,
717 835 736 864 et
743 830 829 864 monasti·

127 892 168 917 cum
177 882 258 917 habitum
266 893 369 924 assumens,
377 882 444 916 missas
452 882 475 915 de
483 886 546 915 sancta
555 881 613 916 Maria
620 882 727 926 frequenter
737 883 829 917 celebrare

127 935 227 970 consueuit.
251 935 354 977 Orationes,
362 934 477 980 antiphonas,
485 934 607 979 responsoria,
620 941 638 969 et
649 946 714 980 prosas
726 935 774 979 fecit,
783 947 829 980 quas

127 989 146 1023 in
160 988 199 1023 eius
212 989 264 1023 festis
279 990 302 1023 ad
316 989 374 1033 ipsius
389 989 462 1022 laudem
474 989 587 1022 decantabat.
609 989 694 1023 Traditos
709 989 727 1023 ei
742 989 829 1024 nobilium

127 1042 174 1076 filios
187 1042 302 1083 erudiendos,
314 1041 372 1075 literis
385 1040 471 1075 instruxit
485 1045 503 1073 et
514 1041 537 1074 ad
550 1040 579 1075 dei
591 1041 675 1076 timorem
687 1047 705 1077 ct
716 1052 799 1077 amorem
810 1043 829 1076 in

100 1111 118 1141 15
127 1094 177 1128 omni
185 1105 257 1129 morum
264 1095 360 1128 honestate
368 1094 465 1138 diligenter
472 1092 581 1127 informauit.
605 1093 697 1138 Egressus
705 1095 780 1129 demum
788 1106 829 1129 curn

127 1148 228 1182 scolaribus
239 1149 289 1182 vrbis
301 1159 364 1182 muros
378 1146 472 1191 spaciandi
485 1147 548 1189 gratia,
561 1158 572 1181 a
584 1147 677 1182 sarazenis
690 1150 765 1191 capitur,
778 1154 797 1182 et
810 1149 828 1182 in

128 1200 223 1235 Persidem
232 1202 301 1241 ductus,
310 1201 404 1235 cuiusdam
413 1199 478 1233 nobilis
487 1199 544 1233 filium
553 1200 610 1234 literis
619 1206 637 1234 et
648 1202 729 1235 moribus
737 1201 829 1236 instruen-

127 1256 171 1289 dum
179 1253 265 1298 suscepit,
277 1259 295 1289 et
302 1253 350 1287 infra
357 1264 426 1297 paucos
435 1263 493 1287 annos
501 1252 526 1287 ita
533 1252 651 1288 informatum
662 1253 746 1297 reddidit,
753 1260 772 1289 vt
782 1254 830 1289 inter

127 1307 235 1351 magistrum
251 1313 269 1340 et
283 1306 394 1349 discipulum
407 1307 456 1340 nulla
469 1306 572 1341 differentia
584 1307 663 1340 inueniri
676 1308 739 1350 potuit.
761 1308 830 1340 Audita

100 1375 118 1395 20
127 1359 202 1393 tandem
213 1359 262 1393 fama
274 1358 366 1401 Iohannis,
378 1358 479 1403 imperator
493 1357 609 1392 Theodosius
621 1358 677 1393 missa
690 1359 782 1404 legatione
795 1360 830 1394 sub

127 1423 176 1457 pena
194 1413 258 1456 capitIs
280 1412 354 1446 domino
374 1422 408 1446 suo
427 1413 502 1446 mandat
520 1417 539 1447 vt
560 1411 577 1446 ei
597 1412 701 1456 quantotius
722 1412 829 1447 mitteretur.

127 1465 213 1500 Venienti
221 1476 264 1509 ergo
274 1466 351 1498 Iohanni
359 1464 536 1508 Constantinopolim
545 1465 605 1499 dedit⁶
613 1465 714 1509 imperator
721 1465 829 1500 monasteri-

127 1529 164 1562 um,
169 1518 188 1552 in
196 1528 232 1561 quo
240 1518 275 1552 deo
283 1517 366 1561 seruiret,
373 1522 391 1552 et
397 1517 437 1562 ipse
446 1517 508 1562 sepius
514 1517 591 1552 veniens
597 1518 620 1552 de
629 1523 676 1553 statu
684 1517 737 1563 regni
745 1524 763 1553 et
771 1519 830 1554 salute

127 1573 188 1606 anime
199 1583 232 1605 sue
243 1583 285 1606 curn
295 1583 317 1605 eo
328 1576 419 1605 tractaret.
442 1571 516 1606 quenis
526 1577 587 1606 autem
595 1572 625 1606 ille
636 1572 655 1606 in
666 1572 743 1607 Perside
750 1572 830 1614 relictus,

101 1640 118 1668 ²5
128 1625 209 1669 nequitie
217 1625 282 1668 spiritu
290 1625 373 1667 agitatus,
382 1625 478 1668 epistolam
486 1625 565 1667 dictauit,
574 1630 591 1658 et
602 1625 689 1669 scriptam
702 1625 830 1660 Constantino·

128 1678 185 1721 polim
200 1677 266 1711 furtiue
280 1678 360 1719 mittens,
371 1677 390 1711 in
405 1678 444 1711 loco
456 1678 486 1711 vbi
498 1688 509 1710 a
521 1677 610 1711 ministris
622 1677 738 1722 imperatoris
752 1678 830 1713 inueniri

128 1730 186 1775 potuit
203 1730 266 1764 iactari
284 1730 331 1764 fecit.
356 1731 436 1774 Eratque
453 1731 505 1765 talis:
527 1731 613 1765 ‘Dilectis
628 1731 691 1766 amicis
707 1731 737 1775 qui
754 1738 797 1766 sunt
811 1733 830 1766 in

130 1783 211 1825 Persida,
231 1784 358 1818 Damascenus
378 1783 470 1817 iohannes
489 1784 620 1817 monachorum
639 1784 731 1826 minimus,
747 1786 830 1818 sulutem.

129 1835 221 1870 Noueritis
233 1835 363 1879 imperatorem
375 1836 431 1870 robur
442 1835 533 1870 exercitus
544 1836 567 1870 ad
577 1836 651 1870 diuersa
661 1836 709 1870 bella
719 1836 738 1870 in
746 1836 830 1872 nationes

100 1902 119 1929 ,qo
128 1895 221 1924 extremas
232 1888 311 1932 misisse,
322 1891 424 1933 vrbemque
436 1890 505 1933 regiam
517 1894 535 1923 et
548 1889 635 1923 finitimas
647 1890 752 1924 horninibus
763 1901 831 1925 vacuas

128 1942 245 1978 remansisse.
265 1942 355 1985 Quoniam
364 1954 409 1987 ergo
417 1941 510 1987 sapientes
517 1941 567 1984 estis,
573 1952 636 1977 secum
643 1943 730 1987 congredi
736 1943 831 1987 poteritis³

128 2001 146 2031 et
155 1995 249 2032 victoriam
259 1995 311 2031 vobis
322 2001 404 2041 paratam
415 1996 484 2040 absque
492 2006 544 2031 mora
551 1995 630 2031 utiliterl
638 1996 730 2032 othnere)
753 1997 830 2032 Inuenta

127 2050 182 2094 igitur
193 2060 204 2083 a
216 2049 305 2083 ministris
317 2050 398 2093 epistola,
407 2055 425 2083 et
436 2060 497 2083 coram
508 2051 619 2093 imperatore
631 2049 717 2093 perlecta,
724 2051 796 2084 traditio
808 2052 831 2085 ab

129 2102 214 2138 omnibus
224 2103 346 2144 exclamatum
359 2101 418 2136 forma
428 2102 488 2136 littere
496 2108 514 2135 et
524 2103 590 2135 modus
600 2102 692 2135 scribendi
703 2103 805 2146 respicitur,
813 2110 831 2138 et

101 2167 119 2196 35
129 2155 216 2189 Iohannis
231 2164 279 2196 esse,
294 2154 400 2197 imperatori
415 2154 516 2188 nunciatur.
546 2154 634 2187 Trahitur
649 2163 693 2197 ergo
708 2165 749 2188 cum
765 2155 831 2190 iniuria

128 2207 185 2241 muita
202 2207 224 2240 ad
241 2206 377 2250 imperatorem,
397 2210 415 2239 et
432 2206 516 2250 populus,
532 2205 593 2249 ipsum
611 2217 648 2239 non
667 2208 782 2242 sacerdotem
797 2208 831 2243 sed

128 2259 246 2305 proditorem,
262 2270 299 2293 non
315 2259 425 2293 monachum
441 2260 474 2294 sed
490 2264 592 2303 apostatam
607 2259 740 2304 proclamans⁹‚
754 2267 772 2296 et
788 2261 831 2297 furi·

81 2354 83 2359 Ι
128 2314 206 2354 bundas,
218 2313 250 2347 vix
262 2314 285 2347 ab
298 2312 338 2346 eius
352 2312 410 2347 oculis
425 2313 511 2346 eruendis
527 2312 636 2348 continebat.
658 2313 710 2348 Tunc
725 2315 831 2359 Imperator,

128 2367 174 2402 facto
192 2365 269 2408 silentio,
285 2366 381 2411 suspirans
396 2365 431 2400 ait:
451 2366 479 2399 ‘O
494 2365 608 2410 nequissime
625 2366 717 2402 Iohannes
736 2368 830 2403 beneficiis

101 2434 120 2463 40
129 2420 175 2455 meis
183 2419 259 2463 ingrate,
268 2419 336 2454 malum
346 2419 391 2454 mihi
398 2430 432 2464 pro
440 2420 488 2454 bono
497 2420 597 2454 reddidisti.
622 2420 717 2455 Sarabaita
722 2421 735 2441 ¹⁰
743 2422 831 2465 pessime,

149 2495 218 2530 ‘magno
225 2503 260 2522 cum
268 2494 329 2522 honore
337 2503 367 2523 orn.
375 2493 391 2521 in
399 2493 416 2521 T.
444 2493 487 2522 Ξοιη,
493 2493 509 2521 in
517 2494 534 2523 T.
560 2494 566 2510 ³
574 2494 619 2523 From
625 2494 670 2525 Vinc.
677 2494 717 2524 Bell.
724 2494 774 2525 XVII.
781 2503 810 2532 103
816 2495 831 2525 ff.

129 2532 165 2562 ‘at
174 2542 196 2562 12.
227 2532 356 2562 ⁵VB.omniun1.
397 2532 462 2561 ⁶T.de.
497 2532 669 2564 ⁷VB.securivenite.
706 2534 831 2566 ³VB.vin'liten

129 2573 134 2591 Β
145 2572 178 2601 VB.
186 2572 295 2609 proclamabat.
335 2572 346 2590 ¹⁰
357 2572 375 2601 Ε.
382 2573 470 2602 sarrabaita.
