1762 2803
123 103 180 161 '454
225 181 226 184 Ἴ
327 103 407 155 tutta
422 100 538 164 uenata
553 101 646 164 unalia

136 217 181 259 Fuit
195 223 223 259 vir
239 222 313 269 quidam
328 224 414 259 diuturna
428 224 534 259 infirmitate
549 225 639 268 detentus,
652 229 726 268 totoque
741 224 837 259 imbecillis

135 288 212 322 corpore
223 278 290 313 iacens.
314 277 454 322 ingrauescente
467 279 542 312 tandem
555 278 614 312 morbi
626 279 710 322 angustia
724 278 743 312 in
758 279 837 313 extasim

135 335 204 374 raptus,
215 330 291 374 ¹angelo
303 331 349 364 duce
361 340 395 373 per
405 330 445 364 loca
456 330 534 372 diuersa,
544 331 618 364 horrida
629 335 647 364 et
658 341 728 371 amena,
737 331 838 365 deducitur.

136 383 291 417 innumerabilem
302 394 346 417 uero
357 383 429 417 turbam
441 382 520 417 diuersis
531 383 607 418 cruciari
620 383 673 427 penis
686 383 780 428 conspicit,
792 394 838 417 non·

118 448 127 476 5
136 437 200 476 nullos,
209 447 255 480 quos
262 435 281 469 in
287 436 324 469 vita
332 441 447 481 cognouerat,
455 436 505 477 vidit,
514 436 544 481 qui
553 436 647 470 familiaria
655 437 734 481 quedam
741 442 759 470 et
767 443 838 471 secreta

135 491 152 524 ei
167 490 260 523 tradentes
274 488 387 533 intersignia,
403 489 513 533 quibusdam
531 491 590 524 adhuc
605 490 709 524 viuentibus
724 501 758 534 per
776 489 837 534 ipsum

136 543 240 576 mandando
249 542 343 575 notificant
353 543 429 576 eosdem
439 543 474 576 illis
483 548 592 586 preparatos
602 543 692 577 cruciatus
700 542 734 576 nisi
742 543 765 577 ab
777 538 815 576 hiis'
821 549 839 576 et

135 595 171 629 illis
184 594 288 638 penitentes
301 593 408 628 criminibus
421 595 514 630 desistant.
538 594 651 638 Florigeram
665 594 838 638 amenissimamque

135 647 237 693 ingreditur
245 647 343 691 regionem,
349 647 464 683 innumeram
471 647 496 682 ibi
504 648 598 682 hominum
605 649 676 692 copiam
684 647 702 681 in
711 648 768 692 glorie
776 649 839 682 inesti-

108 714 128 735 ιο
136 701 208 736 mabilis
217 701 284 746 gaudio
295 701 374 746 positam
383 701 451 745 cernit;
463 707 482 736 et
490 701 533 736 inde
544 712 578 746 per
585 701 633 736 viam
642 702 720 737 diuersis
728 707 839 737 constratam

136 755 212 789 floribus
227 755 337 798 digrediens,
352 760 395 789 ante
410 756 506 789 sedentem
524 755 543 788 in
564 755 630 788 throno
650 755 744 789 dominum
764 756 839 789 tandem

136 809 226 842 adductus
235 808 320 850 constitit,
328 814 382 852 atque
390 808 408 841 in
417 809 505 841 chorusce
514 807 560 841 lucis
569 807 640 850 fulgore
650 808 711 841 defixo
721 808 787 842 intuitu
795 808 839 842 vidit

137 861 236 902 dominum,
244 862 310 894 throno
320 871 375 895 aureo
385 861 481 894 sedentem
489 859 579 903 lapidibus
587 859 675 903 preciosis
683 866 752 902 ornato,
761 865 779 895 et
787 871 839 895 sanc-

136 919 196 948 torum
204 913 253 948 milia
260 918 303 948 ante
311 924 358 948 eum.
380 912 435 947 Videt
443 924 515 958 quoque
523 923 534 946 a
541 912 611 947 dextris
622 912 641 947 in
652 912 747 948 maiestate
757 913 839 948 sedentis

110 976 128 1006 15
137 968 209 1002 beatam
224 966 314 1011 virginem
332 967 414 1009 Mariam,
430 973 448 1000 et
464 968 486 1000 ad
501 967 559 1009 pedes
574 967 643 1000 domini
658 977 736 1010 puerum
752 967 840 1011 conspicit

137 1020 190 1063 quasi
203 1020 325 1059 duodennem,
339 1019 419 1051 scabello
434 1029 490 1051 aureo
505 1018 628 1052 residentem:
645 1019 697 1052 cuius
712 1020 784 1054 habitus
797 1019 840 1053 niue

137 1071 236 1115 candidior,
244 1077 263 1105 et
270 1072 331 1105 vultus
341 1071 454 1116 splendidior
464 1071 509 1113 sole,
517 1072 561 1106 etin
570 1071 629 1116 capite
638 1071 678 1107 eius
686 1083 753 1107 corona
760 1072 840 1117 fulgebat

137 1135 197 1166 aurea,
209 1125 350 1168 preciosissimis
364 1124 445 1168 undique
457 1123 547 1168 lapidibus
560 1124 656 1168 insignita:
676 1124 705 1158 cui
716 1125 784 1169 pariter
797 1137 840 1159 con-

137 1177 275 1222 gratulabantur
281 1183 385 1212 sanctorum
390 1177 446 1221 chori,
451 1188 530 1221 eumque
538 1179 618 1212 maxime
622 1179 758 1213 venerabantur
766 1179 841 1214 ordines

110 1243 129 1264 κο
137 1231 218 1275 angelici.
242 1231 312 1274 Quibus
320 1231 365 1265 visis
377 1231 441 1275 angelo
452 1231 486 1264 ait:
500 1231 556 1273 ‘Quis
568 1236 596 1264 est
608 1231 643 1273 hic,
651 1231 730 1274 domine,
739 1232 767 1266 cui
779 1236 841 1266 tantus

137 1285 195 1318 honor
203 1283 334 1327 impenditurt’
357 1283 381 1317 Et
388 1283 429 1318 ille:
442 1283 488 1317 ‘Hic
500 1288 529 1317 est
540 1284 568 1317 cui
580 1284 639 1317 honor
650 1284 727 1318 debetur
735 1291 841 1328 perpetuus,

137 1347 193 1380 quem
201 1335 221 1370 in
229 1335 310 1370 derisum
318 1335 408 1369 dominice
416 1335 508 1379 passionis
515 1341 534 1369 et
541 1336 661 1379 obprobrium
669 1336 704 1369 hiis
712 1338 770 1371 sacris
776 1337 841 1370 diebus

138 1388 190 1423 ludei
205 1388 328 1422 norwicenses
343 1392 471 1432 peremerunt;
489 1386 565 1431 eiusque
580 1387 658 1422 debetur
672 1388 743 1423 meritis
756 1389 804 1433 quod
818 1390 841 1423 ad

138 1442 257 1485 sepulchrum
264 1441 313 1474 illius
321 1440 423 1475 remedium
433 1439 534 1484 suscipies²
542 1439 634 1474 sanitatis!
657 1441 680 1474 Et
688 1441 723 1475 hiis
732 1442 790 1482 dictis,
798 1442 841 1476 inde

112 1506 129 1535 ²5
139 1496 225 1530 continuo
244 1495 348 1536 assumitur,
364 1499 382 1528 et
400 1505 434 1528 suo
453 1494 525 1537 corpori
544 1493 650 1528 restituitur.
681 1494 782 1529 Remeante
797 1506 841 1530 vero

139 1542 200 1581 anima
215 1547 275 1581 subito
290 1557 345 1581 omne
360 1557 426 1589 corpus
441 1546 556 1588 contremuit,
569 1551 587 1579 et
600 1546 694 1580 rediuiuus
707 1547 797 1591 apparuit,
813 1548 842 1582 et³

139 1599 210 1634 cunctis
218 1599 299 1633 seriatim
307 1609 343 1643 que
350 1598 421 1633 viderat
428 1598 530 1633 enarrauit:
543 1598 648 1632 Norwicum
658 1598 707 1641 adiit,
715 1604 733 1633 et
745 1599 842 1634 sanitatem

139 1653 180 1686 sine
187 1663 239 1686 mora
246 1651 321 1696 recepit.
352 1645 414 1685 Multa
421 1651 497 1697 insuper
502 1650 589 1684 miracula
596 1662 630 1696 pro
638 1663 671 1685 suo
680 1652 754 1688 martire
761 1653 842 1699 glorioso

139 1706 224 1741 dominus
240 1707 338 1740 ostendere
353 1705 438 1748 dignatus
453 1709 493 1739 est:
511 1704 607 1748 interque
621 1716 674 1739 cecos
686 1711 767 1749 quatuor,
781 1713 842 1742 mutos

112 1767 131 1797 30
140 1758 225 1804 quinque,
234 1757 345 1803 hydropicos
353 1759 404 1799 duos
413 1756 530 1792 demoniacos
537 1762 580 1799 tres
588 1762 606 1792 et
614 1758 726 1802 epilenticos,
734 1764 842 1801 contractos,

140 1813 212 1853 surdos,
224 1811 318 1854 naufragio
327 1811 457 1854 periclitantes,
469 1811 587 1853 compeditos
599 1811 690 1853 gibbosos,
699 1822 719 1845 ac
730 1812 775 1846 alios
786 1812 842 1846 variis

139 1864 209 1900 morbis
217 1869 235 1898 et
242 1864 329 1908 periculis
337 1863 417 1904 afflictos,
426 1862 501 1904 sanauit,
510 1862 598 1904 liberauit,
607 1873 627 1897 ac
636 1862 695 1898 soluit.

425 1972 440 2009 il
451 1970 551 2006 Narratio⁴.

162 2028 272 2079 Stephanus
295 2034 370 2078 quidam
389 2045 424 2078 per
442 2045 501 2068 annos
519 2033 616 2077 sexaginta
635 2033 736 2069 monachus
755 2034 843 2075 existens,

139 2093 210 2122 tantum
221 2087 284 2121 habuit
293 2087 311 2120 in
321 2087 444 2121 discernenda
453 2097 515 2121 rerum
525 2086 643 2130 ambiguitate
652 2086 744 2129 iudicium,
752 2093 771 2122 vt
782 2088 843 2121 nullus

113 2150 131 2180 35
140 2142 163 2175 ad
178 2141 239 2185 ipsum
255 2151 279 2175 ex
296 2150 405 2184 quacunque
420 2150 475 2174 causa
489 2139 547 2174 tristis
561 2139 632 2174 veniret
648 2138 679 2184 qui
694 2150 731 2174 non
746 2145 788 2185 post
803 2141 843 2175 eius

140 2194 230 2228 visionem
238 2199 292 2236 atque
300 2203 405 2227 sermonem
413 2193 460 2227 letus
468 2193 581 2227 abscederet.
608 2192 687 2227 Sanctus
695 2193 744 2227 enim
753 2194 843 2237 Euagrius

140 2252 158 2281 et
171 2245 293 2280 Ammonius⁶
306 2250 324 2278 et
342 2245 373 2288 qui
390 2257 432 2279 cum
450 2246 477 2279 eis
492 2250 549 2287 erant,
563 2245 659 2287 aliquando
674 2246 778 2280 referebant
794 2248 843 2289 quod

140 2299 252 2332 inuenerunt
264 2307 307 2330 eum
319 2296 337 2329 in
348 2297 435 2331 verendis
448 2302 513 2330 nature
524 2297 604 2340 quodam
617 2298 681 2330 morbo
694 2298 813 2340 laborantem,
826 2303 844 2332 et

141 2361 188 2396 opus
203 2349 278 2393 quidem
293 2349 377 2383 manibus
392 2348 431 2383 suis
446 2348 548 2391 facientem,
563 2349 582 2383 id
597 2353 626 2383 est
644 2350 668 2384 de
686 2350 772 2393 palmulis
790 2350 843 2384 funes

111 2417 133 2447 40
141 2408 262 2448 torquentem,
274 2402 427 2436 sermocinantem
438 2413 511 2446 quoque
523 2401 614 2445 fratribus,
624 2402 694 2437 ceteras
705 2415 749 2438 vero
762 2403 844 2448 corporis

141 2463 203 2504 partes
222 2455 293 2490 medico
311 2455 396 2499 ferroque
414 2456 532 2499 prebentem;
551 2456 597 2489 adeo
613 2467 692 2501 namque
708 2468 742 2502 per
757 2457 845 2502 patientie

161 2528 240 2558 ¹E.eta.
302 2525 335 2556 ἱΤ.
345 2525 363 2556 E.
371 2525 452 2562 suspicias.
519 2525 581 2556 ³E.ut.
642 2525 843 2557 ‘ExVincBelLXVlL

141 2569 161 2598 so
169 2567 207 2607 (vit.
217 2566 259 2596 Patr.
267 2574 282 2602 p.
292 2565 344 2604 1131).
404 2566 410 2583 ⁵
420 2574 438 2594 so
445 2564 490 2602 VB.;
500 2564 518 2594 T.
526 2565 609 2601 Antonius,
617 2565 635 2595 E.
643 2566 739 2596 Anthonius.
