1762 2803
139 173 184 226 2'70
330 167 648 234 nuntiandumque.

138 290 219 326 victurus
227 294 255 325 est
265 301 298 326 rex
306 291 351 326 iste:
363 296 405 327 ante
413 293 467 326 modo
476 302 512 326 non
520 291 557 327 vidi
567 302 630 337 regem
641 292 777 336 humilem,·nec
785 294 840 340 digna

138 348 168 377 est
179 344 213 378 hee
224 355 271 388 gens
282 355 361 389 nequam
372 345 427 380 talem
439 346 470 380 diu
482 345 550 380 habere
560 347 633 389 regemi
655 345 709 380 Vnde
719 346 795 390 contigit
805 348 840 384 cito

138 402 181 441 post
191 398 225 432 hec
237 398 297 442 ipsum
309 399 371 442 occidi,
383 404 402 433 vt
415 400 505 444 prefatum
519 405 552 441 est,
564 409 612 433 anno
624 398 694 433 domini
705 400 840 436 sexcentesimo

138 451 290 496 quinquagesimo
305 452 371 496 primo,
386 457 404 487 et
419 452 471 496 regni
486 453 526 487 eius
541 463 595 487 nono.
622 452 660 486 Sed
676 458 694 486 et
708 451 749 495 ipse
764 454 840 491 antistes

121 504 222 546 5Aidanus
240 511 282 549 post
300 505 349 549 regis
368 506 479 540 occisionem
494 506 590 540 duodecim
606 505 722 539 solummodo
737 507 840 549 superuixit

139 556 208 590 diebus.
254 550 278 591 ln
292 557 386 601 Gedlingo,
399 559 453 591 modo
467 557 535 601 Gilling
547 563 616 598 vocato,
630 568 667 591 non
681 559 744 601 procul
760 559 783 592 ab
794 560 840 594 vrbe

139 609 273 644 Richemundie
284 609 323 653 sito,
332 610 395 655 regina
407 611 501 654 Eansseda,
509 610 560 644 Oswi
572 610 620 655 regis
629 620 676 644 vxor
684 615 702 643 et
712 611 761 654 regis
769 610 839 646 Oswini

138 662 246 707 propinqua,
254 661 272 696 in
281 662 402 707 expiationem
410 663 461 697 necis
469 663 514 705 eius,
522 663 619 708 impetrata
630 673 641 696 a
648 673 692 706 rege
700 663 751 697 Oswi
762 663 839 708 lieentia,

139 715 269 749 monasterium
277 715 384 758 construxit,
392 716 410 749 in
422 727 458 759 quo
470 716 562 750 orationes
570 715 643 750 assidue
654 726 688 760 pro
698 717 746 759 regis
757 717 811 751 occisi
822 724 840 753 et

112 779 131 800 10
139 768 178 803 eius
186 768 217 812 qui
223 767 305 803 occidere
313 768 365 803 iussit
373 768 434 803 anime
440 769 498 804 salute
505 769 585 813 quotidie
592 769 666 803 domino
672 769 761 812 deberent
767 770 828 805 offerri
835 785 839 813 ;

139 826 157 854 et
168 822 227 855 virum
240 822 332 863 quendam
345 822 431 854 deuotum
446 821 520 854 nomine
531 821 633 862 Trunhere,
645 821 719 854 natione
730 822 818 864 Angium,
829 835 840 857 a

139 873 198 907 Scotis
213 872 315 907 ordinatum
331 877 349 907 et
366 874 455 917 edoctum,
471 874 520 919 regis
535 873 589 908 occisi
603 874 732 918 propinquum,
748 874 840 910 constituit

138 927 227 960 abbatem.
251 926 370 970 Qui1postea
381 928 416 960 sub
428 938 471 971 rege
484 926 595 961 Merciorum
606 927 703 961 Wulfero²
715 927 734 960 in
746 929 840 970 prouincia

139 979 250 1014 Merciorum
262 985 280 1013 et
292 979 468 1014 Mediterraneorum
480 980 582 1024 Anglorum
594 979 692 1024 episcopus
703 979 784 1021 effectus,
796 991 839 1024 gen·

112 1044 130 1076 15
138 1032 183 1066 tium
192 1031 326 1066 multitudinem
333 1033 356 1066 ad
365 1033 420 1066 fidem
429 1033 523 1067 conuertit.
564 1025 640 1076 Corpus
649 1038 710 1067 autem
718 1032 777 1066 sancti
785 1033 839 1077 regis,

138 1085 161 1118 ab
169 1085 196 1119 eis
204 1084 235 1128 qui
243 1096 285 1118 eum
293 1086 402 1126 occiderant,
410 1086 433 1119 ad
441 1086 508 1119 ostium
513 1086 566 1128 Tyne
574 1085 654 1119 fluminis
661 1095 727 1119 versus
735 1085 838 1129 aquilonem

138 1137 218 1170 delatum
226 1141 254 1170 est
262 1142 280 1171 et
287 1136 306 1170 in
314 1137 391 1171 oratorio
399 1143 462 1171 sancte
472 1137 530 1171 Marie
537 1137 615 1181 virginis
622 1137 720 1182 sepultum,
729 1138 748 1170 in
756 1149 792 1181 quo
799 1138 839 1172 loco

138 1189 264 1233 religiosorum
274 1190 370 1225 multitudo
381 1195 491 1235 congregata
501 1191 567 1234 iugiter
575 1191 609 1225 deo
620 1190 716 1225 seruiebat.
740 1191 761 1224 ln
770 1195 838 1225 tantam

138 1248 199 1277 autem
210 1242 286 1277 honoris
297 1242 415 1277 eminentiam
427 1248 534 1278 excreuerat
545 1244 596 1277 locus
608 1243 643 1287 ille,
654 1247 674 1277 vt
685 1253 720 1288 per
730 1248 786 1277 totam
797 1254 840 1288 pro-

112 1310 131 1331 πο
138 1295 217 1331 uineiam
225 1306 258 1340 pro
266 1296 370 1335 reuerentia
377 1297 411 1331 loci
420 1301 438 1330 et
446 1296 539 1341 religione,
549 1296 675 1331 defunctorum
684 1307 760 1340 corpora
771 1296 838 1332 ibidem

138 1350 244 1383 tumulanda
251 1350 371 1384 deferrentur.
417 1343 493 1394 Elapsis
504 1355 546 1393 post
558 1350 592 1383 hec
604 1350 666 1383 multis
677 1349 731 1383 annis
738 1350 814 1392 Ynguar
822 1356 840 1384 et

139 1402 212 1443 Hubba,
220 1401 319 1444 iniquitatis
331 1401 368 1444 filii,
377 1402 471 1435 Danorum
482 1402 580 1446 principes,
589 1403 611 1435 ad
620 1402 686 1436 ostium
694 1402 748 1445 Tyne
758 1402 839 1436 fluminis

138 1454 257 1498 applicantes,
270 1454 332 1498 ipsum
347 1453 479 1488 monasterium
494 1460 512 1489 et
527 1465 601 1489 omnem
616 1453 664 1489 circa
679 1455 773 1498 regionem
788 1454 839 1498 graui

139 1506 280 1552 depopulatione
294 1512 393 1548 vastarunt,
408 1507 507 1541 monachos
522 1508 541 1540 in
556 1508 634 1551 quadarn
649 1506 743 1541 ecclesiola
758 1506 839 1541 omnium

112 1573 131 1602 25
139 1566 244 1594 sanctorum
258 1560 328 1594 honore
345 1570 356 1593 a
372 1565 435 1594 sancto
450 1560 549 1595 Cuthberto
564 1560 647 1594 dedicata
662 1560 806 1602 combusserunt,
821 1566 839 1594 et

139 1619 204 1647 cuncta
219 1613 289 1646 cenobii
301 1613 372 1647 edificia
387 1613 406 1647 in
419 1613 516 1657 planiciem
531 1613 657 1656 redegeruntt.
704 1606 763 1647 Anno
778 1619 838 1647 autem

139 1667 196 1709 gratie
204 1666 301 1699 millesimo
311 1665 412 1699 centesimo
420 1666 505 1707 deotmot,
514 1676 555 1699 curn
567 1666 667 1699 monachus
679 1666 753 1710 quidam
765 1665 839 1700 nomine

139 1718 253 1759 EdmunduS,
267 1718 302 1752 loci
315 1717 393 1760 edituus,
407 1723 460 1753 nocte
472 1719 550 1762 quadam
564 1724 606 1762 post
619 1718 710 1753 orationes
723 1729 774 1752 more
788 1717 839 1753 solito

139 1772 189 1805 fusas
199 1782 265 1815 sopore
276 1772 376 1814 depressus
387 1776 442 1813 esset,
450 1771 533 1815 apparuit
541 1771 558 1805 ei
566 1771 639 1815 quidam
650 1775 698 1805 etate
708 1770 780 1812 canus⁵‚
788 1771 839 1805 vultu

112 1839 132 1868 30
139 1826 222 1864 decorus,
230 1829 299 1857 statura
307 1835 400 1868 procerus,
408 1829 426 1858 et
434 1823 495 1858 verbis
502 1824 591 1858 iocundus
599 1829 653 1867 atque
661 1824 756 1867 benignus.
780 1824 838 1866 Quem

139 1889 179 1913 cum
186 1877 283 1922 diligenter
288 1877 362 1912 intuens
369 1877 464 1920 aspiceret,
469 1883 487 1911 et
494 1878 534 1921 quis
541 1881 591 1912 esset
596 1877 709 1921 interrogare
715 1887 752 1911 non
759 1877 839 1918 auderet,

138 1931 154 1964 is
161 1930 192 1973 qui
197 1929 214 1964 ei
222 1930 305 1972 apparuit
312 1929 367 1964 dixit:
380 1929 493 1970 ‘Edmunde‚
499 1931 555 1963 frater
561 1931 668 1964 Edmunde!
686 1931 712 1964 At
720 1929 750 1963 ille
758 1929 840 1963 securior

139 1983 221 2016 redditus
232 1981 267 2015 ait:
280 1981 335 2022 ‘Quis
346 1993 373 2024 es,
384 1980 478 2015 dominet’
501 1981 550 2024 ‘Ego
562 1991 608 2023 sum,
620 1981 650 2023 ait,
658 1981 746 2015 Oswinus
758 1991 796 2023 rex,
809 1980 839 2023 qui

139 2037 161 2069 ab
170 2035 287 2069 Hunewaldo
297 2034 362 2067 comite
373 2034 457 2078 nequiter
467 2035 547 2075 traditus,
556 2035 578 2068 ab
587 2034 649 2068 Oswio
657 2046 701 2078 rege
709 2039 768 2067 morte
779 2034 839 2067 detes-

113 2101 131 2133 ³⁵
139 2089 194 2122 tanda
204 2092 316 2131 peremptus,
324 2088 358 2120 hac
368 2086 387 2119 in
397 2086 474 2120 ecclesia
483 2087 552 2121 cunctis
563 2087 665 2130 incognitus
676 2088 725 2121 iaceo
736 2086 839 2120 tumulatus.

140 2142 199 2186 Surge
208 2146 226 2175 et
234 2140 263 2174 dic
272 2139 353 2184 pontifici
361 2140 455 2183 Egelwino
463 2140 549 2184 quatinus
557 2151 623 2184 corpus
633 2151 695 2174 meum
707 2139 766 2174 eleuet
778 2144 796 2173 et
808 2138 839 2173 de-

139 2193 215 2229 centiori
225 2193 264 2227 loco
274 2193 319 2227 illud
329 2193 418 2227 collocare
427 2204 464 2227 non
472 2194 541 2228 tardet!
565 2193 618 2236 Quod
628 2204 670 2228 cum
680 2193 766 2238 episcopo
776 2191 839 2227 nunci-

140 2253 196 2290 asset,
202 2251 220 2280 et
228 2246 258 2280 ille
266 2256 333 2289 corpus
341 2250 424 2279 sanctum
430 2246 453 2281 de
461 2251 510 2281 terra
517 2247 613 2289 eleuasset‚
619 2246 664 2280 tanti
672 2246 734 2280 odoris
741 2246 839 2289 fragrantia

139 2310 215 2343 egressa
223 2304 256 2338 est,
261 2304 281 2331 vt
287 2299 368 2331 omnium
376 2304 475 2332 aromatum
481 2310 550 2342 genera
558 2299 624 2332 diflusa
631 2305 743 2342 putarentur,
749 2304 767 2332 et
774 2308 839 2332 omnes

111 2366 132 2397 40
140 2353 171 2396 qui
180 2353 257 2385 aderant
267 2350 383 2383 inestimabili
393 2351 482 2384 suauitate
493 2351 613 2395 replerentur.
636 2351 704 2395 Sicque
715 2361 788 2384 sacrum
800 2349 839 2383 eius

140 2413 208 2449 corpus
226 2403 246 2437 in
262 2402 363 2447 aquilonari
381 2404 454 2437 oratorii
468 2409 520 2448 parte
536 2414 577 2438 cum
592 2405 661 2438 honore
677 2403 790 2438 reconditum
805 2408 839 2436 est.

140 2451 232 2500 ludithal,
243 2455 301 2491 Tostii
313 2456 383 2491 comitis
394 2467 445 2499 vxor,
457 2467 498 2491 cum
509 2468 576 2502 magna
587 2457 673 2492 instantia
683 2461 755 2502 partem
766 2454 839 2499 reliqui-

165 2537 200 2567 1E.
209 2536 277 2573 Quique.
304 2532 412 2564 ²T,Wllero.
439 2534 473 2564 8Τ,
482 2534 500 2564 E.
508 2535 604 2572 redigerunt.
632 2533 839 2571 ⁴anita,theinvention

139 2587 172 2607 was
180 2578 196 2606 in
204 2577 247 2614 1065,
254 2576 281 2604 the
289 2575 380 2605 translation
388 2578 404 2603 to
411 2574 439 2603 the
445 2583 483 2605 new
487 2574 546 2604 church
553 2575 569 2604 in
578 2584 622 2605 1110.
653 2574 696 2606 ⁵Vit.
705 2574 762 2605 colon's
769 2572 816 2604 vividi
824 2575 839 2601 et

139 2616 230 2647 inexhausti
237 2615 302 2654 vigoris.
341 2613 348 2632 ⁶
358 2615 376 2645 E.
384 2614 453 2646 Inditha.
