1762 2803
126 141 168 195 278
315 137 395 189 mota
410 135 527 198 bentona
542 135 635 198 antlia

124 259 176 304 eius;
195 261 264 294 terram
280 257 329 294 illam
345 259 440 300 deserens,
457 258 537 293 Francos
554 258 609 302 adiit;
628 258 657 292 et¹
674 257 826 303 septimodecimo

125 314 214 348 kalendas
226 313 268 347 mali
279 313 297 347 in
310 313 383 347 domino
394 313 508 347 obdormiuit.
531 313 577 347 Tres
589 323 668 356 namque
677 311 716 346 eius
727 312 826 356 solempni-

126 373 173 401 tates
187 366 264 401 Minoris
279 366 373 399 Britannie
387 366 446 399 incole
460 366 525 400 festiue
538 371 650 400 venerantur
663 371 680 399 et
693 365 764 399 colunt:
777 365 826 400 diem

125 419 209 464 videlicet
225 429 260 461 qua
275 429 312 461 pax
327 418 398 461 prefata
414 429 455 452 cum
471 419 563 463 episcopis
577 418 675 453 reformata
690 417 728 459 fuit,
743 417 826 452 kalendis

109 471 244 514 5nouembri53
264 476 282 504 et
295 471 344 504 diem
360 481 395 514 qua
410 473 488 514 gradum
503 473 619 516 episcopatus
633 470 703 514 accepit
718 470 827 504 duodecimo

126 524 214 558 kalendas
221 522 269 564 iulii;
282 528 300 557 et
308 523 358 557 diem
366 523 426 557 obitus
434 523 467 558 sui.

150 569 196 611 Post
208 574 277 622 obitum
287 586 331 611 vero
340 575 398 611 sancti
407 575 486 617 Paterni,
495 575 586 610 Minorem
595 574 709 610 Britanniam
718 579 758 610 atra
769 574 827 610 sames

125 629 203 665 inuasit:
216 640 259 663 nam
271 629 326 664 trium
335 640 425 664 annorum
434 629 495 674 spacio
503 634 545 674 post
552 630 649 664 transitum
658 629 702 671 eius,
712 640 746 663 nec
755 639 785 663 ros
793 639 827 663 nec

126 683 189 726 pluuia
194 684 217 716 de
224 683 263 716 celo
269 693 325 726 super
330 687 387 717 totam
391 682 504 726 prouinciam
510 681 611 717 descendit.
621 681 748 716 ²1nuenerunt
753 682 828 716 tandem

100 747 119 769 10
127 735 186 769 incole
194 735 245 779 quod
257 740 331 769 sanctus
344 735 439 777 Paternus,
451 735 543 768 iniuriosis
555 740 573 768 et
587 734 638 768 salsis
648 734 734 768 fratribus
745 734 828 777 afflictus,

127 793 196 822 terram
210 786 327 830 reliquisset:
348 788 392 821 inito
411 787 486 821 consilio
501 788 524 821 ad
539 787 599 822 locum
616 787 710 830 sepulture
725 786 765 822 eius
780 787 829 830 apud

129 840 212 876 Francos
220 844 346 884 perrexerunt,
354 845 373 875 vt
381 839 480 875 honorifice
488 839 574 884 reliquias
584 840 623 873 eius
632 850 695 874 secum
703 839 829 874 transferrent.

129 894 183 936 Quod
195 904 237 929 cum
252 893 326 937 assequi
341 893 391 927 nullo
407 894 461 927 modo
476 892 575 935 valerent³,
590 903 647 927 vnum
662 904 686 927 ex
702 892 775 927 ossibus
789 892 829 927 eius

128 946 164 980 illis
175 946 275 981 donatum*
286 946 346 980 omnis
357 946 449 980 exercitus
460 951 533 990 portare
545 956 583 979 non
595 945 657 990 potuit.
680 945 766 979 Turbatis
775 944 830 989 igitur

101 999 214 1044 150mssib11⁵
227 1004 244 1033 et
256 999 300 1044 quid
315 1004 392 1044 agerent
405 998 535 1043 ignorantibus,
551 997 658 1043 superuenit
673 999 740 1033 nobilis
756 998 830 1043 quidam

127 1053 178 1085 vrbis
187 1053 264 1092 Guenet,
273 1051 299 1084 sic
307 1052 382 1084 dicens:
395 1052 453 1084 ‘Dum
464 1052 513 1084 enim
520 1053 592 1085 viueret
603 1058 677 1085 sanctus
688 1058 741 1094 pater
746 1052 758 1093 ⁵,
766 1058 830 1094 postu-

128 1106 179 1140 labat
190 1116 201 1140 a
212 1114 242 1138 me
253 1103 316 1148 sepius
328 1109 397 1138 terram
410 1115 476 1147 meam,
487 1110 507 1137 vt
518 1103 543 1137 ibi
555 1103 651 1138 ecclesiam
665 1104 754 1139 fundaret.
777 1104 830 1147 Quod

129 1158 190 1202 itaque
203 1157 274 1201 priuaui
287 1168 330 1191 eum
343 1168 377 1191 sua
389 1156 477 1201 petitione
490 1158 534 1191 dum
546 1157 622 1200 uiueret,
636 1158 683 1192 hanc
695 1162 738 1201 post
752 1163 830 1193 mortem

129 1212 190 1245 libens
198 1212 284 1245 concedo,
307 1211 375 1255 Surgat
383 1210 450 1254 itaque,
458 1216 518 1244 sumat
526 1211 621 1253 honorem,
628 1210 736 1254 petitionem
744 1210 830 1255 accipiat.¹

103 1276 122 1299 20
130 1263 171 1297 Hoc
180 1264 228 1298 dicto
236 1263 269 1297 osl
280 1268 402 1297 memoratum
413 1263 507 1297 lenissime
515 1273 526 1297 a
533 1268 582 1297 terra
594 1264 697 1305 sustollunt,
705 1269 723 1298 et
731 1265 754 1298 ad
762 1270 831 1298 terram

129 1327 182 1350 suam
198 1326 261 1350 secum
277 1316 366 1359 deserunt,
379 1321 397 1350 et
411 1316 431 1349 in
445 1316 527 1357 ecclesia,
542 1315 591 1349 illius
603 1316 673 1350 honore
688 1315 707 1350 in
722 1321 771 1350 terra
783 1316 832 1350 illius

130 1369 202 1403 diuitis⁷
214 1374 322 1410 constructa,
333 1379 374 1402 cum
386 1379 452 1411 magno
463 1368 532 1403 honore
544 1368 637 1403 collocant.
682 1361 770 1414 Quodam
781 1369 831 1403 enim

130 1426 214 1467 tempore
222 1425 286 1455 sancto
295 1420 373 1456 Paterno
384 1421 443 1455 adhuc
454 1420 558 1466 superstite,
567 1422 610 1455 dum
619 1420 693 1466 quidam
701 1421 741 1456 eius
748 1421 833 1456 minister

131 1474 237 1511 monasterii
252 1475 308 1510 siluas
323 1475 410 1516 visitaret,
426 1475 510 1510 incidens
525 1475 544 1509 in
557 1476 637 1510 latrones
651 1475 722 1510 occisus
735 1482 768 1510 est.
791 1475 832 1519 Quo

104 1541 122 1571 ²5
131 1528 193 1563 audito
205 1528 295 1561 Paternus
307 1527 372 1561 siluam
385 1528 433 1568 adiit,
444 1533 463 1562 et
470 1528 574 1561 ministrum
584 1528 659 1572 proprio
671 1529 746 1562 nomine
755 1529 832 1570 vocauit,

131 1581 195 1615 dicens
203 1592 207 1614 :
220 1580 363 1623 ‘RespondeasE
371 1580 459 1623 magistro
468 1582 510 1614 tuo)
533 1581 585 1615 Tunc
593 1585 647 1624 caput
655 1592 666 1614 a
675 1582 764 1615 cadauere
772 1582 832 1615 reuul-

131 1644 173 1668 sum
192 1632 298 1676 respondit:
317 1632 362 1667 ‘Hic
381 1644 449 1675 assum,
468 1633 553 1667 domine!
576 1633 623 1667 Cum
638 1644 674 1677 qua
689 1644 734 1668 voce
748 1634 833 1678 peruenit

132 1686 232 1731 episeopus
240 1687 263 1719 ad
271 1686 331 1720 locum
342 1686 474 1730 responsionis,
484 1692 502 1719 et
511 1687 577 1721 videns
587 1691 641 1730 caput
652 1685 730 1719 ministri
738 1697 749 1719 a
756 1698 833 1730 corpore

132 1745 209 1780 sectum,
217 1738 294 1773 eleuatis
303 1739 322 1772 in
330 1740 390 1772 celum
402 1739 459 1773 oculis
471 1741 550 1773 cadauer
557 1739 661 1772 benedixit:
673 1744 691 1773 et
702 1739 762 1783 capite
773 1740 833 1773 subito

104 1806 124 1835 30
133 1790 204 1835 corpori
223 1790 320 1825 coniuncto
338 1791 393 1826 viuus
412 1791 497 1826 surrexit.
527 1791 568 1825 Hoc
585 1792 662 1826 audiens
677 1792 751 1835 quidam
767 1797 834 1836 potens

133 1844 182 1879 illius
197 1843 292 1889 prouincie
304 1844 355 1878 venit
368 1844 392 1877 ad
405 1843 518 1888 episcopum,
530 1849 548 1878 et
561 1843 619 1879 dixit:
632 1844 679 1878 ‘Mei
691 1849 734 1878 sunt
746 1845 833 1879 malitiosi

133 1896 261 1931 interfectores
268 1894 347 1930 ministri
355 1896 391 1938 tui3
404 1901 422 1931 et
430 1906 454 1930 ne
461 1896 505 1931 vltio
515 1897 576 1931 diuina
587 1907 621 1940 per
630 1897 771 1931 commotionem
779 1897 834 1932 animi

132 1949 159 1984 tui
176 1960 207 1983 me
221 1947 313 1992 anticipet,
328 1948 473 1983 misericordiam
488 1949 581 1984 humiliter
594 1955 612 1984 et
623 1949 696 1983 veniam
709 1954 757 1993 peto.
781 1950 804 1983 Et
815 1954 835 1985 vt

133 2007 215 2038 mentem
226 2007 277 2037 tuam
289 2002 313 2037 ad
325 2013 355 2037 me
368 2001 476 2047 placabilem
490 2002 572 2045 efficiam,
583 2008 655 2047 partem
667 2002 706 2047 agri
718 2002 781 2038 dicabo
792 2003 835 2038 tibi.¹

106 2070 124 2098 35
134 2057 168 2091 Cui
180 2061 255 2091 sanctus
269 2056 365 2098 Paternus,
377 2056 451 2090 veniam
464 2057 541 2101 benigne
555 2057 636 2101 largitus,
650 2057 684 2090 hoc
697 2056 834 2101 prenunciauit:

134 2109 249 2150 ‘Antequam
259 2107 314 2141 finias
323 2108 380 2141 vitam
390 2113 445 2148 tuam,
457 2110 531 2143 domino
541 2110 628 2153 placebis,
639 2115 657 2143 et
666 2109 685 2142 in
694 2109 782 2143 cimiterio
794 2120 835 2144 eum

134 2160 204 2194 honore
212 2159 326 2201 sepulturam
334 2159 446 2194 mereberis)

157 2241 205 2285 [MS.
214 2240 253 2276 Tib,
261 2241 318 2276 adds:
409 2242 525 2280 Narrationes
530 2244 541 2279 ⁹.

158 2292 209 2335 Cum
224 2298 298 2342 quidam
314 2300 394 2334 latrones
409 2308 493 2336 sanctum
508 2303 612 2337 Marianum
625 2301 644 2336 in
660 2312 726 2347 eampo
743 2308 836 2348 repertum

135 2353 251 2397 spoliassent,
267 2352 326 2386 solum
346 2353 362 2387 ei
381 2355 456 2397 pallium
476 2356 594 2399 reliquerunt.
618 2356 653 2397 Qui
671 2356 732 2389 statim
747 2362 789 2400 post
804 2368 836 2391 eos

107 2406 215 2453 4oclamare
234 2404 282 2448 cepit
301 2405 374 2439 dicens:
391 2407 528 2450 ‘Reuertimini,
544 2408 613 2441 domini
631 2408 677 2441 mei:
694 2418 738 2441 ecee
750 2409 837 2442 denarius

155 2473 160 2492 ¹
171 2472 203 2503 Vit.
212 2471 269 2509 ibique.
331 2472 377 2503 ²Vit.
389 2475 436 2504 adds:
448 2475 531 2511 inquirunt
538 2486 593 2506 omnes
600 2485 668 2507 causam.
731 2476 737 2494 ³
747 2477 779 2507 Vin
787 2477 834 2514 Quod

135 2513 201 2550 implere
208 2512 333 2548 nonvaluerunt,
341 2523 377 2543 nam
384 2514 431 2543 etiam
438 2523 489 2550 vnum,
497 2520 527 2545 etc.
643 2514 649 2532 ⁴
660 2515 690 2544 illis
698 2516 734 2547 don.
743 2526 773 2548 om.
782 2517 798 2546 in
805 2517 836 2546 vit,

135 2554 184 2584 lVit.
192 2552 275 2584 Paternus.
329 2553 570 2592 lVitscriniumreliquiarum.
620 2555 738 2594 'seillailgun
789 2557 835 2588 ⁸Vit.

136 2594 223 2632 Responde
231 2593 290 2623 Reaus.
351 2594 357 2612 ⁹
368 2593 391 2624 Cf.
399 2594 440 2624 Vine
452 2595 492 2625 Bell.
500 2595 537 2626 XX.
546 2597 569 2627 18.
