1762 2803
55 145 139 181 nasson.
149 142 191 182 aa]
266 130 312 187 De
327 128 363 183 ᾖ.
379 128 548 194 fflissifldlsstfl·
711 135 754 189 5⁶5

55 255 130 297 surrexit,
137 260 189 297 atque
196 252 258 287 exinde
266 262 306 286 curn
315 251 356 294 suis,
365 251 435 286 domum
446 252 563 287 remeantibus
570 256 587 286 et
595 250 691 294 graciarum
698 252 732 287 deo
738 259 755 288 et

55 313 113 344 sancto
132 304 238 339 Winwaloeo
256 303 344 337 accionem
363 303 380 336 in
398 313 490 336 commune
505 302 624 343 referentibus,
638 313 691 336 sanus
705 310 757 346 atque

56 356 145 391 incolumis
157 353 245 396 equitauit.
263 355 269 393 ΙΙ
288 354 357 386 Dehinc
370 353 489 386 miraculorum
501 353 579 394 cumulis,
591 352 707 386 erudicionum
720 363 756 386 ser-

55 407 138 448 monibus,
146 413 213 437 morum
221 403 307 446 exemplis,
315 413 346 446 per
350 403 446 438 uniuersam
453 409 497 438 terre
504 403 587 438 armorice
595 403 681 446 regionem
689 403 757 439 celebre

55 461 118 494 lactum
131 461 157 490 est
169 466 232 488 nomen
245 455 288 488 eius.
310 455 334 488 Et
347 464 387 488 ecce
399 464 435 488 non
447 455 498 496 longe
511 455 580 497 quidem
591 461 631 498 post
642 455 674 488 has
686 460 703 488 et
713 454 774 499 alias5

55 510 111 553 plures
124 506 245 539 miraculorum
257 504 376 538 multitudines
387 504 462 547 quadarn
475 511 526 538 nocte
541 505 582 538 dum
597 515 616 539 se
628 510 668 548 post
680 506 757 539 laborem

55 563 155 592 consuetum
167 555 278 595 completorio
291 555 358 596 expleto
373 554 441 587 modice
456 555 509 597 quieti
521 555 603 594 dedisset,
615 556 647 587 hec
658 555 685 588 ei¹
699 555 756 587 subito

56 607 118 642 inhesit
128 603 212 646 cogitacio
224 609 242 637 ut
254 610 314 637 sancta
324 604 362 637 loca
371 603 389 636 in
400 603 462 645 quibus
473 610 542 637 sanctus
555 603 637 636 Patricius
648 605 756 637 habitauerat

56 656 140 697 inuiseret,
155 660 172 688 et
187 654 223 688 eius
238 653 329 696 disciplina
343 659 395 696 atque
410 653 493 696 exemplis
507 652 556 696 quasi
570 653 663 697 discipulus
674 654 757 687 frueretur

56 705 132 752 egregiis.
155 703 190 738 Hic
202 715 237 738 uon
248 710 289 738 ante
299 705 373 738 muitum
383 704 466 747 temporis
477 704 526 748 quasi
538 704 610 738 candela
622 703 728 738 lucidissima
739 703 756 737 in
766 720 784 743 ιο

56 760 89 792 alto
104 757 187 791 collocata
201 755 309 797 amplissima
323 766 417 798 aspergens
434 755 504 795 lumina,
519 762 579 788 cumas
599 755 683 789 Hibemie
701 755 757 789 insule

56 808 179 843 illuminauerat
192 805 279 847 ecclesias,
293 811 310 839 et
322 817 357 838 non
369 807 424 838 solum
436 805 479 845 illas,
492 811 518 838 set
531 805 586 838 eciam
596 806 651 839 tocius
662 806 722 838 mundi
733 806 756 839 ad

56 868 98 901 quas
108 857 155 889 sarna
166 855 203 889 eius
213 855 327 899 meritumque
339 855 399 889 deferri
411 855 511 898 potuissent.
534 855 573 889 Hec
584 864 605 889 eo
617 855 715 897 cogitante:
726 865 756 897 ap

56 907 110 951 paruit
121 907 137 940 ei
149 905 210 939 eadem
221 911 272 939 nocte
283 905 301 938 in
310 905 387 948 sompnis
400 905 426 938 vir
437 904 586 947 splendidissimus
598 904 658 938 habitu
669 905 756 948 angelicus

55 965 72 992 et
83 956 131 1000 quasi
140 955 158 989 in
168 955 225 998 capite
234 962 332 996 coronatus,
342 963 359 989 et
368 956 410 989 dixit
419 955 448 989 ei:
460 956 534 989 ‘Sancte
544 955 573 989 dei
584 956 699 990 Wimvaloee.'
722 955 755 997 Qui
765 973 784 1004 ¹5

55 1007 154 1051 respondit:
171 1006 250 1040 ‘Assum
277 1006 385 1050 Quisestu,
399 1005 490 1041 dominel¹
517 1006 592 1041 atille:
610 1006 685 1048 ‘Fralen
697 1005 756 1050 inquit,

56 1058 148 1097 carissime,
161 1067 195 1090 non
209 1057 231 1090 sit
243 1055 274 1090 tibi
288 1067 328 1090 cura
341 1062 390 1090 tanta
402 1062 472 1089 enatare
484 1056 544 1095 maria,
556 1062 605 1089 tanta
619 1062 702 1089 terrarum
717 1067 756 1099 per·

56 1108 142 1141 ambtdare
154 1106 217 1150 spacia.
247 1107 286 1150 Ego
301 1116 339 1141 sum
353 1106 436 1141 Patricius
447 1116 498 1149 quem
510 1105 559 1148 cupis
573 1104 626 1147 adire,
637 1106 672 1140 noli
687 1107 756 1148 vexari3

56 1158 159 1201 omniaque
171 1156 260 1191 desideras
274 1167 326 1191 nosse
341 1156 359 1190 in
373 1158 410 1190 solo
423 1156 484 1197 alieno,
499 1156 562 1199 poteris
576 1163 593 1190 et
606 1156 624 1190 in
639 1163 669 1190 tuo
684 1168 756 1192 manens

55 1213 145 1251 procerte
159 1206 208 1240 scire,
235 1207 265 1240 Set
279 1217 312 1240 nec
326 1206 354 1240 hic
367 1208 439 1240 multum
453 1206 549 1240 habitabis!
577 1208 615 1240 Hec
627 1212 645 1241 et
657 1207 692 1241 alia
706 1209 756 1252 plura
764 1222 784 1245 ao

56 1265 145 1303 postquam
163 1259 229 1292 locutus
245 1264 277 1299 est,
293 1257 327 1292 cito
341 1258 364 1292 ab
379 1258 455 1292 eiusdem
472 1258 526 1292 oculis
542 1257 617 1292 euanuit.
644 1259 668 1292 At
685 1259 713 1293 ille
729 1259 756 1293 in-

56 1310 107 1351 piger,
119 1309 177 1341 omnia
190 1309 272 1349 magistro
283 1319 304 1341 ex
316 1308 376 1340 ordine
389 1308 500 1348 cogitacionis
513 1318 544 1340 sue
556 1314 573 1340 et
586 1308 656 1341 visionis
667 1310 756 1349 relaturus,

13 1382 15 1387 .
56 1358 133 1391 cellulam
140 1357 169 1391 vbi
177 1357 214 1399 ipse
221 1357 268 1391 solus
275 1357 377 1398 dormiebat,
384 1358 452 1399 legebat
461 1362 513 1401 atque
524 1356 645 1399 meditabatur,
653 1368 704 1392 mane
711 1359 757 1393 lacto

56 1408 141 1442 humiliter
148 1408 222 1442 adorans
230 1408 278 1443 adiit.
300 1409 323 1442 At
335 1417 399 1442 senex:
411 1407 487 1441 ‘Diuina
497 1408 529 1441 hec
540 1407 625 1441 reuelacio
634 1414 666 1448 est,
673 1420 709 1442 non
716 1410 757 1443 ficta

56 1458 152 1501 temptacio.
175 1457 222 1499 Noli,
230 1457 259 1498 ait,
267 1457 332 1499 timere,
343 1464 369 1492 set
379 1457 424 1491 vade
435 1457 488 1491 nichil
500 1457 530 1491 diu
541 1463 641 1498 retractans,
649 1458 701 1501 imple
713 1459 756 1492 diui·
764 1473 785 1504 25

56 1519 97 1542 num
111 1508 213 1542 mandatum
227 1509 273 1552 quod
288 1507 319 1542 tibi
333 1519 364 1552 per
378 1514 457 1541 sanctum
471 1508 527 1541 virum
539 1507 659 1543 transmissum
674 1510 711 1544 est!
732 1511 757 1545 Et

56 1560 128 1591 multum
140 1560 212 1599 dellens,
224 1559 288 1592 adiecit
299 1559 368 1592 dicens:
388 1558 438 1592 ‘Tibi
451 1558 497 1591 dabo
510 1567 552 1600 quos
564 1558 617 1591 michi
629 1559 701 1592 dederat
714 1560 757 1594 deus

56 1608 134 1641 undecim
142 1607 242 1650 discipulos,
249 1609 295 1641 viros
303 1613 342 1650 post
350 1614 368 1641 te
376 1607 470 1641 secundum
480 1617 580 1649 cormeum,
588 1608 606 1641 in
614 1608 661 1642 omni
669 1619 721 1652 opere
729 1610 757 1644 dei

57 1658 197 1702 promptissimos.
221 1659 269 1692 Felix
282 1659 332 1692 tellus
344 1658 367 1692 ad
380 1667 432 1702 quam
448 1657 587 1701 splendidissime
601 1658 687 1693 mittimini
702 1659 757 1704 stelle,

57 1710 148 1742 maximam
160 1710 226 1752 singule
238 1709 341 1743 sufficientes
353 1708 410 1751 magni
422 1709 481 1742 mundi
494 1709 590 1742 illuminare
601 1715 673 1751 partem.
696 1710 757 1744 Infelix
765 1724 785 1754 ³0

57 1765 114 1792 autem
126 1765 167 1793 ante
179 1760 223 1792 alias
237 1759 311 1802 illaque
323 1765 415 1801 postquam
427 1758 507 1792 enutriuit
521 1769 558 1800 uos,
570 1759 619 1802 quasi
630 1765 686 1792 mater
696 1760 757 1795 orbata

57 1809 139 1851 spoliatur
149 1809 208 1841 uobis!
230 1811 254 1841 At
266 1818 405 1851 unumquemque
418 1819 440 1841 ex
450 1808 530 1841 undecim
542 1814 582 1850 post
592 1814 670 1842 sanctum
682 1810 757 1843 Wimva·

57 1858 117 1900 loeum,
125 1858 193 1892 insertis
201 1858 224 1892 ad
231 1858 305 1892 inuicem
312 1857 392 1898 brachiis,
401 1858 517 1900 complexans,
524 1856 576 1891 datn²
583 1858 701 1892 amantissime
708 1861 757 1902 pacis

58 1918 95 1941 cum
106 1909 180 1943 lacrimis
191 1909 261 1943 osculo:
274 1906 369 1942 ιθειιιάεοΒ
380 1912 444 1946 tamen,
456 1906 514 1950 inquit,
526 1913 596 1950 propter
605 1908 660 1951 quos⁴
671 1909 714 1942 deus
725 1921 757 1944 vos

57 1958 112 2001 elegit,
118 1959 158 1993 licet
166 1958 217 1993 michi
224 1959 281 1993 subito
287 1957 359 1992 carnalis
366 1958 411 1991 hanc
419 1958 488 2001 quidem
494 1957 590 1991 mesticiam
595 1965 675 2001 suggerat
680 1960 756 1995 affectus.
765 1973 784 2004 35

57 2009 122 2052 Valete,
130 2011 191 2051 valete,
199 2015 217 2044 et
225 2020 287 2053 pacem
296 2010 369 2042 habete!
379 2011 386 2049 ΙΙ
395 2010 466 2042 Postera
476 2013 534 2041 autem
543 2008 572 2041 die
581 2014 621 2051 post
633 2010 685 2042 talem
694 2010 757 2044 allocu-

58 2059 128 2100 cionem,
140 2070 218 2101 egressus
231 2065 257 2093 est
270 2059 387 2092 winwaloeus
398 2068 438 2090 cum
449 2058 530 2090 undecim
542 2059 624 2091 iratribus
638 2059 671 2092 sibi
684 2060 758 2103 traditis,

58 2107 125 2149 ignarus
136 2120 188 2153 quam
200 2110 218 2143 in
229 2116 296 2153 partem
308 2119 327 2142 se
337 2114 421 2150 verteret,
436 2113 462 2141 set
475 2107 501 2141 dei
514 2109 567 2142 fretus
580 2108 644 2143 auxilio
655 2116 708 2144 cunta
720 2110 757 2145 eius

58 2159 167 2202 disposicioni
175 2161 284 2195 committens
291 2165 308 2194 et
315 2158 422 2202 gubernatui,
431 2158 463 2192 iter
472 2159 541 2193 beatum
552 2160 613 2193 beatus
624 2161 702 2203 perrexit.
725 2163 759 2196 Per

58 2218 111 2252 pagos
126 2212 238 2245 domnonieos
252 2211 276 2244 ad
290 2210 397 2243 occidentem
415 2209 500 2243 transiens
515 2220 561 2251 ergo,
577 2217 594 2245 et
610 2212 786 2258 Comugilensium4o

58 2262 131 2296 confinia
138 2263 250 2304 perlustrans,
258 2262 329 2294 tandem
336 2260 354 2292 in
362 2260 418 2293 insula
428 2269 461 2301 que
473 2261 592 2302 Theopepigia
598 2268 711 2305 nuncupatur,
719 2273 758 2295 cum

58 2311 159 2352 supradictis
166 2310 258 2345 comitibus
263 2321 344 2354 prospere
350 2309 446 2352 hospitatus
451 2315 483 2343 est.
499 2309 759 2355 Qui“incusestasper[r]imus,

58 2358 80 2391 ad
93 2372 162 2395 omnem
174 2368 245 2395 ventum
258 2367 352 2404 porrectus,
364 2359 440 2393 maribus
453 2360 528 2403 undique
538 2371 583 2404 pene
594 2367 611 2394 et
622 2361 677 2395 acutis
688 2362 758 2404 rupibus

58 2410 159 2454 precinctus,
167 2414 215 2447 nulla
225 2413 302 2446 humana
312 2411 422 2445 habitacione
433 2410 501 2453 dignus.
524 2409 617 2445 “Attamen
628 2411 657 2445 vbi
668 2412 691 2445 ad
702 2411 759 2445 iocum

58 2466 128 2494 ventum
135 2468 172 2497 erat
180 2463 292 2503 iamdictam,
300 2461 358 2496 statim
370 2461 432 2504 singuli
440 2462 489 2505 quasi
498 2472 539 2505 apes
548 2461 571 2495 ad
579 2461 654 2495 aluearia
664 2462 759 2497 voluntarie
766 2476 786 2506 45

77 2541 179 2578 ¹Ms.entm.
218 2545 315 2577 ’alaude
357 2544 476 2583 ³MS.gaudio.
517 2544 605 2584 ¹r.qnodt
641 2543 737 2575 ³uts.02a

227 2587 233 2604 ⁶
243 2585 277 2615 The
283 2589 315 2615 two
321 2588 357 2616 next
362 2589 440 2615 sentences
446 2592 472 2614 are
478 2585 571 2623 transposed.
