1762 2803
139 136 184 189 560
401 130 525 192 duumuir
543 132 575 178 11.

137 253 229 295 statimque
237 252 283 287 luctu
290 258 307 286 et
315 252 374 286 dolore
380 252 433 286 nimio
441 252 488 287 lusus
496 251 589 296 permixtus
597 258 628 294 est,
635 257 652 286 et
660 261 711 286 omne
719 262 749 286 cor
756 252 837 293 maiorum

138 309 155 338 et
162 303 248 338 minorum
256 303 353 338 vehementi
361 314 427 337 merore
437 314 537 347 percussum
547 310 574 338 est
584 303 648 348 pariter
656 309 673 337 et
682 314 751 347 pauore.
774 305 837 343 Omnes

138 355 184 387 enim
197 360 281 398 quotquot
293 355 365 387 aderant
377 355 455 387 invnum
468 355 573 397 congregati,
586 360 603 388 et
616 360 686 397 propter
698 354 754 387 lesum
768 365 837 397 puerum

138 406 248 438 vehementer
258 405 314 438 tristes
326 404 387 446 effecti,
395 410 413 438 et
422 405 496 438 maxime
505 411 575 447 propter
585 405 631 438 senis
641 404 751 437 interdictum
761 410 837 442 concussi

121 455 129 486 5
138 453 203 494 timore,
209 453 283 487 lacrimis
291 453 342 487 infusi
348 454 423 496 querulis
429 455 521 497 plorabant
527 453 621 498 [vocibus]¹
627 455 713 488 dicentes:
722 453 779 497 ‘Quid
786 459 836 492 acturi

138 514 197 537 sumus
205 514 261 548 quove
269 504 308 539 ituri
316 508 387 539 sumus?
409 506 502 548 Fugiemus
511 517 533 540 an
541 505 691 548 exspectabimus?
714 504 760 547 Quid
772 515 837 541 excusa·

138 554 192 588 aionis
200 554 315 589 habebimus?
337 555 368 589 Ille
375 566 408 589 nos
416 561 476 590 contra
483 556 549 599 antiqui
557 554 611 589 hostis
619 554 690 589 insidias
699 553 771 598 propriis
779 567 837 593 cauere

138 606 220 639 docuerat
232 605 288 647 dictis,
300 617 332 639 nos
345 613 403 640 autem
416 607 521 649 necligentes
534 613 550 640 et
561 606 609 640 verbi
622 606 658 640 eius
670 611 797 649 contemptores
808 618 838 650 pro

138 666 191 698 paruo
199 657 285 689 decretum
297 657 333 690 eius
345 657 433 690 duximus.¹
457 659 496 690 Hec
507 662 524 689 et
534 656 567 690 alia
575 657 629 689 multa
636 655 669 689 illis
677 666 716 689 cum
724 657 759 689 alto
767 656 837 699 suspirio

113 708 130 728 ¹⁰
139 706 194 739 cordis
209 707 310 746 dicentibus,
324 717 365 740 ecce
379 717 420 739 mox
428 706 543 739 beatissimus
557 706 673 739 winwaloeus
688 711 748 739 sancto
761 713 838 743 mouente

139 756 203 798 spiritu,
212 756 260 790 cuius
273 757 307 790 iam
318 767 353 790 non
363 757 399 790 vult
411 757 454 790 deus
465 757 545 790 virtutem
555 757 611 790 celare
624 762 649 790 set
660 756 715 789 cuntis
727 757 838 800 cernentibus,

138 813 157 840 vt
164 806 182 840 in
190 807 258 849 signum
266 814 283 840 et
291 808 387 849 exemplum
395 807 421 847 sit,
432 807 481 850 quasi
488 808 547 840 tedam
558 818 608 850 super
616 807 738 840 candelabrum
746 807 837 849 propalare,

139 858 196 891 tristes
208 868 237 891 eos
249 857 333 900 aspiciens
345 863 361 890 et
372 868 424 890 manu
436 857 525 891 silencium
536 858 626 900 inponens,
638 857 700 890 talibus
712 856 769 890 verbis
780 857 838 892 affatur

139 908 209 941 dicens:
221 907 267 940 ‘Viri
279 907 340 940 iratres
351 914 368 940 et
379 914 443 949 patres,
452 908 505 940 nolite
513 908 547 940 iam
555 909 627 949 plorare,
635 907 687 940 nolite
699 906 772 948 amplius
784 907 838 940 animo

113 961 130 991 15
139 957 228 1000 prosterni.
251 957 303 990 Nulla
315 955 360 990 enim
372 964 408 990 tam
419 968 483 999 magna
494 957 552 999 passio
562 963 588 990 est
600 967 633 1000 que
644 967 679 989 non
690 957 753 989 habeat
764 957 837 992 mederi:

138 1007 179 1051 quia
187 1019 223 1041 non
230 1008 281 1050 longe
288 1008 338 1041 adest
347 1007 424 1042 medicus
435 1008 449 1042 si
461 1008 527 1050 intimo,
535 1019 570 1042 non
578 1009 618 1042 ficto
627 1008 722 1051 requiratur
729 1008 803 1050 ingenio,
812 1010 837 1051 qui

139 1058 210 1092 omnes²
223 1059 271 1092 illum
284 1059 385 1093 confitentes
398 1059 452 1093 eciam
465 1059 502 1092 sine
514 1059 551 1092 vliis
565 1059 630 1092 olemm
642 1057 775 1101 malagmatibus
788 1065 837 1093 curat.

139 1110 204 1143 Omnes
223 1109 274 1150 igitur
292 1109 385 1151 separatim
403 1109 466 1152 singuli
484 1120 524 1142 cum
542 1110 621 1151 precibus
639 1109 741 1142 fiducialiter
759 1110 838 1143 adeamus

139 1158 236 1192 Christum!
259 1161 299 1200 Qua
310 1159 356 1192 fretri
369 1160 505 1193 commonicione
517 1160 621 1193 vnanimiter
632 1160 685 1192 deum
698 1164 773 1192 exorant.
801 1160 838 1201 lpse

112 1213 131 1234 ²⁰
139 1214 196 1243 autem
204 1211 254 1250 solus,
263 1209 334 1242 eleuatis
346 1210 368 1241 ad
380 1210 436 1241 celum
447 1209 500 1242 oculis
512 1220 552 1242 eum
562 1209 648 1248 manibus,
655 1208 770 1242 intentissime
781 1210 838 1242 orabat

139 1258 209 1293 dicens:
223 1258 308 1292 ‘Domine
322 1259 373 1292 ihesu
384 1259 457 1300 Christe,
467 1259 496 1303 qui
507 1260 591 1294 iacentem
601 1259 619 1293 in
630 1260 709 1302 squalore
722 1268 753 1302 per
763 1260 801 1293 Acie
815 1259 838 1293 in·

139 1310 257 1343 obedienciam
265 1309 348 1342 mundum
353 1309 425 1351 erexisti,
432 1310 460 1352 qui
466 1310 507 1352 ligni
515 1309 562 1344 vetiti
568 1321 638 1352 pomum
643 1320 654 1343 a
660 1310 759 1352 parentibus
766 1310 838 1352 antiquis

139 1365 234 1393 comestum
240 1365 268 1392 tue
274 1365 333 1393 sancte
341 1359 396 1392 crucis
401 1360 472 1402 tropheo
477 1359 573 1400 dulcorasti,
579 1359 608 1403 qui
615 1360 661 1393 illum
668 1360 745 1401 refugam
751 1365 838 1401 tyrannum

139 1410 212 1443 iehenne
220 1409 287 1450 ignibus
298 1410 388 1451 deputasti,
397 1409 426 1451 qui
435 1409 468 1442 tuis
479 1409 590 1443 seruitoribus
598 1409 651 1442 vitam
658 1414 735 1443 eternam
742 1408 838 1451 promisisti,

113 1465 131 1495 ²5
140 1460 187 1502 quia
197 1459 306 1502 querentibus
315 1464 331 1493 te
343 1459 413 1493 omnino
423 1469 458 1493 non
469 1458 560 1502 elongaris,
568 1458 597 1502 qui
610 1470 660 1493 cecos
672 1458 736 1493 lumine
746 1465 764 1492 et
771 1469 838 1492 mancos

140 1509 219 1543 manibus
230 1514 247 1543 et
258 1509 329 1543 claudos
339 1508 426 1551 gressibus
437 1509 557 1553 exanimesque
568 1509 604 1544 uita
615 1520 647 1552 per
657 1514 695 1543 tuos
706 1509 780 1543 famulos
790 1510 838 1543 deeo-

140 1559 191 1594 rasti:
204 1561 250 1594 hunc
262 1571 329 1603 quoque
339 1560 394 1601 uobis,
406 1561 446 1594 licet
457 1560 507 1595 valde
520 1561 581 1594 horum
593 1559 704 1594 dissimilibus
716 1560 745 1605 qui
757 1561 790 1594 hec
802 1571 812 1593 a
823 1566 839 1593 te

140 1612 231 1654 impetrare
241 1616 344 1651 meruerunt,
358 1622 427 1644 oramus
440 1612 494 1645 redde
510 1611 612 1644 incolumem
624 1618 641 1645 et
652 1612 723 1644 sanum.¹
746 1611 838 1653 Statimque

138 1662 226 1702 ‘completa
234 1661 313 1693 oracione
320 1661 343 1693 ad
353 1672 425 1702 puerum
436 1672 533 1701 conuersus,
541 1667 558 1693 et
566 1662 623 1694 locum
634 1663 684 1704 plage
692 1662 746 1694 erucis
754 1661 838 1702 signaculo

113 1715 133 1745 30
140 1710 249 1752 consignans,
258 1711 378 1752 dexteramque
386 1710 422 1744 eius
430 1718 489 1744 tenens
497 1721 501 1744 ι
514 1711 579 1753 ‘Surge
587 1711 672 1752 velociter,
679 1711 739 1753 iuquit,
747 1710 764 1743 in
772 1708 838 1744 nomine

140 1760 205 1795 domini
218 1761 271 1793 nostri
286 1761 337 1793 Ihesu
351 1760 424 1794 Christi!
448 1762 486 1795 Nec
499 1771 548 1795 mora
560 1761 619 1795 audita
633 1760 660 1794 dei
673 1760 717 1795 serui
729 1771 777 1802 voce,
789 1768 838 1794 sanus

140 1817 157 1846 et
169 1811 217 1854 quasi
230 1811 282 1844 nichil
297 1811 337 1844 mali
349 1811 458 1845 sustinuisset
471 1817 511 1846 ante
523 1812 599 1851 effectus,
613 1812 675 1845 nullius
690 1817 771 1845 manente
785 1812 838 1844 lesure

139 1862 216 1905 vestigio,
225 1860 301 1895 surrexit.
324 1862 365 1896 Hoc
376 1867 433 1897 autem
443 1863 494 1904 sacto,
502 1862 578 1906 precepit
589 1863 669 1897 fratribus
680 1873 703 1896 ne
712 1863 739 1896 cui
748 1862 781 1896 hec
792 1871 838 1895 reue·

139 1915 200 1952 larent,
208 1914 253 1944 hanc
260 1923 297 1944 rem
307 1923 365 1944 eorum
373 1914 433 1954 pocius
442 1913 507 1946 meritis
516 1914 600 1956 deputans
611 1923 662 1955 quam
672 1914 712 1945 suis.
735 1915 758 1945 At
764 1911 771 1929 ³
778 1916 838 1954 quanto

113 1960 131 1990 35
140 1962 222 1996 abscondi
234 1962 318 2003 cupiebat,
326 1968 374 1995 tanto
385 1964 441 2005 magis
453 1963 495 1995 deus
507 1962 536 1995 illa
546 1963 638 1996 monstrari
648 1962 727 1996 faciebat.
750 1961 791 1996 Seni
802 1969 839 2001 ergo

140 2013 162 2048 de
169 2012 198 2046 via
208 2011 306 2053 reuertenti,
313 2022 353 2046 cum
364 2014 386 2047 ad
398 2024 487 2047 accessum
497 2013 573 2047 venisset
585 2015 665 2056 locum,a
675 2012 788 2047 referentibus
799 2015 838 2044 nota

140 2065 226 2097 habentur
233 2070 284 2096 cunta
293 2074 326 2105 que
337 2070 376 2097 acta
384 2065 455 2098 fuerant.
479 2065 513 2106 Qui
521 2065 598 2107 gaudens
605 2063 680 2098 interiori
688 2063 750 2104 leticia,
759 2070 776 2097 et
784 2070 838 2096 secum

140 2114 230 2147 reuoluens
245 2113 324 2156 quisnam
339 2120 385 2148 esset
400 2114 432 2148 iste
447 2115 495 2148 cuius
510 2115 567 2148 adhuc
582 2124 613 2157 per
627 2124 698 2148 manum
711 2113 729 2147 in
746 2114 779 2148 hac
796 2115 838 2145 etate

140 2164 214 2198 sistentis
220 2164 298 2197 Christus
302 2165 335 2197 hec
340 2166 449 2206 operabatur,
456 2167 488 2198 deo
493 2165 560 2206 gracias
566 2165 607 2206 agit.
616 2167 623 2204 11
632 2167 666 2197 Per
671 2165 717 2198 idem
723 2170 790 2205 tempus
796 2171 838 2195 cres-

112 2218 132 2249 40
141 2218 190 2248 cente
201 2213 218 2246 in
228 2214 289 2246 eodem
296 2213 354 2254 gracia
362 2214 389 2248 dei
398 2226 455 2248 coram
463 2215 496 2248 deo
506 2221 524 2247 et
535 2214 638 2257 hominibus,
646 2220 663 2247 et
673 2220 781 2257 precurrente
791 2220 838 2245 euum

141 2264 198 2297 adhuc
205 2268 282 2296 tenerum
293 2263 364 2307 sophia:
376 2276 398 2298 ne
406 2266 457 2299 velud
464 2265 536 2309 pecunie
543 2266 588 2298 male
600 2265 668 2299 defesse
675 2271 733 2300 custos
742 2265 809 2307 iniquus
818 2259 838 2294 ab

140 2320 219 2349 exactore
224 2314 381 2357 condempnaretur,
388 2316 443 2350 iunior
447 2327 523 2360 quosque
532 2314 642 2359 [pauperes]4
650 2316 708 2349 statim
716 2322 734 2350 vt
741 2312 838 2358 reperiebat,

140 2376 183 2411 quos
195 2375 271 2398 summus
284 2365 366 2406 magister
376 2367 438 2401 fratres
450 2378 486 2400 non
499 2367 603 2408 dedignatur
614 2367 705 2410 appellare,
717 2364 793 2400 alimenti
804 2371 838 2395 cor·

140 2415 204 2460 poralis
219 2414 373 2455 administracione,
386 2416 439 2450 diuini
455 2417 513 2459 pabuli
528 2416 652 2450 refocillacione
667 2417 713 2460 cepit
724 2416 793 2456 nutrire,
806 2412 838 2445 iam

112 2469 131 2499 45
140 2478 175 2501 non
183 2466 244 2499 surdus
252 2464 306 2497 diuini
316 2466 378 2508 eloquii
388 2467 456 2500 auditor
467 2467 552 2500 dicentis:
564 2467 608 2509 ‘Qui
619 2468 688 2501 obturat
698 2478 757 2500 aurem
765 2469 838 2499 suamne

140 2517 199 2552 audiat
212 2518 304 2549 clamorem
317 2516 402 2560 pauperis,
416 2518 496 2552 clamabit
508 2523 525 2551 et
538 2517 574 2561 ipse
588 2523 605 2552 et
618 2528 653 2552 non
666 2519 698 2552 erit
710 2518 739 2562 qui
752 2508 838 2552 exaudietr’

179 2588 185 2607 ¹
196 2599 226 2620 om.
298 2587 305 2607 i
316 2587 349 2620 MS.
357 2588 401 2619 illum
408 2599 464 2619 omues.
535 2589 541 2607 ³
551 2588 585 2619 MS.
593 2589 618 2620 Et.
688 2589 694 2608 ¹
704 2589 738 2620 MS.
745 2588 801 2618 fratres.
