1762 2803
93 138 137 189 246
284 132 363 185 unta
378 130 493 193 branta
508 129 601 191 annito.

94 252 204 294 dulcissima,
220 263 310 296 cognosce
325 257 343 286 te
358 263 434 296 prorsus
450 252 539 286 veraciter
555 249 670 293 disseruisse,
686 260 720 284 nec
735 249 795 294 aliqua

94 312 172 351 possunt
187 306 284 340 contradici
299 305 375 347 ratione,
391 310 409 339 et
424 305 470 340 sicut
487 316 511 339 ex
527 304 563 339 tuis
577 303 640 338 verbis
655 302 714 348 colligi
729 308 795 347 potest,

94 359 217 402 virginitatem
230 364 280 392 tuam
295 359 329 392 deo
345 359 461 400 consecrasti,
474 364 498 400 et,
511 363 530 393 vt
545 357 600 392 michi
615 356 692 399 videtur,
705 356 795 400 virginem

95 421 235 456 permansuram
247 416 265 444 te
278 410 395 454 proposuisti.
418 411 509 445 Iniustum
522 410 577 454 igitur
590 415 618 443 est
631 419 661 443 me
675 408 753 453 aliquam
763 408 796 442 tibi

79 470 159 505 5contra
169 469 219 497 tuam
229 463 341 497 voluntatem
352 463 421 498 inferre
433 463 540 505 molestiam,
553 468 571 497 et
583 467 664 497 mentem
676 468 725 497 tuam
737 466 796 496 atam

96 521 158 551 sancto
169 516 262 560 proposito
273 526 366 550 reuocare.
390 515 477 550 Permitto
487 515 519 550 tibi
530 515 643 559 propositam
655 520 718 550 tenere
728 513 796 559 pudici-

97 571 145 613 tiam,
158 571 282 613 concedatque
296 569 328 603 tibi
341 571 387 604 deus
402 570 457 604 talem
472 570 556 603 inchoate
569 568 663 613 religionis
676 569 744 603 habere
756 578 797 612 per-

96 623 224 664 seuerantiam,
235 629 255 656 vt
266 627 308 667 post
319 623 373 656 huius
384 623 421 657 vite
432 622 598 666 peregrinationem
610 622 633 656 ad
647 622 723 665 gloriam
736 621 798 666 possis

96 675 206 719 peruenirel
218 681 305 709 eternam.
328 676 365 710 Pro
376 687 407 710 me
420 675 474 709 etiam
482 675 561 709 assiduis
574 675 659 719 precibus
673 675 729 709 deum
742 674 798 709 inter·

70 738 89 760 ro
97 729 166 772 pellare
174 738 210 762 non
219 728 303 769 desistas,
311 733 331 763 vt
341 728 434 772 presentis
445 728 482 762 vite
493 737 580 772 superare
589 728 661 761 valeam
671 728 772 770 illecebras,
780 731 798 760 et

65 805 67 809 ψ
96 787 116 815 vt
127 781 175 814 iuste
188 785 206 813 et
220 786 283 814 sancte
293 780 359 814 viuens
371 780 390 814 in
402 781 437 815 hoc
449 780 516 821 seculo,
528 780 558 814 dei
569 780 656 824 consequi
664 780 734 815 valeam
744 780 798 813 mise-

97 834 204 868 ricordiam.¹
228 833 310 878 Cumque
325 835 349 868 de
364 832 502 869 renunciatione
517 832 571 867 huius
587 832 651 867 mundi
666 832 747 877 sponso²
760 832 799 876 regi

98 888 154 922 multa
162 886 285 930 disseruisset,
293 888 357 922 annuit
365 899 398 921 rex
406 887 489 931 petitioni
500 887 545 927 cius,
553 891 571 920 et
578 886 698 930 semetipsum
709 896 799 929 spospon-

99 941 130 983 dit,
142 939 210 974 relictis
222 940 311 982 omnibus,
322 941 370 974 velle
380 942 416 974 deo
427 939 515 974 famulari.
538 940 637 983 Impetrata
648 940 709 982 itaque
722 938 800 981 licentia,

73 1002 91 1032 15
99 994 152 1028 beata
167 993 278 1037 Cuthburga,
291 993 394 1038 postposita
407 993 456 1027 omni
470 993 527 1037 gloria
539 992 607 1034 mundi,
622 993 683 1026 locum
696 991 727 1036 qui
740 991 800 1025 Wim-

99 1047 165 1080 burnia
183 1047 288 1080 nominatur
306 1047 402 1089 edificauit,
421 1047 518 1080 ecclesiam
536 1047 589 1080 beate
612 1045 670 1079 Marie
693 1045 800 1085 construxit,

100 1109 174 1133 carnem
193 1109 245 1132 suam
264 1099 333 1133 ibidem
349 1099 453 1141 macerauit,
472 1097 544 1133 ieiuniis
559 1103 578 1132 et
591 1098 658 1142 vigiliis
672 1098 743 1132 vacauit
760 1097 801 1131 sine

99 1150 241 1186 intermissione.
264 1151 313 1195 Erga
324 1153 379 1185 deum
390 1157 408 1186 et
419 1151 504 1185 homines
516 1156 555 1185 erat
565 1151 645 1194 humilis,
653 1157 672 1186 et
681 1161 724 1195 erga
736 1160 801 1184 omnes

100 1209 196 1239 mansueta
214 1210 232 1239 et
248 1204 309 1247 mitis;
325 1204 406 1249 virgines
421 1205 488 1239 multas
502 1204 522 1238 in
537 1205 602 1239 eodem
620 1204 660 1238 loco
679 1202 801 1247 congregauit,

74 1258 169 1291 zonultam
184 1258 255 1301 corpori
270 1268 303 1291 suo
318 1258 401 1301 requiem
417 1259 485 1291 habere
500 1257 588 1300 permisit,
604 1258 637 1292 sed
652 1257 756 1300 importune
771 1255 801 1290 die

100 1320 121 1345 ac
129 1315 182 1344 nocte
189 1309 230 1354 pias
238 1310 268 1343 dei
276 1321 329 1344 aures
337 1311 494 1345 obsecrationibus
501 1310 591 1354 pulsabat.
612 1310 719 1343 Infirmitate
727 1310 801 1342 tandem

100 1364 167 1407 longe³
178 1364 257 1405 decocta,
269 1363 373 1407 intelligens
383 1364 433 1399 diem
445 1363 564 1408 depositionis
577 1374 610 1397 sue
619 1363 721 1405 imminere,
733 1361 802 1396 indesi-

101 1422 167 1452 nenter
178 1416 226 1461 cepit
237 1416 304 1460 gratias
316 1417 388 1451 Christo
402 1428 462 1461 agere,
476 1421 494 1451 et
507 1416 575 1451 vocatis
583 1417 677 1451 sororibus
686 1416 735 1450 inter
742 1421 803 1450 cetera

102 1469 160 1504 dixit:
176 1469 258 1512 ‘Videte‚
274 1470 382 1504 charissime
395 1481 474 1510 sororeS,
487 1470 601 1504 vocationem
612 1475 698 1511 vestram,
711 1469 802 1513 quomodo

76 1530 94 1560 25
103 1527 155 1555 caute
165 1522 263 1556 ambuletis
275 1522 387 1557 redimentes
398 1527 477 1566 tempus,
487 1523 573 1565 quoniam
583 1522 623 1556 dies
633 1522 676 1556 mali
685 1527 732 1556 sunt.
756 1521 803 1556 Con-

103 1574 182 1607 siderate
190 1584 245 1617 quam
253 1575 309 1607 fallax
316 1575 340 1607 sit
347 1576 432 1616 mundus,
443 1585 498 1617 quem
507 1585 584 1617 corpore
592 1580 611 1607 et
618 1574 680 1607 habitu
690 1573 803 1615 deseruistis,

103 1630 122 1659 et
129 1626 171 1660 ideo
179 1624 198 1659 in
207 1625 306 1669 Egyptum,
314 1628 363 1661 vnde
374 1627 443 1667 existis,
453 1627 508 1660 corde
518 1626 586 1661 reuerti
593 1636 617 1661 ne
624 1626 695 1669 velitis;
709 1627 742 1660 sed
754 1625 804 1659 omni

104 1677 186 1714 custodia
191 1689 222 1712 cor
227 1684 310 1713 vestrum
316 1679 410 1721 custodite,
417 1678 503 1723 quoniam
509 1679 531 1714 ab
538 1679 578 1723 ipso
584 1678 620 1714 vita
626 1678 713 1723 procedit.
731 1679 804 1714 Christo

104 1733 216 1777 desponsate
235 1733 284 1776 estis,
304 1732 332 1766 cui
351 1733 411 1777 angeli
430 1733 518 1774 seruiunt,
533 1733 556 1767 ad
572 1732 623 1767 cuius
639 1738 704 1767 nutum
718 1732 805 1767 vniuersa

77 1793 97 1822 30
104 1785 178 1821 celestia
194 1791 212 1820 et
227 1786 321 1821 terrestria
336 1787 449 1822 tremiscunt.
477 1786 498 1821 Si
513 1786 568 1831 igitur
582 1792 632 1821 tanto
648 1798 717 1831 sponso
732 1787 805 1831 placere

105 1839 218 1881 desideratis,
226 1845 339 1875 necesseest
346 1845 365 1876 vt
373 1841 413 1876 eius
421 1841 481 1885 legem
489 1845 507 1875 et
515 1841 601 1875 mandata
610 1840 686 1875 sollicite
694 1839 805 1884 custodiatis,

105 1898 123 1927 et
138 1903 173 1936 que
189 1893 227 1927 odit
246 1898 264 1928 et
282 1893 373 1937 prohibet,
392 1905 434 1928 cum
453 1894 503 1928 omni
521 1893 614 1937 diligentia
633 1894 718 1928 caueatis.
741 1894 805 1938 Ipsum

107 1945 200 1980 Christum
208 1956 298 1990 sponsum
305 1946 400 1981 vestrum⁴
407 1957 464 1990 super
471 1946 533 1980 omnia
540 1951 606 1989 amate,
613 1946 736 1990 vosmetipsas
744 1952 806 1980 mutua

106 1999 193 2033 charitate
204 1999 278 2042 diligite,
290 1999 359 2033 honore
370 2011 404 2033 vos
415 2000 494 2034 inuicem
506 2000 607 2044 preuenite,
619 2001 642 2034 ad
654 2005 717 2034 eterne
729 1999 806 2034 beatitu-

78 2059 96 2089 35
106 2052 154 2084 dinis
166 2052 237 2094 premia
248 2052 375 2085 indesinenter
385 2053 483 2096 suspirate.
505 2053 544 2095 Ego
555 2052 593 2085 iam
604 2052 668 2085 mortis
681 2052 762 2086 debitum
776 2064 807 2086 me

105 2103 212 2146 persoluere
223 2104 300 2146 gaudeo,
312 2104 382 2138 victura
395 2105 513 2147 postmodum
527 2104 567 2138 sine
578 2105 615 2139 fine
629 2115 670 2139 cum
683 2115 752 2148 sponso
765 2115 807 2139 meo

106 2155 216 2191 dulcissimo.
239 2155 277 2189 Vos
292 2162 354 2190 autem
367 2155 473 2190 imitatrices
489 2156 525 2190 mei
540 2160 604 2198 estote,
620 2161 638 2191 et
654 2168 689 2201 que
702 2156 773 2192 vidistis
788 2156 807 2191 in

106 2220 136 2244 me
151 2214 168 2244 et
181 2208 264 2252 audistis,
278 2208 312 2242 hoc
326 2209 383 2253 agite:
397 2215 416 2243 et
430 2210 476 2244 deus
491 2208 543 2253 pacis
558 2209 592 2244 erit
606 2210 707 2244 vobiscum.
730 2210 808 2254 Propter

106 2263 210 2297 discessum
222 2273 284 2296 meum
295 2263 350 2298 nolite
364 2263 414 2306 flere,
427 2274 461 2297 nec
474 2262 571 2307 gemitibus
584 2264 651 2298 vestris
664 2263 733 2298 exitum
745 2274 808 2298 meum

79 2326 212 2359 4oaggrauare.
236 2315 277 2349 Non
296 2315 346 2349 enim
364 2315 437 2358 moriar,
452 2316 486 2350 sed
501 2316 574 2352 viuam:
591 2316 633 2360 quia
651 2317 674 2350 de
693 2316 808 2359 corruptione

107 2367 188 2402 transibo
198 2369 221 2402 ad
229 2368 389 2410 immortalitatem,
398 2369 421 2403 de
428 2369 503 2403 miseria
509 2371 556 2404 vado
568 2370 591 2404 ad
602 2370 685 2414 gloriam,
693 2371 716 2403 de
727 2370 809 2413 peregri-

107 2422 181 2456 natione
189 2426 272 2455 reuertor
280 2422 303 2456 ad
311 2422 400 2466 patriam?
423 2422 491 2466 Sicque
501 2422 566 2464 locuta,
574 2427 592 2457 et
601 2434 652 2457 sacro
660 2422 724 2457 viatico
734 2423 809 2467 munita,

108 2474 167 2516 pridie
175 2473 209 2507 kal,
217 2475 328 2518 septembris
336 2474 399 2510 relicto
407 2481 456 2510 terre
464 2486 541 2519 corpore
547 2476 609 2510 anima
617 2477 666 2509 celos
674 2478 782 2520 penetrauit.

129 2547 317 2593 ¹Tperucnirepossls.
366 2548 577 2588 ²E.sponsa;T.spon50.
621 2549 714 2588 ³T.longa.
751 2550 809 2582 ⁴Boll.

108 2596 190 2625 virginum.
