1762 2803
107 109 153 153 474
300 96 379 150 tauta
395 94 511 158 letenna
526 95 619 158 anatra.

107 227 182 250 suarum
189 228 193 259 3
202 217 275 260 quando
283 221 331 250 totus
339 216 416 251 uestitus
423 216 461 259 erit,
469 223 512 251 tunc
518 222 623 251 sanctorum
629 227 717 251 numerus
727 216 761 252 erit
767 228 809 251 con·

107 270 474 305 summatusetfinemhabebitseeulum!
494 271 538 304 Post
543 270 577 304 hec
584 271 648 304 ductus
653 276 681 305 est
686 271 708 304 ad
714 271 808 314 regionem

108 325 173 357 umbre
184 323 248 357 mortis
257 329 278 356 et
289 328 357 357 terram
368 324 497 357 tenebrosam:
512 330 530 357 et
542 323 586 357 uidit
598 324 692 357 homiuem
704 324 722 357 in
734 325 810 357 ardente

108 376 194 411 cathedra
208 376 310 420 sedentem,
326 381 367 411 ante
383 387 438 421 quem
454 378 526 412 stabant
541 376 593 421 quasi
608 376 672 421 pulcre
687 377 761 420 femine,
774 388 810 421 que

91 441 99 470 5
109 430 196 464 tenebant
204 440 268 463 cereos
276 431 363 464 ardentes
371 441 417 474 quos
429 430 555 474 impingebant
566 430 585 463 in
597 430 662 464 faciem
672 430 712 464 eius
723 436 742 464 et
753 430 772 464 in
783 441 811 471 os,

108 488 126 517 et
138 482 255 518 retrahebant
266 483 350 517 similiter
361 484 447 519 ardentes
459 495 493 528 per
504 483 543 518 eius
555 484 643 525 intranea,
651 490 669 518 et
680 495 754 527 semper
764 483 810 517 hanc

109 546 177 579 penam
189 536 300 579 paciebatur.
324 536 371 570 ‘Hic
383 537 444 579 horno,
456 537 480 571 ait
492 537 573 580 angelus,
585 537 655 571 amicus
667 537 699 572 luit
710 537 761 571 carni
772 547 810 578 sue,

109 595 127 622 et
139 588 223 623 inimicus
235 590 296 624 anime
310 600 349 632 sue,
363 591 438 633 gulosus
454 596 471 624 et
484 590 594 624 luxuriosus.
618 591 709 624 Cathedra
722 590 811 633 significat

109 642 158 684 quod
165 646 231 683 potens
239 642 272 674 suit
282 642 301 674 in
312 643 393 683 malicia3
406 642 473 675 amauit
485 642 572 675 mulieres
581 648 599 674 et
606 641 647 675 ideo
655 642 729 685 maligni
737 641 812 685 spiritus

83 703 100 723 10
109 693 128 727 in
138 692 169 728 tali
178 692 240 736 specie
251 700 337 737 torquent
347 697 400 728 eum?
424 695 468 728 Post
480 695 514 728 hec
523 694 570 728 uidit
580 694 674 728 hominem
686 705 741 738 quem
753 693 811 737 niger-

109 747 150 780 rimi
162 746 237 789 spiritus
250 747 367 781 excoriabant
380 752 398 781 et
411 748 449 781 sale
462 746 550 781 fricabant
562 752 580 782 et
592 758 649 791 super
664 747 767 782 craticulam
783 758 812 781 as-

109 800 179 833 sabant.
203 799 255 842 ‘Hic,
269 799 328 844 lnquit
343 800 424 845 angelus,
437 805 502 845 potens
515 800 547 834 suit
559 805 577 834 et
590 800 670 834 crudelis
685 800 703 834 in
719 799 812 835 subditos!

111 853 155 887 Post
169 853 204 886 hec
217 853 262 887 uidit
274 854 367 887 hominem
381 865 437 898 super
449 864 516 898 equum
530 855 630 896 ardentem,
643 854 723 898 clipeum
738 853 812 897 igneum

111 912 211 951 gerentem,
220 912 238 940 et
246 919 302 951 super
310 908 377 942 collum
385 907 427 952 equi
436 907 479 952 (sui)
488 918 561 951 capram
572 913 671 950 tenentem,
680 913 697 941 et
705 909 728 941 ad
736 908 812 941 caudam

84 972 101 1000 15
111 960 153 1003 equi
165 959 194 993 sui
205 961 288 993 trahebat
301 961 382 994 habiturn
397 960 487 994 monachi.
510 959 562 1002 ί1111,
575 959 633 1005 inquit
648 961 730 1004 angelus,
742 971 814 1004 pauper

111 1013 150 1055 fuit,
163 1023 237 1056 semper
249 1014 272 1046 de
286 1013 351 1057 rapina
363 1015 434 1047 uiuens.
456 1014 535 1057 Capram
549 1024 606 1047 unam
618 1025 629 1047 a
641 1014 720 1057 quadam
732 1024 813 1057 paupere

112 1066 180 1099 semina
187 1067 257 1107 rapuit:
269 1070 288 1098 et
298 1066 317 1099 in
325 1067 362 1099 fine
370 1066 412 1106 uite,
420 1077 457 1098 non
466 1077 510 1099 uere
518 1066 622 1108 penitendo,
631 1072 659 1099 set
667 1071 686 1098 ut
694 1066 812 1108 ignominiam

111 1128 164 1151 suam
175 1128 276 1162 parumper
287 1123 395 1163 protegeret,
406 1119 507 1152 monachus
519 1118 559 1152 fieri
570 1118 697 1161 voluit—nam,
710 1119 725 1152 si
737 1118 813 1160 uiueret,

112 1171 201 1214 cogitabat
213 1181 233 1203 se
245 1172 268 1203 ad
280 1171 361 1215 priorem
373 1171 429 1204 uitam
443 1170 555 1204 rediturum:
572 1175 590 1204 et
603 1170 644 1205 ideo
660 1170 714 1204 trahit
726 1170 814 1211 habitum,

84 1234 103 1254 :0
112 1222 159 1258 sicut
166 1233 207 1257 rem
215 1235 270 1267 quarn
281 1235 357 1268 paruam
367 1223 468 1258 estimabat.
492 1224 552 1268 Capra
561 1229 578 1258 et
589 1224 659 1268 clipeus
669 1230 761 1258 tormenta
772 1230 814 1259 sunt

112 1277 250 1320 dampnacionis
268 1279 311 1311 sue?
335 1277 379 1311 Post
396 1278 430 1311 hec
447 1277 493 1311 uidit
510 1278 593 1311 diuersas
608 1288 698 1321 personas
714 1277 815 1321 religiosas,

112 1330 249 1370 monachorum,
268 1330 380 1373 monialium,
400 1330 535 1374 episcoporum,
553 1330 703 1373 presbiterorum,
722 1335 740 1364 et
762 1330 815 1364 cleri-

112 1392 181 1425 corum,
201 1394 279 1427 quorum
294 1383 369 1427 quidam
386 1383 475 1426 ridebant,
490 1383 520 1417 alii
539 1384 636 1417 studebant
655 1384 697 1427 gule
716 1385 815 1427 explende,

112 1436 142 1470 alii
156 1435 226 1470 libidini
238 1436 329 1470 saciande.
353 1437 456 1480 Non-quod
469 1437 503 1470 iste
515 1436 618 1480 uoluptates
630 1443 672 1481 post
684 1443 761 1471 mortem
773 1437 815 1478 sint,

85 1501 103 1531 25
113 1494 141 1522 set
149 1489 171 1522 ad
179 1490 267 1522 maiorem
276 1489 400 1523 confusionem
409 1495 427 1522 et
436 1489 593 1523 excruciacionem
604 1489 731 1523 similitudines
739 1489 816 1533 preteri-

112 1547 173 1575 torum
184 1548 301 1584 peccatorum
312 1547 447 1585 representant,
458 1542 567 1576 demonibus
578 1543 601 1575 ad
612 1542 647 1575 hoc
659 1553 691 1576 eos
703 1542 816 1585 cogentibus,

114 1594 145 1637 qui
156 1598 221 1637 postea
232 1604 267 1637 per
278 1595 339 1628 media
350 1594 410 1638 capita
420 1605 479 1637 usque
495 1594 518 1628 ad
529 1594 658 1628 excussionem
670 1596 787 1628 cerebrorum
799 1600 816 1629 et

113 1646 225 1680 eleccionem
238 1647 330 1681 oculorum
345 1647 459 1681 incessanter
475 1647 553 1681 fustibus
568 1657 601 1680 eos
616 1647 750 1691 percuciebant.
773 1648 817 1681 Post

115 1701 149 1733 hec
164 1700 230 1733 ductus
246 1704 274 1733 est
289 1701 312 1733 ad
324 1700 436 1743 profundum
450 1699 522 1742 inferni,
535 1699 566 1733 ubi
581 1699 626 1733 uidit
638 1705 697 1734 rotam
710 1700 816 1735 horribilem

86 1766 105 1795 30
115 1752 193 1795 igneam,
206 1757 224 1786 et
236 1753 329 1786 hominem
342 1758 437 1786 extentum
450 1753 535 1796 desuper.
558 1752 581 1786 Et
593 1753 637 1786 dum
652 1753 757 1787 uolueretur
772 1759 817 1795 rota,

115 1807 194 1849 quedam
211 1816 249 1839 uox
260 1808 282 1840 ad
294 1805 386 1840 nouicium
400 1806 455 1840 dixit:
470 1806 536 1840 ‘Vides
548 1816 588 1840 rem
600 1805 705 1847 terribilem,
718 1812 747 1840 set
758 1807 817 1840 adhuc

115 1858 187 1893 uidebis
205 1858 343 1893 terribiliorem?
375 1859 398 1892 Et
416 1871 458 1893 ecce
475 1865 514 1893 rota
532 1859 596 1902 rapido
615 1870 670 1893 cursu
689 1860 783 1893 descendit
799 1860 817 1892 in

114 1911 225 1955 profundum
233 1911 304 1952 inferni,
310 1916 329 1944 et
336 1917 373 1945 tam
382 1922 469 1954 magnum
477 1911 557 1944 sonitum
564 1910 613 1955 (fecit
620 1911 639 1944 in
647 1912 729 1945 cadendo
735 1917 755 1945 ut
762 1913 817 1955 totus)

115 1964 194 1998 mundus
206 1964 293 1999 cecidisse
305 1965 403 2007 uideretur,
416 1966 441 2008 (et
454 1975 519 1998 omncs
532 1965 592 1998 anime
606 1966 715 2009 omneslque
728 1966 818 1999 demones

87 2029 105 2059 35
115 2018 247 2052 maledicebant
255 2018 336 2061 (homini.
354 2018 390 2051 Hic
398 2023 436 2052 erat
442 2017 502 2052 Iudas.
518 2018 562 2051 Post
570 2017 604 2051 hec
611 2017 702 2062 Raphacl)
711 2030 714 2052 :
725 2019 818 2062 ‘Oportet

114 2072 178 2116 inquit,
186 2071 210 2113 (te
217 2071 284 2114 redire)
291 2072 313 2104 ad
320 2081 386 2114 corpus
394 2076 454 2105 tuum:
465 2076 483 2105 et
491 2071 581 2105 uisionem
589 2070 650 2114 is(ta1n
659 2070 710 2114 nulli)
717 2071 818 2105 reuelabis.¹

114 2125 166 2159 Tunc
174 2125 205 2158 ille
214 2124 245 2167 qui
252 2124 311 2158 tribus
320 2125 392 2167 (diebus
404 2125 484 2158 iacuerat
497 2124 593 2167 mortuus),
601 2123 672 2167 reuixit,
681 2130 699 2158 et
707 2124 784 2159 oscitare
793 2124 818 2168 (et

115 2178 193 2221 gemitus
199 2179 243 2210 dare
249 2177 303 2221 cepit.
318 2177 342 2209 Et
347 2177 421 2219 oblitus)
428 2177 510 2220 precepti
519 2177 584 2219 angeli,
590 2178 650 2210 statim
659 2176 818 2211 circumstantibus

115 2231 171 2266 dixit:
185 2230 236 2263 ‘Vidi
244 2230 341 2271 infernum,
349 2230 386 2264 uidi
398 2230 514 2274 paradisum!
534 2229 557 2263 Et
569 2240 612 2263 ecce
623 2234 698 2264 sanctus
708 2229 819 2264 Benedictus

88 2299 107 2326 40
116 2285 175 2319 subito
184 2282 261 2317 ueniens
267 2283 377 2318 cumbaculo
383 2294 404 2316 os
412 2282 534 2315 inobedientis
542 2283 639 2325 percussit.
662 2283 698 2325 Qui
706 2283 819 2327 0p[p]onens

116 2347 197 2379 manum,
209 2348 309 2381 percussus
319 2342 347 2371 est
358 2336 439 2381 grauiter
450 2336 469 2369 in
481 2335 541 2381 digito.
566 2336 589 2370 Et
597 2336 680 2381 querenti
692 2348 765 2372 causam
777 2347 819 2381 per-

116 2391 207 2425 cussionis
223 2390 247 2424 ait
266 2396 350 2425 sanctus:
368 2390 426 2432 ‘Quia
442 2389 551 2424 inobediens
567 2389 627 2433 suisti,
646 2396 663 2424 et
676 2389 691 2424 si
703 2390 753 2424 lesus
768 2401 788 2424 es
800 2390 818 2423 in

117 2455 177 2486 carne,
185 2444 230 2477 scito
239 2444 281 2487 quia
288 2444 347 2487 magis
355 2443 373 2476 in
382 2443 442 2476 anima
450 2443 500 2477 lesus
509 2453 534 2476 es.
557 2443 580 2477 Et
587 2442 629 2487 quia
637 2443 716 2486 peccasti
723 2443 819 2486 loquendo,

117 2507 184 2531 nouem
196 2496 261 2530 diebus
269 2497 360 2540 loquelam
368 2497 445 2540 perdes.¹
469 2496 512 2530 Post
523 2496 564 2530 illos
577 2506 643 2530 nouem
656 2495 695 2530 dies
706 2497 786 2539 grauiter
793 2497 819 2530 in-

89 2563 108 2591 45
118 2551 200 2583 firmatus
209 2556 237 2582 est
247 2556 265 2582 et
275 2561 340 2583 manus
352 2550 391 2583 eius
402 2549 499 2591 intumuit,
511 2555 529 2582 et
541 2551 616 2583 demum
628 2559 684 2584 sanus
695 2550 776 2591 effectus,
786 2548 819 2582 soli
