1762 2803
94 94 96 99 ’
132 127 174 171 108
194 175 196 181 ,
320 126 399 178 anona
415 123 530 186 termut
546 124 639 186 anate.

130 244 193 279 incidit
201 246 224 279 de
232 257 287 280 seruo
297 258 341 282 suo:
353 253 372 281 et
379 253 456 291 paterna
464 247 532 290 pietate
540 252 642 281 commotus
650 245 669 280 in
677 246 723 279 hanc
731 243 832 279 orationem

131 298 215 343 prorupit
223 310 226 332 i
239 302 243 318 ‘
251 299 303 334 Deus
310 299 341 344 pie
349 305 367 333 et
375 300 485 340 misericors,
493 299 522 333 cui
530 299 625 344 proprium
633 304 662 334 est
670 297 758 338 misereri,
766 306 833 331 reuoca

131 352 220 396 impetum
229 352 295 387 luroris
303 352 334 396 tui,
340 358 358 387 et
366 363 441 388 seruum
449 363 512 387 meum
520 354 543 387 ad
549 352 646 396 pristinum
655 352 683 387 sui
691 362 757 387 sensus
765 354 833 386 statum

132 405 213 449 digneris
221 407 313 447 reducere,
322 406 337 441 si
344 405 416 441 vixerit.
439 405 473 440 Sin
481 411 547 449 autem,
555 405 678 440 miserationis
686 410 717 440 tue
723 403 833 438 abundantia

114 468 123 498 5
132 458 192 492 anime
200 469 233 493 sue
240 459 346 502 indulgeas?
370 459 429 492 Finita
439 469 483 493 vero
494 459 580 500 oratione,
589 470 631 493 ecce
641 458 720 492 famulus
732 468 777 492 suus
788 461 833 490 nutu

132 511 161 545 dei
180 514 276 546 reuocatus
291 512 314 545 ad
329 512 425 555 petriam¹‚
439 511 498 553 rediit,
513 516 537 554 et,
554 512 598 546 sicul
615 511 672 555 prius,
688 510 733 545 marl
752 510 833 549 transito,

132 564 230 597 oratorium
242 564 301 597 sancti
312 564 419 608 ingrediens
430 570 448 597 et
460 565 576 598 extrinsecus
589 564 664 607 pilosus,
676 574 751 598 seruum
765 562 795 596 dei
808 562 833 596 sic

132 615 219 648 allocutus
232 621 270 649 est:
288 617 357 650 ‘Serue
369 618 404 657 dei,
417 617 446 649 cui
460 617 530 650 seruire
544 617 603 650 maius
617 623 645 651 est
660 627 714 659 quarn
728 626 763 658 per
776 620 833 648 totum

132 669 221 702 mundum
230 679 312 712 regnare,
321 669 362 703 licet
373 669 468 712 indignum
480 680 510 703 me
521 669 584 712 recipe
595 668 613 702 in
625 674 687 702 tuum:
699 667 757 701 diuini
768 666 834 701 luroris

105 732 124 753 ro
132 719 221 764 asperitas
233 721 252 754 in
264 732 294 755 me
306 722 390 762 cessauit,
403 726 421 756 et
433 732 469 765 que
483 721 548 754 merito
560 721 640 762 abstulit,
653 720 711 765 gratie
726 731 760 754 sue
771 720 834 753 fauore

132 773 187 808 michi
198 774 289 818 benignus
301 775 401 810 concessit!
424 774 458 810 Cui
469 780 555 809 sanctus:
568 774 620 816 ‘Que
631 775 677 809 deus
689 772 768 814 dimittit,
779 783 835 807 nemo

132 827 222 871 imputare
230 833 308 870 tenetur,
317 834 335 862 et
343 828 385 872 quia
393 829 427 862 deo
437 827 546 870 satisfecisti,
553 827 608 862 michi
616 827 705 872 placuisti.
729 826 780 861 Bene
791 836 835 870 ergo

131 880 210 922 veneris,
219 886 237 914 et
245 880 282 914 noli
291 881 370 924 amplius
377 891 460 924 peccare,
469 885 487 914 et
494 882 550 914 deum
559 885 611 914 tuum
619 880 700 914 criminis
707 890 750 913 esse
757 879 834 912 vitorem

132 936 151 967 et
159 931 272 975 indulgentie
282 932 388 976 largitorem
399 934 500 975 cognosce)
523 933 550 966 lbi
562 943 606 967 vero
615 938 657 976 post
667 933 701 966 hec
713 931 744 966 diu
754 936 835 965 moratus

106 995 124 1024 15
133 984 248 1019 sanctissime
256 985 306 1027 vixit,
315 987 337 1019 ad
345 986 395 1018 nulla
402 986 451 1018 mala
458 986 552 1018 toleranda
560 984 615 1019 rudis.
658 977 741 1030 Quidam
749 984 835 1027 princeps

133 1036 208 1071 nomine
217 1037 329 1081 Morgantius
338 1044 411 1080 terram,
420 1049 456 1082 que
464 1049 512 1071 nunc
521 1037 659 1081 Glamorgantia
671 1037 741 1079 dicitur,
749 1041 767 1069 et
776 1041 835 1069 terras

133 1090 197 1124 affines
208 1101 266 1134 vsque
279 1091 355 1125 fluuium
367 1091 441 1125 Waiam
453 1102 486 1124 suo
500 1091 580 1124 habebat
593 1089 686 1125 dominio:
703 1095 722 1125 et
737 1090 784 1124 facta
798 1088 835 1123 dis-

133 1142 217 1176 sentione
232 1150 292 1177 motus
307 1150 336 1178 est
351 1143 425 1188 quidam
440 1143 533 1178 exercitus
548 1145 570 1177 ad
586 1148 648 1187 partes
663 1143 703 1176 illas
716 1143 746 1176 vbi
762 1147 835 1176 sanctus

134 1196 224 1238 manebat,
236 1202 324 1241 captaque
335 1198 394 1241 preda
405 1197 460 1231 totius
473 1196 532 1241 patrie
544 1207 631 1230 reuersus
643 1202 676 1231 est.
700 1195 769 1230 Missus
782 1194 836 1238 igitur

107 1261 126 1283 ao
134 1249 212 1283 famulus
219 1249 254 1284 viri
262 1250 325 1291 sancti,
333 1250 412 1284 cloccam
421 1250 539 1284 mamillatam
549 1250 569 1283 in
579 1260 635 1284 manu
643 1260 676 1283 sua
684 1259 751 1293 gerens
759 1259 770 1282 a
777 1249 836 1292 preda

134 1301 201 1345 aliquid
216 1303 294 1346 repetiit.
318 1303 345 1337 illi
360 1309 422 1338 autem
437 1314 480 1337 eum
495 1303 607 1346 increpando
623 1302 730 1337 deridebant
742 1306 761 1336 et
775 1301 835 1335 minas

134 1355 278 1399 quamplurimas
291 1355 398 1390 inferebant.
421 1355 488 1389 Facta²
496 1361 557 1390 autem
567 1355 598 1389 lite
610 1355 690 1389 maxima
702 1365 736 1399 pro
747 1354 836 1388 diuisione

134 1408 196 1451 prede,
206 1408 297 1441 exercitus
304 1413 367 1441 mutuo
375 1408 453 1442 letaliter
461 1419 481 1442 se
489 1409 601 1449 vulnerabat,
610 1419 644 1442 nec
652 1407 710 1450 ipsius
721 1408 767 1441 dure
775 1418 836 1450 pugne

134 1460 185 1494 furor
193 1461 271 1495 cessauit
279 1472 375 1505 quousque
383 1472 448 1496 omnes
456 1461 504 1495 leto³
514 1461 575 1495 traditi
583 1466 631 1494 sunt.
654 1460 694 1502 Quo
701 1459 747 1502 viso,
758 1459 837 1494 famulus

108 1524 126 1554 ²5
135 1512 192 1548 sancti
200 1514 276 1557 predam
284 1515 307 1547 ad
315 1515 391 1558 propria
398 1515 437 1548 loca
445 1515 494 1548 vnde
502 1514 571 1548 exierat
581 1514 707 1558 compellebat,
715 1518 733 1547 et
744 1523 836 1557 pauperes

132 1566 202 1600 iniuste
221 1566 294 1610 spoliati
313 1578 355 1601 cum
373 1567 440 1611 gaudio
459 1578 492 1602 sua
511 1572 626 1610 receperunt.
669 1559 757 1601 Audiens
776 1571 836 1600 autem

135 1619 222 1663 princeps
231 1619 333 1663 Morgantie
340 1621 389 1663 quod
397 1621 444 1654 deus
451 1619 522 1654 meritis
530 1620 587 1653 sancti
593 1619 628 1654 viri
634 1625 697 1654 mutua
703 1620 747 1654 cede
753 1618 837 1652 inimicos

136 1681 180 1705 suos
188 1672 214 1705 sic
222 1673 279 1705 deleri
287 1673 408 1714 permisisset,
415 1674 466 1706 venit
473 1673 496 1706 ad
508 1684 551 1706 eum
561 1679 579 1707 et
590 1672 657 1716 gratias
669 1673 685 1707 ei
695 1684 758 1716 egens,
766 1672 837 1715 rogauit

135 1728 154 1756 vt
162 1722 247 1767 quicquid
255 1724 310 1758 vellet
318 1725 340 1758 ab
349 1736 371 1758 eo
379 1729 456 1768 peteret,
464 1730 482 1759 et
490 1725 530 1758 sine
538 1724 624 1759 dilatione
632 1725 729 1768 optineret.
752 1724 836 1765 Quicum

108 1789 127 1817 30
136 1786 156 1810 se
168 1777 224 1810 nichil
238 1778 306 1811 habere
316 1779 365 1812 velle
377 1778 451 1819 diceret,
465 1789 506 1812 cum
520 1789 586 1822 magna
598 1778 673 1812 tandem
686 1777 791 1811 difficultate
806 1777 837 1810 vix

136 1828 188 1873 petiit
202 1834 222 1863 vt
240 1829 259 1863 in
275 1830 364 1874 refugium
384 1841 486 1874 pauperum
504 1831 598 1875 paululum
617 1836 666 1865 terre
683 1830 700 1865 ei
718 1831 775 1865 daret.
805 1828 837 1864 Cui

136 1882 234 1928 princeps:
251 1883 348 1917 ‘Ascende
359 1894 433 1918 mecum
444 1883 463 1917 in
476 1885 567 1918 montem.¹
596 1885 636 1926 Quo
649 1894 691 1918 cum
703 1883 838 1928 peruenissent,

136 1934 190 1969 dixit:
203 1936 306 1977 ‘Quantum
314 1937 347 1979 vis,
354 1948 377 1971 ex
385 1937 522 1981 circumspectis
528 1937 627 1982 prouinciis
633 1937 665 1971 tibi
672 1937 725 1970 facito
732 1936 838 1981 proprium)

137 1988 215 2023 Et¹ille2
233 1990 296 2030 ‘Quod
311 1989 388 2024 nimium
401 1995 429 2024 est
441 2002 479 2025 non
492 1996 559 2034 petam,
571 1990 601 2025 vel
614 1990 662 2033 quod
676 1990 755 2024 heredes
767 1989 793 2023 tui
808 1988 837 2024 vel

109 2051 128 2082 35
137 2041 237 2084 sequaces⁴
252 2042 331 2075 debeant
346 2043 423 2077 auferre.
453 2043 485 2077 Est
501 2043 568 2077 fluuius
584 2043 658 2086 quidam
673 2042 716 2076 hinc
731 2053 768 2076 non
784 2043 838 2085 longe

137 2093 248 2128 decurrens:
265 2094 288 2128 sit
300 2095 330 2129 ille
342 2095 432 2129 terminus
443 2096 566 2139 possessionis
580 2098 631 2131 mee!
654 2096 677 2130 Et
690 2095 757 2130 sactum
769 2101 798 2130 est
808 2096 838 2128 ita.
877 2114 879 2117 ·

138 2137 221 2181 Sanctus
239 2152 300 2181 autem
319 2146 384 2189 Dauid,
399 2147 492 2189 Theliaus‚
508 2153 526 2182 et
545 2148 635 2183 Paternus
653 2149 676 2182 ad
695 2149 838 2183 consolationem

138 2199 215 2233 fratrum
230 2200 265 2233 iter
280 2206 361 2244 agentes,
377 2203 400 2235 ad
416 2202 476 2236 virum
492 2202 521 2237 dei
537 2208 667 2246 peruenerunt,
690 2202 725 2244 Qui
741 2203 759 2237 in
775 2212 838 2237 corum

138 2253 222 2286 exultans
229 2254 315 2293 aduentu,
322 2253 401 2296 benigne
409 2254 450 2288 illos
458 2254 539 2298 suscepit
547 2260 565 2289 et
572 2261 659 2298 tanquam
668 2255 775 2290 reuerendis
783 2254 839 2299 patri-

109 2320 129 2347 40
138 2306 172 2338 bus
180 2304 269 2338 beneficia
277 2305 405 2348 hospitalitatis
413 2306 529 2341 ministrauit.
553 2307 621 2341 Beatus
628 2313 689 2342 autem
698 2308 758 2342 Dauid
766 2307 839 2342 vniuer·

138 2358 195 2391 salem
201 2357 292 2401 synodum
298 2357 377 2392 suturam
383 2358 470 2402 edixerat,
475 2364 493 2393 et
498 2364 581 2394 sanctum
588 2359 742 2404 Kynedum⁵illuc
747 2360 840 2394 humiliter

137 2410 215 2444 inuitare
229 2410 303 2444 curauit.
332 2411 367 2452 Qui
380 2411 415 2446 ait:
433 2413 483 2455 ‘Ego
496 2413 561 2446 merito
576 2414 659 2447 membra
674 2414 745 2447 habens
760 2418 839 2453 curuata,

138 2464 244 2500 societatem
255 2463 323 2499 habere
334 2463 425 2509 indignus,
433 2464 488 2500 tantis
499 2465 544 2501 viris
555 2464 647 2511 indignior
659 2476 700 2501 suni
711 2465 809 2510 associari;
822 2468 840 2499 et

157 2539 269 2577 ¹E.primam.
310 2539 345 2570 ²13.
353 2539 413 2570 Fracta.
453 2539 489 2572 lE.
498 2541 546 2570 letho.
587 2539 750 2579 ⁴E.sequentes;r.
759 2548 839 2579 sequaces.

137 2588 268 2620 ⁵T.Kenedum.
