1762 2803
270 115 316 171 tu
331 113 431 167 &aaut
448 113 542 166 urata.
716 118 756 174 185

57 242 135 278 coactus,
150 236 246 280 acciperet.
269 237 309 279 Que
325 236 438 271 consuetudo
449 247 483 280 per
494 236 556 270 omnia
567 235 659 280 aliquanto
670 241 712 280 post
724 236 757 270 hec

56 296 139 334 tempore
146 292 165 323 in
173 291 255 324 ecclesiis
264 290 461 324 Northanhimbrorum
469 295 542 324 seruata
549 295 583 323 est.
605 289 646 323 Hec
655 289 711 323 Beda.

154 416 169 454 il
182 408 216 451 Dr
227 426 298 451 snucro
310 408 380 452 Cunna
391 425 479 450 eriscoro
490 425 513 450 rr
524 425 641 450 courrssonr
647 414 659 450 ¹.

97 495 138 530 Nno
155 501 215 531 autem
232 496 323 531 dominice
338 496 468 530 incarnationis
483 496 618 531 sexcentesimo
634 495 759 542 sexagesimo·

117 556 181 594 quarto
197 552 256 586 subita
270 552 377 596 pestilencie
393 551 438 593 lues,
455 551 569 595 depopulatis
584 551 693 585 australibus
711 550 759 584 Brit-

57 601 111 633 annie
127 601 191 644 plagis,
208 602 404 634 Northanhimbrorum
419 601 533 644 prouinciam
549 602 655 644 corripiens,
672 609 776 644 magnam5

57 649 152 684 hominum
172 651 305 685 multitudinem
324 651 393 685 strauit.
421 651 461 693 Qua
480 651 548 685 domini
567 651 621 695 plaga
640 661 681 685 cum
700 651 758 692 Tuda,

58 703 156 747 episcopus
171 704 317 738 lindisfarnensis
333 710 351 738 et
371 704 573 746 Northanhimbrorum,
589 709 653 748 raptus
668 709 718 738 esset
735 704 759 737 de

58 757 132 799 mundo,
143 757 226 791 Aliridus
237 757 286 791 filius
298 757 347 801 regis
358 757 409 791 Oswi
420 758 469 791 misit
480 757 586 791 Wiliridum
601 757 723 801 presbiterum
735 756 758 790 ad

57 809 172 853 Agilbertum
187 810 308 854 parisiensem
321 810 434 854 episcopum,
447 809 478 854 qui
492 811 566 844 eumin
582 810 681 844 antistitem
695 820 759 844 conse-

58 867 121 896 craret.
145 863 186 905 Quo
201 864 219 897 in
234 863 362 897 transmarinis
377 868 454 906 propter
469 863 602 896 ordinationem
620 873 672 897 suam
689 873 788 899 moramro

58 916 140 960 iaciente,
153 928 186 951 rex
200 917 257 959 Oswi,
271 916 379 950 industriam
393 916 425 950 filii
440 916 526 959 imitatus,
541 916 589 950 misit
603 916 689 950 Canciam
700 917 759 950 virum

58 975 147 1011 sanctum,
159 971 263 1003 modestum
274 970 362 1010 moribus,
374 970 506 1012 scripturarum
519 969 596 1002 lectione
608 969 721 1002 sufficienter
732 970 760 1002 in·

58 1027 153 1064 structum,
164 1027 182 1055 et
194 1032 216 1055 ea
226 1032 262 1065 que
273 1021 344 1065 agenda
351 1021 369 1054 in
378 1021 473 1064 scripturis
482 1020 575 1063 didicerat,
586 1021 672 1065 operibus
684 1020 761 1055 solerter

58 1080 186 1118 exequentem,
198 1073 230 1118 qui
241 1074 359 1107 eboracensis
370 1073 448 1107 ecclesie
461 1074 577 1107 ordinaretur
590 1074 693 1118 episcopus.
716 1073 760 1107 Erat

58 1132 119 1160 autem
130 1127 216 1161 sacerdos
227 1126 315 1161 vocabulo
326 1126 394 1168 Cedda,
404 1126 460 1160 frater
470 1126 631 1160 reuerendissimi²
641 1125 703 1160 Cedd³
715 1126 787 1170 anti-15

58 1179 105 1214 stitis
110 1179 122 1222 ⁴,
134 1185 152 1214 et
163 1180 220 1214 abbas
231 1179 336 1213 monasterii
348 1179 396 1223 quod
407 1185 482 1213 vocatur
493 1179 603 1223 Lestingeia.
626 1178 662 1221 Qui
674 1178 759 1214 Canciam

58 1233 140 1274 veniens,
154 1244 196 1266 cum
212 1232 370 1276 archiepiscopum
384 1232 486 1267 Deusdedit
499 1233 523 1266 de
535 1232 597 1266 seculo
612 1232 702 1276 migrasse
718 1243 760 1276 cog·

59 1286 150 1328 nouisset;
163 1296 174 1319 a
187 1285 255 1319 Wina¹⁵
268 1285 412 1320 Occidentalium
424 1285 518 1319 Saxonum
530 1285 622 1329 episcopo,
636 1286 667 1329 qui
679 1285 730 1319 solus
741 1286 759 1319 in

58 1344 96 1372 tota
108 1339 201 1372 Britannia
212 1339 299 1372 canonice
310 1339 404 1372 ordinatus
417 1337 480 1380 suerat,
492 1344 614 1380 consecratur,
628 1338 728 1382 assumptis
741 1339 760 1371 in

59 1392 165 1425 socletatem
179 1391 297 1425 ordinationis
309 1391 380 1424 duobus
396 1391 419 1424 de
435 1390 531 1424 Britonum
548 1395 602 1434 gente
618 1390 716 1434 episcopis,
729 1390 760 1434 qui
770 1404 789 1426 πο

59 1444 171 1477 dominicum
184 1443 253 1487 pasche
265 1444 314 1477 diem
327 1454 381 1477 secus
393 1454 464 1477 morem
477 1443 584 1477 canonicum
600 1454 611 1477 a
626 1443 762 1486 quartadecima

3 1512 8 1521 ι
59 1508 117 1541 vsque
128 1497 265 1531 advicesimam
273 1496 335 1530 lunam
346 1496 467 1530 celebrabant.
490 1496 613 1530 Consecratus
624 1496 643 1530 in
654 1496 762 1541 episcopum

59 1555 136 1584 sanctus
148 1550 216 1592 Cedda,
230 1549 341 1584 maximam⁸
352 1549 474 1584 ecclesiastice
489 1549 560 1584 veritati
576 1555 594 1584 et
609 1549 685 1584 castitati
699 1560 762 1585 curam

60 1603 168 1646 impendere
187 1603 240 1646 cepit,
257 1603 371 1645 humilitati⁷‚
390 1602 506 1645 continentie,
522 1603 595 1637 lectioni
616 1613 691 1647 operam
712 1603 762 1645 dare,

61 1655 120 1699 opida,
128 1667 177 1699 rura,
185 1667 242 1699 casas,
249 1655 305 1698 vicos,
313 1656 387 1690 castella
395 1656 533 1700 euangelizandi
541 1656 599 1700 gratia
609 1667 647 1691 non
658 1656 762 1700 equitando,
772 1669 790 1699 ²5

61 1710 94 1742 sed
109 1709 232 1752 apostolorum
246 1719 298 1743 more
314 1709 392 1752 pedibus
407 1709 510 1743 incedendo
525 1720 629 1752 peragrare.
652 1710 697 1744 Erat
712 1710 762 1744 enim

61 1761 84 1794 de
104 1760 198 1804 discipulis
218 1760 285 1794 Aidani
306 1760 394 1804 episcopi,
413 1761 521 1805 eisdemque
540 1761 610 1795 actibus
633 1766 651 1795 et
674 1761 763 1804 moribus,

60 1814 110 1848 iuxta
122 1815 229 1858 exemplum
240 1814 280 1848 eius
292 1825 313 1848 ac
327 1814 388 1848 fratris
402 1814 431 1848 sui
443 1814 512 1857 eeddt,
524 1824 568 1848 suos
581 1813 677 1848 instituere
693 1815 763 1849 curauit

61 1867 158 1901 auditores.
185 1866 254 1900 Missus
269 1867 344 1901 demum
359 1876 370 1900 a
385 1866 476 1900 Vitaliano
493 1876 542 1910 papa
558 1866 673 1908 Theodorus,
690 1867 762 1901 Tharso

61 1919 135 1955 Ciliciel
146 1924 205 1961 natus,
218 1918 339 1953 cantuariensi
351 1918 428 1954 ecclesie
439 1918 600 1964 archiepiscopus;
611 1918 708 1953 uniuersas
719 1930 762 1964 per·
771 1931 791 1961 30

61 1974 141 2008 lustrans
152 1973 243 2014 ecclesias,
254 1972 350 2016 episcopos
361 1972 406 2006 locis
416 1972 512 2016 oportunis
523 1972 613 2006 ordinauit
624 1978 643 2006 et
654 1983 690 2016 que
701 1972 762 2006 minus

62 2027 142 2070 perlecta
152 2025 238 2070 repperit,
249 2025 278 2059 vir
287 2036 354 2069 magne
365 2025 441 2059 scientie
451 2030 468 2059 et
479 2024 622 2069 circumspectus
632 2024 717 2059 correxit.
740 2025 762 2059 ln

61 2080 128 2124 quibus
140 2085 158 2114 et
169 2080 251 2114 Ceddam
263 2078 370 2123 episcopum
382 2089 424 2113 cum
435 2084 520 2123 argueret
532 2089 569 2112 non
581 2077 638 2112 fuisse
651 2077 685 2112 rite
698 2088 762 2113 conse·

61 2139 136 2176 eratum,
147 2133 261 2177 respondens
269 2132 309 2176 ipse
316 2143 362 2166 voce
371 2132 472 2166 humillima
483 2132 539 2166 dixit:
552 2131 584 2165 ‘Si
594 2142 630 2172 me,
641 2131 705 2175 inquit,
714 2131 762 2165 nosti

82 2210 87 2227 ¹
98 2211 144 2240 From
151 2211 196 2241 Beda
203 2210 224 2240 H.
232 2210 250 2240 E.
259 2209 288 2240 lll.
299 2210 323 2247 28,
334 2208 360 2239 lV.
368 2218 383 2246 a,
393 2218 408 2247 3.
429 2208 460 2248 (Οἱ,
471 2208 507 2240 Act.
518 2208 547 2239 SS.
555 2208 596 2238 Boll.
604 2207 658 2238 llarch
669 2207 682 2238 l,
693 2217 708 2246 p.
721 2208 763 2248 146.)

62 2251 123 2281 Collect
133 2252 149 2280 in
159 2252 189 2281 T.:

82 2290 119 2333 (Sis
130 2305 159 2332 pro
172 2295 229 2334 nobis),
240 2299 294 2324 sancte
306 2294 363 2328 eedda,
378 2302 451 2329 rogamus
465 2294 484 2323 ad
497 2294 594 2332 (dominum
607 2292 629 2321 Vt
640 2291 676 2328 nos)
690 2297 736 2329 regat
748 2298 764 2322 et

61 2336 137 2373 perducat
149 2335 169 2364 ad
181 2335 211 2364 celi
222 2333 316 2374 palatium),
328 2332 359 2362 Vbi
370 2336 421 2362 tecum
435 2337 451 2362 et
465 2342 499 2362 cum
513 2332 632 2362 sanctissimus
644 2332 764 2369 imperpetuum.

61 2376 80 2406 V.
88 2376 121 2405 Ora
128 2384 157 2413 pro
164 2375 214 2405 nobis.

83 2416 131 2452 Deus
141 2420 167 2457 qui
177 2424 266 2449 sanctorum
278 2422 339 2448 tuorum
349 2417 409 2446 meritis
419 2416 501 2446 ecclesiam
512 2421 546 2445 toto
556 2417 594 2445 orbe
605 2421 681 2446 terrarum
692 2417 765 2447 diffusam

62 2459 144 2495 decorasti,
152 2464 206 2497 presta
212 2467 301 2496 quesumus,
313 2462 330 2487 nt
339 2457 451 2486 intercessione
461 2456 547 2486 beatissimi
554 2456 608 2486 Cedde
617 2456 686 2494 episcopi
696 2457 712 2486 in
722 2462 765 2487 sorte

62 2499 137 2529 iustorum
145 2502 171 2528 tua
179 2499 266 2536 opitulante
272 2499 330 2536 pietate
337 2505 434 2532 cenceamur,
442 2505 475 2533 per.
497 2495 527 2534 (Cf.
535 2496 582 2525 Brev.
590 2496 633 2534 Sar.)

82 2538 250 2569 'T.reuerentissimi.
284 2537 318 2566 1Τ.
326 2536 380 2567 Ceddi.
413 2535 522 2566 ⁴E.antistis.
553 2536 648 2567 'elwini
678 2535 764 2567 ‘almon

62 2577 68 2595 ⁷
78 2578 98 2608 Ε,
105 2578 196 2609 humilitate,
236 2578 242 2596 ⁸
252 2578 270 2608 T.
277 2577 333 2607 Ceddi.
373 2576 379 2594 ⁹
389 2576 408 2607 E.
416 2576 474 2606 Silieie.
