<?xml version="1.0" encoding="UTF-8"?>
<!DOCTYPE html PUBLIC "-//W3C//DTD XHTML 1.0 Transitional//EN"
    "http://www.w3.org/TR/xhtml1/DTD/xhtml1-transitional.dtd">
<html xmlns="http://www.w3.org/1999/xhtml" xml:lang="en" lang="en">
 <head>
  <title>
</title>
<meta http-equiv="Content-Type" content="text/html;charset=utf-8" />
  <meta name='ocr-system' content='tesseract 3.04.00' />
  <meta name='ocr-capabilities' content='ocr_page ocr_carea ocr_par ocr_line ocrx_word'/>
</head>
<body>
  <div class='ocr_page' id='page_1' title='image "./MN5111ucmf_0/MN5111ucmf_0_0536.png"; bbox 0 0 1762 2803; ppageno 0'>
   <div class='ocr_carea' id='block_1_1' title="bbox 127 118 639 181">
    <p class='ocr_par' dir='ltr' id='par_1_1' title="bbox 127 118 639 181">
     <span class='ocr_line' id='line_1_1' title="bbox 127 118 639 181; baseline -0.014 -3"><span class='ocrx_word' id='word_1_1' title='bbox 127 126 172 178; x_wconf 79' lang='lat'>446</span> <span class='ocrx_word' id='word_1_2' title='bbox 210 169 212 174; x_wconf 94' lang='lat'>.</span> <span class='ocrx_word' id='word_1_3' title='bbox 319 121 399 173; x_wconf 68' lang='lat' dir='ltr'>rucco</span> <span class='ocrx_word' id='word_1_4' title='bbox 414 119 531 181; x_wconf 66' lang='lat' dir='ltr'>termut</span> <span class='ocrx_word' id='word_1_5' title='bbox 547 118 639 181; x_wconf 68' lang='lat' dir='ltr'>fiuntc.</span> 
     </span>
    </p>
   </div>
   <div class='ocr_carea' id='block_1_2' title="bbox 104 239 840 2507">
    <p class='ocr_par' dir='ltr' id='par_1_2' title="bbox 129 239 832 444">
     <span class='ocr_line' id='line_1_2' title="bbox 129 239 831 286; baseline 0.003 -11"><span class='ocrx_word' id='word_1_6' title='bbox 129 242 164 276; x_wconf 89' lang='lat' dir='ltr'>bus</span> <span class='ocrx_word' id='word_1_7' title='bbox 183 241 290 286; x_wconf 85' lang='lat' dir='ltr'>angelorum</span> <span class='ocrx_word' id='word_1_8' title='bbox 309 240 410 275; x_wconf 88' lang='lat' dir='ltr'>ministerio</span> <span class='ocrx_word' id='word_1_9' title='bbox 430 240 465 275; x_wconf 92' lang='lat' dir='ltr'>sibi</span> <span class='ocrx_word' id='word_1_10' title='bbox 484 240 561 283; x_wconf 83' lang='lat' dir='ltr'>traditis,</span> <span class='ocrx_word' id='word_1_11' title='bbox 578 240 645 284; x_wconf 89' lang='lat' dir='ltr'>quibus</span> <span class='ocrx_word' id='word_1_12' title='bbox 663 239 700 275; x_wconf 91' lang='lat' dir='ltr'>vite</span> <span class='ocrx_word' id='word_1_13' title='bbox 719 251 752 274; x_wconf 92' lang='lat' dir='ltr'>sue</span> <span class='ocrx_word' id='word_1_14' title='bbox 769 241 831 284; x_wconf 87' lang='lat' dir='ltr'>spacio</span> 
     </span>
     <span class='ocr_line' id='line_1_3' title="bbox 129 292 831 339; baseline 0 -10"><span class='ocrx_word' id='word_1_15' title='bbox 129 294 212 339; x_wconf 81' lang='lat' dir='ltr'>legendo,</span> <span class='ocrx_word' id='word_1_16' title='bbox 224 294 321 329; x_wconf 89' lang='lat' dir='ltr'>scribendo</span> <span class='ocrx_word' id='word_1_17' title='bbox 332 299 350 328; x_wconf 90' lang='lat' dir='ltr'>et</span> <span class='ocrx_word' id='word_1_18' title='bbox 360 295 430 328; x_wconf 89' lang='lat' dir='ltr'>orando</span> <span class='ocrx_word' id='word_1_19' title='bbox 440 293 480 327; x_wconf 89' lang='lat' dir='ltr'>vice</span> <span class='ocrx_word' id='word_1_20' title='bbox 491 294 607 327; x_wconf 88' lang='lat' dir='ltr'>lucernarum</span> <span class='ocrx_word' id='word_1_21' title='bbox 618 292 713 327; x_wconf 83' lang='lat' dir='ltr'>nocturnis</span> <span class='ocrx_word' id='word_1_22' title='bbox 723 293 831 336; x_wconf 85' lang='lat' dir='ltr'>fungebatur</span> 
     </span>
     <span class='ocr_line' id='line_1_4' title="bbox 130 339 832 392; baseline -0.001 -10"><span class='ocrx_word' id='word_1_23' title='bbox 130 347 186 392; x_wconf 86' lang='lat' dir='ltr'>horis,</span> <span class='ocrx_word' id='word_1_24' title='bbox 197 346 298 392; x_wconf 84' lang='lat' dir='ltr'>repatriare</span> <span class='ocrx_word' id='word_1_25' title='bbox 310 345 407 381; x_wconf 61' lang='lat' dir='ltr'>festinauit,</span> <span class='ocrx_word' id='word_1_26' title='bbox 451 339 537 391; x_wconf 84' lang='lat' dir='ltr'>Accepto</span> <span class='ocrx_word' id='word_1_27' title='bbox 550 346 639 391; x_wconf 82' lang='lat' dir='ltr'>posthoc</span> <span class='ocrx_word' id='word_1_28' title='bbox 651 346 754 391; x_wconf 82' lang='lat' dir='ltr'>presulatus</span> <span class='ocrx_word' id='word_1_29' title='bbox 766 345 832 390; x_wconf 90' lang='lat' dir='ltr'>officio,</span> 
     </span>
     <span class='ocr_line' id='line_1_5' title="bbox 130 399 831 444; baseline -0.001 -9"><span class='ocrx_word' id='word_1_30' title='bbox 130 402 203 444; x_wconf 89' lang='lat' dir='ltr'>quantis</span> <span class='ocrx_word' id='word_1_31' title='bbox 212 401 231 434; x_wconf 91' lang='lat' dir='ltr'>in</span> <span class='ocrx_word' id='word_1_32' title='bbox 241 400 330 434; x_wconf 84' lang='lat' dir='ltr'>Hibernia</span> <span class='ocrx_word' id='word_1_33' title='bbox 342 400 434 434; x_wconf 87' lang='lat' dir='ltr'>miraculis</span> <span class='ocrx_word' id='word_1_34' title='bbox 445 400 539 441; x_wconf 86' lang='lat' dir='ltr'>effulserit,</span> <span class='ocrx_word' id='word_1_35' title='bbox 550 399 645 434; x_wconf 89' lang='lat' dir='ltr'>hominum</span> <span class='ocrx_word' id='word_1_36' title='bbox 656 410 700 433; x_wconf 85' lang='lat' dir='ltr'>vere</span> <span class='ocrx_word' id='word_1_37' title='bbox 711 409 766 433; x_wconf 91' lang='lat' dir='ltr'>nemo</span> <span class='ocrx_word' id='word_1_38' title='bbox 776 399 831 434; x_wconf 88' lang='lat' dir='ltr'>nouit.</span> 
     </span>
    </p>

    <p class='ocr_par' dir='ltr' id='par_1_3' title="bbox 104 446 835 972">
     <span class='ocr_line' id='line_1_6' title="bbox 113 446 832 497; baseline -0.001 -9"><span class='ocrx_word' id='word_1_39' title='bbox 113 467 121 496; x_wconf 85' lang='lat'><strong>5</strong></span> <span class='ocrx_word' id='word_1_40' title='bbox 131 446 155 488; x_wconf 87' lang='lat' dir='ltr'>ln</span> <span class='ocrx_word' id='word_1_41' title='bbox 163 453 240 488; x_wconf 85' lang='lat' dir='ltr'>ecclesia</span> <span class='ocrx_word' id='word_1_42' title='bbox 248 465 284 497; x_wconf 88' lang='lat' dir='ltr'>que</span> <span class='ocrx_word' id='word_1_43' title='bbox 293 454 350 488; x_wconf 85' lang='lat' dir='ltr'>‘cella</span> <span class='ocrx_word' id='word_1_44' title='bbox 361 453 438 487; x_wconf 88' lang='lat' dir='ltr'>montis&#39;</span> <span class='ocrx_word' id='word_1_45' title='bbox 449 458 529 494; x_wconf 85' lang='lat' dir='ltr'>vocatur,</span> <span class='ocrx_word' id='word_1_46' title='bbox 541 453 634 496; x_wconf 86' lang='lat' dir='ltr'>quandam</span> <span class='ocrx_word' id='word_1_47' title='bbox 645 452 743 486; x_wconf 87' lang='lat' dir='ltr'>monialem</span> <span class='ocrx_word' id='word_1_48' title='bbox 752 462 763 486; x_wconf 89' lang='lat' dir='ltr'>a</span> <span class='ocrx_word' id='word_1_49' title='bbox 773 457 832 487; x_wconf 86' lang='lat' dir='ltr'>morte</span> 
     </span>
     <span class='ocr_line' id='line_1_7' title="bbox 130 506 832 550; baseline -0.003 -9"><span class='ocrx_word' id='word_1_50' title='bbox 130 506 235 549; x_wconf 79' lang='lat' dir='ltr'>suscitauit;</span> <span class='ocrx_word' id='word_1_51' title='bbox 255 506 360 540; x_wconf 91' lang='lat' dir='ltr'>ministrum</span> <span class='ocrx_word' id='word_1_52' title='bbox 380 506 475 541; x_wconf 86' lang='lat' dir='ltr'>cuiusdam</span> <span class='ocrx_word' id='word_1_53' title='bbox 497 506 579 550; x_wconf 87' lang='lat' dir='ltr'>episcopi</span> <span class='ocrx_word' id='word_1_54' title='bbox 599 506 716 540; x_wconf 89' lang='lat' dir='ltr'>submersum</span> <span class='ocrx_word' id='word_1_55' title='bbox 735 506 758 539; x_wconf 88' lang='lat' dir='ltr'>ad</span> <span class='ocrx_word' id='word_1_56' title='bbox 776 506 832 540; x_wconf 89' lang='lat' dir='ltr'>vitam</span> 
     </span>
     <span class='ocr_line' id='line_1_8' title="bbox 130 558 832 602; baseline 0 -10"><span class='ocrx_word' id='word_1_57' title='bbox 130 559 232 600; x_wconf 77' lang='lat' dir='ltr'>reuocauit3</span> <span class='ocrx_word' id='word_1_58' title='bbox 245 564 264 592; x_wconf 87' lang='lat' dir='ltr'>et</span> <span class='ocrx_word' id='word_1_59' title='bbox 276 559 383 602; x_wconf 87' lang='lat' dir='ltr'>episcopum</span> <span class='ocrx_word' id='word_1_60' title='bbox 397 559 472 591; x_wconf 85' lang='lat' dir='ltr'>nomine</span> <span class='ocrx_word' id='word_1_61' title='bbox 487 559 568 591; x_wconf 89' lang='lat' dir='ltr'>Nathum</span> <span class='ocrx_word' id='word_1_62' title='bbox 579 569 590 591; x_wconf 86' lang='lat' dir='ltr'>a</span> <span class='ocrx_word' id='word_1_63' title='bbox 601 558 678 591; x_wconf 88' lang='lat' dir='ltr'>mortuis</span> <span class='ocrx_word' id='word_1_64' title='bbox 692 558 790 598; x_wconf 88' lang='lat' dir='ltr'>reuocauit,</span> <span class='ocrx_word' id='word_1_65' title='bbox 802 559 832 601; x_wconf 93' lang='lat' dir='ltr'>qui</span> 
     </span>
     <span class='ocr_line' id='line_1_9' title="bbox 130 603 832 655; baseline 0.001 -10"><span class='ocrx_word' id='word_1_66' title='bbox 130 612 205 646; x_wconf 89' lang='lat' dir='ltr'>salutari</span> <span class='ocrx_word' id='word_1_67' title='bbox 216 611 281 646; x_wconf 83' lang='lat' dir='ltr'>viatico</span> <span class='ocrx_word' id='word_1_68' title='bbox 289 612 313 645; x_wconf 90' lang='lat' dir='ltr'>de</span> <span class='ocrx_word' id='word_1_69' title='bbox 322 622 378 645; x_wconf 89' lang='lat' dir='ltr'>manu</span> <span class='ocrx_word' id='word_1_70' title='bbox 390 611 455 645; x_wconf 68' lang='lat' dir='ltr'>finani</span> <span class='ocrx_word' id='word_1_71' title='bbox 465 616 551 654; x_wconf 89' lang='lat' dir='ltr'>suscepto</span> <span class='ocrx_word' id='word_1_72' title='bbox 561 610 580 644; x_wconf 93' lang='lat' dir='ltr'>in</span> <span class='ocrx_word' id='word_1_73' title='bbox 590 621 636 654; x_wconf 84' lang='lat' dir='ltr'>pace</span> <span class='ocrx_word' id='word_1_74' title='bbox 644 610 718 655; x_wconf 92' lang='lat' dir='ltr'>quieuit.</span> <span class='ocrx_word' id='word_1_75' title='bbox 763 603 832 646; x_wconf 84' lang='lat' dir='ltr'>Filium</span> 
     </span>
     <span class='ocr_line' id='line_1_10' title="bbox 130 662 833 707; baseline -0.001 -8"><span class='ocrx_word' id='word_1_76' title='bbox 130 664 225 699; x_wconf 84' lang='lat' dir='ltr'>cuiusdam</span> <span class='ocrx_word' id='word_1_77' title='bbox 236 664 290 699; x_wconf 85' lang='lat' dir='ltr'>vidue</span> <span class='ocrx_word' id='word_1_78' title='bbox 302 663 361 698; x_wconf 89' lang='lat' dir='ltr'>triduo</span> <span class='ocrx_word' id='word_1_79' title='bbox 373 663 485 706; x_wconf 87' lang='lat' dir='ltr'>defunctum,</span> <span class='ocrx_word' id='word_1_80' title='bbox 494 668 513 699; x_wconf 94' lang='lat' dir='ltr'>et</span> <span class='ocrx_word' id='word_1_81' title='bbox 524 662 658 706; x_wconf 87' lang='lat' dir='ltr'>resuscitatum,</span> <span class='ocrx_word' id='word_1_82' title='bbox 670 662 773 707; x_wconf 84' lang='lat' dir='ltr'>baptizauit.</span> <span class='ocrx_word' id='word_1_83' title='bbox 797 664 833 698; x_wconf 94' lang='lat' dir='ltr'>lni-</span> 
     </span>
     <span class='ocr_line' id='line_1_11' title="bbox 104 716 833 762; baseline -0.001 -10"><span class='ocrx_word' id='word_1_84' title='bbox 104 731 123 752; x_wconf 89' lang='lat'>10</span> <span class='ocrx_word' id='word_1_85' title='bbox 131 718 204 762; x_wconf 84' lang='lat' dir='ltr'>quitatis</span> <span class='ocrx_word' id='word_1_86' title='bbox 211 718 268 752; x_wconf 89' lang='lat' dir='ltr'>filium</span> <span class='ocrx_word' id='word_1_87' title='bbox 273 717 304 762; x_wconf 89' lang='lat' dir='ltr'>qui</span> <span class='ocrx_word' id='word_1_88' title='bbox 313 717 422 761; x_wconf 87' lang='lat' dir='ltr'>discipulum</span> <span class='ocrx_word' id='word_1_89' title='bbox 429 717 469 752; x_wconf 86' lang='lat' dir='ltr'>eius</span> <span class='ocrx_word' id='word_1_90' title='bbox 477 717 530 752; x_wconf 88' lang='lat' dir='ltr'>hasta</span> <span class='ocrx_word' id='word_1_91' title='bbox 535 716 643 760; x_wconf 86' lang='lat' dir='ltr'>vulnerauit,</span> <span class='ocrx_word' id='word_1_92' title='bbox 649 716 833 760; x_wconf 59' lang='lat' dir='ltr'>excommunicans,</span> 
     </span>
     <span class='ocr_line' id='line_1_12' title="bbox 131 769 834 815; baseline -0.001 -10"><span class='ocrx_word' id='word_1_93' title='bbox 131 771 187 806; x_wconf 85' lang='lat' dir='ltr'>dixit:</span> <span class='ocrx_word' id='word_1_94' title='bbox 207 771 298 806; x_wconf 87' lang='lat' dir='ltr'>‘Carnem</span> <span class='ocrx_word' id='word_1_95' title='bbox 315 776 366 805; x_wconf 90' lang='lat' dir='ltr'>tuam</span> <span class='ocrx_word' id='word_1_96' title='bbox 384 770 468 805; x_wconf 82' lang='lat' dir='ltr'>volucres</span> <span class='ocrx_word' id='word_1_97' title='bbox 487 769 521 805; x_wconf 86' lang='lat' dir='ltr'>celi</span> <span class='ocrx_word' id='word_1_98' title='bbox 540 770 641 813; x_wconf 90' lang='lat' dir='ltr'>comedent,</span> <span class='ocrx_word' id='word_1_99' title='bbox 661 774 679 803; x_wconf 83' lang='lat' dir='ltr'>et</span> <span class='ocrx_word' id='word_1_100' title='bbox 695 781 738 804; x_wconf 92' lang='lat' dir='ltr'>ossa</span> <span class='ocrx_word' id='word_1_101' title='bbox 753 770 834 815; x_wconf 82' lang='lat' dir='ltr'>undique</span> 
     </span>
     <span class='ocr_line' id='line_1_13' title="bbox 132 823 834 869; baseline 0 -11"><span class='ocrx_word' id='word_1_102' title='bbox 132 824 217 869; x_wconf 84' lang='lat' dir='ltr'>dispersa</span> <span class='ocrx_word' id='word_1_103' title='bbox 227 830 278 859; x_wconf 86' lang='lat' dir='ltr'>terra</span> <span class='ocrx_word' id='word_1_104' title='bbox 289 836 326 858; x_wconf 90' lang='lat' dir='ltr'>non</span> <span class='ocrx_word' id='word_1_105' title='bbox 338 824 431 868; x_wconf 81' lang='lat' dir='ltr'>suscipiet,</span> <span class='ocrx_word' id='word_1_106' title='bbox 444 824 541 867; x_wconf 88' lang='lat' dir='ltr'>animaque</span> <span class='ocrx_word' id='word_1_107' title='bbox 552 824 617 857; x_wconf 80' lang='lat' dir='ltr'>infelix</span> <span class='ocrx_word' id='word_1_108' title='bbox 628 825 651 857; x_wconf 90' lang='lat' dir='ltr'>ad</span> <span class='ocrx_word' id='word_1_109' title='bbox 662 823 734 857; x_wconf 88' lang='lat' dir='ltr'>inferna</span> <span class='ocrx_word' id='word_1_110' title='bbox 746 824 786 858; x_wconf 89' lang='lat' dir='ltr'>sine</span> <span class='ocrx_word' id='word_1_111' title='bbox 796 825 834 858; x_wconf 87' lang='lat' dir='ltr'>fine</span> 
     </span>
     <span class='ocr_line' id='line_1_14' title="bbox 132 876 833 921; baseline -0.001 -9"><span class='ocrx_word' id='word_1_112' title='bbox 132 878 242 912; x_wconf 66' lang='lat' dir='ltr'>descendet?</span> <span class='ocrx_word' id='word_1_113' title='bbox 265 877 337 911; x_wconf 86' lang='lat' dir='ltr'>Modico</span> <span class='ocrx_word' id='word_1_114' title='bbox 350 882 393 921; x_wconf 90' lang='lat' dir='ltr'>post</span> <span class='ocrx_word' id='word_1_115' title='bbox 405 878 440 911; x_wconf 90' lang='lat' dir='ltr'>hec</span> <span class='ocrx_word' id='word_1_116' title='bbox 456 877 519 921; x_wconf 89' lang='lat' dir='ltr'>elapso</span> <span class='ocrx_word' id='word_1_117' title='bbox 534 882 618 921; x_wconf 89' lang='lat' dir='ltr'>tempore</span> <span class='ocrx_word' id='word_1_118' title='bbox 632 876 684 910; x_wconf 90' lang='lat' dir='ltr'>illum</span> <span class='ocrx_word' id='word_1_119' title='bbox 697 877 727 910; x_wconf 91' lang='lat' dir='ltr'>dei</span> <span class='ocrx_word' id='word_1_120' title='bbox 740 876 833 911; x_wconf 86' lang='lat' dir='ltr'>inimicum</span> 
     </span>
     <span class='ocr_line' id='line_1_15' title="bbox 131 929 835 972; baseline -0.003 -8"><span class='ocrx_word' id='word_1_121' title='bbox 131 937 198 964; x_wconf 88' lang='lat' dir='ltr'>ventus</span> <span class='ocrx_word' id='word_1_122' title='bbox 206 931 229 963; x_wconf 88' lang='lat' dir='ltr'>ab</span> <span class='ocrx_word' id='word_1_123' title='bbox 237 936 300 964; x_wconf 90' lang='lat' dir='ltr'>austro</span> <span class='ocrx_word' id='word_1_124' title='bbox 308 930 355 964; x_wconf 89' lang='lat' dir='ltr'>flans</span> <span class='ocrx_word' id='word_1_125' title='bbox 363 930 382 962; x_wconf 87' lang='lat' dir='ltr'>in</span> <span class='ocrx_word' id='word_1_126' title='bbox 390 930 500 972; x_wconf 85' lang='lat' dir='ltr'>profundam</span> <span class='ocrx_word' id='word_1_127' title='bbox 508 930 575 963; x_wconf 88' lang='lat' dir='ltr'>vallem</span> <span class='ocrx_word' id='word_1_128' title='bbox 583 929 629 962; x_wconf 86' lang='lat' dir='ltr'>mari</span> <span class='ocrx_word' id='word_1_129' title='bbox 637 929 740 972; x_wconf 86' lang='lat' dir='ltr'>proximam</span> <span class='ocrx_word' id='word_1_130' title='bbox 752 929 835 969; x_wconf 84' lang='lat' dir='ltr'>detrusit,</span> 
     </span>
    </p>

    <p class='ocr_par' dir='ltr' id='par_1_4' title="bbox 106 974 840 2507">
     <span class='ocr_line' id='line_1_16' title="bbox 106 974 834 1028; baseline -0.001 -11"><span class='ocrx_word' id='word_1_131' title='bbox 106 998 123 1028; x_wconf 77' lang='lat' dir='ltr'>r5</span> <span class='ocrx_word' id='word_1_132' title='bbox 132 983 163 1018; x_wconf 91' lang='lat' dir='ltr'>vbi</span> <span class='ocrx_word' id='word_1_133' title='bbox 178 983 238 1027; x_wconf 83' lang='lat' dir='ltr'>lignea</span> <span class='ocrx_word' id='word_1_134' title='bbox 253 982 299 1017; x_wconf 87' lang='lat' dir='ltr'>sude</span> <span class='ocrx_word' id='word_1_135' title='bbox 314 981 432 1026; x_wconf 83' lang='lat' dir='ltr'>transfossus,</span> <span class='ocrx_word' id='word_1_136' title='bbox 447 984 533 1026; x_wconf 88' lang='lat' dir='ltr'>pendens</span> <span class='ocrx_word' id='word_1_137' title='bbox 551 981 623 1016; x_wconf 87' lang='lat' dir='ltr'>interiit.</span> <span class='ocrx_word' id='word_1_138' title='bbox 669 974 738 1016; x_wconf 87' lang='lat' dir='ltr'>Filium</span> <span class='ocrx_word' id='word_1_139' title='bbox 755 982 834 1017; x_wconf 86' lang='lat' dir='ltr'>Dameni</span> 
     </span>
     <span class='ocr_line' id='line_1_17' title="bbox 132 1034 834 1080; baseline -0.004 -9"><span class='ocrx_word' id='word_1_140' title='bbox 132 1037 188 1080; x_wconf 86' lang='lat' dir='ltr'>regis,</span> <span class='ocrx_word' id='word_1_141' title='bbox 200 1047 275 1071; x_wconf 87' lang='lat' dir='ltr'>seruum</span> <span class='ocrx_word' id='word_1_142' title='bbox 286 1036 316 1069; x_wconf 90' lang='lat' dir='ltr'>dei</span> <span class='ocrx_word' id='word_1_143' title='bbox 326 1037 370 1069; x_wconf 91' lang='lat' dir='ltr'>dum</span> <span class='ocrx_word' id='word_1_144' title='bbox 381 1045 448 1079; x_wconf 90' lang='lat' dir='ltr'>corpus</span> <span class='ocrx_word' id='word_1_145' title='bbox 460 1035 529 1069; x_wconf 90' lang='lat' dir='ltr'>domini</span> <span class='ocrx_word' id='word_1_146' title='bbox 539 1040 655 1069; x_wconf 88' lang='lat' dir='ltr'>consecraret</span> <span class='ocrx_word' id='word_1_147' title='bbox 666 1034 722 1069; x_wconf 89' lang='lat' dir='ltr'>nimis</span> <span class='ocrx_word' id='word_1_148' title='bbox 733 1034 834 1079; x_wconf 87' lang='lat' dir='ltr'>inquietan-</span> 
     </span>
     <span class='ocr_line' id='line_1_18' title="bbox 132 1087 835 1132; baseline -0.001 -8"><span class='ocrx_word' id='word_1_149' title='bbox 132 1089 182 1124; x_wconf 82' lang='lat' dir='ltr'>tem1</span> <span class='ocrx_word' id='word_1_150' title='bbox 190 1100 211 1123; x_wconf 89' lang='lat' dir='ltr'>ac</span> <span class='ocrx_word' id='word_1_151' title='bbox 222 1099 246 1123; x_wconf 89' lang='lat' dir='ltr'>ne</span> <span class='ocrx_word' id='word_1_152' title='bbox 259 1093 343 1123; x_wconf 89' lang='lat' dir='ltr'>sanctum</span> <span class='ocrx_word' id='word_1_153' title='bbox 354 1099 400 1132; x_wconf 93' lang='lat' dir='ltr'>opus</span> <span class='ocrx_word' id='word_1_154' title='bbox 412 1089 465 1122; x_wconf 90' lang='lat' dir='ltr'>fieret</span> <span class='ocrx_word' id='word_1_155' title='bbox 474 1087 599 1122; x_wconf 87' lang='lat' dir='ltr'>irreuerenter</span> <span class='ocrx_word' id='word_1_156' title='bbox 610 1087 745 1131; x_wconf 88' lang='lat' dir='ltr'>prohibentem,</span> <span class='ocrx_word' id='word_1_157' title='bbox 753 1099 787 1132; x_wconf 86' lang='lat' dir='ltr'>per</span> <span class='ocrx_word' id='word_1_158' title='bbox 795 1087 835 1123; x_wconf 86' lang='lat' dir='ltr'>eius</span> 
     </span>
     <span class='ocr_line' id='line_1_19' title="bbox 132 1141 835 1186; baseline 0 -10"><span class='ocrx_word' id='word_1_159' title='bbox 132 1143 239 1184; x_wconf 87' lang='lat' dir='ltr'>orationem,</span> <span class='ocrx_word' id='word_1_160' title='bbox 247 1143 270 1175; x_wconf 88' lang='lat' dir='ltr'>ad</span> <span class='ocrx_word' id='word_1_161' title='bbox 278 1142 372 1175; x_wconf 89' lang='lat' dir='ltr'>dominum</span> <span class='ocrx_word' id='word_1_162' title='bbox 381 1141 463 1175; x_wconf 84' lang='lat' dir='ltr'>extensis</span> <span class='ocrx_word' id='word_1_163' title='bbox 474 1141 559 1175; x_wconf 91' lang='lat' dir='ltr'>manibus</span> <span class='ocrx_word' id='word_1_164' title='bbox 569 1141 670 1185; x_wconf 84' lang='lat' dir='ltr'>profusam,</span> <span class='ocrx_word' id='word_1_165' title='bbox 680 1141 758 1175; x_wconf 87' lang='lat' dir='ltr'>malleus</span> <span class='ocrx_word' id='word_1_166' title='bbox 768 1141 835 1186; x_wconf 86' lang='lat' dir='ltr'>ingens</span> 
     </span>
     <span class='ocr_line' id='line_1_20' title="bbox 132 1193 835 1239; baseline -0.001 -9"><span class='ocrx_word' id='word_1_167' title='bbox 132 1197 156 1230; x_wconf 90' lang='lat' dir='ltr'>de</span> <span class='ocrx_word' id='word_1_168' title='bbox 164 1196 203 1230; x_wconf 91' lang='lat' dir='ltr'>celo</span> <span class='ocrx_word' id='word_1_169' title='bbox 211 1195 230 1228; x_wconf 94' lang='lat' dir='ltr'>in</span> <span class='ocrx_word' id='word_1_170' title='bbox 238 1199 292 1239; x_wconf 88' lang='lat' dir='ltr'>caput</span> <span class='ocrx_word' id='word_1_171' title='bbox 300 1195 340 1229; x_wconf 91' lang='lat' dir='ltr'>eius</span> <span class='ocrx_word' id='word_1_172' title='bbox 348 1195 384 1228; x_wconf 87' lang='lat' dir='ltr'>iam</span> <span class='ocrx_word' id='word_1_173' title='bbox 393 1195 515 1236; x_wconf 87' lang='lat' dir='ltr'>descendens,</span> <span class='ocrx_word' id='word_1_174' title='bbox 523 1200 578 1237; x_wconf 88' lang='lat' dir='ltr'>prout</span> <span class='ocrx_word' id='word_1_175' title='bbox 585 1193 656 1236; x_wconf 86' lang='lat' dir='ltr'>meruit,</span> <span class='ocrx_word' id='word_1_176' title='bbox 664 1194 761 1228; x_wconf 87' lang='lat' dir='ltr'>interemit.</span> <span class='ocrx_word' id='word_1_177' title='bbox 784 1195 835 1229; x_wconf 89' lang='lat' dir='ltr'>Duas</span> 
     </span>
     <span class='ocr_line' id='line_1_21' title="bbox 106 1246 835 1293; baseline -0.001 -9"><span class='ocrx_word' id='word_1_178' title='bbox 106 1262 125 1284; x_wconf 80' lang='lat' dir='ltr'>zo</span> <span class='ocrx_word' id='word_1_179' title='bbox 133 1259 205 1293; x_wconf 89' lang='lat' dir='ltr'>quoque</span> <span class='ocrx_word' id='word_1_180' title='bbox 216 1253 309 1282; x_wconf 90' lang='lat' dir='ltr'>matronas</span> <span class='ocrx_word' id='word_1_181' title='bbox 318 1246 390 1282; x_wconf 90' lang='lat' dir='ltr'>nobiles</span> <span class='ocrx_word' id='word_1_182' title='bbox 401 1248 432 1282; x_wconf 69' lang='lat' dir='ltr'>et²</span> <span class='ocrx_word' id='word_1_183' title='bbox 441 1247 513 1282; x_wconf 87' lang='lat' dir='ltr'>steriles</span> <span class='ocrx_word' id='word_1_184' title='bbox 524 1248 622 1291; x_wconf 85' lang='lat' dir='ltr'>concipere</span> <span class='ocrx_word' id='word_1_185' title='bbox 630 1252 648 1281; x_wconf 92' lang='lat' dir='ltr'>et</span> <span class='ocrx_word' id='word_1_186' title='bbox 656 1258 727 1291; x_wconf 88' lang='lat' dir='ltr'>parere,</span> <span class='ocrx_word' id='word_1_187' title='bbox 736 1258 769 1282; x_wconf 92' lang='lat' dir='ltr'>sua</span> <span class='ocrx_word' id='word_1_188' title='bbox 779 1259 835 1292; x_wconf 85' lang='lat' dir='ltr'>prece</span> 
     </span>
     <span class='ocr_line' id='line_1_22' title="bbox 133 1294 835 1346; baseline 0 -11"><span class='ocrx_word' id='word_1_189' title='bbox 133 1301 198 1335; x_wconf 86' lang='lat' dir='ltr'>effecit.</span> <span class='ocrx_word' id='word_1_190' title='bbox 243 1294 318 1344; x_wconf 87' lang='lat' dir='ltr'>Regem</span> <span class='ocrx_word' id='word_1_191' title='bbox 337 1300 474 1334; x_wconf 79' lang='lat' dir='ltr'>Diarmecium³</span> <span class='ocrx_word' id='word_1_192' title='bbox 489 1310 523 1344; x_wconf 92' lang='lat' dir='ltr'>pro</span> <span class='ocrx_word' id='word_1_193' title='bbox 539 1300 618 1344; x_wconf 88' lang='lat' dir='ltr'>quodam</span> <span class='ocrx_word' id='word_1_194' title='bbox 637 1299 696 1334; x_wconf 86' lang='lat' dir='ltr'>amico</span> <span class='ocrx_word' id='word_1_195' title='bbox 715 1311 748 1335; x_wconf 92' lang='lat' dir='ltr'>suo</span> <span class='ocrx_word' id='word_1_196' title='bbox 765 1301 835 1346; x_wconf 89' lang='lat' dir='ltr'>suppli-</span> 
     </span>
     <span class='ocr_line' id='line_1_23' title="bbox 133 1352 836 1398; baseline 0.003 -11"><span class='ocrx_word' id='word_1_197' title='bbox 133 1359 206 1388; x_wconf 91' lang='lat' dir='ltr'>caturus</span> <span class='ocrx_word' id='word_1_198' title='bbox 220 1353 307 1388; x_wconf 90' lang='lat' dir='ltr'>accessit:</span> <span class='ocrx_word' id='word_1_199' title='bbox 323 1363 402 1397; x_wconf 91' lang='lat' dir='ltr'>cumque</span> <span class='ocrx_word' id='word_1_200' title='bbox 417 1364 451 1387; x_wconf 82' lang='lat' dir='ltr'>rex</span> <span class='ocrx_word' id='word_1_201' title='bbox 466 1353 512 1387; x_wconf 85' lang='lat' dir='ltr'>ostia</span> <span class='ocrx_word' id='word_1_202' title='bbox 527 1353 577 1397; x_wconf 93' lang='lat' dir='ltr'>opidi</span> <span class='ocrx_word' id='word_1_203' title='bbox 592 1352 674 1388; x_wconf 87' lang='lat' dir='ltr'>obserari</span> <span class='ocrx_word' id='word_1_204' title='bbox 687 1353 777 1398; x_wconf 84' lang='lat' dir='ltr'>iussisset,</span> <span class='ocrx_word' id='word_1_205' title='bbox 788 1355 836 1389; x_wconf 90' lang='lat' dir='ltr'>illico</span> 
     </span>
     <span class='ocr_line' id='line_1_24' title="bbox 133 1406 835 1450; baseline 0 -9"><span class='ocrx_word' id='word_1_206' title='bbox 133 1407 220 1441; x_wconf 90' lang='lat' dir='ltr'>diuinitus</span> <span class='ocrx_word' id='word_1_207' title='bbox 228 1412 291 1450; x_wconf 88' lang='lat' dir='ltr'>aperta</span> <span class='ocrx_word' id='word_1_208' title='bbox 298 1412 346 1441; x_wconf 83' lang='lat' dir='ltr'>sunt.</span> <span class='ocrx_word' id='word_1_209' title='bbox 369 1406 410 1448; x_wconf 76' lang='lat' dir='ltr'>Quo</span> <span class='ocrx_word' id='word_1_210' title='bbox 418 1406 480 1440; x_wconf 93' lang='lat' dir='ltr'>audito</span> <span class='ocrx_word' id='word_1_211' title='bbox 491 1417 526 1441; x_wconf 79' lang='lat' dir='ltr'>rex</span> <span class='ocrx_word' id='word_1_212' title='bbox 536 1407 625 1441; x_wconf 82' lang='lat' dir='ltr'>ascenso⁴</span> <span class='ocrx_word' id='word_1_213' title='bbox 637 1417 692 1442; x_wconf 90' lang='lat' dir='ltr'>curru</span> <span class='ocrx_word' id='word_1_214' title='bbox 701 1408 795 1442; x_wconf 89' lang='lat' dir='ltr'>hominem</span> <span class='ocrx_word' id='word_1_215' title='bbox 807 1408 835 1442; x_wconf 86' lang='lat' dir='ltr'>dei</span> 
     </span>
     <span class='ocr_line' id='line_1_25' title="bbox 133 1458 836 1503; baseline 0 -9"><span class='ocrx_word' id='word_1_216' title='bbox 133 1461 216 1494; x_wconf 85' lang='lat' dir='ltr'>deuitare</span> <span class='ocrx_word' id='word_1_217' title='bbox 224 1460 289 1493; x_wconf 90' lang='lat' dir='ltr'>volens</span> <span class='ocrx_word' id='word_1_218' title='bbox 294 1458 306 1502; x_wconf 79' lang='lat'>⁵,</span> <span class='ocrx_word' id='word_1_219' title='bbox 315 1459 407 1493; x_wconf 88' lang='lat' dir='ltr'>confracto</span> <span class='ocrx_word' id='word_1_220' title='bbox 414 1469 468 1493; x_wconf 89' lang='lat' dir='ltr'>curru</span> <span class='ocrx_word' id='word_1_221' title='bbox 476 1459 546 1502; x_wconf 90' lang='lat' dir='ltr'>cecidit,</span> <span class='ocrx_word' id='word_1_222' title='bbox 555 1465 573 1494; x_wconf 86' lang='lat' dir='ltr'>et</span> <span class='ocrx_word' id='word_1_223' title='bbox 580 1460 655 1494; x_wconf 88' lang='lat' dir='ltr'>cecitate</span> <span class='ocrx_word' id='word_1_224' title='bbox 663 1469 769 1503; x_wconf 63' lang='lat' dir='ltr'>percussus</span> <span class='ocrx_word' id='word_1_225' title='bbox 776 1461 836 1495; x_wconf 91' lang='lat' dir='ltr'>virum</span> 
     </span>
     <span class='ocr_line' id='line_1_26' title="bbox 107 1511 837 1555; baseline 0.001 -10"><span class='ocrx_word' id='word_1_226' title='bbox 107 1526 125 1555; x_wconf 81' lang='lat'>²⁵</span> <span class='ocrx_word' id='word_1_227' title='bbox 134 1517 219 1546; x_wconf 88' lang='lat' dir='ltr'>sanctum</span> <span class='ocrx_word' id='word_1_228' title='bbox 232 1513 255 1544; x_wconf 95' lang='lat' dir='ltr'>ad</span> <span class='ocrx_word' id='word_1_229' title='bbox 269 1522 290 1545; x_wconf 86' lang='lat' dir='ltr'>se</span> <span class='ocrx_word' id='word_1_230' title='bbox 303 1511 369 1545; x_wconf 89' lang='lat' dir='ltr'>adduci</span> <span class='ocrx_word' id='word_1_231' title='bbox 384 1511 442 1546; x_wconf 84' lang='lat' dir='ltr'>iussit.</span> <span class='ocrx_word' id='word_1_232' title='bbox 465 1511 519 1552; x_wconf 85' lang='lat' dir='ltr'>Quod</span> <span class='ocrx_word' id='word_1_233' title='bbox 534 1511 565 1545; x_wconf 90' lang='lat' dir='ltr'>ille</span> <span class='ocrx_word' id='word_1_234' title='bbox 578 1522 660 1546; x_wconf 84' lang='lat' dir='ltr'>renuens</span> <span class='ocrx_word' id='word_1_235' title='bbox 675 1512 731 1546; x_wconf 76' lang='lat' dir='ltr'>dixit:</span> <span class='ocrx_word' id='word_1_236' title='bbox 743 1513 775 1546; x_wconf 87' lang='lat' dir='ltr'>‘Si</span> <span class='ocrx_word' id='word_1_237' title='bbox 790 1513 837 1546; x_wconf 89' lang='lat' dir='ltr'>meis</span> 
     </span>
     <span class='ocr_line' id='line_1_27' title="bbox 134 1563 837 1608; baseline 0.001 -10"><span class='ocrx_word' id='word_1_238' title='bbox 134 1564 246 1608; x_wconf 88' lang='lat' dir='ltr'>acquieuerit</span> <span class='ocrx_word' id='word_1_239' title='bbox 257 1563 381 1607; x_wconf 87' lang='lat' dir='ltr'>petitionibus,</span> <span class='ocrx_word' id='word_1_240' title='bbox 389 1574 400 1597; x_wconf 90' lang='lat' dir='ltr'>a</span> <span class='ocrx_word' id='word_1_241' title='bbox 408 1565 443 1598; x_wconf 91' lang='lat' dir='ltr'>deo</span> <span class='ocrx_word' id='word_1_242' title='bbox 454 1564 550 1607; x_wconf 89' lang='lat' dir='ltr'>quodvult</span> <span class='ocrx_word' id='word_1_243' title='bbox 560 1564 674 1607; x_wconf 68' lang='lat' dir='ltr'>impetrabit!</span> <span class='ocrx_word' id='word_1_244' title='bbox 696 1565 748 1599; x_wconf 91' lang='lat' dir='ltr'>Tunc</span> <span class='ocrx_word' id='word_1_245' title='bbox 758 1565 837 1599; x_wconf 91' lang='lat' dir='ltr'>nuncius</span> 
     </span>
     <span class='ocr_line' id='line_1_28' title="bbox 134 1615 837 1661; baseline 0.001 -11"><span class='ocrx_word' id='word_1_246' title='bbox 134 1617 174 1661; x_wconf 86' lang='lat' dir='ltr'>regi</span> <span class='ocrx_word' id='word_1_247' title='bbox 182 1616 230 1650; x_wconf 81' lang='lat' dir='ltr'>ait⁰:</span> <span class='ocrx_word' id='word_1_248' title='bbox 243 1616 309 1659; x_wconf 88' lang='lat' dir='ltr'>‘Vere,</span> <span class='ocrx_word' id='word_1_249' title='bbox 323 1628 362 1658; x_wconf 84' lang='lat' dir='ltr'>rex,</span> <span class='ocrx_word' id='word_1_250' title='bbox 375 1615 472 1660; x_wconf 87' lang='lat' dir='ltr'>negocium</span> <span class='ocrx_word' id='word_1_251' title='bbox 485 1627 518 1661; x_wconf 92' lang='lat' dir='ltr'>pro</span> <span class='ocrx_word' id='word_1_252' title='bbox 529 1628 565 1660; x_wconf 92' lang='lat' dir='ltr'>quo</span> <span class='ocrx_word' id='word_1_253' title='bbox 576 1627 606 1650; x_wconf 89' lang='lat' dir='ltr'>me</span> <span class='ocrx_word' id='word_1_254' title='bbox 617 1616 699 1660; x_wconf 87' lang='lat' dir='ltr'>miseras,</span> <span class='ocrx_word' id='word_1_255' title='bbox 707 1618 765 1652; x_wconf 89' lang='lat' dir='ltr'>intuo</span> <span class='ocrx_word' id='word_1_256' title='bbox 774 1618 837 1653; x_wconf 91' lang='lat' dir='ltr'>iuditio</span> 
     </span>
     <span class='ocr_line' id='line_1_29' title="bbox 134 1669 837 1716; baseline 0.004 -14"><span class='ocrx_word' id='word_1_257' title='bbox 134 1670 195 1713; x_wconf 66' lang='lat' dir='ltr'>ponit!</span> <span class='ocrx_word' id='word_1_258' title='bbox 219 1669 253 1702; x_wconf 90' lang='lat' dir='ltr'>lllo</span> <span class='ocrx_word' id='word_1_259' title='bbox 261 1669 395 1713; x_wconf 79' lang='lat' dir='ltr'>acquiescente,</span> <span class='ocrx_word' id='word_1_260' title='bbox 402 1670 431 1703; x_wconf 69' lang='lat' dir='ltr'>uu&#39;r</span> <span class='ocrx_word' id='word_1_261' title='bbox 438 1670 469 1703; x_wconf 91' lang='lat' dir='ltr'>dei</span> <span class='ocrx_word' id='word_1_262' title='bbox 478 1680 545 1714; x_wconf 86' lang='lat' dir='ltr'>aquam</span> <span class='ocrx_word' id='word_1_263' title='bbox 555 1669 676 1711; x_wconf 86' lang='lat' dir='ltr'>benedictam,</span> <span class='ocrx_word' id='word_1_264' title='bbox 684 1681 720 1714; x_wconf 89' lang='lat' dir='ltr'>qua</span> <span class='ocrx_word' id='word_1_265' title='bbox 730 1681 837 1716; x_wconf 84' lang='lat' dir='ltr'>aspergere·</span> 
     </span>
     <span class='ocr_line' id='line_1_30' title="bbox 135 1723 838 1768; baseline 0.004 -13"><span class='ocrx_word' id='word_1_266' title='bbox 135 1728 169 1763; x_wconf 86' lang='lat' dir='ltr'>tur,</span> <span class='ocrx_word' id='word_1_267' title='bbox 178 1727 196 1755; x_wconf 89' lang='lat' dir='ltr'>et</span> <span class='ocrx_word' id='word_1_268' title='bbox 203 1732 269 1756; x_wconf 88' lang='lat' dir='ltr'>zonam</span> <span class='ocrx_word' id='word_1_269' title='bbox 279 1732 336 1763; x_wconf 87' lang='lat' dir='ltr'>suam,</span> <span class='ocrx_word' id='word_1_270' title='bbox 345 1733 381 1766; x_wconf 87' lang='lat' dir='ltr'>qua</span> <span class='ocrx_word' id='word_1_271' title='bbox 388 1723 497 1767; x_wconf 85' lang='lat' dir='ltr'>cingeretur,</span> <span class='ocrx_word' id='word_1_272' title='bbox 505 1724 528 1756; x_wconf 90' lang='lat' dir='ltr'>ad</span> <span class='ocrx_word' id='word_1_273' title='bbox 536 1734 578 1756; x_wconf 90' lang='lat' dir='ltr'>eum</span> <span class='ocrx_word' id='word_1_274' title='bbox 588 1723 641 1757; x_wconf 89' lang='lat' dir='ltr'>iussit</span> <span class='ocrx_word' id='word_1_275' title='bbox 652 1723 724 1758; x_wconf 82' lang='lat' dir='ltr'>deferri.</span> <span class='ocrx_word' id='word_1_276' title='bbox 747 1724 782 1766; x_wconf 81' lang='lat' dir='ltr'>Qui</span> <span class='ocrx_word' id='word_1_277' title='bbox 791 1735 838 1768; x_wconf 89' lang='lat' dir='ltr'>aqua</span> 
     </span>
     <span class='ocr_line' id='line_1_31' title="bbox 108 1771 837 1820; baseline 0.005 -12"><span class='ocrx_word' id='word_1_278' title='bbox 108 1787 127 1815; x_wconf 78' lang='lat'>3⁰</span> <span class='ocrx_word' id='word_1_279' title='bbox 135 1774 259 1819; x_wconf 83' lang='lat' dir='ltr'>eonspersus⁷</span> <span class='ocrx_word' id='word_1_280' title='bbox 267 1780 285 1809; x_wconf 92' lang='lat' dir='ltr'>et</span> <span class='ocrx_word' id='word_1_281' title='bbox 292 1774 364 1820; x_wconf 85' lang='lat' dir='ltr'>cingulo</span> <span class='ocrx_word' id='word_1_282' title='bbox 370 1774 445 1817; x_wconf 86' lang='lat' dir='ltr'>cinctus,</span> <span class='ocrx_word' id='word_1_283' title='bbox 452 1776 475 1810; x_wconf 85' lang='lat' dir='ltr'>ad</span> <span class='ocrx_word' id='word_1_284' title='bbox 481 1776 577 1820; x_wconf 91' lang='lat' dir='ltr'>pristinam</span> <span class='ocrx_word' id='word_1_285' title='bbox 583 1776 637 1810; x_wconf 92' lang='lat' dir='ltr'>rediit</span> <span class='ocrx_word' id='word_1_286' title='bbox 644 1777 746 1813; x_wconf 82' lang='lat' dir='ltr'>sanitatem.</span> <span class='ocrx_word' id='word_1_287' title='bbox 785 1771 837 1813; x_wconf 80' lang='lat' dir='ltr'>Tua-</span> 
     </span>
     <span class='ocr_line' id='line_1_32' title="bbox 134 1828 838 1877; baseline 0.006 -15"><span class='ocrx_word' id='word_1_288' title='bbox 134 1830 183 1862; x_wconf 85' lang='lat' dir='ltr'>talus</span> <span class='ocrx_word' id='word_1_289' title='bbox 202 1839 280 1872; x_wconf 89' lang='lat' dir='ltr'>qnoque,</span> <span class='ocrx_word' id='word_1_290' title='bbox 297 1828 340 1861; x_wconf 87' lang='lat' dir='ltr'>dicti</span> <span class='ocrx_word' id='word_1_291' title='bbox 358 1830 408 1872; x_wconf 84' lang='lat' dir='ltr'>regis</span> <span class='ocrx_word' id='word_1_292' title='bbox 427 1830 554 1874; x_wconf 90' lang='lat' dir='ltr'>predecessor,</span> <span class='ocrx_word' id='word_1_293' title='bbox 570 1829 625 1864; x_wconf 86' lang='lat' dir='ltr'>butiri</span> <span class='ocrx_word' id='word_1_294' title='bbox 644 1830 763 1866; x_wconf 82' lang='lat' dir='ltr'>elemosinam</span> <span class='ocrx_word' id='word_1_295' title='bbox 783 1841 838 1877; x_wconf 85' lang='lat' dir='ltr'>quam</span> 
     </span>
     <span class='ocr_line' id='line_1_33' title="bbox 135 1882 838 1928; baseline 0.001 -12"><span class='ocrx_word' id='word_1_296' title='bbox 135 1882 229 1916; x_wconf 90' lang='lat' dir='ltr'>studiosus</span> <span class='ocrx_word' id='word_1_297' title='bbox 240 1882 343 1916; x_wconf 86' lang='lat' dir='ltr'>diuinarum</span> <span class='ocrx_word' id='word_1_298' title='bbox 353 1882 485 1926; x_wconf 86' lang='lat' dir='ltr'>scripturarum</span> <span class='ocrx_word' id='word_1_299' title='bbox 495 1889 533 1917; x_wconf 90' lang='lat' dir='ltr'>tam</span> <span class='ocrx_word' id='word_1_300' title='bbox 543 1883 627 1918; x_wconf 90' lang='lat' dir='ltr'>noctibus</span> <span class='ocrx_word' id='word_1_301' title='bbox 638 1895 693 1928; x_wconf 87' lang='lat' dir='ltr'>quam</span> <span class='ocrx_word' id='word_1_302' title='bbox 705 1885 770 1920; x_wconf 91' lang='lat' dir='ltr'>diebus</span> <span class='ocrx_word' id='word_1_303' title='bbox 782 1886 838 1920; x_wconf 88' lang='lat' dir='ltr'>lector</span> 
     </span>
     <span class='ocr_line' id='line_1_34' title="bbox 135 1934 838 1981; baseline 0.004 -12"><span class='ocrx_word' id='word_1_304' title='bbox 135 1936 158 1969; x_wconf 93' lang='lat' dir='ltr'>ad</span> <span class='ocrx_word' id='word_1_305' title='bbox 166 1945 213 1980; x_wconf 89' lang='lat' dir='ltr'>opus</span> <span class='ocrx_word' id='word_1_306' title='bbox 221 1934 338 1969; x_wconf 88' lang='lat' dir='ltr'>lucernarum</span> <span class='ocrx_word' id='word_1_307' title='bbox 349 1935 372 1968; x_wconf 88' lang='lat' dir='ltr'>ab</span> <span class='ocrx_word' id='word_1_308' title='bbox 384 1946 406 1969; x_wconf 91' lang='lat' dir='ltr'>eo</span> <span class='ocrx_word' id='word_1_309' title='bbox 418 1935 502 1980; x_wconf 85' lang='lat' dir='ltr'>petierat,</span> <span class='ocrx_word' id='word_1_310' title='bbox 511 1936 590 1980; x_wconf 82' lang='lat' dir='ltr'>negauit.</span> <span class='ocrx_word' id='word_1_311' title='bbox 612 1937 665 1971; x_wconf 91' lang='lat' dir='ltr'>Tune</span> <span class='ocrx_word' id='word_1_312' title='bbox 675 1937 761 1981; x_wconf 89' lang='lat' dir='ltr'>Finanus‚</span> <span class='ocrx_word' id='word_1_313' title='bbox 770 1938 838 1973; x_wconf 91' lang='lat' dir='ltr'>futuro-</span> 
     </span>
     <span class='ocr_line' id='line_1_35' title="bbox 135 1986 838 2034; baseline 0.003 -12"><span class='ocrx_word' id='word_1_314' title='bbox 135 1999 177 2022; x_wconf 90' lang='lat' dir='ltr'>rum</span> <span class='ocrx_word' id='word_1_315' title='bbox 192 1986 281 2031; x_wconf 88' lang='lat' dir='ltr'>presoius,</span> <span class='ocrx_word' id='word_1_316' title='bbox 295 1987 368 2031; x_wconf 86' lang='lat' dir='ltr'>aliquod</span> <span class='ocrx_word' id='word_1_317' title='bbox 381 1988 509 2032; x_wconf 89' lang='lat' dir='ltr'>propheticum</span> <span class='ocrx_word' id='word_1_318' title='bbox 522 1994 605 2023; x_wconf 85' lang='lat' dir='ltr'>materna</span> <span class='ocrx_word' id='word_1_319' title='bbox 619 1990 681 2034; x_wconf 85' lang='lat' dir='ltr'>lingua</span> <span class='ocrx_word' id='word_1_320' title='bbox 692 1991 715 2024; x_wconf 88' lang='lat' dir='ltr'>de</span> <span class='ocrx_word' id='word_1_321' title='bbox 727 2002 750 2026; x_wconf 90' lang='lat' dir='ltr'>eo</span> <span class='ocrx_word' id='word_1_322' title='bbox 761 1992 838 2026; x_wconf 90' lang='lat' dir='ltr'>verbum</span> 
     </span>
     <span class='ocr_line' id='line_1_36' title="bbox 109 2039 838 2086; baseline 0.004 -11"><span class='ocrx_word' id='word_1_323' title='bbox 109 2055 127 2085; x_wconf 78' lang='lat'>35</span> <span class='ocrx_word' id='word_1_324' title='bbox 136 2040 216 2085; x_wconf 88' lang='lat' dir='ltr'>protulit,</span> <span class='ocrx_word' id='word_1_325' title='bbox 224 2040 273 2084; x_wconf 91' lang='lat' dir='ltr'>quod</span> <span class='ocrx_word' id='word_1_326' title='bbox 284 2039 335 2074; x_wconf 90' lang='lat' dir='ltr'>illum</span> <span class='ocrx_word' id='word_1_327' title='bbox 343 2050 380 2074; x_wconf 92' lang='lat' dir='ltr'>non</span> <span class='ocrx_word' id='word_1_328' title='bbox 389 2040 443 2085; x_wconf 87' lang='lat' dir='ltr'>longo</span> <span class='ocrx_word' id='word_1_329' title='bbox 451 2046 493 2085; x_wconf 90' lang='lat' dir='ltr'>post</span> <span class='ocrx_word' id='word_1_330' title='bbox 501 2046 585 2086; x_wconf 83' lang='lat' dir='ltr'>tempore</span> <span class='ocrx_word' id='word_1_331' title='bbox 593 2043 700 2086; x_wconf 86' lang='lat' dir='ltr'>precinebat</span> <span class='ocrx_word' id='word_1_332' title='bbox 710 2054 753 2078; x_wconf 89' lang='lat' dir='ltr'>esse</span> <span class='ocrx_word' id='word_1_333' title='bbox 764 2044 838 2078; x_wconf 88' lang='lat' dir='ltr'>moritu-</span> 
     </span>
     <span class='ocr_line' id='line_1_37' title="bbox 136 2092 839 2140; baseline 0.003 -13"><span class='ocrx_word' id='word_1_334' title='bbox 136 2106 182 2129; x_wconf 83' lang='lat' dir='ltr'>rum,</span> <span class='ocrx_word' id='word_1_335' title='bbox 206 2092 247 2134; x_wconf 80' lang='lat' dir='ltr'>Quo</span> <span class='ocrx_word' id='word_1_336' title='bbox 254 2093 285 2126; x_wconf 83' lang='lat' dir='ltr'>ille</span> <span class='ocrx_word' id='word_1_337' title='bbox 292 2093 354 2126; x_wconf 87' lang='lat' dir='ltr'>audito</span> <span class='ocrx_word' id='word_1_338' title='bbox 362 2094 463 2135; x_wconf 89' lang='lat' dir='ltr'>penitentia</span> <span class='ocrx_word' id='word_1_339' title='bbox 470 2095 541 2136; x_wconf 89' lang='lat' dir='ltr'>ductus,</span> <span class='ocrx_word' id='word_1_340' title='bbox 549 2095 603 2129; x_wconf 82' lang='lat' dir='ltr'>flexis</span> <span class='ocrx_word' id='word_1_341' title='bbox 614 2097 693 2138; x_wconf 85' lang='lat' dir='ltr'>genibus</span> <span class='ocrx_word' id='word_1_342' title='bbox 700 2097 773 2130; x_wconf 87' lang='lat' dir='ltr'>veniam</span> <span class='ocrx_word' id='word_1_343' title='bbox 781 2097 839 2140; x_wconf 89' lang='lat' dir='ltr'>petiit,</span> 
     </span>
     <span class='ocr_line' id='line_1_38' title="bbox 136 2144 839 2191; baseline 0.004 -11"><span class='ocrx_word' id='word_1_344' title='bbox 136 2151 155 2180; x_wconf 91' lang='lat' dir='ltr'>et</span> <span class='ocrx_word' id='word_1_345' title='bbox 169 2146 204 2180; x_wconf 86' lang='lat' dir='ltr'>ait:</span> <span class='ocrx_word' id='word_1_346' title='bbox 217 2145 313 2187; x_wconf 87' lang='lat' dir='ltr'>‘Domine‚</span> <span class='ocrx_word' id='word_1_347' title='bbox 325 2144 386 2179; x_wconf 88' lang='lat' dir='ltr'>indica</span> <span class='ocrx_word' id='word_1_348' title='bbox 397 2146 441 2180; x_wconf 91' lang='lat' dir='ltr'>mihi</span> <span class='ocrx_word' id='word_1_349' title='bbox 454 2157 490 2189; x_wconf 87' lang='lat' dir='ltr'>qua</span> <span class='ocrx_word' id='word_1_350' title='bbox 504 2152 563 2180; x_wconf 88' lang='lat' dir='ltr'>morte</span> <span class='ocrx_word' id='word_1_351' title='bbox 578 2147 656 2182; x_wconf 65' lang='lat' dir='ltr'>moriar!</span> <span class='ocrx_word' id='word_1_352' title='bbox 679 2148 702 2181; x_wconf 93' lang='lat' dir='ltr'>Et</span> <span class='ocrx_word' id='word_1_353' title='bbox 717 2149 757 2183; x_wconf 92' lang='lat' dir='ltr'>ille:</span> <span class='ocrx_word' id='word_1_354' title='bbox 770 2150 839 2191; x_wconf 88' lang='lat' dir='ltr'>‘Vnus,</span> 
     </span>
     <span class='ocr_line' id='line_1_39' title="bbox 136 2197 839 2244; baseline 0.004 -11"><span class='ocrx_word' id='word_1_355' title='bbox 136 2199 201 2244; x_wconf 89' lang='lat' dir='ltr'>inquit,</span> <span class='ocrx_word' id='word_1_356' title='bbox 209 2198 233 2231; x_wconf 82' lang='lat' dir='ltr'>de</span> <span class='ocrx_word' id='word_1_357' title='bbox 243 2197 333 2233; x_wconf 85' lang='lat' dir='ltr'>ministris</span> <span class='ocrx_word' id='word_1_358' title='bbox 345 2197 381 2232; x_wconf 89' lang='lat' dir='ltr'>tuis</span> <span class='ocrx_word' id='word_1_359' title='bbox 390 2199 488 2233; x_wconf 85' lang='lat' dir='ltr'>interficiet</span> <span class='ocrx_word' id='word_1_360' title='bbox 498 2200 528 2233; x_wconf 72' lang='lat' dir='ltr'>te!</span> <span class='ocrx_word' id='word_1_361' title='bbox 551 2200 585 2235; x_wconf 90' lang='lat' dir='ltr'>Vir</span> <span class='ocrx_word' id='word_1_362' title='bbox 592 2205 653 2235; x_wconf 86' lang='lat' dir='ltr'>autem</span> <span class='ocrx_word' id='word_1_363' title='bbox 661 2200 696 2244; x_wconf 92' lang='lat' dir='ltr'>ille,</span> <span class='ocrx_word' id='word_1_364' title='bbox 704 2202 723 2236; x_wconf 92' lang='lat' dir='ltr'>in</span> <span class='ocrx_word' id='word_1_365' title='bbox 732 2203 789 2238; x_wconf 91' lang='lat' dir='ltr'>oculis</span> <span class='ocrx_word' id='word_1_366' title='bbox 800 2203 839 2238; x_wconf 88' lang='lat' dir='ltr'>suis</span> 
     </span>
     <span class='ocr_line' id='line_1_40' title="bbox 137 2251 839 2299; baseline 0.004 -13"><span class='ocrx_word' id='word_1_367' title='bbox 137 2254 212 2296; x_wconf 90' lang='lat' dir='ltr'>sapiens</span> <span class='ocrx_word' id='word_1_368' title='bbox 227 2256 282 2295; x_wconf 86' lang='lat' dir='ltr'>atque</span> <span class='ocrx_word' id='word_1_369' title='bbox 296 2252 376 2295; x_wconf 88' lang='lat' dir='ltr'>superba</span> <span class='ocrx_word' id='word_1_370' title='bbox 390 2251 484 2286; x_wconf 88' lang='lat' dir='ltr'>inflatione</span> <span class='ocrx_word' id='word_1_371' title='bbox 496 2252 551 2287; x_wconf 92' lang='lat' dir='ltr'>nimis</span> <span class='ocrx_word' id='word_1_372' title='bbox 564 2259 644 2296; x_wconf 91' lang='lat' dir='ltr'>tumens,</span> <span class='ocrx_word' id='word_1_373' title='bbox 657 2264 713 2289; x_wconf 87' lang='lat' dir='ltr'>ausus</span> <span class='ocrx_word' id='word_1_374' title='bbox 725 2260 753 2290; x_wconf 87' lang='lat' dir='ltr'>est</span> <span class='ocrx_word' id='word_1_375' title='bbox 764 2256 839 2299; x_wconf 84' lang='lat' dir='ltr'>yronice</span> 
     </span>
     <span class='ocr_line' id='line_1_41' title="bbox 109 2304 840 2350; baseline 0.001 -11"><span class='ocrx_word' id='word_1_376' title='bbox 109 2318 130 2348; x_wconf 83' lang='lat'>40</span> <span class='ocrx_word' id='word_1_377' title='bbox 137 2305 226 2339; x_wconf 86' lang='lat' dir='ltr'>famulum</span> <span class='ocrx_word' id='word_1_378' title='bbox 234 2304 264 2337; x_wconf 89' lang='lat' dir='ltr'>dei</span> <span class='ocrx_word' id='word_1_379' title='bbox 272 2304 332 2338; x_wconf 87' lang='lat' dir='ltr'>adhuc</span> <span class='ocrx_word' id='word_1_380' title='bbox 339 2305 452 2348; x_wconf 87' lang='lat' dir='ltr'>interrogare</span> <span class='ocrx_word' id='word_1_381' title='bbox 461 2306 524 2339; x_wconf 86' lang='lat' dir='ltr'>dicens</span> <span class='ocrx_word' id='word_1_382' title='bbox 533 2317 536 2339; x_wconf 74' lang='grc' dir='ltr'><strong><em>ε</em></strong></span> <span class='ocrx_word' id='word_1_383' title='bbox 549 2306 652 2347; x_wconf 81' lang='lat' dir='ltr'>‘Quantum</span> <span class='ocrx_word' id='word_1_384' title='bbox 662 2309 744 2350; x_wconf 88' lang='lat' dir='ltr'>spacium</span> <span class='ocrx_word' id='word_1_385' title='bbox 754 2313 782 2342; x_wconf 91' lang='lat' dir='ltr'>est</span> <span class='ocrx_word' id='word_1_386' title='bbox 792 2309 840 2342; x_wconf 88' lang='lat' dir='ltr'>inter</span> 
     </span>
     <span class='ocr_line' id='line_1_42' title="bbox 137 2356 840 2403; baseline 0.006 -12"><span class='ocrx_word' id='word_1_387' title='bbox 137 2368 172 2392; x_wconf 92' lang='lat' dir='ltr'>nos</span> <span class='ocrx_word' id='word_1_388' title='bbox 180 2362 198 2390; x_wconf 87' lang='lat' dir='ltr'>et</span> <span class='ocrx_word' id='word_1_389' title='bbox 206 2357 235 2390; x_wconf 88' lang='lat' dir='ltr'>dei</span> <span class='ocrx_word' id='word_1_390' title='bbox 242 2358 341 2401; x_wconf 77' lang='lat' dir='ltr'>regnumt&#39;</span> <span class='ocrx_word' id='word_1_391' title='bbox 364 2356 389 2390; x_wconf 92' lang='lat' dir='ltr'>Et</span> <span class='ocrx_word' id='word_1_392' title='bbox 396 2357 437 2391; x_wconf 87' lang='lat' dir='ltr'>ille:</span> <span class='ocrx_word' id='word_1_393' title='bbox 451 2357 508 2401; x_wconf 84' lang='lat' dir='ltr'>‘Non,</span> <span class='ocrx_word' id='word_1_394' title='bbox 517 2358 580 2402; x_wconf 87' lang='lat' dir='ltr'>inquit,</span> <span class='ocrx_word' id='word_1_395' title='bbox 588 2358 644 2393; x_wconf 91' lang='lat' dir='ltr'>nimis</span> <span class='ocrx_word' id='word_1_396' title='bbox 652 2359 727 2403; x_wconf 85' lang='lat' dir='ltr'>longum</span> <span class='ocrx_word' id='word_1_397' title='bbox 733 2359 751 2394; x_wconf 75' lang='lat'>⁹:</span> <span class='ocrx_word' id='word_1_398' title='bbox 764 2359 840 2395; x_wconf 88' lang='lat' dir='ltr'>Habita·</span> 
     </span>
     <span class='ocr_line' id='line_1_43' title="bbox 137 2409 840 2454; baseline 0.001 -10"><span class='ocrx_word' id='word_1_399' title='bbox 137 2415 187 2445; x_wconf 79' lang='lat' dir='ltr'>tores</span> <span class='ocrx_word' id='word_1_400' title='bbox 195 2409 245 2444; x_wconf 89' lang='lat' dir='ltr'>enim</span> <span class='ocrx_word' id='word_1_401' title='bbox 252 2409 301 2444; x_wconf 87' lang='lat' dir='ltr'>illius</span> <span class='ocrx_word' id='word_1_402' title='bbox 312 2421 377 2444; x_wconf 88' lang='lat' dir='ltr'>vocem</span> <span class='ocrx_word' id='word_1_403' title='bbox 386 2410 421 2444; x_wconf 91' lang='lat' dir='ltr'>viri</span> <span class='ocrx_word' id='word_1_404' title='bbox 434 2410 508 2445; x_wconf 91' lang='lat' dir='ltr'>humilis</span> <span class='ocrx_word' id='word_1_405' title='bbox 521 2411 606 2445; x_wconf 65' lang='lat' dir='ltr'>audiunt?</span> <span class='ocrx_word' id='word_1_406' title='bbox 630 2412 671 2454; x_wconf 83' lang='lat' dir='ltr'>Quo</span> <span class='ocrx_word' id='word_1_407' title='bbox 680 2414 741 2447; x_wconf 86' lang='lat' dir='ltr'>audito</span> <span class='ocrx_word' id='word_1_408' title='bbox 752 2414 812 2447; x_wconf 86' lang='lat' dir='ltr'>adhuc</span> <span class='ocrx_word' id='word_1_409' title='bbox 820 2413 840 2446; x_wconf 95' lang='lat' dir='ltr'>in</span> 
     </span>
     <span class='ocr_line' id='line_1_44' title="bbox 138 2462 840 2507; baseline 0.001 -9"><span class='ocrx_word' id='word_1_410' title='bbox 138 2474 172 2498; x_wconf 86' lang='lat' dir='ltr'>sua</span> <span class='ocrx_word' id='word_1_411' title='bbox 183 2462 286 2506; x_wconf 90' lang='lat' dir='ltr'>persistens</span> <span class='ocrx_word' id='word_1_412' title='bbox 297 2462 389 2507; x_wconf 87' lang='lat' dir='ltr'>superbia,</span> <span class='ocrx_word' id='word_1_413' title='bbox 398 2463 433 2498; x_wconf 83' lang='lat' dir='ltr'>ait:</span> <span class='ocrx_word' id='word_1_414' title='bbox 446 2462 491 2497; x_wconf 85' lang='lat' dir='ltr'>‘Vbi</span> <span class='ocrx_word' id='word_1_415' title='bbox 501 2468 529 2498; x_wconf 90' lang='lat' dir='ltr'>est</span> <span class='ocrx_word' id='word_1_416' title='bbox 540 2463 629 2507; x_wconf 87' lang='lat' dir='ltr'>infernus,</span> <span class='ocrx_word' id='word_1_417' title='bbox 640 2464 659 2499; x_wconf 91' lang='lat' dir='ltr'>in</span> <span class='ocrx_word' id='word_1_418' title='bbox 671 2465 710 2499; x_wconf 92' lang='lat' dir='ltr'>celo</span> <span class='ocrx_word' id='word_1_419' title='bbox 719 2465 749 2501; x_wconf 90' lang='lat' dir='ltr'>vel</span> <span class='ocrx_word' id='word_1_420' title='bbox 760 2465 779 2500; x_wconf 94' lang='lat' dir='ltr'>in</span> <span class='ocrx_word' id='word_1_421' title='bbox 791 2471 840 2500; x_wconf 84' lang='lat' dir='ltr'>terra</span> 
     </span>
    </p>
   </div>
   <div class='ocr_carea' id='block_1_3' title="bbox 138 2530 839 2610">
    <p class='ocr_par' dir='ltr' id='par_1_5' title="bbox 138 2530 839 2610">
     <span class='ocr_line' id='line_1_45' title="bbox 158 2530 839 2568; baseline 0.004 -7"><span class='ocrx_word' id='word_1_422' title='bbox 158 2531 316 2568; x_wconf 86' lang='lat' dir='ltr'>¹E.inequitantem.</span> <span class='ocrx_word' id='word_1_423' title='bbox 337 2530 404 2562; x_wconf 73' lang='lat' dir='ltr'>²T.set.</span> <span class='ocrx_word' id='word_1_424' title='bbox 430 2530 574 2562; x_wconf 80' lang='lat' dir='ltr'>³E.diarmcsium.</span> <span class='ocrx_word' id='word_1_425' title='bbox 598 2531 710 2564; x_wconf 78' lang='lat' dir='ltr'>⁴E.ascensu.</span> <span class='ocrx_word' id='word_1_426' title='bbox 736 2532 839 2565; x_wconf 74' lang='lat' dir='ltr'>⁵E.nolens.</span> 
     </span>
     <span class='ocr_line' id='line_1_46' title="bbox 138 2570 645 2610; baseline 0.002 -9"><span class='ocrx_word' id='word_1_427' title='bbox 138 2570 144 2588; x_wconf 77' lang='lat'>⁸</span> <span class='ocrx_word' id='word_1_428' title='bbox 154 2571 172 2603; x_wconf 89' lang='lat' dir='ltr'>E.</span> <span class='ocrx_word' id='word_1_429' title='bbox 180 2571 217 2608; x_wconf 84' lang='lat' dir='ltr'>agit.</span> <span class='ocrx_word' id='word_1_430' title='bbox 257 2570 263 2588; x_wconf 74' lang='lat'>⁷</span> <span class='ocrx_word' id='word_1_431' title='bbox 273 2571 292 2602; x_wconf 91' lang='lat' dir='ltr'>T.</span> <span class='ocrx_word' id='word_1_432' title='bbox 300 2579 399 2610; x_wconf 86' lang='lat' dir='ltr'>consparsus.</span> <span class='ocrx_word' id='word_1_433' title='bbox 439 2570 445 2588; x_wconf 80' lang='lat'>⁸</span> <span class='ocrx_word' id='word_1_434' title='bbox 455 2571 473 2601; x_wconf 91' lang='lat' dir='ltr'>T.</span> <span class='ocrx_word' id='word_1_435' title='bbox 481 2575 552 2602; x_wconf 87' lang='lat' dir='ltr'>nontam</span> <span class='ocrx_word' id='word_1_436' title='bbox 559 2572 569 2603; x_wconf 85' lang='lat' dir='ltr'>i.</span> <span class='ocrx_word' id='word_1_437' title='bbox 576 2572 645 2610; x_wconf 79' lang='lat' dir='ltr'>longum.</span> 
     </span>
    </p>
   </div>
   <div class='ocr_carea' id='block_1_4' title="bbox 0 0 899 2803">
    <p class='ocr_par' dir='ltr' id='par_1_6' title="bbox 0 0 899 2803">
     <span class='ocr_line' id='line_1_47' title="bbox 0 0 899 2803; baseline 0 0"><span class='ocrx_word' id='word_1_438' title='bbox 0 0 899 2803; x_wconf 95' lang='lat' dir='ltr'> </span> 
     </span>
    </p>
   </div>
  </div>
 </body>
</html>
