1762 2803
126 148 178 193 ,370
326 134 406 186 tanta
421 131 538 195 torenna
553 127 646 194 ancta

133 254 180 297 sinit,
193 253 229 288 sed*
237 252 314 298 precipit
325 252 391 288 diuinis
403 252 483 287 seruitiis
495 258 513 288 et
525 251 638 297 prouidentie
653 250 766 295 pauperum¹
778 249 836 284 eccle·

133 307 211 343 siasticis
222 307 326 341 vtilitatibus
338 305 432 350 occupari)
476 299 535 342 Anno
549 312 609 340 autem
621 305 689 339 domini
701 304 836 339 sexcentesimo

134 361 253 406 nonagesimo
268 361 382 403 Theodorus,
394 361 486 405 octoginta
501 367 541 395 octo
557 369 646 394 annorum
661 358 748 400 existens
764 368 787 392 ex
802 358 836 392 hac

133 415 174 449 luce
189 414 274 458 migrauit
288 415 312 448 ad
324 414 424 456 dominum,
437 413 563 448 tertiodecimo
576 413 664 447 kalendas
678 411 765 453 octobris;
781 422 836 454 quem

116 472 125 500 5
134 477 154 501 se
163 477 258 501 numerum
267 477 356 500 annorum
364 467 421 501 fuisse
427 466 536 508 habiturum,
545 466 585 509 ipse
593 465 630 498 iam
638 465 707 498 dudum
715 463 776 498 diuina
783 473 837 497 reue-

134 519 202 554 latione
213 520 288 553 edoctus
300 519 338 554 suis
350 520 445 564 predicere
456 521 536 555 solebat:
551 525 568 554 et
579 518 624 553 vixit
636 518 654 552 in
667 518 771 563 episcopatu
783 517 836 551 annis

133 570 197 615 viginti
205 571 281 605 duobus.
304 571 383 606 Tantum
392 571 441 607 enirn
449 571 541 616 proiectus
549 569 635 614 spiritalis
642 575 726 613 tempore
733 569 837 613 presulatus

132 623 181 659 illius
189 625 292 667 Anglorum
301 624 385 667 ecclesie,
390 630 479 669 quantum
487 634 580 668 nunquam
588 628 641 657 antea
648 627 731 667 potuere,
739 626 837 656 consecute

134 683 182 712 sunt.
224 669 270 712 Post
278 678 377 713 multorum
385 688 474 712 annorum
483 677 572 711 curricula
579 677 666 710 translato
674 676 713 709 eius
721 675 836 709 sanctissimo

107 739 126 760 10
134 741 210 774 corpore
218 736 236 763 et
244 736 304 764 amoto
312 732 375 765 tumbe
387 731 427 765 eius
437 730 528 774 operculo,
537 740 569 764 sua
580 729 664 763 omnibus
674 728 741 763 affatIm
749 728 837 763 satisfecit

134 784 248 827 thurificatio,
258 784 283 818 ita
293 790 312 819 vt
322 785 341 818 in
353 785 451 819 claustrum
463 784 538 817 fratrum
550 783 604 816 etiam
616 782 649 816 hec
662 786 767 826 erumperet
778 782 838 817 oblec-

134 837 183 872 tatio.
207 836 235 872 Ita
246 837 295 872 eninr
307 837 352 873 cinis
364 838 446 883 corporis
458 838 486 872 sui
499 848 522 873 ex
535 842 583 872 tactu
595 836 692 881 potentIori
703 837 792 871 vernabat
803 836 837 871 Ira·

135 892 210 935 grentio,
219 897 238 925 vt
246 892 329 926 redolere
337 892 396 926 solent
404 896 489 926 aromata.

424 1015 439 1052 ll
451 1013 534 1048 Narratio
539 1013 550 1048 ².

159 1079 239 1122 Colonie
249 1085 282 1121 suit
290 1085 363 1131 quidam
374 1085 472 1131 episcopus
484 1088 543 1122 clarus
551 1086 639 1132 religione
647 1088 680 1121 sed
689 1086 748 1132 turpis
756 1098 839 1132 corpore,

109 1149 127 1180 15
136 1141 167 1185 qui
180 1141 206 1183 (vt
218 1140 243 1174 ait
254 1139 368 1184 Vincentius)
381 1141 415 1175 hoc
431 1142 485 1175 modo
499 1141 556 1176 sactus
568 1147 596 1175 est
611 1141 715 1185 episcopus.
738 1141 839 1184 Imperator

135 1199 222 1228 venatum
233 1204 319 1237 pergens,
330 1194 385 1226 sociis
399 1194 433 1227 hac
445 1193 521 1237 illacque
532 1193 626 1237 dispersis,
637 1195 660 1227 ad
675 1194 735 1227 locum
747 1194 839 1237 quendam

136 1245 210 1281 deuenit
223 1245 242 1280 in
255 1257 292 1290 quo
304 1246 396 1290 presbiter
408 1246 482 1291 quidam
495 1246 577 1289 agrestis,
590 1246 677 1280 deformis
689 1247 743 1280 valde
757 1251 775 1280 et
787 1246 839 1289 quasi

136 1303 241 1343 portentum
249 1304 319 1341 nature,
327 1299 424 1334 ecclesiam
432 1299 515 1334 habebat.
538 1299 640 1343 Imperator
647 1311 668 1333 se
676 1299 752 1333 militem
761 1300 839 1341 fingens,

137 1352 245 1396 suppliciter
260 1352 336 1386 missam
351 1357 415 1395 rogat:
433 1357 451 1386 et
466 1352 496 1386 ille
510 1352 606 1387 confestim
622 1363 642 1386 se
657 1357 715 1395 parat.
739 1352 841 1395 Imperator

110 1414 129 1436 20
137 1404 210 1439 interim
222 1404 313 1447 cogitabat
323 1415 380 1448 quare
392 1405 443 1448 deus,
455 1415 466 1438 a
477 1415 512 1450 quo
524 1409 588 1439 cuncta
597 1404 678 1439 formosa
688 1405 794 1450 procedunt,
802 1409 840 1441 tam

138 1458 240 1492 deformem
250 1459 345 1493 hominem
355 1460 447 1492 conficere
459 1464 578 1492 sacramenta
583 1469 616 1492 sua
626 1458 700 1493 sineret.
722 1458 802 1493 Ventum
814 1463 842 1493 est

138 1512 161 1545 ad
169 1511 220 1545 illum
227 1522 302 1545 versum
312 1517 380 1545 tractus
388 1523 392 1545 r
405 1512 490 1545 ‘scitote³
498 1511 584 1555 quoniam
593 1511 677 1545 dominus
687 1511 727 1555 ipse
738 1517 766 1546 est
774 1513 829 1546 deus'
837 1524 841 1546 :

138 1564 157 1598 in
170 1564 236 1608 quibus
248 1564 310 1599 verbis
324 1575 365 1599 cum
381 1565 493 1599 discordaret
507 1575 553 1607 puer
566 1564 668 1608 presbiteri,
681 1566 767 1599 sacerdos
781 1565 841 1598 conci·

138 1617 198 1650 tatiori
205 1627 250 1649 voce
262 1617 357 1659 respondit
366 1617 419 1660 quasi
430 1617 535 1660 imperatori
547 1617 644 1659 cogitantI:
657 1617 712 1661 ‘Ipse
724 1617 766 1650 iecit
776 1627 816 1660 nos,
823 1622 842 1651 et

112 1679 130 1708 25
139 1680 177 1703 non
189 1669 225 1713 ipsi
240 1670 284 1702 nos’
315 1669 355 1711 Quo
369 1670 417 1703 dicto
429 1680 549 1714 repercussus
564 1670 668 1714 imperator,
681 1675 699 1704 et
714 1670 841 1714 propheticum

139 1724 199 1758 virum
208 1723 302 1765 estimans,
310 1723 387 1757 inuitum
395 1723 437 1757 fecit
445 1734 487 1757 eum
497 1724 609 1767 episcopum
655 1716 720 1758 Huius
730 1723 764 1758 hoc
775 1724 842 1758 factum

140 1777 184 1811 fuit:
200 1775 279 1818 Quidam
293 1776 346 1810 diues
361 1776 518 1810 sanctimonialem
529 1777 623 1811 abducens
634 1777 674 1811 loco
687 1777 768 1822 coniugis
780 1778 843 1812 habuit

140 1836 158 1866 et
169 1831 192 1866 ab
204 1829 291 1874 episcopo
302 1830 475 1865 excommunicatur.
498 1830 589 1865 Veniente
601 1837 661 1865 autem
673 1832 760 1875 episcopo
771 1832 794 1866 ad
804 1832 843 1866 exi-

139 1889 178 1919 tum
195 1884 238 1925 vite,
254 1888 341 1927 rogarunt
357 1894 399 1917 eum
415 1883 466 1917 multi
485 1894 519 1926 pro
537 1885 700 1918 excommunicato.
723 1884 794 1925 Quibus
813 1884 843 1918 ille

112 1946 132 1975 30
140 1936 247 1981 respondit:
260 1936 290 1970 ‘Si
302 1936 359 1970 miser
366 1936 397 1969 ille
405 1936 501 1970 mulierem
509 1937 616 1980 deseruerit,
625 1938 648 1971 sit
658 1937 763 1979 absolutus;
775 1938 804 1970 sin
812 1948 843 1972 au-

140 1996 184 2032 tem,
192 1991 226 2023 hac
236 1990 301 2022 eadem
313 1990 343 2022 die
353 1995 372 2022 et
380 1989 424 2022 hora
432 1999 467 2032 qua
476 1999 510 2032 ego
518 1990 611 2031 decedam,
620 2000 668 2023 anno
676 1990 760 2023 reuoluto
768 1989 791 2023 sit
801 1996 843 2024 ante

140 2043 235 2077 dominum
247 2042 336 2075 rationem
350 2042 428 2075 reddere
444 2047 523 2085 paratus.
545 2042 636 2076 Videbitis
649 2048 710 2076 autem
726 2053 756 2076 me
771 2045 844 2087 quando

140 2097 214 2139 signum
227 2095 249 2129 ad
261 2099 332 2130 sextam
345 2094 446 2130 insonuerit
459 2095 543 2139 spiritum
559 2096 632 2130 efflare!
655 2096 678 2129 Et
690 2096 758 2130 factum
770 2102 799 2131 est
814 2097 843 2132 ita.

141 2150 195 2183 Anno
207 2148 256 2182 enim
268 2153 356 2191 sequente
368 2149 433 2182 eodem
443 2149 472 2182 die
484 2155 502 2182 et
514 2150 579 2183 eadem
590 2150 635 2183 hora
646 2159 682 2192 qua
693 2150 804 2193 predixerat,
813 2161 844 2185 ex·

114 2212 132 2243 35
142 2201 284 2237 communicatus
292 2201 322 2235 ille
330 2212 372 2235 cum
379 2202 439 2236 amica
447 2212 480 2236 sua
488 2201 602 2236 exanimatus
610 2201 655 2236 estt.

162 2302 265 2332 ¹E.eteccl.
327 2300 419 2331 'ExVinc
429 2301 468 2331 Bell.
476 2301 527 2332 XXV.
537 2311 560 2331 12.
621 2300 708 2332 inscito.

162 2341 168 2358 ⁴
178 2342 216 2370 Ant.
223 2345 239 2369 et
247 2340 307 2370 Collect
314 2340 331 2369 in
337 2340 355 2371 T.
362 2350 366 2369 ε

164 2381 218 2419 Ortus
228 2388 289 2418 Tharso
299 2388 354 2418 Cilicie
363 2388 456 2418 Theodorus
466 2388 556 2424 onomathe,
564 2388 644 2426 pauIIzans
653 2398 698 2418 sacro
708 2391 786 2429 dogmate,
795 2390 847 2420 Rome

143 2430 221 2467 gaudebat
231 2429 285 2457 uiuere
296 2428 324 2457 sub
336 2427 379 2457 Petri
388 2428 504 2463 moderanrine;
517 2428 560 2457 I-line
568 2429 635 2458 antistes
645 2429 712 2459 ecclesie
722 2434 812 2467 assumptus
823 2434 848 2460 est

144 2469 231 2500 Britannie.
252 2468 270 2497 V.
282 2467 323 2497 Ecce
329 2467 408 2497 sacerdos.

165 2510 213 2547 Deus
221 2515 247 2552 qui
254 2514 337 2544 ecclesiam
346 2519 389 2543 tuam
398 2514 489 2550 apostolicis
495 2514 559 2543 uoluisti
566 2519 639 2544 constare
646 2515 725 2551 doctrinis,
733 2516 803 2544 concede
811 2524 847 2554 pro·

144 2555 194 2594 picius
205 2558 222 2585 ut
232 2553 346 2584 intercessione
356 2553 398 2584 beati
408 2553 488 2584 Theodori
498 2553 594 2583 confessoris
604 2554 627 2583 tui
637 2558 685 2591 atque
695 2554 780 2592 pontificis,
790 2560 806 2584 et
816 2556 847 2584 uir·

144 2600 193 2626 tutum
201 2604 265 2634 semper
271 2594 343 2633 proficiat
350 2594 456 2634 incrementis,
464 2598 481 2624 et
487 2593 588 2632 sempiternis
595 2593 667 2625 loueatur
674 2594 740 2632 auxIIIis,
748 2605 781 2632 per.
