1762 2803
53 179 189 219 assatas]
216 158 681 222 westarmannoteaertmattpte.
714 176 756 219 595

52 283 110 324 stricti,
118 280 173 315 sancti
188 281 287 316 Theodredi
294 282 398 316 elmanensis
406 282 488 326 episcopi,
495 282 524 326 qui
532 282 602 316 ‘bonus'
610 283 709 323 vocabatur,
717 293 758 316 con·

52 333 120 369 sistorio
146 338 271 374 presentantur.
303 332 337 373 Qui
355 332 496 375 inpremeditatus
515 332 620 367 sentenciam
639 332 687 366 dedit
707 343 758 375 quarn

53 395 72 418 se
85 382 154 416 dedisse
167 382 213 415 omni
228 389 305 423 tempore
317 382 351 415 uite
366 393 397 415 sue
415 383 493 424 penituit,
509 394 551 416 nam
567 394 626 415 omnes
644 383 694 415 simul
709 382 758 414 iussit

53 432 99 473 affigi
107 431 194 473 patibulis,
199 442 220 463 eo
225 431 272 473 quod
278 430 316 463 ausi
321 431 393 464 luissent
399 432 461 464 utrium
469 431 522 464 sancti
531 432 604 465 martiris
609 431 672 465 furtiue
680 430 745 472 ingredi
754 442 758 469 ;

53 492 86 515 non
100 481 184 513 reducens
195 481 218 513 ad
233 481 334 514 memoriam
347 481 394 524 quad
408 481 489 515 dominus
504 492 534 524 per
548 482 650 525 prophetam
665 487 775 525 anmronet,5

53 532 122 566 dicens:
140 531 180 563 ‘eos
195 530 224 574 qui
242 531 327 565 ducuntur
343 531 366 565 ad
381 538 459 573 mortem,
475 542 534 566 eruere
549 542 584 565 non
599 532 677 572 cesses;’
693 532 758 565 iactum

53 593 120 626 quoque
133 581 199 615 Helisei
214 583 302 624 prophete,
314 582 343 624 qui
358 582 462 616 latrunculos
478 583 500 615 (le
514 582 596 622 Samaria,
609 589 668 625 pastos
682 593 728 625 pane
741 589 757 615 et

53 643 97 676 aqua
109 631 174 665 remisit
187 633 210 665 ad
223 632 297 674 propria,
309 632 369 665 dicens
384 632 421 674 regi
436 632 499 665 volenti
512 643 542 665 eos
558 638 651 673 percutere,
665 633 711 674 quad
723 643 757 663 non

54 682 126 725 cepisset
137 692 166 713 eos
177 682 194 714 in
202 681 259 723 gladio
267 689 333 715 etarcu
343 692 385 723 suo;
398 681 477 724 Apostoli
485 681 540 715 eciam
545 681 699 724 preceptum,quod
707 681 758 714 dicit:

54 731 151 766 ‘Secularia
162 731 234 773 negocia
245 732 260 765 si
275 732 375 772 habueritis,
391 732 529 775 contemptibiles
544 732 573 775 qui
593 739 633 764 sunt
648 731 665 763 in
681 731 758 773 ecelesia,
769 746 786 769 re

54 783 64 816 i.
72 781 116 815 viros
127 782 217 824 seculares,
227 783 325 816 constituite
333 783 356 816 ad
367 782 488 817 iudicandum!
512 784 591 816 Canones
601 783 656 816 eciam
668 782 759 825 prohibent

54 844 75 866 ne
83 833 121 875 quis
129 834 219 875 episcopus
226 839 255 866 aut
263 833 335 876 quilibet
342 834 364 867 t'e
372 834 417 866 clero
425 833 505 866 delatoris
512 834 593 874 fungatur
600 832 666 865 officio:
678 833 759 875 qrroniam

53 883 94 916 satis
106 882 178 915 dedecet
190 883 277 915 ministros
289 883 323 915 vite
337 883 409 923 celestis,
421 894 512 916 assensum
525 884 596 925 prebere
606 883 623 915 in
636 889 709 915 mortem
722 883 759 915 eins

54 942 84 975 pro
98 942 131 974 quo
144 931 222 965 Christus
234 938 311 965 mortuus
325 938 356 965 est.
379 933 496 973 Quamobrem
510 933 597 975 predictus
608 932 699 974 episcopus
711 932 728 965 in
741 943 759 965 se

54 993 132 1014 reuersus
147 982 223 1022 grauiter
241 982 320 1021 indoluit,
334 988 352 1015 et
370 982 403 1015 sibi
422 982 537 1024 penitenciam
551 983 629 1015 indicens
644 982 661 1015 in
677 982 759 1024 grauibus
769 995 786 1025 ¹5

54 1031 133 1065 lamentis
145 1030 212 1064 diucius
226 1042 244 1064 se
258 1031 316 1065 dedit:
335 1043 356 1065 ac
371 1031 434 1066 deinde
447 1033 519 1076 populos
535 1044 565 1066 sue
580 1032 653 1066 diocesis
670 1039 759 1072 conuocat,

55 1083 154 1125 suppliciter
163 1084 269 1124 persuadens
280 1088 296 1115 vt
305 1093 315 1116 a
323 1093 342 1116 se
351 1082 430 1116 triduano
440 1082 503 1116 ieiunio
513 1082 571 1116 diuine
580 1081 706 1125 indignacionis
716 1082 759 1116 iram

54 1139 137 1171 auertant,
149 1132 229 1175 quatinus
243 1132 326 1165 sacrificio
339 1132 408 1174 spiritus
422 1133 530 1165 contribulati
545 1134 622 1173 placatus
639 1133 719 1164 domiuus
735 1132 759 1164 ilii

54 1192 103 1215 suam
116 1182 191 1223 graciam
205 1181 312 1222 concederet,
324 1192 358 1224 qua
370 1193 432 1224 corpas
444 1182 489 1215 beati
502 1180 577 1215 martiris
589 1188 659 1223 tangere
670 1188 688 1215 et
701 1182 760 1214 lauare

55 1232 130 1272 auderet,
145 1238 161 1265 et
177 1231 270 1264 honestiori
286 1232 347 1265 locello
362 1239 458 1274 reponeret.
486 1232 532 1274 Quia
547 1233 586 1265 licet
601 1232 654 1265 tantis
669 1233 759 1266 uirtutibus
769 1249 788 1270 20

55 1282 122 1315 floreret
133 1280 150 1314 in
162 1281 231 1321 mundo,
239 1282 310 1324 indigno
321 1288 378 1314 tamen
390 1289 407 1315 et
418 1282 524 1315 insufficienti
537 1283 656 1315 continebatur
666 1283 759 1315 mauseolo.

56 1333 119 1365 Pacata
132 1338 150 1364 ut
161 1332 233 1365 credidit
246 1332 271 1364 ira
283 1332 310 1364 dei
319 1342 371 1374 quam
383 1332 405 1365 de
416 1339 470 1365 morte
482 1332 539 1365 iurum
549 1340 675 1375 promeruerat:
687 1333 759 1365 accessit

55 1387 72 1415 vt
84 1388 163 1415 sanctum
175 1393 232 1423 regem
245 1389 261 1415 et
274 1382 361 1415 martirem
373 1383 486 1415 Edmundum
493 1382 563 1424 dignius
575 1383 663 1424 sepeliret:
675 1389 691 1415 et
700 1389 760 1423 aperto

55 1432 115 1464 locello
123 1432 165 1463 vidit
176 1438 192 1463 et
204 1431 278 1473 repperit
292 1431 333 1463 illud
347 1441 409 1474 corpus
422 1431 555 1472 sanctissimum,
566 1437 606 1464 ante
617 1431 729 1465 dilaceratum
743 1437 760 1465 et

55 1487 134 1514 truncum
143 1481 227 1523 passionis
236 1487 319 1524 ternpore,
327 1482 361 1514 iarn
369 1481 459 1523 integrum,
467 1481 539 1522 unitum,
547 1488 564 1515 et
573 1481 693 1524 incorruptum.
707 1480 760 1523 Vidit,
771 1497 788 1528 ²5

56 1532 130 1574 inquam,
139 1537 156 1565 et
166 1531 235 1573 gauisus
246 1538 272 1564 est
280 1544 284 1571 ;
296 1531 357 1574 tetigit,
365 1531 412 1573 lauit,
420 1540 437 1565 et
445 1543 512 1564 rursum
522 1532 572 1564 nouis
582 1539 599 1565 et
607 1531 677 1574 optimis
684 1533 762 1566 vestibus

55 1582 139 1622 indutum,
150 1582 208 1623 ligneo
218 1588 235 1615 et
247 1592 293 1614 nouo
306 1581 402 1615 recondidit
409 1581 476 1622 locuto,
488 1581 546 1624 sicque
556 1581 605 1615 testis
618 1587 654 1615 erat
667 1583 689 1615 ad
701 1593 761 1616 omnes

56 1632 77 1664 de
84 1632 152 1673 gloriosi
161 1631 237 1673 eorporis
246 1631 347 1673 integritate,
353 1632 398 1673 quod
411 1632 464 1664 oculis
473 1638 584 1672 conspexerat
590 1638 608 1664 et
615 1632 694 1664 manibus
701 1638 762 1665 attrec-

56 1683 188 1714 lauerat—laec
198 1687 256 1714 autern
271 1681 365 1722 prescripta
377 1680 459 1713 miracula
472 1680 557 1722 passionis
570 1681 638 1713 historie
650 1688 688 1713 sunt
700 1681 762 1714 innexa

56 1730 78 1762 ad
92 1729 225 1772 incorruptionis
238 1731 369 1772 probamentum
381 1740 433 1772 quam
449 1730 471 1762 de
486 1730 587 1771 virginitatis
600 1730 661 1763 merito
676 1730 762 1764 credimus
770 1746 790 1775 30

56 1787 116 1814 sancto
125 1781 209 1814 indultam
218 1781 314 1814 Edmundo
321 1786 361 1814 ante
369 1781 415 1814 diem
425 1792 488 1822 magne
498 1779 644 1823 resur[r]eccionis
652 1788 669 1815 et
678 1783 762 1823 generalis

57 1831 194 1873 incorrupcinnis.
217 1832 265 1864 Sicut
275 1841 317 1872 ergo
327 1831 350 1863 de
360 1831 410 1863 beato
420 1831 497 1863 Iohanne
505 1831 582 1873 apostolo
591 1831 656 1873 legitur,
665 1831 702 1874 ipsa
712 1832 762 1865 docet

57 1881 165 1924 incorrupcio
180 1881 236 1915 carnis
250 1891 302 1923 quam
318 1881 384 1913 alienus
398 1880 457 1913 rnartir
469 1880 542 1913 extiterit
554 1881 577 1913 ab
589 1880 635 1913 omni
651 1881 762 1924 corrupcione

57 1931 125 1965 mentis.
155 1932 195 1965 Non
212 1931 258 1974 quod
273 1930 352 1964 omnibus
367 1928 472 1971 virginibus¹
489 1931 574 1963 indultum
593 1931 614 1963 sit
633 1937 672 1973 post
688 1938 761 1964 mortem

57 1981 165 2023 priuilegium
180 1980 273 2024 incorrupti
289 1981 374 2023 corporis,
391 1980 431 2023 quia
444 1991 487 2022 quos
502 1980 519 2014 in
534 1980 613 2022 angelica
628 1980 762 2024 incorrupcionis
771 1991 789 2022 35

56 2033 132 2073 gaudere
144 2032 198 2074 gloria
209 2030 329 2075 conspicimus,
340 2042 399 2064 omnes
411 2030 485 2072 virgines
495 2030 548 2064 fuisse
558 2042 592 2063 non
601 2031 706 2065 dubitamus.
729 2034 762 2065 Le-

56 2082 113 2124 gimus
120 2084 190 2126 quidem
199 2084 268 2117 beatum
276 2083 348 2115 Paulum
355 2081 457 2123 virginitatis
467 2081 572 2114 beatitudine
580 2081 659 2114 floridum
666 2082 762 2116 martirium

58 2133 158 2172 celebrasse,
171 2143 204 2164 nec
219 2140 277 2164 tamen
290 2132 365 2172 corporis
378 2131 525 2173 incorrupcionern
540 2130 659 2173 promeruisse.
682 2132 763 2174 Legimus

58 2187 74 2213 et
84 2181 154 2215 tranem
163 2182 228 2215 domini
239 2183 322 2214 Iacobum
330 2180 413 2223 virginem
424 2186 440 2213 et
451 2180 538 2213 martirem
549 2180 630 2221 extitisse,
639 2192 671 2214 nec
681 2181 738 2214 minus
746 2181 763 2214 in

58 2237 102 2265 terre
110 2233 199 2274 puluerem
211 2233 302 2266 resolutum
316 2241 358 2264 esse.
380 2232 418 2263 Nec
429 2231 471 2263 'ideo
483 2231 515 2263 hec
528 2230 601 2263 dicimus
610 2237 628 2263 vt
639 2238 699 2264 sancto
709 2231 763 2264 Paulo
771 2244 791 2273 ro

58 2283 84 2314 vel
99 2282 146 2316 tratri
163 2282 227 2316 domini
243 2283 347 2324 preleramus
360 2280 377 2313 in
392 2280 453 2313 merito
468 2279 555 2314 martirem
571 2281 688 2321 Edmundum,
703 2287 729 2315 set
745 2289 763 2315 ut

58 2332 169 2375 designemus
177 2344 229 2376 quam
239 2339 310 2375 accepta
321 2333 342 2365 sit
353 2332 386 2365 deo
396 2331 413 2364 in
425 2341 465 2372 rege
476 2330 564 2364 humilitas
573 2331 615 2364 etin
623 2337 680 2364 mente
688 2332 764 2371 castitas,

59 2382 77 2414 in
91 2390 192 2425 prepotente
205 2382 291 2415 socialitas
306 2382 352 2414 etin
366 2381 462 2422 principum
475 2380 536 2422 spiritu
549 2380 619 2422 spiritus
633 2388 731 2423 paupertas,
746 2382 764 2413 in

58 2432 123 2465 deliciis
132 2433 173 2475 fuga
183 2432 287 2474 deliciarum,
297 2431 314 2464 in
324 2430 414 2464 affluencia
427 2439 484 2463 rerum
496 2430 616 2473 temporalium
627 2441 675 2464 arnor
687 2430 763 2471 martirii,

58 2481 103 2517 inter
110 2485 273 2526 tonnentalongeua
279 2481 383 2520 constancia,
389 2486 406 2515 et
412 2480 481 2524 spiritus
489 2480 566 2514 suauitas
574 2480 617 2514 inter
625 2480 685 2514 crebra
691 2481 762 2515 telorum
772 2496 792 2526 45

59 2533 134 2568 vulnera.
158 2536 181 2568 Et
189 2534 229 2578 quia
240 2533 257 2566 in
268 2533 301 2567 hiis
313 2540 330 2567 et
340 2533 358 2566 in
370 2532 408 2566 aliis
419 2531 477 2566 multis
489 2532 559 2566 viriliter
571 2531 605 2574 egit
617 2532 670 2565 virilis
680 2532 764 2572 agonista,

319 2609 325 2627 ¹
335 2610 368 2641 lis.
376 2610 424 2640 adds:
434 2616 456 2639 set
463 2610 504 2640 solis.

389 2672 401 2704 Q
409 2675 420 2707 (l
429 2675 438 2698 ²
