1762 2803
267 89 313 146 Di
327 89 429 142 &auda
445 87 525 141 &th
703 102 746 147 305

46 211 129 246 berniam
133 212 182 246 vnde
189 211 278 255 originem
284 211 345 245 duxit:
356 217 375 246 et
382 212 447 246 eodem
453 222 503 246 anno
508 210 594 246 humanis
602 211 658 245 rebus
663 211 747 245 excessit.

47 265 87 308 Quo
95 269 195 310 comperto,
203 263 329 307 adamnanus,
337 265 396 309 quoad
405 265 456 307 uixit,
464 266 493 300 die
503 265 593 300 dominica
604 270 622 299 et
631 265 694 309 quinta
704 264 748 299 seria

46 319 106 353 solum
118 319 178 352 cibum
189 319 278 362 sumpsit;
294 318 328 352 hoc
340 318 417 363 insuper
430 329 453 353 cx
465 319 539 364 propria
551 319 644 353 voluntate
655 318 748 358 adficiens,

47 372 95 415 quod
107 376 171 405 noctes
182 372 263 414 integras
275 372 431 406 obsecrationibus
443 373 517 406 domino
529 382 570 406 cum
582 372 639 405 multa
651 372 748 405 deuotione

47 434 92 468 sepe
103 423 196 467 vigilando
207 424 301 468 transegit.
324 423 347 458 Et
362 425 410 469 quod
426 434 480 459 causa
495 424 551 459 diuini
567 424 637 458 timoris
652 423 710 458 semel
725 422 766 459 obs

47 482 118 511 reatum
133 481 212 520 ceperat,
227 476 264 510 iam
278 476 336 510 diuini
350 477 419 511 amoris
434 489 489 511 causa
504 478 604 512 delectatus
619 477 638 511 in
654 482 749 521 posterum

48 539 123 571 semper
133 530 208 571 agebat;
221 534 239 562 et
249 531 297 574 quod
310 540 334 563 ex
347 531 456 564 necessitate
469 530 584 564 emendande
596 528 692 574 prauitatis
705 538 748 562 eue-

48 585 106 622 nerat,
118 581 137 616 in
147 581 248 616 voluntarie
258 581 395 616 consuetudinis
405 593 459 617 vsum
470 582 603 617 conuertebat¹.
627 582 663 617 Hic
675 582 749 616 tandem

48 633 155 668 monasterii
166 634 237 669 edificia
249 634 352 669 sublimiter
363 641 424 670 erecta
435 636 560 677 considerans
572 634 591 669 in
603 634 707 679 lachrymas
721 644 749 667 re·

49 688 125 728 solutus,
134 687 229 723 tristiciam
241 688 301 723 cordis
312 689 362 723 vultu
374 688 434 724 indice
446 688 588 724 demonstrabat.
611 687 665 730 Quod
676 687 750 722 intuens
760 694 778 717 10

49 751 116 783 comes,
129 752 186 785 quare
201 741 254 776 fleret
269 741 367 785 inquisiuit.
391 742 414 776 Et
429 742 470 777 ille:
488 742 572 782 ‘Cuncta
588 741 651 785 inquit,
665 740 699 775 hec
714 750 750 784 que

49 793 109 828 cernis
120 793 197 834 edificia,
209 793 228 828 in
239 794 324 838 proximo
337 800 366 829 est
376 799 396 828 vt
408 794 457 839 ignis
470 795 571 829 absumens
583 794 602 828 in
614 794 695 828 cinerem
708 803 751 827 con·

50 848 119 881 uertat?
142 847 195 889 Quod
203 858 244 882 cum
253 847 309 882 frater
317 847 347 882 ille
355 854 417 882 sancte
423 847 476 883 Ebbe
483 848 581 889 retulisset,
587 848 675 882 aduocato
681 847 750 881 Adam·

50 911 98 935 nano
103 900 115 942 ²,
121 901 170 935 vnde
175 901 209 935 hec
216 905 279 935 nosset
286 900 394 944 inquirebat.
414 900 450 942 Qui
456 900 480 934 ait
487 912 491 934 ε
503 902 508 919 ‘
514 901 578 943 Nuper
584 899 679 934 nocturnis
684 899 751 944 vigiliis

50 959 69 987 et
84 952 161 997 psalmis
176 952 281 997 occupatus,
296 952 351 987 astitit
367 952 422 986 michi
438 952 512 996 quidam
526 952 588 986 vultus
603 951 695 996 incogniti,
710 962 750 995 pre·
762 957 779 989 ¹5

51 1005 122 1050 cipiens
138 1016 162 1039 ne
175 1005 266 1046 timerem,
280 1011 298 1039 et
313 1006 365 1049 quasi
379 1005 462 1039 familiari
478 1015 508 1039 me
523 1015 568 1039 voce
583 1004 679 1049 alloquens
694 1004 751 1039 dixit:

51 1059 119 1092 “Bene
130 1058 180 1099 facis,
191 1057 255 1101 inquit,
267 1057 298 1101 qui
309 1064 394 1101 tempore
405 1063 495 1092 nocturne
507 1057 573 1100 quietis
585 1068 622 1091 non
634 1068 713 1100 sompno
726 1056 752 1090 in-

52 1111 133 1154 dulgere,
148 1111 181 1144 sed
196 1110 263 1155 vigiliis
278 1115 297 1145 et
312 1110 424 1145 orationibus
443 1109 523 1144 maluisti
541 1109 644 1144 insistere.”
668 1109 691 1143 Et
706 1119 752 1154 ego:

53 1164 121 1204 “Noui,
131 1165 212 1208 inquam,
221 1165 299 1198 multum
310 1164 365 1198 michi
376 1175 418 1198 esse
428 1163 554 1198 necessarium
563 1162 631 1207 vigiliis
641 1162 752 1197 salutaribus

52 1217 138 1252 insistere
144 1222 162 1251 et
168 1228 202 1262 pro
208 1217 255 1252 meis
261 1217 352 1251 erratibus
358 1217 422 1252 sedulo
429 1217 523 1251 dominum
530 1216 641 1260 deprecari.¹’
664 1216 752 1256 “Verum
763 1224 782 1246 ²0

52 1270 111 1314 inquit
126 1271 162 1311 ille,
178 1269 229 1311 dicis,
244 1270 286 1314 quia
301 1269 333 1303 tibi
349 1276 367 1303 et
382 1270 443 1303 multis
459 1280 506 1314 opus
521 1274 549 1303 est
564 1274 638 1313 peccata
652 1280 685 1304 sua
700 1269 754 1303 bonis

53 1322 140 1366 operibus
148 1322 245 1363 redimere,
253 1327 271 1356 et
279 1333 320 1356 cum
328 1327 419 1357 cessatum
428 1327 457 1356 est
468 1334 479 1356 a
488 1322 581 1355 laboribus
591 1333 654 1355 rerum
662 1327 754 1366 tempora-

53 1375 104 1417 lium,
115 1380 158 1408 tunc
173 1386 208 1419 pro
223 1374 305 1419 appetitu
318 1380 422 1409 eternorum
434 1374 510 1408 liberius
525 1374 613 1409 laborare.
637 1375 678 1408 Hoc
693 1380 754 1408 tamen

53 1427 159 1472 paucissimi
170 1428 231 1462 facere
242 1434 310 1462 curant.
334 1427 429 1472 Siquidem
441 1428 496 1462 modo
507 1432 565 1462 totum
577 1427 611 1461 hoc
623 1426 754 1462 monasterium

54 1492 78 1514 ex
85 1480 150 1514 ordine
158 1480 278 1524 perlustrans,
287 1480 400 1523 singulorum
410 1491 463 1514 casas
473 1490 494 1514 ac
504 1480 562 1514 lectos
571 1479 656 1523 inspexi:
668 1486 687 1514 et
697 1480 756 1514 nemi·
765 1488 784 1519 ²5

54 1544 98 1567 nem
110 1544 134 1567 ex
146 1533 236 1574 omnibus,
248 1538 311 1577 preter
324 1538 347 1573 te,
360 1543 403 1576 erga
415 1533 512 1567 sanitatem
526 1532 587 1567 anime
601 1543 634 1567 sue
647 1538 755 1577 occupatum

55 1586 136 1629 repperi,
153 1586 186 1619 sed
202 1596 268 1619 omnes
284 1596 362 1629 prorsus
376 1586 411 1618 viri
427 1591 445 1618 et
459 1585 527 1619 semine
543 1590 574 1618 aut
589 1595 668 1629 sompno
682 1590 756 1629 torpent

55 1637 115 1680 inerti,
123 1642 154 1672 aut
164 1638 187 1672 ad
197 1643 272 1682 peccata
279 1637 359 1681 vigilant.
383 1637 430 1672 Nam
441 1643 459 1671 et
469 1637 579 1672 domuncule
587 1649 623 1682 que
633 1639 656 1672 ad
667 1638 756 1672 orandum

54 1691 85 1724 vel
100 1690 198 1735 legendum
213 1690 259 1724 facte
275 1695 332 1732 erant,
347 1701 395 1724 nunc
410 1691 429 1724 in
444 1690 624 1732 commessationum,
638 1691 757 1734 potationum,

56 1743 187 1777 fabulationum
195 1748 212 1777 et
220 1749 323 1777 ceterarum
331 1750 374 1777 sunt
382 1743 509 1777 illecebrarum
517 1743 583 1777 cubilia
591 1754 686 1778 conuerso.
703 1743 757 1777 Vnde
767 1752 786 1783 30

57 1795 188 1830 habitatoribus
203 1795 237 1829 loci
253 1795 311 1837 huius,
325 1802 343 1829 et
358 1796 403 1835 loco,
414 1796 476 1838 grauis
492 1797 515 1829 de
530 1796 569 1829 celo
581 1796 661 1829 vindicta
676 1796 757 1830 ssamrnis

57 1848 170 1883 seuientibus
178 1853 275 1892 preparata
283 1848 338 1882 est.”'
361 1846 394 1882 Cui
404 1847 497 1882 abbatissa
504 1848 540 1882 ait:
553 1848 586 1881 ‘Et
595 1858 651 1892 quare
659 1859 697 1883 non
705 1848 758 1883 citius

58 1901 92 1935 hoc
102 1901 157 1934 michi
169 1900 252 1933 reuelare
261 1899 355 1933 voluisti?’
379 1900 402 1932 Et
412 1900 454 1933 ille:
466 1900 537 1933 ‘Timui
548 1906 625 1944 propter
635 1900 758 1934 reuerentiam

58 1959 113 1994 tuam,
126 1963 150 1987 ne
163 1952 210 1986 sorte
224 1950 300 1985 nimium
312 1951 422 1993 turbareris3
440 1956 458 1986 et
473 1957 536 1987 tamen
551 1952 599 1987 hanc
615 1953 758 1988 consolationem

58 2005 115 2040 habes
124 2006 172 2051 quod
180 2005 199 2039 in
207 2004 272 2038 diebus
280 2004 316 2038 tuis
324 2004 357 2039 hec
366 2004 420 2049 plaga
428 2015 438 2040 a
446 2005 482 2039 deo
490 2005 611 2050 superuenire
619 2005 711 2050 permissa
721 2017 758 2041 non
768 2015 786 2047 35

58 2060 97 2093 cst!
121 2060 162 2101 Qua
173 2058 264 2101 diuulgata
273 2057 350 2098 visione,
358 2057 490 2101 aliquantulum
502 2058 536 2092 loci
548 2058 608 2093 incole
619 2059 683 2102 paucis
694 2060 760 2094 diebus

58 2111 129 2154 timere,
139 2116 157 2146 et
168 2112 240 2156 seipsos
250 2109 360 2144 intermissis
371 2110 483 2145 facinoribus
493 2111 583 2156 castigare
594 2116 688 2156 ceperunt.
712 2111 760 2147 Ecce

58 2165 108 2198 enim
118 2170 194 2209 propter
204 2163 259 2197 vuius
269 2163 355 2196 meritum
365 2163 490 2198 vniuersitatis
500 2164 603 2207 protelatur
613 2164 697 2199 exicium.
720 2164 760 2199 Ma-

59 2228 116 2260 gnum
124 2217 210 2251 nimirum
219 2216 266 2249 illius
274 2220 337 2249 sancte
345 2215 409 2248 matris
418 2216 450 2248 suit
462 2226 523 2249 coram
532 2218 567 2249 deo
578 2217 669 2257 meritum,
677 2219 700 2251 ad
708 2218 760 2252 cuius

59 2270 203 2302 consolationem
215 2269 238 2301 de
250 2268 284 2300 loci
295 2266 323 2300 sui
335 2267 448 2300 desolatione
460 2268 504 2310 per³
516 2278 592 2302 seruum
605 2279 660 2303 suum
674 2269 760 2303 dominus
769 2281 790 2309 4⁰

59 2321 144 2365 dignatus
155 2326 184 2355 est
194 2321 281 2355 edocere!
304 2318 400 2353 Translata
408 2320 482 2354 demum
491 2320 514 2353 ad
522 2320 572 2354 celos
579 2320 651 2363 virgine
661 2327 730 2361 sancta,
737 2323 761 2355 ad

59 2374 147 2417 pristinas
162 2374 227 2407 sordes
242 2382 328 2406 reversos
341 2371 412 2415 prefate
425 2371 500 2405 vltionis
513 2372 575 2405 clades
588 2372 670 2406 inuoluit.
716 2366 761 2408 Hec

59 2426 101 2461 ideo
112 2426 131 2461 in
143 2426 177 2460 hoc
189 2427 229 2460 loco
241 2425 324 2459 inserere
335 2424 414 2466 decreui,
426 2429 445 2458 vt
459 2424 546 2460 lectorem
558 2436 635 2470 operum
648 2426 718 2461 domini
730 2428 762 2462 ad·

147 2540 153 2559 ¹
163 2541 181 2571 E.
188 2540 283 2571 couertebat.
369 2538 375 2555 ²
385 2538 403 2568 E.
412 2539 499 2568 adamnato.
586 2538 592 2556 ³
604 2548 675 2578 emper.

405 2598 418 2622 Χ
