1762 2803
248 172 294 227 Dc
309 168 409 223 &aucto
425 170 556 226 wattun.
708 185 752 229 529

51 297 131 347 episcopi
148 293 275 331 wintoniensis
293 291 433 326 familiaritatem
450 291 503 326 bonis
520 291 605 326 omnibus
624 290 714 335 priuatam
733 291 752 326 in

51 350 160 389 monasterio
172 350 196 383 de
208 345 333 381 Wherewelle
346 345 427 387 detrusit,
439 350 457 380 et
470 345 577 389 episcopum
589 345 683 379 Alwinum
694 344 753 380 incar-

51 404 122 442 cerauit.
145 402 212 436 Emma
224 401 299 434 demum
311 398 371 433 laxius
383 399 479 441 custodita,
492 397 585 444 episcopis
598 398 617 432 in
631 398 697 444 quibus
710 408 753 433 con-

51 460 117 494 fidebat
127 454 201 498 scripsit
211 465 232 487 se
242 452 286 487 ferri
297 452 392 486 candentis
402 452 488 486 examine
499 458 582 496 paratam
592 453 671 495 probare
682 451 753 495 episco-

51 521 94 557 pum
102 509 169 543 iniuste
176 506 216 541 sore
224 505 342 539 diffamatum.
365 504 439 538 Prefixo
446 510 507 539 autem
515 504 628 548 purgationis
636 504 677 538 dle:
688 503 754 538 mulier
761 514 771 544 5

51 568 103 598 nocte
119 558 231 605 precedente
246 557 269 591 ad
284 556 403 600 sepulchrum
421 557 479 591 sancti
495 556 587 591 Swithuni
601 568 696 602 perorans
712 568 754 592 con·

51 617 154 655 fortabatur,
169 611 199 646 die
209 622 255 645 vero
271 610 355 655 sequenti
372 610 439 655 ignitos
449 621 534 645 vomeres
549 610 574 645 nil
589 611 628 645 lesa
643 611 754 654 pertransiit.

51 671 102 704 Tunc
121 677 154 701 rex
172 664 296 709 ingemiscens
313 669 331 698 et
345 664 418 698 veniam
434 668 506 708 petens,
521 663 544 698 ab
559 663 647 708 episcopo
663 668 681 698 et
696 668 754 698 matre

52 720 156 765 disciplinas
166 718 241 761 recepit,
250 722 269 753 et
277 717 337 752 ablata
346 717 382 751 iilis
391 716 474 752 restituit.
497 716 570 761 Regina
577 728 622 751 vero
632 716 682 751 dedit
691 722 755 751 sancto

52 773 161 817 Sivit[h]uno
173 781 240 805 nouem
252 769 338 812 maneria,
349 774 426 814 propter
436 780 504 803 nouem
515 780 601 804 vomeres
613 780 660 813 quos
671 775 754 812 pertran-
763 780 783 802 10

52 827 97 862 siuit.
141 817 190 858 ¹Illu
204 823 260 857 etiam
274 827 357 867 tempore
371 832 420 866 papa
435 821 547 857 Benedictus
561 826 604 866 post
618 821 687 856 obitum
700 831 754 856 suum

52 880 70 914 in
86 876 147 923 specie
161 875 273 910 monstruosi
289 875 379 917 animalis,
393 876 445 910 cuius
460 885 515 910 aures
530 881 549 909 et
564 876 622 910 cauda
636 876 683 910 asini
698 881 755 917 erant,

52 937 111 965 cetera
125 929 169 969 vrsi,
182 929 254 962 cuidam
266 928 316 962 iuxta
329 928 466 963 Mediolanum²
478 928 568 972 apparuit
595 928 678 972 Cumque
692 927 755 972 fugam

52 984 103 1017 iniret
114 981 142 1016 vir
153 981 183 1015 ille
194 991 329 1024 expauescens‚
339 987 442 1015 monstrum
453 979 498 1014 illud
510 981 614 1014 exclamare
627 981 687 1024 cepit:
703 980 755 1013 ‘Noli

52 1036 120 1076 timere,
134 1034 176 1077 quia
191 1033 247 1067 homo
260 1032 286 1067 sui
301 1033 347 1067 sicut
359 1038 379 1067 tu
395 1044 427 1076 es;
444 1038 473 1068 set
487 1032 529 1078 quia
544 1032 645 1067 bestialiter
657 1032 700 1074 vixi,
713 1038 755 1078 post
765 1045 783 1076 ¹5

53 1094 128 1122 mortem
143 1085 201 1121 bestie
216 1084 298 1130 speciem
313 1086 397 1131 preferre
413 1086 482 1121 merui.r
511 1086 534 1120 Et
549 1086 589 1121 ille:
608 1085 665 1130 ‘Quis
681 1096 701 1121 es
716 1086 754 1122 tui'

53 1141 106 1185 ‘qu
119 1139 148 1181 ait,
162 1139 204 1174 ille³
215 1140 254 1174 solo
267 1140 341 1175 nomine
354 1140 465 1174 Benedictus
478 1139 509 1181 sui,
521 1140 552 1185 qui
566 1150 624 1184 nuper
637 1139 755 1185 apostolicam

53 1194 115 1228 sedem
132 1192 218 1237 indignus
235 1191 315 1235 obtinui3
334 1204 392 1237 usque
407 1194 431 1227 ad
448 1193 496 1227 diem
511 1193 572 1228 iudicii
589 1204 624 1237 per
641 1194 719 1227 dumosa
737 1199 755 1227 et

54 1245 152 1290 squalentia
165 1251 183 1279 et
196 1245 296 1289 sulphurea
310 1246 350 1279 loca
363 1251 381 1280 et
394 1244 450 1279 fetida
465 1250 483 1280 et
498 1245 592 1280 bullientia
606 1244 668 1290 rapior
681 1251 699 1280 et
711 1256 755 1289 pro·

54 1298 131 1341 trahor¹‚
143 1303 185 1342 post
203 1303 307 1333 extremum
321 1309 366 1333 vero
381 1297 467 1333 iudicium
482 1308 549 1344 corpus
564 1309 626 1333 meum
641 1303 659 1332 et
674 1298 784 1333 animantia

54 1351 106 1385 simul
115 1350 259 1386 irremediabiles
268 1351 359 1385 cruciatus
369 1356 388 1385 et
396 1350 521 1385 irreuocabilis
532 1352 568 1385 olla
579 1351 681 1385 iehennalis
688 1351 756 1385 baratri

54 1404 156 1447 deglutient,
169 1408 188 1439 vt
202 1403 251 1438 nulla
266 1403 311 1438 mihi
326 1415 370 1448 spes
383 1404 453 1449 requiei
466 1404 486 1439 in
499 1409 585 1439 eternum
598 1406 665 1439 restet)
689 1403 756 1439 Fuerat

54 1456 101 1490 enirn
117 1456 136 1490 in
154 1457 260 1499 pontificatu
277 1467 353 1501 semper
369 1456 440 1490 luxurie
457 1457 535 1500 deditus,
550 1457 628 1501 ideoque
643 1457 667 1491 ab
681 1456 756 1491 auribus

54 1507 99 1542 asini
112 1509 130 1542 in
142 1510 219 1543 caudam
233 1509 340 1552 desinebat3
355 1515 374 1544 et
385 1510 428 1553 quia
438 1509 494 1544 vitam
507 1509 600 1544 carnalem
613 1519 688 1553 semper
704 1509 757 1543 duxit

55 1566 113 1595 cetera
124 1561 179 1606 igitur
192 1571 246 1596 vrsus
260 1567 312 1597 erant
318 1561 330 1597 ⁰.
374 1555 428 1598 lillis
442 1562 519 1608 insuper
533 1562 597 1598 diebus
613 1561 784 1605 Hildebrandus,a5

55 1620 116 1656 postea
129 1626 177 1660 papa
190 1615 294 1661 Gregorius,
307 1617 400 1661 quondam
413 1616 464 1661 prior
476 1616 599 1651 cluniacensis
612 1621 631 1651 et
643 1622 685 1660 post
697 1616 757 1651 archi-

55 1667 139 1702 diaconus
150 1668 215 1710 Rome,
223 1680 265 1704 cum
272 1669 362 1713 equitaret
370 1680 411 1703 cum
419 1669 477 1703 multa
488 1669 547 1711 turba,
554 1670 611 1704 abbas
622 1669 678 1714 tingo
688 1669 757 1704 clunia·

56 1720 113 1754 censis
126 1720 187 1764 ipsum
202 1732 283 1766 sequens
296 1721 314 1756 in
330 1722 392 1756 animo
407 1722 487 1765 cogitare
502 1721 551 1766 cepit
565 1723 615 1756 vnde
630 1727 681 1757 esset
695 1727 757 1756 tantus

55 1771 112 1806 honor
123 1774 238 1809 homuntioni
248 1774 301 1809 exilis
310 1778 384 1814 stature,
392 1773 509 1818 despicabilis
519 1774 626 1819 parentele:
637 1774 757 1819 proculdubio

55 1822 87 1857 hoc
103 1824 119 1858 ei
134 1836 158 1860 ex
174 1826 261 1871 superbia
275 1827 363 1861 accidere.
386 1826 431 1862 Mox
446 1826 584 1862 archidiaconus
598 1826 668 1862 reflexo
683 1837 731 1872 equo
746 1837 785 1869 a3o

55 1874 106 1921 longe
114 1879 195 1914 clamans
203 1880 236 1916 ait:
249 1880 287 1915 ‘Tu
295 1881 342 1915 male
350 1880 440 1925 cogitasti:
453 1892 490 1915 non
498 1881 548 1915 enim
555 1880 611 1915 michi
619 1880 666 1915 hanc
674 1881 757 1925 gloriam,

56 1929 71 1962 si
78 1930 133 1973 gloria
142 1933 178 1967 dici
188 1939 249 1978 potest
259 1944 295 1978 que
306 1933 341 1968 cito
350 1933 420 1975 transit,
428 1933 458 1968 vel
468 1934 539 1978 imputo
546 1933 576 1968 vel
585 1934 608 1967 ab
618 1932 659 1967 aliis
670 1933 756 1977 imputari

56 1983 101 2025 volo,
112 1990 140 2018 set
152 1986 210 2021 beatis
220 1986 315 2031 apostolis,
324 1997 401 2030 quorum
413 1986 513 2031 preuilegio
524 1985 568 2020 mihi
580 1986 687 2020 exhibetur!
710 1986 756 2021 Eru-

56 2032 131 2071 bescens
146 2038 207 2081 abbas,
223 2040 315 2083 quomodo
330 2039 428 2083 cogitatum
443 2048 496 2074 suum
511 2038 594 2073 uouisset
608 2037 694 2083 quesiuit.
716 2038 756 2073 ‘Ab

57 2095 91 2128 Ore,
99 2087 162 2134 inquit,
170 2097 201 2125 tuo
211 2092 264 2136 quasi
273 2103 307 2137 per
314 2092 384 2127 fistulas
393 2093 417 2127 ad
426 2103 480 2126 aures
489 2102 540 2126 meas
549 2093 638 2127 deductus
648 2094 686 2127 est!
709 2092 756 2128 Cum
764 2104 784 2135 35

58 2145 116 2177 autem
127 2143 193 2179 iterum
204 2145 271 2180 iunctis
282 2146 370 2181 lateribus
382 2146 401 2180 in
415 2146 492 2181 ecclesia
502 2145 588 2190 prostrati
599 2144 667 2181 diutius
678 2153 759 2189 orarent,

57 2196 135 2237 respexit
150 2198 289 2234 archidiaconus
302 2199 387 2233 abbatem
402 2199 507 2233 turbulento
520 2199 577 2241 vultu,
591 2199 665 2234 dicens:
683 2199 713 2235 ‘Si
726 2210 757 2235 me

57 2253 116 2281 amare
128 2249 161 2291 vis,
175 2261 199 2284 ne
212 2251 289 2286 vlterius
303 2252 337 2286 hac
350 2262 381 2286 me
395 2251 460 2286 iniuria
473 2262 575 2295 expugnes.
602 2252 693 2287 Dominus
707 2252 757 2286 enim

57 2304 107 2333 meus
119 2300 184 2338 ihesus
193 2303 277 2338 Christus
288 2303 440 2349 postulationibus
451 2303 498 2339 meis
509 2304 605 2339 visibiliter
613 2305 688 2348 astabat,
698 2303 757 2340 inten-

57 2348 102 2385 dens
115 2353 172 2397 dictis,
184 2361 202 2390 et
215 2356 287 2392 serenis
300 2357 365 2393 fauens
376 2357 438 2401 oculis,
450 2364 479 2393 set
490 2357 577 2394 orationis
590 2363 621 2393 tue
631 2358 716 2394 violentia
726 2369 785 2403 meaa

56 2400 139 2449 deseruit,
151 2410 174 2443 ad
185 2414 204 2444 te
216 2421 322 2446 conuersus.
345 2410 391 2446 Puto
404 2422 447 2446 esse
460 2422 520 2456 genus
532 2410 603 2454 iniurie,
614 2412 673 2447 amico
686 2412 758 2458 eripere

57 2462 148 2494 auctorem
166 2462 230 2498 salutis
247 2467 290 2498 sue.¹
320 2464 356 2499 Hic
375 2465 435 2505 etiam,
451 2466 494 2499 dum
511 2465 609 2500 cardinalis
625 2470 680 2507 esset,
695 2471 758 2500 contra

57 2510 135 2548 prelatos
145 2516 262 2556 symoniacos
271 2517 289 2550 in
302 2517 378 2551 Francia
389 2518 455 2551 acriter
466 2517 560 2562 processit.
583 2517 635 2552 Vnus
646 2523 708 2552 tamen
719 2519 757 2562 epi·

76 2590 166 2628 ¹ExVinc.
175 2599 214 2629 Bell.
222 2601 273 2630 XXV.
281 2610 305 2632 αι.
366 2601 416 2632 ²VB.
424 2601 530 2632 molendinum
595 2600 669 2632 ’silla
722 2601 757 2632 ⁴13.

58 2635 168 2672 pretrahorss.
176 2642 264 2676 pertrahor.
304 2641 491 2678 ⁵VB.percet.v.erat.
533 2640 758 2679 ·sxvinc⁴13ell.xxv.44.

78 2686 117 2714 vor.
125 2692 143 2716 11.
387 2697 400 2721 Μ
409 2698 427 2721 m
