1762 2803
43 109 183 149 ursaonae]
285 98 331 155 De
342 96 377 151 ῧ.
389 97 495 151 fluitem·
703 112 746 158 547

44 232 121 270 senioris,
128 230 198 263 nomine
202 227 274 262 Walteri
280 229 343 270 Espec,
348 238 399 270 super
406 233 499 261 torrentem
507 238 540 270 que
548 228 586 269 Rya
594 232 669 267 vocatur,
675 226 748 268 planicie

44 282 92 316 vallis
103 279 184 313 hincinde
195 278 332 318 circumiacente,
341 276 402 310 casas¹
413 278 463 311 fixere
475 288 519 311 suas.
542 276 642 310 Habiraculi
654 282 711 309 autem
721 276 747 308 sui

44 331 155 372 eiusdemque
169 327 203 361 loci
217 337 281 361 nomen
297 338 317 361 ex
332 327 399 361 duobus
414 333 551 370 composuerunt,
566 327 646 360 videlicet
659 337 679 359 ex
694 325 748 368 ipsius

45 379 124 417 torrentis
135 378 224 419 vocabulo,
236 383 253 411 et
264 377 313 419 valle,
325 377 370 411 vnde
385 383 402 412 et
417 378 499 412 Rieuallis
514 384 626 422 nuncupatur.
654 378 748 420 Hucvsque

45 433 70 467 vir
77 428 179 464 venerabilis
189 429 212 462 ab
222 428 278 462 amico
285 428 360 462 rabulam
368 439 402 462 non
410 430 467 462 fictam
477 435 503 463 set
510 429 574 463 factam
582 428 659 468 audiens,
667 427 700 461 ‘Et
710 437 749 470 eya,
758 437 767 468 5

46 481 104 525 inquit,
116 490 149 522 que
158 485 185 512 est
194 479 222 512 via
233 489 266 521 que
278 478 324 512 ducit
335 479 358 512 ad
370 479 412 512 istos
421 479 499 512 homines
510 478 597 520 angelicos
607 478 657 512 etad
668 478 700 511 lieo
710 479 749 511 loca

46 530 135 566 celestiai’
157 530 180 562 At
192 529 231 562 ille:
244 529 304 562 ‘quta
316 534 333 563 te
345 534 384 562 sunt
394 528 502 571 sacilimeque
513 528 595 571 repperiri
606 533 689 571 possunt;
704 534 722 562 et
733 526 748 560 si

46 587 134 624 aspectum
146 580 213 613 illorum
223 579 317 620 desideras,
330 579 428 622 aggredere,
442 586 459 613 et
471 586 511 613 ante
524 580 558 614 diei
570 580 655 623 presentis
668 588 748 613 occasum

46 630 122 675 implebit
134 631 176 664 deus
188 629 291 663 desiderium
302 631 361 663 tuum?
383 631 484 673 ilAccepta
494 630 544 673 igitur
554 629 632 668 licencia,
640 634 657 663 et
666 628 748 662 benedic-

46 684 92 717 tione
99 681 122 715 ab
129 680 206 714 antistite
214 680 285 722 intuma,
292 685 341 723 vrget
349 680 379 721 ire,
386 690 420 724 quo
429 679 495 721 nescit;
508 687 534 714 set
543 681 606 714 relator
614 679 662 713 illum
672 690 691 713 se
701 679 748 722 sequi
758 689 777 711 ιο

47 734 98 772 iubet,
111 737 129 765 et
141 730 166 765 sic
179 730 285 773 agitantibus
297 730 368 764 caballis
380 731 462 764 velociter
474 737 514 764 ante
527 730 561 764 diei
573 731 649 764 medium
660 730 749 764 castellum

47 781 146 815 introierunt
158 781 264 822 Helmesley,
275 780 322 823 quod
334 791 345 813 a
356 780 446 822 Ryauallia
458 779 510 814 distat
521 781 557 814 fere
569 779 664 813 miliaribus
677 779 750 812 duobus.

47 833 61 867 tl
69 833 90 865 ln
98 841 131 874 quo
139 830 180 863 dum
188 841 218 864 eos
225 830 310 872 exciperet
317 830 344 863 vir
350 829 412 864 nobilis
420 836 437 863 et
447 830 528 863 fundator
535 830 580 865 illius
588 829 654 864 cenobii
663 829 749 864 Walterus

47 884 109 925 Espec,
117 886 185 915 noctem
195 880 242 914 illam
251 892 291 914 curn
301 892 322 915 eo
333 882 416 916 duxerunt
426 882 532 922 letissimam,
540 881 569 925 qui
580 882 623 915 mira
635 882 657 915 de
668 880 750 923 predictis

48 933 126 966 tratribus
136 942 212 973 narrans,
223 931 293 965 Aelredi
304 932 383 975 spiritum
394 932 450 975 magis
460 943 482 966 ac
493 932 549 975 magis
563 931 626 974 gaudio
637 931 750 965 accendebat.
758 939 777 971 15

48 983 123 1019 llMane
134 982 186 1024 igitur
193 982 244 1023 sacto,
252 982 307 1025 pergit
317 983 340 1016 ad
350 984 450 1017 monachos.
473 984 505 1017 Cui
516 983 563 1027 prior
572 983 651 1024 occurrit,
659 981 750 1025 hospitalis

49 1038 65 1066 et
78 1032 162 1075 portarius
175 1032 239 1065 ducunt
251 1043 291 1065 eum
306 1034 329 1066 ad
344 1033 447 1074 oracionem,
461 1039 500 1076 post
515 1033 614 1066 oracionem
629 1032 718 1075 predicant
733 1032 749 1064 ei

49 1083 117 1116 verbum
123 1082 157 1122 dei,
163 1088 180 1115 et
188 1082 222 1115 iam
227 1082 262 1115 viui
269 1083 331 1126 eloquii
340 1082 431 1126 spiritualis
439 1084 481 1117 uber
488 1084 545 1117 serens
553 1093 604 1126 super
609 1088 678 1123 terram,
683 1083 750 1116 iontem

49 1132 127 1177 produxit
138 1132 252 1167 lacrimarum.
275 1135 302 1167 lta
313 1133 359 1168 enim
370 1144 399 1168 cor
409 1133 446 1167 eius
455 1134 524 1176 plenum
533 1133 565 1167 fuit
575 1133 664 1167 affectibus
674 1133 750 1176 pietatis,

49 1193 119 1225 roreque
124 1183 205 1217 continue
212 1183 329 1217 miserationis
334 1182 458 1224 madidum²,vt
464 1184 529 1217 facilius
534 1183 587 1217 risum
595 1189 724 1226 contempneret
731 1182 749 1215 in
758 1193 778 1214 ao

50 1233 90 1267 iocis
101 1234 171 1267 vrbanis
182 1240 199 1267 et
212 1233 289 1267 honestis
301 1233 376 1275 faceciis,
389 1245 441 1277 quam
453 1240 556 1276 temperaret
568 1234 627 1267 fletum
640 1234 658 1266 in
672 1243 750 1267 sermone

50 1283 177 1316 commonitorio
192 1289 209 1317 et
223 1283 340 1317 edificacionis
354 1284 426 1327 eloquin
457 1284 502 1326 Quid
510 1284 571 1326 plural
585 1283 668 1317 consentit
679 1284 750 1317 tandem

50 1335 152 1367 monachum
160 1334 206 1367 fien‘:
218 1335 293 1376 gaudent
301 1344 366 1375 omnes,
375 1335 422 1368 cunti
429 1335 515 1374 letantur3
526 1344 554 1367 res
562 1344 602 1367 suas
609 1344 670 1366 omnes
680 1333 751 1374 dimisit,

50 1389 66 1417 et
77 1383 141 1417 dimisit
152 1384 231 1418 vniuersa
242 1394 275 1427 que
287 1383 352 1425 habuit,
363 1390 380 1418 et
392 1385 446 1418 solum
460 1395 481 1419 ex
494 1384 530 1418 suis
543 1395 595 1418 vnum
606 1383 675 1418 retinuit
687 1394 750 1426 secum,

51 1434 109 1468 ceteris
118 1434 215 1468 volentibus
223 1435 279 1469 redire
289 1435 312 1468 ad
322 1435 410 1468 dominum
422 1446 472 1468 suum
482 1446 539 1477 regem
550 1435 567 1468 in
578 1434 662 1468 Scociam.
685 1435 725 1478 Qui,
732 1442 750 1468 vt
760 1448 778 1478 ¹5

50 1490 109 1526 postea
123 1485 180 1518 fassus
195 1492 227 1525 est,
240 1485 277 1519 dies
292 1485 330 1519 illos
345 1489 372 1527 4⁰r
386 1485 448 1528 quibus
462 1486 481 1519 in
494 1485 572 1528 hospicio
584 1486 689 1526 morabatur,
704 1486 751 1519 mille

51 1544 103 1567 annos
111 1535 203 1568 estimabat
210 1546 241 1578 pre
249 1535 335 1568 desiderio
342 1545 377 1578 quo
384 1534 482 1578 concupiuit
491 1534 548 1568 induci
556 1534 657 1569 festinanter
664 1535 682 1568 in
690 1535 750 1568 cellam

51 1584 161 1626 nouiciorum,
172 1585 207 1626 vbi,
217 1585 256 1619 licet
268 1596 289 1619 ex
299 1591 348 1628 parte
358 1585 433 1626 modica,
445 1585 477 1618 srui
488 1585 552 1619 valeret
563 1586 679 1619 contuberniis
690 1597 751 1618 mona-

52 1635 126 1668 chorum.
151 1635 188 1669 illis
205 1635 266 1669 diebus
283 1646 319 1668 non
336 1646 397 1678 parum
415 1635 530 1669 edificacionis
548 1635 620 1669 contulit
637 1635 751 1679 hospitalibus

51 1684 134 1728 iratribus,
149 1685 229 1720 videlicet
244 1685 340 1720 humilitate
357 1696 391 1729 qua
406 1697 425 1720 se
443 1686 562 1729 prosternebat
581 1686 657 1720 omnium
672 1687 751 1729 pedibus,
760 1697 780 1727 30

52 1735 120 1769 caritate
130 1747 164 1779 qua
172 1737 249 1770 feruebat
258 1737 281 1770 ad
288 1747 346 1769 eorum
355 1736 442 1779 obsequia,
451 1736 530 1771 oracione
540 1746 574 1779 qua
584 1746 628 1778 pene
636 1736 752 1770 indesinenter

52 1784 83 1817 deo
93 1786 175 1819 libamina
186 1796 256 1829 precum
267 1786 354 1819 offerebat.
376 1786 391 1822 il
399 1787 452 1819 Porro
463 1796 502 1819 cum
514 1786 531 1818 in
542 1786 621 1829 hospicio
634 1792 685 1826 esset,
696 1785 752 1828 pridie

53 1843 102 1876 quam
115 1836 218 1878 reciperetur
231 1836 248 1869 in
264 1836 324 1869 cellam
338 1835 451 1877 nouiciorum,
466 1837 501 1869 tale
516 1835 557 1880 quid
572 1847 602 1880 per
616 1846 656 1870 eum
670 1835 752 1870 dominus

52 1885 116 1926 operari
131 1887 210 1929 dignatus
226 1893 257 1920 est.
281 1886 328 1928 Ignis
343 1887 410 1920 validus
425 1896 508 1920 accensus
522 1892 548 1920 est
562 1887 580 1919 in
597 1887 630 1919 ede
645 1892 661 1920 et
678 1885 752 1929 porrexit

52 1935 119 1970 flamme
129 1938 190 1979 globos
197 1947 251 1980 vsque
261 1937 284 1971 ad
292 1938 354 1979 trabes,
362 1937 425 1971 deinde
435 1937 458 1971 ad
468 1937 592 1980 laqueariorum
603 1936 690 1971 iuncturas
700 1948 752 1981 supe·
760 1950 779 1981 35

52 1984 110 2028 riores,
125 1994 142 2021 et
160 1988 185 2021 ita
202 1988 268 2021 seuieus
282 1989 393 2022 vehementer
411 1988 516 2030 preualebat‚
533 1993 551 2020 vt
569 1988 636 2021 culmen
654 1987 716 2021 edificii
734 1987 752 2021 in

53 2044 138 2070 momento
153 2048 254 2071 consumere
268 2038 370 2070 crederetur.
392 2037 420 2069 Fit
433 2047 526 2070 concursus
539 2037 668 2077 monachorum,
681 2046 752 2071 conuer-

54 2094 109 2119 sorum
124 2092 142 2120 et
156 2086 306 2129 mercenariorum,
320 2086 441 2129 hospitumque
456 2086 479 2120 ad
494 2086 535 2120 illud
552 2086 667 2128 infortunium,
680 2098 753 2131 quorum

53 2134 80 2167 alii
93 2136 147 2179 aquis,
160 2137 189 2171 alii
203 2137 297 2180 liquoribus
311 2136 372 2171 ceteris
388 2136 467 2171 incendia
480 2143 576 2181 temperare
588 2138 700 2173 conabantur.
723 2140 753 2173 Set

54 2192 116 2226 quanto
127 2188 166 2230 plus
177 2189 285 2222 desudabant
297 2189 357 2221 sedare
368 2187 436 2231 liquidis
448 2187 509 2229 calida,
518 2194 567 2222 tanto
578 2189 617 2231 plus
630 2189 649 2222 in
661 2188 725 2223 aridis³
736 2196 753 2223 et
761 2200 782 2228 40

54 2234 123 2270 humida
134 2239 283 2273 consumebantur.
305 2238 356 2272 Vnde
370 2238 468 2281 desperacio
480 2248 520 2272 cum
533 2238 592 2273 dolore
604 2238 701 2281 comitatur,
713 2238 754 2283 quia

54 2283 125 2321 inaniter
132 2294 219 2323 tantorum
228 2288 318 2323 conamina
325 2289 445 2322 moliminum⁴
456 2289 577 2333 inpenduntur.
590 2293 597 2331 Ιι
605 2291 754 2324 Aelredusautem

55 2334 70 2367 in
81 2338 142 2370 eadem
153 2340 196 2373 hora
205 2340 228 2372 ad
239 2350 318 2373 mensam
329 2341 401 2372 sedebat
409 2340 427 2372 in
439 2341 492 2373 latere
503 2340 581 2373 eiusdem
592 2339 685 2374 domicilii:
697 2339 725 2382 qui
736 2340 754 2372 in

55 2386 99 2419 omni
107 2389 237 2430 perturbacione
245 2388 275 2423 illa
281 2399 317 2423 non
325 2395 351 2423 est
358 2395 415 2423 motus
422 2400 494 2432 corpore
500 2390 528 2423 vel
538 2389 602 2430 animo,
610 2396 636 2424 set
645 2400 684 2423 cum
691 2389 754 2432 singuli

55 2433 130 2472 dicerent
140 2439 176 2474 ‘Ve
186 2440 243 2482 nobis,
250 2449 272 2473 ve
281 2439 338 2481 nobis,
344 2450 380 2473 non
388 2445 414 2473 est
421 2441 466 2474 vltra
475 2450 515 2484 spes
521 2442 525 2473 l
531 2441 541 2481 ’,
554 2440 582 2474 ille
593 2440 683 2473 subridens
693 2450 753 2482 appre-
763 2453 782 2481 45

55 2484 113 2521 hendit
120 2488 190 2531 ciphum
200 2489 229 2533 qui
240 2500 299 2524 coram
308 2500 329 2524 eo
338 2490 428 2533 appositus
437 2490 493 2524 iuerat
502 2491 519 2524 in
531 2501 591 2524 mensa
599 2490 659 2534 plenus
671 2489 753 2532 angelicis

93 2559 142 2592 ¹Ms.
150 2572 197 2593 casus.
238 2562 375 2594 ²MS.mntiduur.
415 2562 531 2593 ³MS.arridis
576 2562 719 2593 triumuirum.

377 2617 430 2644 una
