1762 2803
166 102 212 159 mc
226 99 327 156 &aaut
343 99 445 160 diuma
460 99 644 164 atcbttuttcouo.
713 115 757 159 393

57 218 119 261 Cuius
126 234 171 258 vero
178 221 257 257 efficatie
267 221 327 257 suerat
337 221 356 256 in
364 222 447 256 Roberto
458 223 556 265 sententia,
563 228 628 267 postea
640 222 709 256 clarum
720 222 759 256 suit.

56 278 103 313 Cum
115 275 165 310 enim
177 275 196 310 in
208 275 263 309 domo
277 284 315 317 sua,
325 285 380 318 quam
391 275 415 309 de
427 275 534 309 nemoribus
547 274 680 320 archiepiscopi
690 274 760 319 passim

56 329 132 365 succisis
142 329 161 363 in
170 328 268 363 cantuaria
275 332 409 370 construxerat,
417 327 521 362 conuiuium
532 327 612 371 fecisset,
620 337 676 362 canes
686 336 760 373 panem,

56 381 760 429 quemmanuseiuscontrectauerant¹,recusabant,quidemanibusaliorum

56 436 110 471 auide
125 435 227 470 sumebant.
250 434 360 470 Mirantibus
378 435 448 470 cunctis
463 440 481 469 et
496 435 582 479 reliquias
597 434 637 470 eius
651 434 777 479 fragmentiss

56 489 134 524 aliorum
153 487 321 530 commiscentibus,
336 488 359 522 ab
374 487 456 530 utrisque
474 487 509 523 visi
527 493 571 522 sunt
589 498 645 522 canes
663 487 760 522 abstinere.

58 535 103 577 Rex
114 550 160 576 vero
173 550 184 575 a
196 540 254 575 tribus
267 539 365 585 episcopis,
377 544 397 575 vt
409 538 526 584 premittitur,
538 539 557 575 in
571 538 652 575 furorem
665 550 760 582 accensus,

57 593 153 629 manifeste
165 603 228 629 coram
238 593 325 628 omnibus
336 594 360 628 de
371 592 509 638 archiepiscopo
520 598 608 638 tanquam
618 593 642 629 de
653 592 706 628 hoste
717 604 761 628 con·

57 652 133 692 questus
146 652 180 690 est,
193 651 211 682 et
226 657 272 692 sepe
285 656 351 682 omnes
364 657 411 692 quos
424 647 512 682 nutrierat
523 652 542 682 et
556 646 646 682 beneficia
661 647 761 683 contulerat

57 699 152 735 maledixit
163 700 193 745 qui
199 702 206 721 ²
213 700 275 745 ipsum
286 702 310 736 de
321 702 416 736 sacerdote
426 711 463 735 vno
472 711 510 735 non
517 700 649 743 vindicarentl,
657 700 688 745 qui
699 700 761 745 ipsum
769 710 789 735 ro

57 759 76 788 et
81 763 158 797 regnum
165 764 219 787 suum
225 753 252 787 sic
258 754 376 797 perturbabat
383 758 402 787 et
409 753 449 787 suis
455 753 573 797 dignitatibus
578 753 639 797 ipsum
645 753 761 788 exheredare

57 805 152 849 querebat.
175 804 199 839 Et
212 805 287 841 adiecit:
302 805 365 840 ‘Vnus
376 806 432 840 homo
443 805 474 850 qui
486 806 602 840 manducauit
613 816 681 851 panem
693 815 761 849 meum,

58 857 126 894 leuauit
140 864 203 894 contra
214 869 245 894 me
256 860 361 895 calcaneum
372 869 432 894 suum.
454 858 508 894 Vnus
519 858 575 894 homo
587 858 695 904 (proiecto)⁴
706 859 761 895 bene·

58 911 104 947 liciis
117 911 164 947 meis
177 912 252 948 insultat
263 918 282 947 et
296 917 355 947 totum
367 923 428 957 genus
440 912 511 957 regium
525 912 638 957 dehonestat,
650 918 707 948 totum
721 912 761 949 sine

57 966 130 1001 vindice
141 977 220 1011 regnum
231 967 334 1001 conculcat:
357 967 411 1009 Quod
424 977 465 1001 curn
477 967 540 1011 sepius
552 967 571 1001 in
584 966 646 1001 lurore
659 966 761 1011 replicaret,
770 977 788 1010 1⁵

59 1025 137 1063 quatuor
148 1019 215 1054 milites
227 1019 286 1062 aulici,
294 1020 371 1054 dicentis
382 1025 445 1055 votum
456 1019 586 1064 concipientes,
597 1021 616 1054 in
628 1020 761 1064 archiepiscopi

58 1081 124 1104 necem
137 1072 293 1115 conspirauerunt.
315 1071 351 1106 Ht'i
362 1075 420 1106 atatem
427 1074 514 1117 summi:
526 1072 640 1116 Reginaldus
653 1071 701 1106 fitius
712 1071 761 1115 Vrsi,

60 1123 115 1168 Hugo
129 1125 153 1159 de
166 1124 267 1167 Moreuilla,
278 1124 384 1160 Willelmus
394 1124 453 1167 Traci,
466 1131 484 1160 et
498 1124 602 1160 Richardus
614 1124 669 1159 Brito.
692 1124 761 1159 Trans·

59 1181 125 1211 euntes
136 1181 196 1213 autem
206 1176 236 1213 isti
247 1182 324 1222 quatuor
331 1188 420 1222 prospere
430 1188 487 1219 mare,
495 1177 612 1212 Cantuariam
622 1177 641 1212 in
652 1177 698 1212 sesto
707 1177 761 1213 lnno

59 1229 144 1273 centium,
159 1230 198 1265 sola
213 1241 264 1265 arma
279 1237 379 1276 portantes,
394 1241 436 1265 curn
451 1231 570 1275 complicibus
587 1230 626 1266 suis
641 1230 760 1266 intrauerunt.
769 1241 789 1265 to

59 1276 132 1328 Quinto
140 1282 195 1327 igitur
202 1284 268 1320 natalis
276 1284 312 1326 die,
319 1286 395 1320 sedente
405 1284 544 1327 archiepiscopo
555 1284 574 1318 in
582 1284 661 1318 thalamo
672 1294 706 1318 suo
713 1284 762 1318 circa

58 1335 123 1368 horam
133 1336 256 1378 undecimam,
266 1347 309 1370 ecce
319 1342 396 1380 quatuor
406 1336 473 1370 milites
483 1336 561 1379 predicti
571 1336 594 1370 ad
604 1335 761 1380 archiepiscopum

59 1386 138 1431 ingressi
149 1393 197 1423 sunt.
220 1388 243 1423 Et
255 1388 372 1424 considentes
383 1394 425 1424 ante
436 1389 495 1433 pedes
507 1388 547 1424 eius
559 1388 579 1423 in
591 1393 641 1423 terra
653 1399 688 1423 nec
700 1388 762 1432 ipsum

60 1440 166 1483 salutantes,
171 1446 190 1476 et
195 1441 326 1487 aliquantulum
333 1452 374 1476 cum
381 1441 453 1477 silentio
459 1442 557 1484 sedentes;
567 1441 682 1487 Reginaldus
687 1442 762 1477 tandem

60 1493 108 1528 filius
115 1494 159 1528 Vrsi
170 1495 196 1529 sic
206 1501 290 1530 sanctum
300 1496 366 1530 affatus
377 1499 415 1530 est:
428 1495 456 1529 ‘A
464 1495 538 1530 domino
546 1500 609 1530 nostro
619 1506 664 1539 rege
672 1495 695 1530 de
703 1500 762 1530 trans-
771 1506 790 1538 ¹5

60 1546 137 1582 marinis
148 1547 230 1592 partibus
242 1550 265 1583 ad
277 1554 295 1583 te
307 1548 376 1591 directi,
384 1548 434 1594 regia
445 1548 477 1584 tibi
488 1549 575 1583 mandata
586 1548 696 1584 deserimus:
708 1554 728 1584 vt
738 1550 762 1584 ad

60 1599 118 1634 filium
132 1611 185 1635 suum
197 1612 261 1645 regem
272 1612 344 1646 pergas,
356 1601 437 1636 facturus
448 1601 465 1635 ei
476 1603 525 1645 quod
537 1601 611 1636 domino
622 1608 641 1636 et
651 1602 691 1645 regi
702 1601 762 1638 iacere

60 1653 124 1695 debes,
139 1653 284 1699 fidelitatemque
298 1654 316 1689 ei
331 1654 440 1699 interposito
454 1653 556 1689 iuramento
571 1652 632 1697 facias,
647 1659 665 1688 et
680 1654 729 1699 quod
743 1654 762 1689 in

60 1706 130 1749 regiam
138 1707 218 1751 peccasti
226 1708 340 1743 maiestatem
348 1709 446 1743 emendes,¹
470 1707 493 1742 Et
500 1707 542 1743 ille:
554 1706 618 1742 ‘Vnde
629 1707 646 1743 ei
655 1707 763 1743 fidelitatem

60 1759 112 1794 tactis
120 1760 252 1795 sacrosanctisl
258 1762 317 1795 debeo
325 1762 440 1803 confirmare,
444 1767 476 1795 aut
482 1761 502 1794 in
509 1772 546 1806 quo
554 1761 654 1796 maiestatis
661 1762 711 1807 regie
719 1772 763 1797 reus
771 1770 791 1801 3ο

61 1812 137 1848 effectus
149 1815 212 1849 sumi’
235 1814 269 1849 Ille
280 1815 315 1850 ait:
329 1815 369 1850 ‘De
379 1815 454 1850 baronia
466 1814 544 1858 exigitur
554 1825 565 1850 a
576 1819 595 1850 te
606 1824 648 1849 cum
659 1815 762 1849 iuramento

61 1866 149 1908 fidelitas;
162 1867 211 1901 etde
219 1867 289 1900 clericis
297 1878 343 1910 quos
350 1869 369 1901 in
377 1873 446 1901 terram
454 1867 552 1908 adduxisti,
560 1867 602 1901 siin
610 1872 659 1900 terra
666 1877 763 1901 remanere

60 1918 151 1952 voluerint
156 1918 167 1961 ⁸,
175 1919 277 1953 securitatis
284 1919 407 1954 iuramentum
415 1919 503 1964 exigitur.¹
524 1919 558 1953 Vir
565 1919 595 1954 dei
603 1920 710 1965 respondit:
723 1919 763 1955 ‘De

60 1971 136 2006 baronia
148 1972 222 2006 domino
233 1972 273 2017 regi
285 1973 370 2017 quicquid
381 1973 410 2008 ius
417 1973 446 2008 vel
457 1973 503 2008 ratio
512 1972 611 2016 dictaucrit,
619 1972 679 2008 lacere
687 1977 762 2018 paratus

61 2036 108 2060 sum.
129 2026 199 2060 Verum
211 2037 246 2069 pro
255 2032 306 2060 certo
317 2032 379 2061 teneat
387 2027 435 2070 quod
443 2038 477 2061 nec
485 2036 533 2059 ame
541 2036 575 2060 nec
583 2036 594 2059 a
602 2025 673 2060 clericis
681 2026 728 2060 meis
735 2026 763 2060 iu·
771 2031 791 2063 ³5

61 2084 165 2114 ramentum
177 2078 251 2123 aliquod
261 2078 328 2124 poterit
339 2080 458 2123 extorquere.¹
478 2078 624 2123 ‘intelligimus⁷,
634 2077 693 2124 inquit
704 2078 763 2122 miles,

61 2133 110 2174 quod
118 2132 164 2166 nihil
174 2132 240 2166 horum
248 2143 284 2175 que
293 2133 423 2175 proposuimus
433 2132 471 2173 tibi,
479 2132 559 2166 facturus
569 2131 601 2165 sis.
623 2132 711 2166 Preterea
721 2142 763 2176 pre-

62 2184 106 2228 cipit
111 2185 117 2203 ⁸
123 2185 156 2219 tibi
162 2184 247 2219 dominus
255 2195 288 2219 rex
293 2190 312 2218 vt
320 2185 417 2230 episcopos
424 2186 464 2220 sine
471 2184 510 2220 eius
518 2183 591 2219 licentia
596 2183 764 2220 excommunicatos

62 2239 156 2274 obseruas!
179 2238 202 2273 Et
210 2238 252 2274 ille:
265 2238 378 2284 ‘Episcopos
387 2238 437 2274 enim
445 2248 481 2274 non
489 2249 530 2283 ego,
538 2238 571 2274 sed
579 2237 665 2274 dominus
672 2248 727 2283 papa,
735 2238 764 2274 cui

62 2292 104 2327 data
114 2298 143 2328 est
152 2296 234 2337 potestas
244 2292 343 2334 adomino,
350 2292 521 2328 excommunicauit.
544 2292 564 2326 Si
575 2292 624 2326 enirn
635 2291 713 2326 ecclesie
723 2302 764 2327 mee
772 2298 793 2328 40

62 2343 131 2380 illatam
142 2345 227 2381 iniuriam
234 2345 359 2390 vindicauerit,
367 2346 426 2382 fateor
436 2357 473 2381 non
485 2345 530 2380 mihi
541 2345 650 2390 displicere:
673 2345 712 2380 ‘Ex
721 2356 764 2390 quo,

81 2478 87 2496 ¹
97 2480 115 2510 E.
124 2485 263 2512 contractauerant
340 2480 346 2498 ²
355 2480 374 2511 T.
382 2480 467 2520 quoniamt
477 2479 497 2511 al.
505 2480 552 2519 quod.
629 2479 636 2498 ³
645 2479 663 2510 T.
671 2479 763 2511 vindicaret.

62 2517 174 2601 :gmbinc'gbit
207 2521 395 2561 tresacreuangetits
451 2519 487 2552 ⁶13.
495 2520 579 2552 noluerint.
629 2518 664 2551 1Τ.
672 2520 764 2552 intellimus
