1762 2803
252 117 298 174 br
313 115 414 170 &anne
430 116 533 169 uiuite.
697 130 741 174 379

137 249 151 287 ll
162 240 208 283 ¹De
219 257 291 282 snucrn
304 238 405 281 Ermum
416 256 492 282 vrnorua
504 256 527 280 ar
537 256 646 281 nnnnrrssa.

44 314 163 392 REgnantc
178 310 292 345 nobilissimo
307 311 410 354 Anglorum
425 321 469 354 rege
484 310 562 354 Edgaro,
577 309 611 343 fuit
625 310 654 343 vir
668 309 742 353 quidam

100 373 169 409 genere
176 362 249 406 Anglus
260 361 335 397 nomine
347 362 478 405 Ethelwoldus‚
486 363 517 407 qul
527 372 551 397 ex
563 361 676 396 Brithwina³
685 370 743 396 uxore

41 431 78 462 sua,
84 416 172 463 progenie
180 416 237 460 regali
245 422 290 458 orta,
296 416 378 450 moribus
385 417 467 457 honesta,
473 416 519 450 facie
524 414 609 457 formosa,
617 415 636 449 in
644 414 743 458 municipio

42 472 115 507 nomine
125 469 190 504 Clara⁴
199 470 218 503 in
230 469 260 503 dei
271 470 336 503 timore
344 471 409 504 viuens
419 470 482 513 genuit
493 469 549 504 filiam
562 468 636 504 nornine
647 468 743 502 Ellledam.

42 526 146 568 Antequam
157 522 206 557 enim
216 523 315 566 parturiret
323 532 375 564 vxor,
384 522 515 565 Ethelwoldus,
523 522 616 557 debilitate
626 527 711 566 arreptus
720 522 743 556 ad
752 533 760 565 5

42 583 124 611 extrema
131 575 249 618 perueniens,
256 575 357 609 obsecrauit
362 586 439 610 uxorem
445 581 464 610 vt
470 575 572 619 proanime
578 586 611 609 sue
617 575 744 619 redemptione

42 628 198 674 inquodegebant
204 627 337 672 municipiodei
342 628 424 671 genitrici
430 628 743 663 Marieromesiensemonasterium

43 683 130 715 fundaret.
143 680 183 721 Quo
190 685 267 722 mortuo,
272 691 324 721 vxor,
331 681 370 714 eius
376 681 448 724 imperii
454 691 491 714 non
498 680 558 721 oblita,
563 681 636 714 Claram
642 691 696 724 quarn
702 690 744 723 pre-

44 733 150 777 scripsimus
160 732 275 765 mansionem
283 732 391 766 romesiensi
399 733 475 767 ecclesie
483 734 538 766 dedit.
561 733 607 767 Cum
615 739 676 767 autern
685 733 744 766 Brith-

44 787 90 821 wina
100 785 156 819 filiam
164 790 242 829 pareret,
250 785 294 819 vidit
302 795 336 829 per
343 786 435 820 somnium
441 783 448 803 ⁵
455 786 507 830 quasi
517 785 592 831 fulgoris
601 785 662 831 magni
673 784 744 820 radium
754 798 772 821 ro

44 849 99 884 super
107 842 161 882 caput
169 839 209 872 eius
216 836 307 881 insistere,
315 843 333 873 et
341 849 426 883 magnam
434 838 459 873 ibi
466 849 537 873 moram
544 839 594 873 velut
602 838 666 873 solaris
674 838 745 883 lampas

44 892 108 926 facere.
132 890 178 925 Nata
191 890 252 934 itaque
265 891 302 925 filia
316 896 334 925 et
346 890 417 926 Ellleda
427 896 496 934 vocata,
508 897 576 935 quanto
588 891 643 935 [plus]
655 901 745 925 annorum

45 944 146 978 maturitate
157 944 256 986 crescebat,
264 949 314 978 tanto
324 945 403 989 amplius
414 944 496 978 omnium
503 944 588 978 vitiorum
598 944 698 978 carnalium
707 953 746 978 am-

45 998 111 1031 bitione
118 998 196 1031 carebat.
218 997 301 1042 Cumque
307 998 386 1041 genitrix
392 998 432 1032 eius
437 997 515 1032 maritali
521 1003 571 1032 esset
576 998 642 1033 iterum
651 997 746 1032 coniuncta

45 1050 140 1092 connubi0,
152 1050 199 1084 sicut
210 1049 267 1085 videri
279 1051 325 1085 solet
337 1051 360 1085 de
372 1051 465 1095 orphanis,
477 1051 549 1085 Elileda
559 1051 669 1095 quandoque
682 1061 747 1085 neces·
756 1067 773 1097 ¹⁵

45 1103 133 1136 sariorum
148 1103 297 1137 indumentorum
315 1104 437 1147 oportunitate
451 1104 550 1147 indigebat.
572 1104 614 1145 Quo
631 1104 698 1145 audito,
713 1114 747 1138 ren

46 1155 134 1199 Edgarus,
140 1156 235 1199 probitatis
241 1162 318 1200 paterne
325 1167 362 1189 non
370 1157 472 1196 immernor,
478 1156 521 1189 fecit
527 1156 617 1190 Elfledam
622 1155 641 1190 in
648 1155 748 1190 Romeseie

46 1208 155 1242 monasterIo
163 1209 254 1253 virginum
262 1209 338 1253 collegio
346 1210 416 1250 sociari,
424 1210 455 1245 vbi
463 1210 570 1244 llicrwenna
578 1210 674 1251 abbatissa,
681 1210 747 1245 deuota

46 1262 75 1295 dei
86 1261 158 1304 famula,
166 1261 266 1297 sanctitatis
276 1263 415 1297 conuersatione
425 1268 522 1297 mansueta
531 1269 549 1298 et
559 1263 578 1297 in
588 1262 680 1308 preceptis
689 1262 747 1297 domi·

47 1314 91 1348 nicis
103 1314 190 1357 studiosa,
201 1327 212 1349 a
222 1326 266 1359 rege
278 1316 348 1360 prefato
359 1317 456 1351 constituta
466 1316 524 1350 fuerat
535 1317 632 1360 magistra;
648 1317 699 1350 cuius
710 1316 747 1350 dis·
756 1329 776 1349 πο

47 1366 112 1411 cipline
120 1368 209 1411 virginem
218 1368 308 1402 Elfledam
315 1369 389 1403 tradidit
396 1369 519 1403 imbuendam.
541 1369 601 1411 Quam
607 1374 657 1403 tanto
662 1369 747 1412 diligebat

47 1429 109 1452 amore
119 1425 138 1452 vt
149 1421 179 1453 die
190 1426 280 1463 nocteque
292 1431 354 1454 secum
365 1422 415 1454 illam
427 1422 503 1461 habens,
512 1421 573 1455 velut⁶
583 1427 642 1455 mater
652 1422 718 1455 dilecta
729 1422 748 1455 in

48 1471 97 1504 omni
110 1472 205 1506 sanctitate
217 1478 235 1506 et
245 1473 333 1506 virtutum
345 1474 431 1507 exercitio
443 1473 532 1507 educauit.
554 1473 596 1506 Vna
606 1474 625 1506 in
636 1473 708 1507 ieiuniis
719 1473 748 1506 et1

48 1523 95 1558 fame
108 1535 176 1569 corpus
189 1525 299 1570 castigatae
315 1526 372 1561 altera
384 1526 482 1561 ieiunando
494 1526 579 1572 quicquid
591 1537 614 1561 ex
626 1527 666 1561 cibo
678 1527 749 1571 corpori

48 1577 170 1620 subtrahebat,
182 1578 284 1622 peregrinis
300 1584 318 1613 et
333 1580 444 1623 pauperibus
457 1580 527 1613 occulte
542 1580 644 1623 errogabat.
666 1579 749 1621 Quadam
758 1596 777 1627 ²5

49 1629 97 1663 enirn
116 1635 169 1664 nocte
185 1631 261 1675 pulsatis
280 1632 375 1676 campanis
393 1632 416 1666 ad
435 1632 533 1666 matutinas
551 1642 593 1665 curn
611 1631 663 1676 virgo
682 1636 750 1674 sancta,

49 1688 143 1727 assumpta
156 1684 231 1719 lucerna
244 1684 263 1719 in
277 1695 338 1727 manu,
349 1686 372 1720 ad
384 1685 482 1730 legendum
494 1686 608 1730 procederet,
620 1685 700 1720 extincta
711 1691 750 1721 est:

49 1737 81 1769 sed
89 1742 150 1770 tantus
158 1738 247 1781 splendor
254 1739 277 1772 de
285 1738 345 1782 digitis
353 1740 418 1773 dextre
426 1749 492 1773 manus
499 1738 558 1773 illius⁹
564 1739 629 1773 ancille
637 1739 666 1773 dei
674 1739 751 1773 circum·

50 1798 121 1832 quaque
132 1789 209 1832 refulsit,
220 1795 239 1825 vt
251 1791 410 1825 circumstantibus
421 1791 489 1834 lumen,
501 1796 519 1825 et
531 1792 554 1826 ad
566 1791 665 1835 legendum
677 1791 752 1826 lucerne

49 1839 107 1875 vicem
117 1841 235 1877 ministraret.
258 1843 308 1877 inter
318 1854 397 1885 sorores,
407 1844 441 1877 hoc
450 1844 490 1878 viso
501 1843 593 1885 miraculo,
604 1854 645 1878 curn
655 1844 674 1878 in
685 1854 752 1887 magna
760 1857 779 1887 3⁰

50 1894 166 1930 veneratione
186 1896 288 1938 haberetur,
303 1896 334 1930 illa
350 1897 430 1930 honores
445 1897 495 1931 velut
513 1901 594 1930 stercora
613 1902 752 1940 contempnens,

50 1953 117 1987 quanto
125 1950 183 1991 magis
191 1959 212 1982 se
220 1949 275 1983 sentit
281 1949 381 1983 honoribus
389 1949 456 1990 extolli,
461 1954 511 1982 tanto
519 1948 602 1982 deuotior
607 1949 626 1981 in
632 1949 752 1982 ministrando

51 2002 69 2030 et
77 1998 167 2043 humilior,
175 2000 277 2034 obediendo
286 2001 385 2046 persistere
394 2002 492 2045 satagebat.
514 2000 605 2034 Defuncta
614 2002 689 2035 tandem
698 2001 752 2035 abba-

51 2049 94 2084 tissa
106 2051 218 2094 Merwenna,
226 2054 245 2086 in
257 2054 317 2087 locum
329 2054 368 2088 eius
379 2053 449 2088 Elwina
459 2054 579 2097 subrogatur;
593 2063 634 2098 que,
643 2058 686 2087 ante
695 2054 753 2088 altare

51 2100 69 2136 in
84 2104 165 2140 oratione
179 2107 309 2150 procumbens,
322 2108 386 2142 audire
398 2118 462 2142 vocem
476 2107 542 2141 meruit
554 2106 618 2142 celitus
632 2105 716 2151 illapsam
729 2107 753 2142 de
761 2119 780 2149 35

52 2153 145 2191 Danorum
152 2160 233 2193 aduentu
238 2160 260 2194 ad
269 2160 399 2194 monasterium
405 2160 504 2195 Romeseie
511 2159 530 2193 in
536 2159 595 2194 futura
600 2169 684 2204 vespera.
706 2159 753 2202 Que,

52 2211 151 2253 assumptis
170 2212 251 2255 reliquiis
270 2213 373 2256 ceterisque
392 2214 452 2253 rebus,
468 2223 505 2247 vna
523 2223 565 2247 curn
583 2212 676 2246 sororibus
694 2222 753 2256 usque

53 2257 164 2298 Wintoniam
179 2264 264 2308 profugit.
286 2265 369 2300 Veniens
384 2266 445 2309 itaque
461 2265 506 2300 reul
519 2264 613 2299 Danorum
629 2263 709 2299 Swanus
723 2264 754 2300 ille

53 2313 160 2350 senissimus
165 2317 178 2336 ¹⁰
189 2328 231 2351 cum
242 2318 280 2352 filio
291 2329 324 2352 suo
336 2318 406 2352 Canuto
418 2319 441 2352 acl
454 2323 515 2363 partes
526 2317 572 2360 illas,
583 2317 628 2351 cede
639 2323 658 2352 et
669 2316 754 2352 incendio

53 2372 116 2401 cuncta
123 2371 206 2403 uastauit.
251 2364 329 2405 Mortua
338 2377 380 2414 post
390 2376 428 2405 tres
437 2381 495 2405 annos
505 2371 596 2405 abbatissa
607 2370 683 2413 Elwina,
691 2378 755 2406 sancta
762 2380 783 2410 4⁰

54 2471 57 2478 .
72 2434 78 2451 ¹
89 2437 113 2466 ed.
119 2437 135 2466 in
140 2437 175 2469 Act.
183 2439 212 2470 SS.
219 2439 260 2470 Boll.
266 2440 301 2470 Oct.
308 2440 345 2471 Xll.
352 2450 367 2478 p.
373 2448 402 2478 925
408 2450 412 2476 3
418 2440 486 2470 another
491 2439 524 2468 Life
529 2439 562 2469 abr.
568 2439 607 2469 from
613 2439 640 2468 the
645 2449 755 2478 samesomce,

53 2481 69 2501 ur
77 2474 110 2505 lllS.
116 2477 173 2507 Lansd.
180 2480 210 2516 43⁶
217 2480 226 2509 f.
234 2488 259 2517 43,
267 2481 280 2509 is
288 2481 312 2514 ed.
321 2480 340 2509 ib.
347 2488 364 2518 p.
371 2489 406 2518 9²²·
447 2479 453 2496 ²
464 2479 481 2509 L.
489 2478 656 2516 ethelfledanineda,
662 2480 756 2510 Ethelfleda.

53 2510 180 2567 ssffllsthgill·
217 2519 362 2557 ⁴=Kingsclerei
401 2519 553 2557 ⁵T.E.sompnum.
591 2517 755 2551 ‘BollhaberetUt

69 2557 149 2587 om.rnL.
190 2559 286 2592 ⁸orn.inT.
326 2560 462 2597 'Erexitaque
502 2559 736 2591 ¹lillcseuissimusom.iu'l*.
