<?xml version="1.0" encoding="UTF-8"?>
<!DOCTYPE html PUBLIC "-//W3C//DTD XHTML 1.0 Transitional//EN"
    "http://www.w3.org/TR/xhtml1/DTD/xhtml1-transitional.dtd">
<html xmlns="http://www.w3.org/1999/xhtml" xml:lang="en" lang="en">
 <head>
  <title>
</title>
<meta http-equiv="Content-Type" content="text/html;charset=utf-8" />
  <meta name='ocr-system' content='tesseract 3.04.00' />
  <meta name='ocr-capabilities' content='ocr_page ocr_carea ocr_par ocr_line ocrx_word'/>
</head>
<body>
  <div class='ocr_page' id='page_1' title='image "./MN5111ucmf_0/MN5111ucmf_0_0510.png"; bbox 0 0 1762 2803; ppageno 0'>
   <div class='ocr_carea' id='block_1_1' title="bbox 133 122 644 188">
    <p class='ocr_par' dir='ltr' id='par_1_1' title="bbox 133 122 644 188">
     <span class='ocr_line' id='line_1_1' title="bbox 133 122 644 188; baseline -0.014 -3"><span class='ocrx_word' id='word_1_1' title='bbox 133 142 178 185; x_wconf 79' lang='lat'>420</span> <span class='ocrx_word' id='word_1_2' title='bbox 207 153 209 156; x_wconf 94' lang='lat'>·</span> <span class='ocrx_word' id='word_1_3' title='bbox 324 128 403 181; x_wconf 69' lang='lat' dir='ltr'>nuta</span> <span class='ocrx_word' id='word_1_4' title='bbox 420 122 535 188; x_wconf 71' lang='lat' dir='ltr'>tramea</span> <span class='ocrx_word' id='word_1_5' title='bbox 551 126 644 188; x_wconf 69' lang='lat' dir='ltr'>aratia.</span> 
     </span>
    </p>
   </div>
   <div class='ocr_carea' id='block_1_2' title="bbox 107 248 844 2517">
    <p class='ocr_par' dir='ltr' id='par_1_2' title="bbox 107 248 844 2517">
     <span class='ocr_line' id='line_1_2' title="bbox 133 248 834 294; baseline 0.001 -10"><span class='ocrx_word' id='word_1_6' title='bbox 133 248 230 293; x_wconf 92' lang='lat' dir='ltr'>vnicuique</span> <span class='ocrx_word' id='word_1_7' title='bbox 243 260 306 293; x_wconf 77' lang='lat' dir='ltr'>opere,</span> <span class='ocrx_word' id='word_1_8' title='bbox 319 250 401 284; x_wconf 91' lang='lat' dir='ltr'>laborem</span> <span class='ocrx_word' id='word_1_9' title='bbox 415 248 482 294; x_wconf 83' lang='lat' dir='ltr'>virgini</span> <span class='ocrx_word' id='word_1_10' title='bbox 498 255 560 284; x_wconf 89' lang='lat' dir='ltr'>sancte</span> <span class='ocrx_word' id='word_1_11' title='bbox 577 249 702 293; x_wconf 74' lang='lat' dir='ltr'>assignaret12</span> <span class='ocrx_word' id='word_1_12' title='bbox 720 249 798 294; x_wconf 84' lang='lat' dir='ltr'>genibus</span> <span class='ocrx_word' id='word_1_13' title='bbox 816 251 834 288; x_wconf 91' lang='lat' dir='ltr'>in</span> 
     </span>
     <span class='ocr_line' id='line_1_3' title="bbox 134 301 834 347; baseline 0.006 -12"><span class='ocrx_word' id='word_1_14' title='bbox 134 308 202 336; x_wconf 89' lang='lat' dir='ltr'>terram</span> <span class='ocrx_word' id='word_1_15' title='bbox 218 302 271 337; x_wconf 89' lang='lat' dir='ltr'>flexis</span> <span class='ocrx_word' id='word_1_16' title='bbox 283 308 301 336; x_wconf 87' lang='lat' dir='ltr'>et</span> <span class='ocrx_word' id='word_1_17' title='bbox 312 303 394 337; x_wconf 89' lang='lat' dir='ltr'>oratione</span> <span class='ocrx_word' id='word_1_18' title='bbox 405 303 450 344; x_wconf 87' lang='lat' dir='ltr'>fusa,</span> <span class='ocrx_word' id='word_1_19' title='bbox 463 301 493 336; x_wconf 90' lang='lat' dir='ltr'>dei</span> <span class='ocrx_word' id='word_1_20' title='bbox 504 309 614 346; x_wconf 82' lang='lat' dir='ltr'>cooperante</span> <span class='ocrx_word' id='word_1_21' title='bbox 626 303 684 347; x_wconf 78' lang='lat' dir='ltr'>gratia</span> <span class='ocrx_word' id='word_1_22' title='bbox 695 303 735 338; x_wconf 90' lang='lat' dir='ltr'>sine</span> <span class='ocrx_word' id='word_1_23' title='bbox 747 314 834 341; x_wconf 88' lang='lat' dir='ltr'>manuum</span> 
     </span>
     <span class='ocr_line' id='line_1_4' title="bbox 135 349 834 399; baseline 0.006 -11"><span class='ocrx_word' id='word_1_24' title='bbox 135 354 223 389; x_wconf 87' lang='lat' dir='ltr'>adiutorio</span> <span class='ocrx_word' id='word_1_25' title='bbox 236 355 304 390; x_wconf 90' lang='lat' dir='ltr'>laboris</span> <span class='ocrx_word' id='word_1_26' title='bbox 316 355 397 399; x_wconf 86' lang='lat' dir='ltr'>impositi</span> <span class='ocrx_word' id='word_1_27' title='bbox 408 356 532 399; x_wconf 84' lang='lat' dir='ltr'>expletionem</span> <span class='ocrx_word' id='word_1_28' title='bbox 543 355 652 399; x_wconf 85' lang='lat' dir='ltr'>impetrauit.</span> <span class='ocrx_word' id='word_1_29' title='bbox 698 349 834 393; x_wconf 88' lang='lat' dir='ltr'>Erkenwaldus</span> 
     </span>
     <span class='ocr_line' id='line_1_5' title="bbox 135 408 835 453; baseline 0.003 -11"><span class='ocrx_word' id='word_1_30' title='bbox 135 419 179 442; x_wconf 87' lang='lat' dir='ltr'>vero</span> <span class='ocrx_word' id='word_1_31' title='bbox 189 419 288 452; x_wconf 87' lang='lat' dir='ltr'>germanus</span> <span class='ocrx_word' id='word_1_32' title='bbox 300 420 350 451; x_wconf 86' lang='lat' dir='ltr'>suus,</span> <span class='ocrx_word' id='word_1_33' title='bbox 362 415 427 453; x_wconf 90' lang='lat' dir='ltr'>postea</span> <span class='ocrx_word' id='word_1_34' title='bbox 439 408 565 443; x_wconf 84' lang='lat' dir='ltr'>londoniensis</span> <span class='ocrx_word' id='word_1_35' title='bbox 576 408 679 453; x_wconf 84' lang='lat' dir='ltr'>episcopus,</span> <span class='ocrx_word' id='word_1_36' title='bbox 691 410 714 443; x_wconf 93' lang='lat' dir='ltr'>de</span> <span class='ocrx_word' id='word_1_37' title='bbox 725 409 835 451; x_wconf 89' lang='lat' dir='ltr'>patrimonio</span> 
     </span>
     <span class='ocr_line' id='line_1_6' title="bbox 117 461 835 506; baseline 0.006 -13"><span class='ocrx_word' id='word_1_38' title='bbox 117 471 125 499; x_wconf 85' lang='lat'><strong>5</strong></span> <span class='ocrx_word' id='word_1_39' title='bbox 135 472 168 494; x_wconf 88' lang='lat' dir='ltr'>suo</span> <span class='ocrx_word' id='word_1_40' title='bbox 180 461 295 504; x_wconf 85' lang='lat' dir='ltr'>amplissimo</span> <span class='ocrx_word' id='word_1_41' title='bbox 309 463 345 496; x_wconf 89' lang='lat' dir='ltr'>duo</span> <span class='ocrx_word' id='word_1_42' title='bbox 358 462 461 496; x_wconf 82' lang='lat' dir='ltr'>construxit</span> <span class='ocrx_word' id='word_1_43' title='bbox 472 462 595 496; x_wconf 83' lang='lat' dir='ltr'>monasteria:</span> <span class='ocrx_word' id='word_1_44' title='bbox 608 473 665 496; x_wconf 94' lang='lat' dir='ltr'>vnum</span> <span class='ocrx_word' id='word_1_45' title='bbox 676 462 711 496; x_wconf 90' lang='lat' dir='ltr'>sibi</span> <span class='ocrx_word' id='word_1_46' title='bbox 722 461 741 496; x_wconf 91' lang='lat' dir='ltr'>in</span> <span class='ocrx_word' id='word_1_47' title='bbox 753 462 792 496; x_wconf 88' lang='lat' dir='ltr'>loco</span> <span class='ocrx_word' id='word_1_48' title='bbox 805 465 835 506; x_wconf 93' lang='lat' dir='ltr'>qui</span> 
     </span>
     <span class='ocr_line' id='line_1_7' title="bbox 135 513 844 558; baseline 0.003 -12"><span class='ocrx_word' id='word_1_49' title='bbox 135 513 200 546; x_wconf 86' lang='lat' dir='ltr'>dicitur</span> <span class='ocrx_word' id='word_1_50' title='bbox 208 513 306 556; x_wconf 85' lang='lat' dir='ltr'>Certeseia,</span> <span class='ocrx_word' id='word_1_51' title='bbox 314 514 345 548; x_wconf 91' lang='lat' dir='ltr'>vbi</span> <span class='ocrx_word' id='word_1_52' title='bbox 355 514 395 558; x_wconf 88' lang='lat' dir='ltr'>ipse</span> <span class='ocrx_word' id='word_1_53' title='bbox 404 519 457 557; x_wconf 87' lang='lat' dir='ltr'>pater</span> <span class='ocrx_word' id='word_1_54' title='bbox 466 515 597 547; x_wconf 82' lang='lat' dir='ltr'>monachorum</span> <span class='ocrx_word' id='word_1_55' title='bbox 608 515 748 547; x_wconf 88' lang='lat' dir='ltr'>conuersatione</span> <span class='ocrx_word' id='word_1_56' title='bbox 760 515 844 548; x_wconf 64' lang='lat' dir='ltr'>sanctis-⁴</span> 
     </span>
     <span class='ocr_line' id='line_1_8' title="bbox 134 565 835 610; baseline 0.003 -11"><span class='ocrx_word' id='word_1_57' title='bbox 134 565 181 600; x_wconf 90' lang='lat' dir='ltr'>sima</span> <span class='ocrx_word' id='word_1_58' title='bbox 193 565 253 600; x_wconf 91' lang='lat' dir='ltr'>extitit</span> <span class='ocrx_word' id='word_1_59' title='bbox 265 566 356 610; x_wconf 82' lang='lat' dir='ltr'>insignis;</span> <span class='ocrx_word' id='word_1_60' title='bbox 367 567 445 601; x_wconf 89' lang='lat' dir='ltr'>alterum</span> <span class='ocrx_word' id='word_1_61' title='bbox 457 578 507 609; x_wconf 86' lang='lat' dir='ltr'>vero,</span> <span class='ocrx_word' id='word_1_62' title='bbox 521 566 653 602; x_wconf 88' lang='lat' dir='ltr'>monasterium</span> <span class='ocrx_word' id='word_1_63' title='bbox 666 567 778 610; x_wconf 81' lang='lat' dir='ltr'>monialium,</span> <span class='ocrx_word' id='word_1_64' title='bbox 793 578 835 602; x_wconf 83' lang='lat' dir='ltr'>eon-</span> 
     </span>
     <span class='ocr_line' id='line_1_9' title="bbox 134 619 835 665; baseline 0.003 -12"><span class='ocrx_word' id='word_1_65' title='bbox 134 619 201 654; x_wconf 86' lang='lat' dir='ltr'>struxit</span> <span class='ocrx_word' id='word_1_66' title='bbox 212 621 260 664; x_wconf 92' lang='lat' dir='ltr'>apud</span> <span class='ocrx_word' id='word_1_67' title='bbox 269 620 387 665; x_wconf 69' lang='lat' dir='ltr'>Berkingum</span> <span class='ocrx_word' id='word_1_68' title='bbox 398 620 427 654; x_wconf 89' lang='lat' dir='ltr'>cui</span> <span class='ocrx_word' id='word_1_69' title='bbox 437 631 520 654; x_wconf 84' lang='lat' dir='ltr'>sororem</span> <span class='ocrx_word' id='word_1_70' title='bbox 532 631 589 659; x_wconf 83' lang='lat' dir='ltr'>suam,</span> <span class='ocrx_word' id='word_1_71' title='bbox 598 619 688 665; x_wconf 82' lang='lat' dir='ltr'>virginem</span> <span class='ocrx_word' id='word_1_72' title='bbox 700 621 735 655; x_wconf 90' lang='lat' dir='ltr'>deo</span> <span class='ocrx_word' id='word_1_73' title='bbox 745 621 835 664; x_wconf 89' lang='lat' dir='ltr'>deuotam,</span> 
     </span>
     <span class='ocr_line' id='line_1_10' title="bbox 134 673 835 719; baseline 0.003 -12"><span class='ocrx_word' id='word_1_74' title='bbox 134 673 211 717; x_wconf 87' lang='lat' dir='ltr'>prefecit</span> <span class='ocrx_word' id='word_1_75' title='bbox 222 673 358 719; x_wconf 85' lang='lat' dir='ltr'>Ethelburgam.</span> <span class='ocrx_word' id='word_1_76' title='bbox 382 674 403 708; x_wconf 92' lang='lat' dir='ltr'>In</span> <span class='ocrx_word' id='word_1_77' title='bbox 414 685 471 717; x_wconf 88' lang='lat' dir='ltr'>opere</span> <span class='ocrx_word' id='word_1_78' title='bbox 482 674 531 708; x_wconf 91' lang='lat' dir='ltr'>enim</span> <span class='ocrx_word' id='word_1_79' title='bbox 543 675 618 708; x_wconf 89' lang='lat' dir='ltr'>inuenta</span> <span class='ocrx_word' id='word_1_80' title='bbox 629 679 657 708; x_wconf 92' lang='lat' dir='ltr'>est</span> <span class='ocrx_word' id='word_1_81' title='bbox 669 675 719 709; x_wconf 81' lang='lat' dir='ltr'>trabs</span> <span class='ocrx_word' id='word_1_82' title='bbox 731 685 772 716; x_wconf 84' lang='lat' dir='ltr'>vna,</span> <span class='ocrx_word' id='word_1_83' title='bbox 785 676 835 719; x_wconf 90' lang='lat' dir='ltr'>operi</span> 
     </span>
     <span class='ocr_line' id='line_1_11' title="bbox 107 727 835 772; baseline 0.004 -12"><span class='ocrx_word' id='word_1_84' title='bbox 107 734 127 756; x_wconf 86' lang='lat'>10</span> <span class='ocrx_word' id='word_1_85' title='bbox 135 728 233 761; x_wconf 89' lang='lat' dir='ltr'>admodum</span> <span class='ocrx_word' id='word_1_86' title='bbox 247 729 356 769; x_wconf 84' lang='lat' dir='ltr'>necessaria,</span> <span class='ocrx_word' id='word_1_87' title='bbox 370 728 437 762; x_wconf 91' lang='lat' dir='ltr'>ceteris</span> <span class='ocrx_word' id='word_1_88' title='bbox 450 728 524 761; x_wconf 87' lang='lat' dir='ltr'>breuior</span> <span class='ocrx_word' id='word_1_89' title='bbox 539 732 557 761; x_wconf 91' lang='lat' dir='ltr'>et</span> <span class='ocrx_word' id='word_1_90' title='bbox 572 728 612 761; x_wconf 88' lang='lat' dir='ltr'>ideo</span> <span class='ocrx_word' id='word_1_91' title='bbox 627 727 695 761; x_wconf 81' lang='lat' dir='ltr'>fabrice</span> <span class='ocrx_word' id='word_1_92' title='bbox 711 727 772 762; x_wconf 93' lang='lat' dir='ltr'>minus</span> <span class='ocrx_word' id='word_1_93' title='bbox 788 734 835 772; x_wconf 86' lang='lat' dir='ltr'>apta.</span> 
     </span>
     <span class='ocr_line' id='line_1_12' title="bbox 135 780 836 823; baseline 0 -8"><span class='ocrx_word' id='word_1_94' title='bbox 135 781 214 815; x_wconf 88' lang='lat' dir='ltr'>Sanctus</span> <span class='ocrx_word' id='word_1_95' title='bbox 230 791 274 823; x_wconf 90' lang='lat' dir='ltr'>ergo</span> <span class='ocrx_word' id='word_1_96' title='bbox 292 781 437 815; x_wconf 82' lang='lat' dir='ltr'>Erkenwaldus²</span> <span class='ocrx_word' id='word_1_97' title='bbox 452 787 470 815; x_wconf 88' lang='lat' dir='ltr'>et</span> <span class='ocrx_word' id='word_1_98' title='bbox 485 791 538 814; x_wconf 90' lang='lat' dir='ltr'>soror</span> <span class='ocrx_word' id='word_1_99' title='bbox 553 781 597 823; x_wconf 84' lang='lat' dir='ltr'>eius,</span> <span class='ocrx_word' id='word_1_100' title='bbox 612 780 682 814; x_wconf 89' lang='lat' dir='ltr'>aridam</span> <span class='ocrx_word' id='word_1_101' title='bbox 699 780 771 814; x_wconf 80' lang='lat' dir='ltr'>trabem</span> <span class='ocrx_word' id='word_1_102' title='bbox 788 780 836 815; x_wconf 91' lang='lat' dir='ltr'>inter</span> 
     </span>
     <span class='ocr_line' id='line_1_13' title="bbox 134 833 835 878; baseline 0.004 -12"><span class='ocrx_word' id='word_1_103' title='bbox 134 843 200 867; x_wconf 89' lang='lat' dir='ltr'>manus</span> <span class='ocrx_word' id='word_1_104' title='bbox 212 843 255 867; x_wconf 89' lang='lat' dir='ltr'>suas</span> <span class='ocrx_word' id='word_1_105' title='bbox 263 833 377 878; x_wconf 79' lang='lat' dir='ltr'>arripientes,</span> <span class='ocrx_word' id='word_1_106' title='bbox 386 845 481 877; x_wconf 85' lang='lat' dir='ltr'>quousque</span> <span class='ocrx_word' id='word_1_107' title='bbox 489 833 555 868; x_wconf 88' lang='lat' dir='ltr'>ceteris</span> <span class='ocrx_word' id='word_1_108' title='bbox 564 838 662 876; x_wconf 86' lang='lat' dir='ltr'>equaretur</span> <span class='ocrx_word' id='word_1_109' title='bbox 668 833 728 877; x_wconf 89' lang='lat' dir='ltr'>ipsam</span> <span class='ocrx_word' id='word_1_110' title='bbox 735 833 754 866; x_wconf 92' lang='lat' dir='ltr'>in</span> <span class='ocrx_word' id='word_1_111' title='bbox 762 833 835 878; x_wconf 84' lang='lat' dir='ltr'>longum</span> 
     </span>
     <span class='ocr_line' id='line_1_14' title="bbox 134 879 835 930; baseline 0.003 -11"><span class='ocrx_word' id='word_1_112' title='bbox 134 891 235 920; x_wconf 84' lang='lat' dir='ltr'>traxerunt.</span> <span class='ocrx_word' id='word_1_113' title='bbox 281 879 393 921; x_wconf 79' lang='lat' dir='ltr'>Constructo</span> <span class='ocrx_word' id='word_1_114' title='bbox 407 887 467 930; x_wconf 90' lang='lat' dir='ltr'>itaque</span> <span class='ocrx_word' id='word_1_115' title='bbox 478 888 527 929; x_wconf 85' lang='lat' dir='ltr'>apud</span> <span class='ocrx_word' id='word_1_116' title='bbox 539 886 651 929; x_wconf 83' lang='lat' dir='ltr'>Berlu&#39;ngum</span> <span class='ocrx_word' id='word_1_117' title='bbox 665 886 782 928; x_wconf 84' lang='lat' dir='ltr'>monasterio,</span> <span class='ocrx_word' id='word_1_118' title='bbox 794 898 835 921; x_wconf 91' lang='lat' dir='ltr'>cum</span> 
     </span>
     <span class='ocr_line' id='line_1_15' title="bbox 135 937 835 983; baseline 0.001 -11"><span class='ocrx_word' id='word_1_119' title='bbox 135 943 199 972; x_wconf 85' lang='lat' dir='ltr'>sancta</span> <span class='ocrx_word' id='word_1_120' title='bbox 207 938 319 983; x_wconf 82' lang='lat' dir='ltr'>Ethelburga</span> <span class='ocrx_word' id='word_1_121' title='bbox 327 939 408 972; x_wconf 87' lang='lat' dir='ltr'>habitum</span> <span class='ocrx_word' id='word_1_122' title='bbox 419 938 544 972; x_wconf 82' lang='lat' dir='ltr'>monachalem</span> <span class='ocrx_word' id='word_1_123' title='bbox 556 937 651 980; x_wconf 86' lang='lat' dir='ltr'>suscipere</span> <span class='ocrx_word' id='word_1_124' title='bbox 659 939 782 980; x_wconf 83' lang='lat' dir='ltr'>decreuisset;</span> <span class='ocrx_word' id='word_1_125' title='bbox 795 949 835 974; x_wconf 87' lang='lat' dir='ltr'>cum</span> 
     </span>
     <span class='ocr_line' id='line_1_16' title="bbox 109 991 836 1035; baseline 0 -8"><span class='ocrx_word' id='word_1_126' title='bbox 109 992 154 1031; x_wconf 79' lang='lat' dir='ltr'>15in</span> <span class='ocrx_word' id='word_1_127' title='bbox 168 991 235 1035; x_wconf 84' lang='lat' dir='ltr'>Anglia</span> <span class='ocrx_word' id='word_1_128' title='bbox 248 992 318 1027; x_wconf 91' lang='lat' dir='ltr'>nullum</span> <span class='ocrx_word' id='word_1_129' title='bbox 331 993 437 1027; x_wconf 90' lang='lat' dir='ltr'>monialium</span> <span class='ocrx_word' id='word_1_130' title='bbox 453 991 584 1026; x_wconf 89' lang='lat' dir='ltr'>monasterium</span> <span class='ocrx_word' id='word_1_131' title='bbox 598 991 693 1025; x_wconf 87' lang='lat' dir='ltr'>fundatum</span> <span class='ocrx_word' id='word_1_132' title='bbox 705 996 750 1034; x_wconf 86' lang='lat' dir='ltr'>erat,</span> <span class='ocrx_word' id='word_1_133' title='bbox 762 997 836 1027; x_wconf 89' lang='lat' dir='ltr'>sanctus</span> 
     </span>
     <span class='ocr_line' id='line_1_17' title="bbox 136 1044 836 1089; baseline 0.004 -12"><span class='ocrx_word' id='word_1_134' title='bbox 136 1044 270 1079; x_wconf 85' lang='lat' dir='ltr'>Erkenwaldus</span> <span class='ocrx_word' id='word_1_135' title='bbox 288 1046 402 1089; x_wconf 85' lang='lat' dir='ltr'>regularibus</span> <span class='ocrx_word' id='word_1_136' title='bbox 421 1044 522 1088; x_wconf 88' lang='lat' dir='ltr'>disciplinis</span> <span class='ocrx_word' id='word_1_137' title='bbox 541 1044 631 1079; x_wconf 88' lang='lat' dir='ltr'>eruditam</span> <span class='ocrx_word' id='word_1_138' title='bbox 652 1044 743 1087; x_wconf 85' lang='lat' dir='ltr'>virginem</span> <span class='ocrx_word' id='word_1_139' title='bbox 761 1045 836 1080; x_wconf 87' lang='lat' dir='ltr'>nomine</span> 
     </span>
     <span class='ocr_line' id='line_1_18' title="bbox 136 1096 836 1142; baseline 0.004 -12"><span class='ocrx_word' id='word_1_140' title='bbox 136 1097 256 1131; x_wconf 90' lang='lat' dir='ltr'>Hildelitham</span> <span class='ocrx_word' id='word_1_141' title='bbox 264 1099 287 1131; x_wconf 93' lang='lat' dir='ltr'>de</span> <span class='ocrx_word' id='word_1_142' title='bbox 295 1098 378 1142; x_wconf 87' lang='lat' dir='ltr'>partibus</span> <span class='ocrx_word' id='word_1_143' title='bbox 388 1097 515 1132; x_wconf 82' lang='lat' dir='ltr'>transmarinis</span> <span class='ocrx_word' id='word_1_144' title='bbox 526 1096 627 1138; x_wconf 87' lang='lat' dir='ltr'>accersiuit,</span> <span class='ocrx_word' id='word_1_145' title='bbox 635 1096 664 1131; x_wconf 92' lang='lat' dir='ltr'>cui</span> <span class='ocrx_word' id='word_1_146' title='bbox 671 1096 745 1131; x_wconf 86' lang='lat' dir='ltr'>tradidit</span> <span class='ocrx_word' id='word_1_147' title='bbox 753 1108 836 1133; x_wconf 88' lang='lat' dir='ltr'>sororem</span> 
     </span>
     <span class='ocr_line' id='line_1_19' title="bbox 135 1150 836 1195; baseline 0.003 -11"><span class='ocrx_word' id='word_1_148' title='bbox 135 1161 188 1184; x_wconf 84' lang='lat' dir='ltr'>suam</span> <span class='ocrx_word' id='word_1_149' title='bbox 208 1150 339 1195; x_wconf 86' lang='lat' dir='ltr'>Ethelburgam</span> <span class='ocrx_word' id='word_1_150' title='bbox 358 1152 440 1184; x_wconf 91' lang='lat' dir='ltr'>moribus</span> <span class='ocrx_word' id='word_1_151' title='bbox 459 1151 582 1185; x_wconf 87' lang='lat' dir='ltr'>imbuendam.</span> <span class='ocrx_word' id='word_1_152' title='bbox 612 1150 652 1191; x_wconf 81' lang='lat' dir='ltr'>Que</span> <span class='ocrx_word' id='word_1_153' title='bbox 667 1150 686 1184; x_wconf 93' lang='lat' dir='ltr'>in</span> <span class='ocrx_word' id='word_1_154' title='bbox 702 1150 753 1184; x_wconf 89' lang='lat' dir='ltr'>breui</span> <span class='ocrx_word' id='word_1_155' title='bbox 772 1162 836 1186; x_wconf 92' lang='lat' dir='ltr'>omnes</span> 
     </span>
     <span class='ocr_line' id='line_1_20' title="bbox 135 1203 836 1247; baseline 0.001 -10"><span class='ocrx_word' id='word_1_156' title='bbox 135 1213 209 1237; x_wconf 90' lang='lat' dir='ltr'>sorores</span> <span class='ocrx_word' id='word_1_157' title='bbox 228 1203 324 1237; x_wconf 83' lang='lat' dir='ltr'>sanctitate</span> <span class='ocrx_word' id='word_1_158' title='bbox 342 1209 360 1237; x_wconf 91' lang='lat' dir='ltr'>et</span> <span class='ocrx_word' id='word_1_159' title='bbox 379 1203 461 1237; x_wconf 91' lang='lat' dir='ltr'>moribus</span> <span class='ocrx_word' id='word_1_160' title='bbox 480 1205 618 1244; x_wconf 88' lang='lat' dir='ltr'>transcendens,</span> <span class='ocrx_word' id='word_1_161' title='bbox 638 1204 753 1247; x_wconf 84' lang='lat' dir='ltr'>congregatis</span> <span class='ocrx_word' id='word_1_162' title='bbox 774 1205 836 1238; x_wconf 91' lang='lat' dir='ltr'>multis</span> 
     </span>
     <span class='ocr_line' id='line_1_21' title="bbox 107 1250 836 1296; baseline 0.004 -8"><span class='ocrx_word' id='word_1_163' title='bbox 107 1262 127 1284; x_wconf 77' lang='lat'>20</span> <span class='ocrx_word' id='word_1_164' title='bbox 135 1255 233 1296; x_wconf 80' lang='lat' dir='ltr'>sororibus,</span> <span class='ocrx_word' id='word_1_165' title='bbox 244 1257 337 1290; x_wconf 84' lang='lat' dir='ltr'>abbatissa</span> <span class='ocrx_word' id='word_1_166' title='bbox 347 1250 435 1290; x_wconf 50' lang='lat' dir='ltr'>et&#39;mater</span> <span class='ocrx_word' id='word_1_167' title='bbox 443 1255 525 1290; x_wconf 90' lang='lat' dir='ltr'>omnium</span> <span class='ocrx_word' id='word_1_168' title='bbox 537 1255 602 1290; x_wconf 86' lang='lat' dir='ltr'>effecta</span> <span class='ocrx_word' id='word_1_169' title='bbox 613 1261 646 1289; x_wconf 90' lang='lat' dir='ltr'>est.</span> <span class='ocrx_word' id='word_1_170' title='bbox 670 1256 748 1290; x_wconf 88' lang='lat' dir='ltr'>Carnem</span> <span class='ocrx_word' id='word_1_171' title='bbox 760 1256 836 1291; x_wconf 89' lang='lat' dir='ltr'>subiecit</span> 
     </span>
     <span class='ocr_line' id='line_1_22' title="bbox 135 1307 836 1352; baseline 0.001 -10"><span class='ocrx_word' id='word_1_172' title='bbox 135 1308 229 1352; x_wconf 79' lang='lat' dir='ltr'>spiritui³3</span> <span class='ocrx_word' id='word_1_173' title='bbox 241 1308 319 1351; x_wconf 84' lang='lat' dir='ltr'>ieiuniis,</span> <span class='ocrx_word' id='word_1_174' title='bbox 330 1308 402 1352; x_wconf 73' lang='lat' dir='ltr'>vigiliis,</span> <span class='ocrx_word' id='word_1_175' title='bbox 414 1313 432 1342; x_wconf 93' lang='lat' dir='ltr'>et</span> <span class='ocrx_word' id='word_1_176' title='bbox 444 1307 556 1342; x_wconf 85' lang='lat' dir='ltr'>orationibus</span> <span class='ocrx_word' id='word_1_177' title='bbox 568 1308 598 1342; x_wconf 89' lang='lat' dir='ltr'>die</span> <span class='ocrx_word' id='word_1_178' title='bbox 612 1313 702 1352; x_wconf 86' lang='lat' dir='ltr'>nocteque</span> <span class='ocrx_word' id='word_1_179' title='bbox 717 1309 752 1342; x_wconf 88' lang='lat' dir='ltr'>deo</span> <span class='ocrx_word' id='word_1_180' title='bbox 767 1309 836 1344; x_wconf 90' lang='lat' dir='ltr'>seruire</span> 
     </span>
     <span class='ocr_line' id='line_1_23' title="bbox 135 1360 836 1403; baseline 0.001 -8"><span class='ocrx_word' id='word_1_181' title='bbox 135 1361 209 1403; x_wconf 90' lang='lat' dir='ltr'>studuit,</span> <span class='ocrx_word' id='word_1_182' title='bbox 223 1363 284 1396; x_wconf 90' lang='lat' dir='ltr'>omnia</span> <span class='ocrx_word' id='word_1_183' title='bbox 299 1368 373 1396; x_wconf 89' lang='lat' dir='ltr'>terrena</span> <span class='ocrx_word' id='word_1_184' title='bbox 386 1363 436 1396; x_wconf 87' lang='lat' dir='ltr'>velut</span> <span class='ocrx_word' id='word_1_185' title='bbox 452 1363 520 1396; x_wconf 87' lang='lat' dir='ltr'>caduca</span> <span class='ocrx_word' id='word_1_186' title='bbox 536 1367 554 1395; x_wconf 89' lang='lat' dir='ltr'>et</span> <span class='ocrx_word' id='word_1_187' title='bbox 569 1360 634 1395; x_wconf 88' lang='lat' dir='ltr'>friuola</span> <span class='ocrx_word' id='word_1_188' title='bbox 649 1360 740 1403; x_wconf 89' lang='lat' dir='ltr'>iudicauit,</span> <span class='ocrx_word' id='word_1_189' title='bbox 756 1362 836 1396; x_wconf 91' lang='lat' dir='ltr'>seculum</span> 
     </span>
     <span class='ocr_line' id='line_1_24' title="bbox 135 1414 836 1459; baseline 0.001 -11"><span class='ocrx_word' id='word_1_190' title='bbox 135 1415 251 1459; x_wconf 85' lang='lat' dir='ltr'>contempsit,</span> <span class='ocrx_word' id='word_1_191' title='bbox 264 1415 358 1450; x_wconf 89' lang='lat' dir='ltr'>sororibus</span> <span class='ocrx_word' id='word_1_192' title='bbox 373 1415 489 1450; x_wconf 87' lang='lat' dir='ltr'>incessanter</span> <span class='ocrx_word' id='word_1_193' title='bbox 502 1414 609 1459; x_wconf 82' lang='lat' dir='ltr'>predicauit,</span> <span class='ocrx_word' id='word_1_194' title='bbox 623 1421 642 1449; x_wconf 89' lang='lat' dir='ltr'>et</span> <span class='ocrx_word' id='word_1_195' title='bbox 653 1425 727 1449; x_wconf 91' lang='lat' dir='ltr'>omnem</span> <span class='ocrx_word' id='word_1_196' title='bbox 739 1415 836 1449; x_wconf 86' lang='lat' dir='ltr'>vanitatem</span> 
     </span>
     <span class='ocr_line' id='line_1_25' title="bbox 135 1467 837 1511; baseline 0 -9"><span class='ocrx_word' id='word_1_197' title='bbox 135 1467 200 1502; x_wconf 91' lang='lat' dir='ltr'>mundi</span> <span class='ocrx_word' id='word_1_198' title='bbox 207 1469 307 1502; x_wconf 89' lang='lat' dir='ltr'>abhorrere</span> <span class='ocrx_word' id='word_1_199' title='bbox 315 1467 380 1502; x_wconf 86' lang='lat' dir='ltr'>docuit.</span> <span class='ocrx_word' id='word_1_200' title='bbox 403 1468 492 1502; x_wconf 84' lang='lat' dir='ltr'>Summus</span> <span class='ocrx_word' id='word_1_201' title='bbox 503 1469 577 1502; x_wconf 90' lang='lat' dir='ltr'>tandem</span> <span class='ocrx_word' id='word_1_202' title='bbox 585 1468 658 1509; x_wconf 73' lang='lat' dir='ltr'>arbiter,</span> <span class='ocrx_word' id='word_1_203' title='bbox 665 1468 740 1503; x_wconf 87' lang='lat' dir='ltr'>vibrans</span> <span class='ocrx_word' id='word_1_204' title='bbox 751 1468 837 1511; x_wconf 80' lang='lat' dir='ltr'>gladium,</span> 
     </span>
     <span class='ocr_line' id='line_1_26' title="bbox 108 1520 837 1565; baseline 0.001 -10"><span class='ocrx_word' id='word_1_205' title='bbox 108 1528 127 1559; x_wconf 84' lang='lat'>25</span> <span class='ocrx_word' id='word_1_206' title='bbox 135 1522 214 1556; x_wconf 89' lang='lat' dir='ltr'>tendens</span> <span class='ocrx_word' id='word_1_207' title='bbox 233 1532 301 1563; x_wconf 88' lang='lat' dir='ltr'>arcum,</span> <span class='ocrx_word' id='word_1_208' title='bbox 321 1527 387 1556; x_wconf 90' lang='lat' dir='ltr'>tenens</span> <span class='ocrx_word' id='word_1_209' title='bbox 404 1522 470 1556; x_wconf 89' lang='lat' dir='ltr'>falcem</span> <span class='ocrx_word' id='word_1_210' title='bbox 489 1527 566 1564; x_wconf 88' lang='lat' dir='ltr'>acutam,</span> <span class='ocrx_word' id='word_1_211' title='bbox 582 1520 698 1556; x_wconf 89' lang='lat' dir='ltr'>examinabat</span> <span class='ocrx_word' id='word_1_212' title='bbox 715 1532 761 1565; x_wconf 91' lang='lat' dir='ltr'>quos</span> <span class='ocrx_word' id='word_1_213' title='bbox 778 1522 801 1556; x_wconf 87' lang='lat' dir='ltr'>ad</span> <span class='ocrx_word' id='word_1_214' title='bbox 817 1533 837 1556; x_wconf 89' lang='lat' dir='ltr'>se</span> 
     </span>
     <span class='ocr_line' id='line_1_27' title="bbox 136 1574 838 1619; baseline 0.003 -11"><span class='ocrx_word' id='word_1_215' title='bbox 136 1574 234 1618; x_wconf 84' lang='lat' dir='ltr'>colligeret.</span> <span class='ocrx_word' id='word_1_216' title='bbox 263 1575 323 1609; x_wconf 65' lang='lat' dir='ltr'>*Ecce</span> <span class='ocrx_word' id='word_1_217' title='bbox 342 1580 443 1619; x_wconf 84' lang='lat' dir='ltr'>tempestas</span> <span class='ocrx_word' id='word_1_218' title='bbox 458 1574 572 1610; x_wconf 86' lang='lat' dir='ltr'>mortalitatis</span> <span class='ocrx_word' id='word_1_219' title='bbox 588 1574 624 1608; x_wconf 89' lang='lat' dir='ltr'>late</span> <span class='ocrx_word' id='word_1_220' title='bbox 641 1580 715 1609; x_wconf 89' lang='lat' dir='ltr'>vastans</span> <span class='ocrx_word' id='word_1_221' title='bbox 734 1575 801 1617; x_wconf 91' lang='lat' dir='ltr'>omnia,</span> <span class='ocrx_word' id='word_1_222' title='bbox 820 1581 838 1610; x_wconf 89' lang='lat' dir='ltr'>et</span> 
     </span>
     <span class='ocr_line' id='line_1_28' title="bbox 136 1627 837 1671; baseline 0.001 -10"><span class='ocrx_word' id='word_1_223' title='bbox 136 1634 210 1661; x_wconf 87' lang='lat' dir='ltr'>terrena</span> <span class='ocrx_word' id='word_1_224' title='bbox 220 1627 317 1671; x_wconf 85' lang='lat' dir='ltr'>dispendia</span> <span class='ocrx_word' id='word_1_225' title='bbox 327 1627 361 1661; x_wconf 88' lang='lat' dir='ltr'>celi</span> <span class='ocrx_word' id='word_1_226' title='bbox 371 1628 441 1661; x_wconf 86' lang='lat' dir='ltr'>faciens</span> <span class='ocrx_word' id='word_1_227' title='bbox 450 1628 505 1668; x_wconf 83' lang='lat' dir='ltr'>lucra,</span> <span class='ocrx_word' id='word_1_228' title='bbox 516 1629 621 1661; x_wconf 89' lang='lat' dir='ltr'>sacerdotes</span> <span class='ocrx_word' id='word_1_229' title='bbox 631 1633 649 1662; x_wconf 92' lang='lat' dir='ltr'>et</span> <span class='ocrx_word' id='word_1_230' title='bbox 659 1628 753 1662; x_wconf 90' lang='lat' dir='ltr'>ministros</span> <span class='ocrx_word' id='word_1_231' title='bbox 765 1639 837 1662; x_wconf 87' lang='lat' dir='ltr'>monas-</span> 
     </span>
     <span class='ocr_line' id='line_1_29' title="bbox 136 1679 837 1724; baseline 0.001 -10"><span class='ocrx_word' id='word_1_232' title='bbox 136 1680 177 1715; x_wconf 89' lang='lat' dir='ltr'>terii</span> <span class='ocrx_word' id='word_1_233' title='bbox 188 1681 241 1714; x_wconf 89' lang='lat' dir='ltr'>beate</span> <span class='ocrx_word' id='word_1_234' title='bbox 250 1680 362 1724; x_wconf 87' lang='lat' dir='ltr'>Ethelburge</span> <span class='ocrx_word' id='word_1_235' title='bbox 373 1679 444 1724; x_wconf 86' lang='lat' dir='ltr'>passim</span> <span class='ocrx_word' id='word_1_236' title='bbox 455 1680 528 1714; x_wconf 88' lang='lat' dir='ltr'>abstulit</span> <span class='ocrx_word' id='word_1_237' title='bbox 539 1691 549 1714; x_wconf 89' lang='lat' dir='ltr'>a</span> <span class='ocrx_word' id='word_1_238' title='bbox 560 1681 634 1722; x_wconf 88' lang='lat' dir='ltr'>mundo,</span> <span class='ocrx_word' id='word_1_239' title='bbox 646 1684 664 1714; x_wconf 90' lang='lat' dir='ltr'>et</span> <span class='ocrx_word' id='word_1_240' title='bbox 676 1685 736 1715; x_wconf 88' lang='lat' dir='ltr'>terror</span> <span class='ocrx_word' id='word_1_241' title='bbox 747 1681 837 1715; x_wconf 88' lang='lat' dir='ltr'>maximus</span> 
     </span>
     <span class='ocr_line' id='line_1_30' title="bbox 136 1733 837 1777; baseline 0.003 -11"><span class='ocrx_word' id='word_1_242' title='bbox 136 1737 194 1767; x_wconf 88' lang='lat' dir='ltr'>totum</span> <span class='ocrx_word' id='word_1_243' title='bbox 206 1733 302 1776; x_wconf 85' lang='lat' dir='ltr'>collegium</span> <span class='ocrx_word' id='word_1_244' title='bbox 314 1733 411 1766; x_wconf 88' lang='lat' dir='ltr'>concussit.</span> <span class='ocrx_word' id='word_1_245' title='bbox 435 1733 511 1774; x_wconf 80' lang='lat' dir='ltr'>Quantis</span> <span class='ocrx_word' id='word_1_246' title='bbox 523 1738 566 1766; x_wconf 90' lang='lat' dir='ltr'>tunc</span> <span class='ocrx_word' id='word_1_247' title='bbox 579 1733 699 1766; x_wconf 87' lang='lat' dir='ltr'>hortamentis</span> <span class='ocrx_word' id='word_1_248' title='bbox 710 1733 762 1777; x_wconf 87' lang='lat' dir='ltr'>virgo</span> <span class='ocrx_word' id='word_1_249' title='bbox 774 1740 837 1768; x_wconf 82' lang='lat' dir='ltr'>saneta</span> 
     </span>
     <span class='ocr_line' id='line_1_31' title="bbox 108 1785 838 1829; baseline 0 -9"><span class='ocrx_word' id='word_1_250' title='bbox 108 1793 128 1823; x_wconf 78' lang='lat'>50</span> <span class='ocrx_word' id='word_1_251' title='bbox 135 1796 210 1820; x_wconf 89' lang='lat' dir='ltr'>sorores</span> <span class='ocrx_word' id='word_1_252' title='bbox 224 1785 316 1825; x_wconf 85' lang='lat' dir='ltr'>instruxit,</span> <span class='ocrx_word' id='word_1_253' title='bbox 327 1791 347 1820; x_wconf 88' lang='lat' dir='ltr'>vt</span> <span class='ocrx_word' id='word_1_254' title='bbox 358 1785 395 1819; x_wconf 86' lang='lat' dir='ltr'>fide</span> <span class='ocrx_word' id='word_1_255' title='bbox 407 1796 444 1819; x_wconf 90' lang='lat' dir='ltr'>non</span> <span class='ocrx_word' id='word_1_256' title='bbox 457 1786 499 1819; x_wconf 88' lang='lat' dir='ltr'>ficta</span> <span class='ocrx_word' id='word_1_257' title='bbox 510 1790 597 1818; x_wconf 89' lang='lat' dir='ltr'>ornarent</span> <span class='ocrx_word' id='word_1_258' title='bbox 609 1785 704 1829; x_wconf 88' lang='lat' dir='ltr'>lampades</span> <span class='ocrx_word' id='word_1_259' title='bbox 715 1796 758 1820; x_wconf 88' lang='lat' dir='ltr'>suas</span> <span class='ocrx_word' id='word_1_260' title='bbox 771 1791 789 1820; x_wconf 94' lang='lat' dir='ltr'>et</span> <span class='ocrx_word' id='word_1_261' title='bbox 801 1791 838 1820; x_wconf 91' lang='lat' dir='ltr'>tota</span> 
     </span>
     <span class='ocr_line' id='line_1_32' title="bbox 135 1838 838 1885; baseline 0 -12"><span class='ocrx_word' id='word_1_262' title='bbox 135 1838 227 1885; x_wconf 84' lang='lat' dir='ltr'>vigilantia</span> <span class='ocrx_word' id='word_1_263' title='bbox 243 1838 346 1873; x_wconf 87' lang='lat' dir='ltr'>orationum</span> <span class='ocrx_word' id='word_1_264' title='bbox 365 1839 484 1883; x_wconf 90' lang='lat' dir='ltr'>omniumque</span> <span class='ocrx_word' id='word_1_265' title='bbox 502 1849 579 1882; x_wconf 89' lang='lat' dir='ltr'>operum</span> <span class='ocrx_word' id='word_1_266' title='bbox 594 1839 685 1872; x_wconf 91' lang='lat' dir='ltr'>bonorum</span> <span class='ocrx_word' id='word_1_267' title='bbox 703 1839 722 1872; x_wconf 92' lang='lat' dir='ltr'>in</span> <span class='ocrx_word' id='word_1_268' title='bbox 742 1850 838 1874; x_wconf 85' lang='lat' dir='ltr'>occursum</span> 
     </span>
     <span class='ocr_line' id='line_1_33' title="bbox 136 1892 837 1936; baseline -0.001 -9"><span class='ocrx_word' id='word_1_269' title='bbox 136 1893 205 1927; x_wconf 90' lang='lat' dir='ltr'>domini</span> <span class='ocrx_word' id='word_1_270' title='bbox 218 1898 281 1936; x_wconf 87' lang='lat' dir='ltr'>parate</span> <span class='ocrx_word' id='word_1_271' title='bbox 293 1896 366 1927; x_wconf 83' lang='lat' dir='ltr'>essent!</span> <span class='ocrx_word' id='word_1_272' title='bbox 391 1893 449 1926; x_wconf 86' lang='lat' dir='ltr'>Dulce</span> <span class='ocrx_word' id='word_1_273' title='bbox 461 1892 511 1926; x_wconf 90' lang='lat' dir='ltr'>enim</span> <span class='ocrx_word' id='word_1_274' title='bbox 525 1903 570 1926; x_wconf 87' lang='lat' dir='ltr'>sane</span> <span class='ocrx_word' id='word_1_275' title='bbox 584 1892 668 1933; x_wconf 84' lang='lat' dir='ltr'>habebat,</span> <span class='ocrx_word' id='word_1_276' title='bbox 682 1897 725 1936; x_wconf 91' lang='lat' dir='ltr'>post</span> <span class='ocrx_word' id='word_1_277' title='bbox 740 1893 837 1927; x_wconf 89' lang='lat' dir='ltr'>matutinas</span> 
     </span>
     <span class='ocr_line' id='line_1_34' title="bbox 135 1945 838 1990; baseline -0.003 -9"><span class='ocrx_word' id='word_1_278' title='bbox 135 1946 199 1981; x_wconf 91' lang='lat' dir='ltr'>laudes</span> <span class='ocrx_word' id='word_1_279' title='bbox 214 1951 232 1980; x_wconf 92' lang='lat' dir='ltr'>et</span> <span class='ocrx_word' id='word_1_280' title='bbox 245 1945 315 1990; x_wconf 85' lang='lat' dir='ltr'>vigilias</span> <span class='ocrx_word' id='word_1_281' title='bbox 330 1956 367 1980; x_wconf 91' lang='lat' dir='ltr'>non</span> <span class='ocrx_word' id='word_1_282' title='bbox 383 1947 406 1980; x_wconf 93' lang='lat' dir='ltr'>ad</span> <span class='ocrx_word' id='word_1_283' title='bbox 421 1946 503 1988; x_wconf 83' lang='lat' dir='ltr'>lectulos,</span> <span class='ocrx_word' id='word_1_284' title='bbox 519 1946 552 1980; x_wconf 90' lang='lat' dir='ltr'>sed</span> <span class='ocrx_word' id='word_1_285' title='bbox 568 1945 590 1979; x_wconf 90' lang='lat' dir='ltr'>ad</span> <span class='ocrx_word' id='word_1_286' title='bbox 606 1945 704 1989; x_wconf 86' lang='lat' dir='ltr'>sepulchra</span> <span class='ocrx_word' id='word_1_287' title='bbox 719 1956 804 1980; x_wconf 89' lang='lat' dir='ltr'>sororum</span> <span class='ocrx_word' id='word_1_288' title='bbox 820 1951 838 1979; x_wconf 92' lang='lat' dir='ltr'>et</span> 
     </span>
     <span class='ocr_line' id='line_1_35' title="bbox 135 1998 838 2034; baseline -0.001 0"><span class='ocrx_word' id='word_1_289' title='bbox 135 2001 212 2034; x_wconf 85' lang='lat' dir='ltr'>fratrum</span> <span class='ocrx_word' id='word_1_290' title='bbox 230 2001 297 2033; x_wconf 88' lang='lat' dir='ltr'>choros</span> <span class='ocrx_word' id='word_1_291' title='bbox 315 2000 383 2033; x_wconf 88' lang='lat' dir='ltr'>ducere</span> <span class='ocrx_word' id='word_1_292' title='bbox 401 2004 420 2033; x_wconf 93' lang='lat' dir='ltr'>et</span> <span class='ocrx_word' id='word_1_293' title='bbox 439 1999 566 2033; x_wconf 86' lang='lat' dir='ltr'>defunctorum</span> <span class='ocrx_word' id='word_1_294' title='bbox 586 1998 656 2032; x_wconf 91' lang='lat' dir='ltr'>animas</span> <span class='ocrx_word' id='word_1_295' title='bbox 674 1998 786 2033; x_wconf 87' lang='lat' dir='ltr'>orationibus</span> <span class='ocrx_word' id='word_1_296' title='bbox 803 2000 838 2033; x_wconf 87' lang='lat' dir='ltr'>deo</span> 
     </span>
     <span class='ocr_line' id='line_1_36' title="bbox 108 2050 838 2093; baseline -0.004 -6"><span class='ocrx_word' id='word_1_297' title='bbox 108 2058 127 2087; x_wconf 76' lang='lat'>35</span> <span class='ocrx_word' id='word_1_298' title='bbox 136 2052 271 2086; x_wconf 86' lang='lat' dir='ltr'>commendare.</span> <span class='ocrx_word' id='word_1_299' title='bbox 295 2051 335 2084; x_wconf 89' lang='lat' dir='ltr'>Hac</span> <span class='ocrx_word' id='word_1_300' title='bbox 346 2051 381 2084; x_wconf 92' lang='lat' dir='ltr'>illis</span> <span class='ocrx_word' id='word_1_301' title='bbox 389 2051 487 2084; x_wconf 91' lang='lat' dir='ltr'>deuotione</span> <span class='ocrx_word' id='word_1_302' title='bbox 495 2051 574 2093; x_wconf 87' lang='lat' dir='ltr'>quadam</span> <span class='ocrx_word' id='word_1_303' title='bbox 582 2055 635 2083; x_wconf 90' lang='lat' dir='ltr'>nocte</span> <span class='ocrx_word' id='word_1_304' title='bbox 643 2050 712 2083; x_wconf 91' lang='lat' dir='ltr'>ibidem</span> <span class='ocrx_word' id='word_1_305' title='bbox 723 2061 775 2085; x_wconf 88' lang='lat' dir='ltr'>more</span> <span class='ocrx_word' id='word_1_306' title='bbox 785 2052 838 2085; x_wconf 89' lang='lat' dir='ltr'>solito</span> 
     </span>
     <span class='ocr_line' id='line_1_37' title="bbox 135 2102 838 2150; baseline 0 -12"><span class='ocrx_word' id='word_1_307' title='bbox 135 2103 261 2149; x_wconf 87' lang='lat' dir='ltr'>psallentibus,</span> <span class='ocrx_word' id='word_1_308' title='bbox 277 2114 320 2137; x_wconf 90' lang='lat' dir='ltr'>ecce</span> <span class='ocrx_word' id='word_1_309' title='bbox 335 2108 412 2146; x_wconf 89' lang='lat' dir='ltr'>repente</span> <span class='ocrx_word' id='word_1_310' title='bbox 427 2102 539 2137; x_wconf 87' lang='lat' dir='ltr'>admirabilis</span> <span class='ocrx_word' id='word_1_311' title='bbox 554 2102 627 2136; x_wconf 86' lang='lat' dir='ltr'>claritas</span> <span class='ocrx_word' id='word_1_312' title='bbox 642 2113 699 2147; x_wconf 91' lang='lat' dir='ltr'>super</span> <span class='ocrx_word' id='word_1_313' title='bbox 715 2102 758 2137; x_wconf 76' lang='lat' dir='ltr'>eas⁵</span> <span class='ocrx_word' id='word_1_314' title='bbox 774 2104 838 2150; x_wconf 83' lang='lat' dir='ltr'>celitus</span> 
     </span>
     <span class='ocr_line' id='line_1_38' title="bbox 136 2155 838 2200; baseline -0.003 -8"><span class='ocrx_word' id='word_1_315' title='bbox 136 2157 199 2197; x_wconf 84' lang='lat' dir='ltr'>effusa,</span> <span class='ocrx_word' id='word_1_316' title='bbox 208 2167 259 2190; x_wconf 89' lang='lat' dir='ltr'>more</span> <span class='ocrx_word' id='word_1_317' title='bbox 267 2156 346 2200; x_wconf 82' lang='lat' dir='ltr'>ingentis</span> <span class='ocrx_word' id='word_1_318' title='bbox 355 2155 419 2189; x_wconf 89' lang='lat' dir='ltr'>linthei</span> <span class='ocrx_word' id='word_1_319' title='bbox 429 2155 465 2189; x_wconf 89' lang='lat' dir='ltr'>late</span> <span class='ocrx_word' id='word_1_320' title='bbox 477 2165 542 2188; x_wconf 92' lang='lat' dir='ltr'>omnes</span> <span class='ocrx_word' id='word_1_321' title='bbox 553 2155 630 2199; x_wconf 86' lang='lat' dir='ltr'>operuit,</span> <span class='ocrx_word' id='word_1_322' title='bbox 639 2159 657 2189; x_wconf 92' lang='lat' dir='ltr'>et</span> <span class='ocrx_word' id='word_1_323' title='bbox 664 2161 714 2189; x_wconf 92' lang='lat' dir='ltr'>tanto</span> <span class='ocrx_word' id='word_1_324' title='bbox 723 2167 755 2189; x_wconf 91' lang='lat' dir='ltr'>eas</span> <span class='ocrx_word' id='word_1_325' title='bbox 763 2161 838 2200; x_wconf 89' lang='lat' dir='ltr'>stupore</span> 
     </span>
     <span class='ocr_line' id='line_1_39' title="bbox 136 2208 838 2255; baseline -0.003 -10"><span class='ocrx_word' id='word_1_326' title='bbox 136 2210 218 2255; x_wconf 81' lang='lat' dir='ltr'>perculit,</span> <span class='ocrx_word' id='word_1_327' title='bbox 226 2215 245 2245; x_wconf 80' lang='lat' dir='ltr'>ut</span> <span class='ocrx_word' id='word_1_328' title='bbox 253 2209 343 2244; x_wconf 87' lang='lat' dir='ltr'>canticum</span> <span class='ocrx_word' id='word_1_329' title='bbox 351 2209 400 2252; x_wconf 91' lang='lat' dir='ltr'>quod</span> <span class='ocrx_word' id='word_1_330' title='bbox 408 2208 498 2242; x_wconf 83' lang='lat' dir='ltr'>canebant</span> <span class='ocrx_word' id='word_1_331' title='bbox 509 2208 616 2243; x_wconf 88' lang='lat' dir='ltr'>tremefacte</span> <span class='ocrx_word' id='word_1_332' title='bbox 626 2208 773 2244; x_wconf 88' lang='lat' dir='ltr'>intermitterent.</span> <span class='ocrx_word' id='word_1_333' title='bbox 794 2209 838 2254; x_wconf 89' lang='lat' dir='ltr'>lpse</span> 
     </span>
     <span class='ocr_line' id='line_1_40' title="bbox 136 2261 837 2308; baseline -0.001 -10"><span class='ocrx_word' id='word_1_334' title='bbox 136 2268 198 2299; x_wconf 88' lang='lat' dir='ltr'>autem</span> <span class='ocrx_word' id='word_1_335' title='bbox 210 2263 299 2308; x_wconf 89' lang='lat' dir='ltr'>splendor</span> <span class='ocrx_word' id='word_1_336' title='bbox 309 2261 377 2296; x_wconf 89' lang='lat' dir='ltr'>emisse</span> <span class='ocrx_word' id='word_1_337' title='bbox 389 2261 440 2305; x_wconf 76' lang='lat' dir='ltr'>lucis</span> <span class='ocrx_word' id='word_1_338' title='bbox 449 2261 468 2296; x_wconf 91' lang='lat' dir='ltr'>in</span> <span class='ocrx_word' id='word_1_339' title='bbox 479 2262 530 2296; x_wconf 89' lang='lat' dir='ltr'>cuius</span> <span class='ocrx_word' id='word_1_340' title='bbox 541 2262 678 2306; x_wconf 88' lang='lat' dir='ltr'>comparatione</span> <span class='ocrx_word' id='word_1_341' title='bbox 688 2262 716 2296; x_wconf 92' lang='lat' dir='ltr'>sol</span> <span class='ocrx_word' id='word_1_342' title='bbox 727 2262 837 2297; x_wconf 89' lang='lat' dir='ltr'>meridianus</span> 
     </span>
     <span class='ocr_line' id='line_1_41' title="bbox 108 2315 838 2362; baseline -0.005 -10"><span class='ocrx_word' id='word_1_343' title='bbox 108 2316 195 2358; x_wconf 85' lang='lat' dir='ltr'>40videri</span> <span class='ocrx_word' id='word_1_344' title='bbox 210 2322 274 2360; x_wconf 88' lang='lat' dir='ltr'>posset</span> <span class='ocrx_word' id='word_1_345' title='bbox 288 2317 383 2357; x_wconf 78' lang='lat' dir='ltr'>obscurus,</span> <span class='ocrx_word' id='word_1_346' title='bbox 399 2326 435 2348; x_wconf 93' lang='lat' dir='ltr'>non</span> <span class='ocrx_word' id='word_1_347' title='bbox 451 2316 508 2349; x_wconf 93' lang='lat' dir='ltr'>multo</span> <span class='ocrx_word' id='word_1_348' title='bbox 523 2321 565 2359; x_wconf 89' lang='lat' dir='ltr'>post</span> <span class='ocrx_word' id='word_1_349' title='bbox 581 2316 604 2350; x_wconf 89' lang='lat' dir='ltr'>de</span> <span class='ocrx_word' id='word_1_350' title='bbox 619 2316 659 2350; x_wconf 91' lang='lat' dir='ltr'>loco</span> <span class='ocrx_word' id='word_1_351' title='bbox 674 2315 706 2362; x_wconf 81' lang='lat' dir='ltr'>illo</span> <span class='ocrx_word' id='word_1_352' title='bbox 721 2316 805 2351; x_wconf 89' lang='lat' dir='ltr'>eleuatus</span> <span class='ocrx_word' id='word_1_353' title='bbox 819 2315 838 2349; x_wconf 89' lang='lat' dir='ltr'>in</span> 
     </span>
     <span class='ocr_line' id='line_1_42' title="bbox 137 2368 838 2413; baseline -0.004 -9"><span class='ocrx_word' id='word_1_354' title='bbox 137 2369 257 2405; x_wconf 88' lang='lat' dir='ltr'>meridianam</span> <span class='ocrx_word' id='word_1_355' title='bbox 274 2368 381 2403; x_wconf 89' lang='lat' dir='ltr'>monasterii</span> <span class='ocrx_word' id='word_1_356' title='bbox 396 2373 468 2413; x_wconf 89' lang='lat' dir='ltr'>partem</span> <span class='ocrx_word' id='word_1_357' title='bbox 486 2369 568 2411; x_wconf 89' lang='lat' dir='ltr'>secessit,</span> <span class='ocrx_word' id='word_1_358' title='bbox 586 2373 604 2402; x_wconf 92' lang='lat' dir='ltr'>et</span> <span class='ocrx_word' id='word_1_359' title='bbox 623 2368 734 2412; x_wconf 88' lang='lat' dir='ltr'>aliquamdiu</span> <span class='ocrx_word' id='word_1_360' title='bbox 750 2369 790 2404; x_wconf 91' lang='lat' dir='ltr'>loca</span> <span class='ocrx_word' id='word_1_361' title='bbox 808 2368 838 2403; x_wconf 84' lang='lat' dir='ltr'>illa</span> 
     </span>
     <span class='ocr_line' id='line_1_43' title="bbox 137 2421 838 2468; baseline -0.004 -10"><span class='ocrx_word' id='word_1_362' title='bbox 137 2423 228 2468; x_wconf 83' lang='lat' dir='ltr'>operiens,</span> <span class='ocrx_word' id='word_1_363' title='bbox 239 2422 309 2456; x_wconf 90' lang='lat' dir='ltr'>cunctis</span> <span class='ocrx_word' id='word_1_364' title='bbox 320 2422 425 2456; x_wconf 88' lang='lat' dir='ltr'>videntibus</span> <span class='ocrx_word' id='word_1_365' title='bbox 436 2422 459 2456; x_wconf 89' lang='lat' dir='ltr'>ad</span> <span class='ocrx_word' id='word_1_366' title='bbox 471 2421 505 2456; x_wconf 91' lang='lat' dir='ltr'>celi</span> <span class='ocrx_word' id='word_1_367' title='bbox 517 2433 538 2456; x_wconf 94' lang='lat' dir='ltr'>se</span> <span class='ocrx_word' id='word_1_368' title='bbox 549 2421 586 2455; x_wconf 86' lang='lat' dir='ltr'>alta</span> <span class='ocrx_word' id='word_1_369' title='bbox 597 2421 689 2464; x_wconf 87' lang='lat' dir='ltr'>subduxit,</span> <span class='ocrx_word' id='word_1_370' title='bbox 700 2427 719 2456; x_wconf 92' lang='lat' dir='ltr'>vt</span> <span class='ocrx_word' id='word_1_371' title='bbox 732 2422 776 2456; x_wconf 89' lang='lat' dir='ltr'>nulli</span> <span class='ocrx_word' id='word_1_372' title='bbox 788 2426 838 2457; x_wconf 90' lang='lat' dir='ltr'>esset</span> 
     </span>
     <span class='ocr_line' id='line_1_44' title="bbox 137 2474 838 2517; baseline -0.003 -9"><span class='ocrx_word' id='word_1_373' title='bbox 137 2476 212 2509; x_wconf 92' lang='lat' dir='ltr'>dubium</span> <span class='ocrx_word' id='word_1_374' title='bbox 220 2476 264 2517; x_wconf 89' lang='lat' dir='ltr'>quin</span> <span class='ocrx_word' id='word_1_375' title='bbox 272 2476 313 2517; x_wconf 88' lang='lat' dir='ltr'>ipsa</span> <span class='ocrx_word' id='word_1_376' title='bbox 322 2476 359 2516; x_wconf 90' lang='lat' dir='ltr'>lux,</span> <span class='ocrx_word' id='word_1_377' title='bbox 370 2486 406 2517; x_wconf 88' lang='lat' dir='ltr'>que</span> <span class='ocrx_word' id='word_1_378' title='bbox 418 2474 489 2508; x_wconf 84' lang='lat' dir='ltr'>animas</span> <span class='ocrx_word' id='word_1_379' title='bbox 500 2475 609 2513; x_wconf 86' lang='lat' dir='ltr'>famularum</span> <span class='ocrx_word' id='word_1_380' title='bbox 618 2474 686 2508; x_wconf 88' lang='lat' dir='ltr'>Christi</span> <span class='ocrx_word' id='word_1_381' title='bbox 698 2480 748 2508; x_wconf 87' lang='lat' dir='ltr'>esset</span> <span class='ocrx_word' id='word_1_382' title='bbox 762 2476 838 2509; x_wconf 86' lang='lat' dir='ltr'>ductura</span> 
     </span>
    </p>
   </div>
   <div class='ocr_carea' id='block_1_3' title="bbox 137 2530 837 2604">
    <p class='ocr_par' dir='ltr' id='par_1_3' title="bbox 137 2530 837 2604">
     <span class='ocr_line' id='line_1_45' title="bbox 137 2530 837 2602; baseline -0.003 -39"><span class='ocrx_word' id='word_1_383' title='bbox 137 2533 286 2602; x_wconf 44' lang='lat' dir='ltr'>⁵1{lhassignauit</span> <span class='ocrx_word' id='word_1_384' title='bbox 310 2532 465 2564; x_wconf 69' lang='lat' dir='ltr'>²T.erlrenwoldus,</span> <span class='ocrx_word' id='word_1_385' title='bbox 490 2531 667 2571; x_wconf 73' lang='lat' dir='ltr'>³T.spirituisubiecit.</span> <span class='ocrx_word' id='word_1_386' title='bbox 692 2530 729 2562; x_wconf 66' lang='lat' dir='ltr'>*Cf</span> <span class='ocrx_word' id='word_1_387' title='bbox 737 2532 782 2563; x_wconf 85' lang='lat' dir='ltr'>Beda</span> <span class='ocrx_word' id='word_1_388' title='bbox 790 2532 816 2563; x_wconf 84' lang='lat' dir='ltr'>IV.</span> <span class='ocrx_word' id='word_1_389' title='bbox 824 2540 837 2567; x_wconf 76' lang='lat' dir='ltr'>q.</span> 
     </span>
     <span class='ocr_line' id='line_1_46' title="bbox 168 2583 217 2604; baseline -0.02 0"><span class='ocrx_word' id='word_1_390' title='bbox 168 2583 217 2604; x_wconf 86' lang='lat' dir='ltr'>.eam.</span> 
     </span>
    </p>
   </div>
   <div class='ocr_carea' id='block_1_4' title="bbox 0 0 891 2803">
    <p class='ocr_par' dir='ltr' id='par_1_4' title="bbox 0 0 891 2803">
     <span class='ocr_line' id='line_1_47' title="bbox 0 0 891 2803; baseline 0 0"><span class='ocrx_word' id='word_1_391' title='bbox 0 0 891 2803; x_wconf 95' lang='lat' dir='ltr'> </span> 
     </span>
    </p>
   </div>
  </div>
 </body>
</html>
