1762 2803
267 100 313 157 ΒΕ
327 95 427 153 ῧᾶῐὶῑῒῦ
443 97 572 160 dilingam.
726 112 769 155 249

68 220 179 265 imperatore
193 220 287 265 admoniti,
302 232 369 266 cogere
381 220 477 265 fugitiuum
490 221 513 255 ad
526 219 663 255 reuersionem:
678 219 711 254 sed
724 220 770 253 deus

68 275 152 318 prescius
167 280 185 309 et
200 275 285 319 preuisor
297 275 399 309 futurorum
413 274 469 309 noluit
481 280 500 309 vt
512 285 523 309 a
535 272 629 319 proposito
644 272 770 317 impediretur,

69 328 102 362 sed
114 328 175 371 potius
189 328 298 371 adimpleret
309 327 394 372 primitus
407 334 513 371 conceptam
527 327 647 362 intentionem
660 337 717 360 suam.
741 326 771 359 ln·

68 380 165 416 choauerat
176 381 226 415 enim
238 391 249 415 a
260 380 338 424 pueritia
351 380 453 415 castissime
463 380 530 423 viuere,
542 386 561 415 et
573 380 700 415 indesinenter
711 389 770 420 orare,

68 438 86 468 et
102 433 172 468 nullum
188 433 287 470 offendere.
310 433 338 468 Ae
354 434 397 468 dum
412 432 520 468 inuitaretur
532 434 555 469 ad
569 439 655 478 equestre
670 437 788 476 eertamen‚5

69 486 142 521 nolebat
161 486 249 522 militare:
269 498 323 522 suum
340 492 433 522 certamen
448 492 487 522 erat
501 486 556 532 primi
573 486 674 522 aduersarii
693 485 770 520 insidias

68 550 163 584 superare,
171 545 189 573 et
197 541 316 585 contemplari
327 540 406 581 celestia,
414 546 433 574 et
440 551 529 585 spernere
539 541 648 574 transitoria.
671 540 770 584 Elegerant

68 597 155 635 parentes
174 593 202 626 sui
219 597 237 625 et
253 593 303 627 ciues
322 593 383 637 ipsum
400 593 480 627 futurum
499 594 640 637 imperatorem:
656 594 690 627 sed
707 592 770 625 maluit

68 643 109 687 ipse
124 645 201 679 tendere
212 645 235 678 ad
247 645 334 679 celestem
347 645 459 680 electionem.
488 645 562 680 Electus
574 645 636 689 itaque
649 645 678 680 dei
691 644 770 679 famulus

69 698 166 741 Cungarus
185 698 239 742 elegit
256 699 337 733 natiuam
352 706 420 733 terram
436 699 528 741 deserere,
542 699 633 743 incipiens
649 697 770 743 peregrinari,
779 712 798 734 ro

69 751 177 787 desiderans
207 752 300 796 complere
331 752 457 797 euangelicum
483 757 592 797 preceptum
616 753 665 797 quod
687 751 770 793 audistis,

69 805 149 839 scilicet:
169 806 210 850 ‘qui
228 817 265 839 non
288 806 381 850 reliquerit
405 811 478 850 patrem
497 811 515 839 et
533 811 611 839 matrem
630 811 648 840 et
667 806 732 839 iratres
752 810 771 838 et

69 869 143 893 sorores
162 864 180 893 et
195 870 272 893 uxorem
291 865 309 893 et
327 859 374 893 filios
392 863 410 892 et
426 869 481 901 agros
497 863 574 901 propter
590 868 626 899 me,
643 869 680 891 non
697 862 725 891 est
740 868 771 891 me

69 910 146 954 dignus?
169 911 216 945 Illud
232 911 309 946 audiens
322 922 357 946 nec
369 910 485 953 obliuiscens,
499 910 532 944 sed
546 909 623 944 firmiter
636 910 739 945 recondens
752 909 771 943 in

69 969 148 1007 pectore,
161 975 198 998 non
212 965 291 998 cessauit
303 965 362 998 donee
377 964 457 998 fideliter
469 963 583 1008 adimpleret.
628 956 695 998 Noluit
710 968 771 997 autem
781 975 799 1007 ¹5

69 1017 197 1050 sanctissimus
216 1017 312 1059 Cungarus
330 1022 348 1051 et
366 1017 439 1050 iuuenis
460 1016 619 1050 mansuetissimus
637 1026 734 1050 remanere
752 1015 771 1050 in

68 1068 135 1103 vicinia
146 1074 249 1114 parentum,
259 1069 331 1112 timens,
342 1069 358 1103 si
368 1069 448 1103 vicinum
458 1068 542 1103 audirent
553 1075 698 1103 commorantem
708 1068 771 1110 filium,

69 1123 109 1158 sine
118 1123 203 1157 dilatione
211 1124 322 1158 aduocarent
329 1123 364 1157 sibi
372 1123 445 1157 vnicum
452 1129 469 1157 et
476 1122 610 1157 charissimum.
629 1123 670 1157 Hac
676 1122 771 1157 occasione

69 1182 87 1212 et
98 1176 180 1221 angelica
191 1177 317 1212 exhortatione
328 1176 404 1212 recessit
415 1186 426 1211 a
436 1176 477 1221 ripa
487 1176 542 1211 tireni
551 1175 612 1217 maris,
623 1182 641 1211 et
651 1175 737 1221 pemenit
747 1175 771 1210 ad

70 1230 146 1271 Italiam,
158 1236 176 1264 et
189 1230 213 1264 de
227 1229 278 1264 Italia
290 1236 342 1264 trans
354 1230 414 1274 Alpes
427 1230 450 1263 ad
464 1229 546 1272 Galliam,
559 1230 582 1263 de
594 1229 652 1264 Gallia
667 1229 771 1273 nauigando
780 1241 799 1262 20

69 1284 92 1317 ad
105 1282 224 1317 Britanniam.
246 1282 293 1317 Toto
308 1283 357 1317 enirn
372 1282 468 1317 conamine
483 1282 584 1317 nitebatur¹
600 1282 699 1316 solitariam
714 1282 771 1316 vitam

70 1337 147 1370 ducere:
163 1341 261 1380 propterea
275 1337 379 1380 inquirebat
394 1341 412 1370 et
426 1336 549 1379 interrogabat
564 1335 661 1379 diligenter
674 1335 693 1369 in
705 1335 771 1370 itinere

70 1390 111 1423 loca
118 1400 198 1432 congma
206 1390 301 1423 heremite.
323 1390 373 1423 Dum
385 1389 445 1432 itaque
456 1394 553 1422 conaretur
563 1388 641 1432 implere
651 1388 771 1422 intentionem

69 1452 81 1475 a
88 1442 123 1475 deo
131 1441 166 1474 sibi
173 1440 287 1484 inspiratam,
294 1441 360 1475 direxit
366 1441 401 1474 iter
407 1450 461 1474 suurn
467 1441 490 1474 ad
495 1445 566 1484 partem
571 1441 663 1484 quandam
669 1440 772 1474 Britannia·

69 1506 111 1529 rum
126 1506 161 1539 que
172 1500 248 1529 vocatur
261 1494 374 1536 Somersete,
387 1506 442 1539 quam
455 1493 481 1528 sic
493 1493 552 1528 incole
564 1493 660 1528 nominant
672 1494 772 1539 regionem.
781 1509 800 1539 25

70 1549 143 1582 Deinde
150 1548 261 1582 ammonitus
268 1549 334 1583 itemm
342 1548 424 1592 angelica
432 1548 548 1589 reuelatione,
554 1549 638 1592 peruenit
646 1549 669 1582 ad
678 1547 772 1582 amenissi-

70 1612 121 1636 mum
133 1602 198 1643 locnm,
208 1601 261 1646 aquis
271 1607 289 1636 et
301 1601 410 1636 amndineto
420 1601 558 1643 circumdatum,
567 1606 632 1646 postea
642 1612 676 1635 suo
684 1601 773 1635 vocabulo

70 1655 200 1698 Cungresbiria
219 1655 338 1690 nominatum.
361 1655 457 1698 Cungams
475 1654 525 1689 enim
544 1655 593 1698 apud
611 1655 726 1699 Angligenas
741 1666 773 1688 vo-

70 1708 149 1749 cabatur,
162 1707 272 1750 Doccuinus,
284 1708 336 1752 quasi
352 1709 435 1748 ‘doctor,'
451 1708 500 1751 apud
513 1707 654 1751 Britannigenas
669 1708 773 1742 vocabatur.

71 1760 110 1793 Nec
123 1759 220 1801 immerite,
236 1759 278 1803 quia
293 1760 377 1793 doctrine
391 1771 425 1793 sue
440 1760 509 1792 fluenta
523 1759 626 1793 seminabat
640 1771 675 1804 per
689 1760 773 1804 patriam,
781 1774 801 1803 30

70 1818 88 1846 et
101 1823 211 1856 quocunque
223 1812 266 1855 ibat,
279 1824 316 1846 non
329 1813 412 1846 cessabat
425 1812 522 1856 predicare
536 1812 614 1845 verbum
628 1812 658 1846 dei
670 1813 772 1846 secundum

70 1865 187 1899 traditionem
206 1865 330 1908 apostolicam.
358 1865 424 1899 Omnia
440 1875 476 1908 que
491 1865 582 1898 dabantur
597 1864 614 1898 ei
632 1875 644 1899 a
662 1865 737 1909 regibus
753 1871 772 1900 et

71 1918 162 1960 diuitibus,
171 1917 257 1952 continuo
267 1918 353 1963 erogabat
363 1916 481 1962 pauperibus.
526 1909 651 1953 Sanctissimo
659 1923 677 1952 et
684 1928 772 1952 reueren-

69 1971 141 2006 tissimo
152 1971 237 2014 Cungaro
248 1971 357 2005 adueniente
368 1971 388 2004 in
399 1971 477 2014 patriam
489 1980 525 2014 que
537 1971 644 2005 Somerseta
656 1977 773 2016 nuncupatur

70 2025 93 2060 ab
108 2023 177 2065 incolis,
190 2023 285 2068 proposuit
297 2023 366 2058 ibidem
376 2035 502 2068 perseuerare.
524 2022 560 2066 Qui
570 2023 614 2058 dum
625 2030 679 2059 nocte
688 2024 773 2059 membra
781 2040 800 2071 35

70 2078 126 2123 quieti
141 2076 228 2117 dedisset,
242 2075 296 2110 etiam
309 2087 386 2111 somnus
398 2087 409 2111 a
421 2081 509 2111 consucta
521 2076 676 2120 contemplatione
688 2077 772 2121 spiritum

70 2130 203 2175 suspendisset,
219 2129 320 2163 reuelatum
335 2129 369 2163 suit
387 2129 413 2163 illi
430 2130 453 2163 ab
470 2130 535 2173 angelo
549 2135 569 2164 vt
583 2129 688 2175 vbicunque
702 2130 773 2165 videret

70 2194 136 2229 aprum
144 2182 163 2216 in
171 2182 200 2216 die
208 2181 293 2224 erastino,
301 2182 326 2215 ibi
333 2187 448 2217 construeret
459 2182 583 2217 habitaculum
591 2187 609 2217 et
616 2190 681 2227 postea
688 2183 773 2218 fundaret

70 2237 176 2272 oratorium.
198 2235 234 2277 Qui
249 2235 394 2280 expergefaetus,
406 2236 429 2269 ad
442 2236 542 2279 angelicam
555 2236 685 2271 reuelationem
697 2237 773 2280 gauisus

71 2295 99 2325 est
111 2290 174 2325 valde:
187 2293 205 2323 et
218 2287 326 2321 festinanter
340 2288 444 2331 processit:
456 2299 477 2322 ac
492 2299 516 2322 ex
531 2288 632 2332 improuiso
646 2289 692 2323 vidit
706 2299 772 2332 apmm
780 2305 801 2335 40

70 2343 160 2378 iacentem
172 2342 191 2376 in
202 2340 315 2382 arundineto,
329 2351 350 2375 ac
362 2340 423 2375 visum
436 2340 536 2385 preteriuit.
558 2340 641 2376 Territus
654 2346 715 2376 autem
727 2351 773 2386 aper

71 2408 125 2432 cursu
140 2395 194 2431 solito
209 2393 295 2439 fugitiuus
308 2393 403 2429 abscessit.
426 2394 459 2429 llle
471 2400 538 2437 autem,
551 2393 591 2429 viso
606 2405 657 2438 apro,
670 2394 772 2430 secundum

71 2449 173 2495 angelicam
196 2448 343 2493 promissionem,
361 2448 437 2492 insuper
455 2448 530 2483 intuens
548 2448 583 2482 loci
601 2447 650 2483 illius
671 2449 736 2493 aquosi
755 2455 773 2485 et

71 2503 161 2539 siluestris
176 2502 298 2547 amenitatem,
313 2502 407 2544 letabatur,
422 2502 518 2546 proferens
533 2501 637 2538 huiusmodi
653 2513 773 2538 sermonem:

359 2566 365 2585 ²
375 2566 394 2596 E.
401 2566 483 2597 ditabatur.
