<?xml version="1.0" encoding="UTF-8"?>
<!DOCTYPE html PUBLIC "-//W3C//DTD XHTML 1.0 Transitional//EN"
    "http://www.w3.org/TR/xhtml1/DTD/xhtml1-transitional.dtd">
<html xmlns="http://www.w3.org/1999/xhtml" xml:lang="en" lang="en">
 <head>
  <title>
</title>
<meta http-equiv="Content-Type" content="text/html;charset=utf-8" />
  <meta name='ocr-system' content='tesseract 3.04.00' />
  <meta name='ocr-capabilities' content='ocr_page ocr_carea ocr_par ocr_line ocrx_word'/>
</head>
<body>
  <div class='ocr_page' id='page_1' title='image "./MN5111ucmf_0/MN5111ucmf_0_0454.png"; bbox 0 0 1762 2803; ppageno 0'>
   <div class='ocr_carea' id='block_1_1' title="bbox 143 142 653 208">
    <p class='ocr_par' dir='ltr' id='par_1_1' title="bbox 143 142 653 208">
     <span class='ocr_line' id='line_1_1' title="bbox 143 142 653 208; baseline -0.01 -6"><span class='ocrx_word' id='word_1_1' title='bbox 143 149 209 203; x_wconf 79' lang='lat'>364.</span> <span class='ocrx_word' id='word_1_2' title='bbox 331 148 411 200; x_wconf 71' lang='lat' dir='ltr'>mota</span> <span class='ocrx_word' id='word_1_3' title='bbox 428 144 545 207; x_wconf 64' lang='lat' dir='ltr'>torento</span> <span class='ocrx_word' id='word_1_4' title='bbox 560 142 653 208; x_wconf 63' lang='lat' dir='ltr'>unctio.</span> 
     </span>
    </p>
   </div>
   <div class='ocr_carea' id='block_1_2' title="bbox 115 259 845 841">
    <p class='ocr_par' dir='ltr' id='par_1_2' title="bbox 141 259 845 470">
     <span class='ocr_line' id='line_1_2' title="bbox 141 259 844 313; baseline 0 -12"><span class='ocrx_word' id='word_1_5' title='bbox 141 267 161 301; x_wconf 92' lang='lat' dir='ltr'>in</span> <span class='ocrx_word' id='word_1_6' title='bbox 168 268 234 302; x_wconf 86' lang='lat' dir='ltr'>eodem</span> <span class='ocrx_word' id='word_1_7' title='bbox 242 267 281 302; x_wconf 89' lang='lat' dir='ltr'>loco</span> <span class='ocrx_word' id='word_1_8' title='bbox 291 267 378 311; x_wconf 89' lang='lat' dir='ltr'>fundauit,</span> <span class='ocrx_word' id='word_1_9' title='bbox 387 272 405 303; x_wconf 92' lang='lat' dir='ltr'>et</span> <span class='ocrx_word' id='word_1_10' title='bbox 417 268 492 303; x_wconf 82' lang='lat' dir='ltr'>multis¹</span> <span class='ocrx_word' id='word_1_11' title='bbox 499 267 649 313; x_wconf 78' lang='lat' dir='ltr'>possessionibus</span> <span class='ocrx_word' id='word_1_12' title='bbox 661 265 740 302; x_wconf 83' lang='lat' dir='ltr'>adauxit.</span> <span class='ocrx_word' id='word_1_13' title='bbox 784 259 844 302; x_wconf 88' lang='lat' dir='ltr'>Tem·</span> 
     </span>
     <span class='ocr_line' id='line_1_3' title="bbox 141 319 844 365; baseline -0.001 -10"><span class='ocrx_word' id='word_1_14' title='bbox 141 331 187 365; x_wconf 84' lang='lat' dir='ltr'>pore</span> <span class='ocrx_word' id='word_1_15' title='bbox 200 321 265 355; x_wconf 88' lang='lat' dir='ltr'>Canuti</span> <span class='ocrx_word' id='word_1_16' title='bbox 281 321 329 365; x_wconf 86' lang='lat' dir='ltr'>regis</span> <span class='ocrx_word' id='word_1_17' title='bbox 345 332 387 355; x_wconf 92' lang='lat' dir='ltr'>cum</span> <span class='ocrx_word' id='word_1_18' title='bbox 403 321 484 356; x_wconf 90' lang='lat' dir='ltr'>aDanis</span> <span class='ocrx_word' id='word_1_19' title='bbox 500 321 587 356; x_wconf 86' lang='lat' dir='ltr'>scrinium</span> <span class='ocrx_word' id='word_1_20' title='bbox 602 322 660 355; x_wconf 88' lang='lat' dir='ltr'>sancti</span> <span class='ocrx_word' id='word_1_21' title='bbox 673 319 757 355; x_wconf 89' lang='lat' dir='ltr'>Edwoldi</span> <span class='ocrx_word' id='word_1_22' title='bbox 770 320 844 354; x_wconf 89' lang='lat' dir='ltr'>omnino</span> 
     </span>
     <span class='ocr_line' id='line_1_4' title="bbox 142 373 843 418; baseline -0.001 -11"><span class='ocrx_word' id='word_1_23' title='bbox 142 374 256 417; x_wconf 86' lang='lat' dir='ltr'>spoliaretur,</span> <span class='ocrx_word' id='word_1_24' title='bbox 262 380 339 417; x_wconf 90' lang='lat' dir='ltr'>quatuor</span> <span class='ocrx_word' id='word_1_25' title='bbox 345 374 471 409; x_wconf 84' lang='lat' dir='ltr'>malefactores</span> <span class='ocrx_word' id='word_1_26' title='bbox 478 375 538 409; x_wconf 91' lang='lat' dir='ltr'>subito</span> <span class='ocrx_word' id='word_1_27' title='bbox 545 375 628 418; x_wconf 84' lang='lat' dir='ltr'>percussi</span> <span class='ocrx_word' id='word_1_28' title='bbox 634 374 710 407; x_wconf 82' lang='lat' dir='ltr'>cecitate</span> <span class='ocrx_word' id='word_1_29' title='bbox 717 373 826 407; x_wconf 87' lang='lat' dir='ltr'>interierunt</span> <span class='ocrx_word' id='word_1_30' title='bbox 831 374 843 415; x_wconf 73' lang='lat'>²,</span> 
     </span>
     <span class='ocr_line' id='line_1_5' title="bbox 142 426 845 470; baseline 0 -11"><span class='ocrx_word' id='word_1_31' title='bbox 142 432 160 460; x_wconf 89' lang='lat' dir='ltr'>et</span> <span class='ocrx_word' id='word_1_32' title='bbox 175 426 240 470; x_wconf 83' lang='lat' dir='ltr'>reliqui</span> <span class='ocrx_word' id='word_1_33' title='bbox 253 427 321 460; x_wconf 91' lang='lat' dir='ltr'>amisso</span> <span class='ocrx_word' id='word_1_34' title='bbox 334 427 428 460; x_wconf 86' lang='lat' dir='ltr'>oculorum</span> <span class='ocrx_word' id='word_1_35' title='bbox 440 427 482 461; x_wconf 89' lang='lat' dir='ltr'>visu</span> <span class='ocrx_word' id='word_1_36' title='bbox 496 427 576 461; x_wconf 88' lang='lat' dir='ltr'>amentia</span> <span class='ocrx_word' id='word_1_37' title='bbox 588 432 607 461; x_wconf 89' lang='lat' dir='ltr'>et</span> <span class='ocrx_word' id='word_1_38' title='bbox 618 426 669 461; x_wconf 91' lang='lat' dir='ltr'>varia</span> <span class='ocrx_word' id='word_1_39' title='bbox 682 437 731 470; x_wconf 88' lang='lat' dir='ltr'>pena</span> <span class='ocrx_word' id='word_1_40' title='bbox 746 426 845 470; x_wconf 78' lang='lat' dir='ltr'>perierunt</span> 
     </span>
    </p>

    <p class='ocr_par' dir='ltr' id='par_1_3' title="bbox 125 479 845 736">
     <span class='ocr_line' id='line_1_6' title="bbox 125 479 844 524; baseline -0.003 -9"><span class='ocrx_word' id='word_1_41' title='bbox 125 485 133 515; x_wconf 87' lang='lat'><strong>5</strong></span> <span class='ocrx_word' id='word_1_42' title='bbox 142 479 212 514; x_wconf 83' lang='lat' dir='ltr'>Dicitur</span> <span class='ocrx_word' id='word_1_43' title='bbox 219 485 280 514; x_wconf 86' lang='lat' dir='ltr'>autem</span> <span class='ocrx_word' id='word_1_44' title='bbox 288 480 393 514; x_wconf 91' lang='lat' dir='ltr'>Cernelium</span> <span class='ocrx_word' id='word_1_45' title='bbox 401 491 412 514; x_wconf 87' lang='lat' dir='ltr'>a</span> <span class='ocrx_word' id='word_1_46' title='bbox 419 482 424 498; x_wconf 90' lang='lat'><em>‘</em></span> <span class='ocrx_word' id='word_1_47' title='bbox 430 481 497 524; x_wconf 89' lang='lat' dir='ltr'>cerno,’</span> <span class='ocrx_word' id='word_1_48' title='bbox 504 485 522 515; x_wconf 88' lang='lat' dir='ltr'>et</span> <span class='ocrx_word' id='word_1_49' title='bbox 530 481 557 515; x_wconf 89' lang='lat' dir='ltr'>‘el</span> <span class='ocrx_word' id='word_1_50' title='bbox 563 482 567 495; x_wconf 85' lang='lat'><em>&#39;</em></span> <span class='ocrx_word' id='word_1_51' title='bbox 574 481 625 522; x_wconf 92' lang='lat' dir='ltr'>deus,</span> <span class='ocrx_word' id='word_1_52' title='bbox 632 479 684 524; x_wconf 88' lang='lat' dir='ltr'>quasi</span> <span class='ocrx_word' id='word_1_53' title='bbox 692 489 771 514; x_wconf 89' lang='lat' dir='ltr'>cernens</span> <span class='ocrx_word' id='word_1_54' title='bbox 779 480 844 521; x_wconf 81' lang='lat' dir='ltr'>deum;</span> 
     </span>
     <span class='ocr_line' id='line_1_7' title="bbox 141 532 845 578; baseline 0 -12"><span class='ocrx_word' id='word_1_55' title='bbox 141 532 166 567; x_wconf 90' lang='lat' dir='ltr'>ibi</span> <span class='ocrx_word' id='word_1_56' title='bbox 172 532 221 566; x_wconf 88' lang='lat' dir='ltr'>enim</span> <span class='ocrx_word' id='word_1_57' title='bbox 228 538 301 567; x_wconf 88' lang='lat' dir='ltr'>sanctus</span> <span class='ocrx_word' id='word_1_58' title='bbox 306 533 426 578; x_wconf 86' lang='lat' dir='ltr'>Augustinus,</span> <span class='ocrx_word' id='word_1_59' title='bbox 432 538 452 568; x_wconf 94' lang='lat' dir='ltr'>vt</span> <span class='ocrx_word' id='word_1_60' title='bbox 459 533 479 568; x_wconf 94' lang='lat' dir='ltr'>in</span> <span class='ocrx_word' id='word_1_61' title='bbox 483 533 521 568; x_wconf 91' lang='lat' dir='ltr'>vita</span> <span class='ocrx_word' id='word_1_62' title='bbox 526 533 565 568; x_wconf 91' lang='lat' dir='ltr'>eius</span> <span class='ocrx_word' id='word_1_63' title='bbox 574 533 659 578; x_wconf 87' lang='lat' dir='ltr'>superius</span> <span class='ocrx_word' id='word_1_64' title='bbox 668 532 782 578; x_wconf 85' lang='lat' dir='ltr'>exprimitur,</span> <span class='ocrx_word' id='word_1_65' title='bbox 789 532 845 567; x_wconf 88' lang='lat' dir='ltr'>deum</span> 
     </span>
     <span class='ocr_line' id='line_1_8' title="bbox 141 585 845 629; baseline 0 -10"><span class='ocrx_word' id='word_1_66' title='bbox 141 586 176 620; x_wconf 88' lang='lat' dir='ltr'>sibi</span> <span class='ocrx_word' id='word_1_67' title='bbox 189 586 296 629; x_wconf 87' lang='lat' dir='ltr'>loquentem</span> <span class='ocrx_word' id='word_1_68' title='bbox 309 588 372 620; x_wconf 91' lang='lat' dir='ltr'>audire</span> <span class='ocrx_word' id='word_1_69' title='bbox 386 586 458 621; x_wconf 84' lang='lat' dir='ltr'>meruit.</span> <span class='ocrx_word' id='word_1_70' title='bbox 481 587 544 621; x_wconf 90' lang='lat' dir='ltr'>Potest</span> <span class='ocrx_word' id='word_1_71' title='bbox 557 587 612 621; x_wconf 89' lang='lat' dir='ltr'>etiam</span> <span class='ocrx_word' id='word_1_72' title='bbox 626 586 661 620; x_wconf 90' lang='lat' dir='ltr'>dici</span> <span class='ocrx_word' id='word_1_73' title='bbox 674 585 779 620; x_wconf 86' lang='lat' dir='ltr'>Cernelium</span> <span class='ocrx_word' id='word_1_74' title='bbox 793 586 845 629; x_wconf 84' lang='lat' dir='ltr'>quasi</span> 
     </span>
     <span class='ocr_line' id='line_1_9' title="bbox 141 638 845 683; baseline 0 -11"><span class='ocrx_word' id='word_1_75' title='bbox 141 649 219 673; x_wconf 89' lang='lat' dir='ltr'>cernens</span> <span class='ocrx_word' id='word_1_76' title='bbox 231 640 282 672; x_wconf 92' lang='lat' dir='ltr'>illum</span> <span class='ocrx_word' id='word_1_77' title='bbox 293 650 304 673; x_wconf 92' lang='lat' dir='ltr'>a</span> <span class='ocrx_word' id='word_1_78' title='bbox 316 651 352 683; x_wconf 90' lang='lat' dir='ltr'>quo</span> <span class='ocrx_word' id='word_1_79' title='bbox 364 640 430 681; x_wconf 90' lang='lat' dir='ltr'>omnia,</span> <span class='ocrx_word' id='word_1_80' title='bbox 438 650 473 683; x_wconf 91' lang='lat' dir='ltr'>per</span> <span class='ocrx_word' id='word_1_81' title='bbox 484 650 540 683; x_wconf 88' lang='lat' dir='ltr'>quem</span> <span class='ocrx_word' id='word_1_82' title='bbox 551 640 618 681; x_wconf 81' lang='lat' dir='ltr'>omnia,</span> <span class='ocrx_word' id='word_1_83' title='bbox 626 639 645 673; x_wconf 91' lang='lat' dir='ltr'>in</span> <span class='ocrx_word' id='word_1_84' title='bbox 657 650 693 683; x_wconf 92' lang='lat' dir='ltr'>quo</span> <span class='ocrx_word' id='word_1_85' title='bbox 705 638 772 673; x_wconf 90' lang='lat' dir='ltr'>omnia.</span> <span class='ocrx_word' id='word_1_86' title='bbox 795 638 845 672; x_wconf 91' lang='lat' dir='ltr'>Fons</span> 
     </span>
     <span class='ocr_line' id='line_1_10' title="bbox 141 690 845 736; baseline -0.001 -11"><span class='ocrx_word' id='word_1_87' title='bbox 141 697 203 726; x_wconf 88' lang='lat' dir='ltr'>autem</span> <span class='ocrx_word' id='word_1_88' title='bbox 214 691 267 726; x_wconf 87' lang='lat' dir='ltr'>viuus</span> <span class='ocrx_word' id='word_1_89' title='bbox 279 693 298 726; x_wconf 91' lang='lat' dir='ltr'>in</span> <span class='ocrx_word' id='word_1_90' title='bbox 310 692 349 726; x_wconf 89' lang='lat' dir='ltr'>loco</span> <span class='ocrx_word' id='word_1_91' title='bbox 361 692 380 725; x_wconf 94' lang='lat' dir='ltr'>in</span> <span class='ocrx_word' id='word_1_92' title='bbox 392 703 428 736; x_wconf 92' lang='lat' dir='ltr'>quo</span> <span class='ocrx_word' id='word_1_93' title='bbox 440 694 487 726; x_wconf 90' lang='lat' dir='ltr'>deus</span> <span class='ocrx_word' id='word_1_94' title='bbox 498 693 552 726; x_wconf 91' lang='lat' dir='ltr'>beato</span> <span class='ocrx_word' id='word_1_95' title='bbox 560 692 663 736; x_wconf 84' lang='lat' dir='ltr'>Augustino</span> <span class='ocrx_word' id='word_1_96' title='bbox 675 691 765 735; x_wconf 89' lang='lat' dir='ltr'>apparuit,</span> <span class='ocrx_word' id='word_1_97' title='bbox 777 690 845 725; x_wconf 86' lang='lat' dir='ltr'>indesi-</span> 
     </span>
    </p>

    <p class='ocr_par' dir='ltr' id='par_1_4' title="bbox 115 744 845 841">
     <span class='ocr_line' id='line_1_11' title="bbox 115 744 845 789; baseline 0.003 -14"><span class='ocrx_word' id='word_1_98' title='bbox 115 753 134 774; x_wconf 93' lang='lat'>10</span> <span class='ocrx_word' id='word_1_99' title='bbox 142 749 207 778; x_wconf 87' lang='lat' dir='ltr'>nenter</span> <span class='ocrx_word' id='word_1_100' title='bbox 220 750 303 787; x_wconf 86' lang='lat' dir='ltr'>emanat;</span> <span class='ocrx_word' id='word_1_101' title='bbox 320 755 378 789; x_wconf 89' lang='lat' dir='ltr'>super</span> <span class='ocrx_word' id='word_1_102' title='bbox 391 756 447 789; x_wconf 90' lang='lat' dir='ltr'>quem</span> <span class='ocrx_word' id='word_1_103' title='bbox 460 745 506 778; x_wconf 90' lang='lat' dir='ltr'>satis</span> <span class='ocrx_word' id='word_1_104' title='bbox 518 745 580 789; x_wconf 88' lang='lat' dir='ltr'>ampla</span> <span class='ocrx_word' id='word_1_105' title='bbox 593 745 679 778; x_wconf 78' lang='lat' dir='ltr'>fundatur</span> <span class='ocrx_word' id='word_1_106' title='bbox 690 744 766 788; x_wconf 86' lang='lat' dir='ltr'>capella,</span> <span class='ocrx_word' id='word_1_107' title='bbox 779 749 798 778; x_wconf 87' lang='lat' dir='ltr'>et</span> <span class='ocrx_word' id='word_1_108' title='bbox 811 745 845 777; x_wconf 89' lang='lat' dir='ltr'>sub</span> 
     </span>
     <span class='ocr_line' id='line_1_12' title="bbox 142 796 492 841; baseline 0 -10"><span class='ocrx_word' id='word_1_109' title='bbox 142 796 193 831; x_wconf 86' lang='lat' dir='ltr'>altari</span> <span class='ocrx_word' id='word_1_110' title='bbox 201 802 273 831; x_wconf 88' lang='lat' dir='ltr'>arcuato</span> <span class='ocrx_word' id='word_1_111' title='bbox 281 797 336 831; x_wconf 86' lang='lat' dir='ltr'>fontis</span> <span class='ocrx_word' id='word_1_112' title='bbox 344 797 396 841; x_wconf 86' lang='lat' dir='ltr'>origo</span> <span class='ocrx_word' id='word_1_113' title='bbox 404 797 492 831; x_wconf 83' lang='lat' dir='ltr'>consistit.</span> 
     </span>
    </p>
   </div>
   <div class='ocr_carea' id='block_1_3' title="bbox 429 880 558 919">
    <p class='ocr_par' dir='ltr' id='par_1_5' title="bbox 429 880 558 919">
     <span class='ocr_line' id='line_1_13' title="bbox 429 880 558 919; baseline 0.008 -4"><span class='ocrx_word' id='word_1_114' title='bbox 429 882 444 919; x_wconf 62' lang='lat' dir='ltr'>ti</span> <span class='ocrx_word' id='word_1_115' title='bbox 455 880 558 917; x_wconf 66' lang='lat' dir='ltr'>Narratrot.</span> 
     </span>
    </p>
   </div>
   <div class='ocr_carea' id='block_1_4' title="bbox 116 953 846 1688">
    <p class='ocr_par' dir='ltr' id='par_1_6' title="bbox 116 953 846 1688">
     <span class='ocr_line' id='line_1_14' title="bbox 166 953 845 1005; baseline -0.001 -11"><span class='ocrx_word' id='word_1_116' title='bbox 166 953 189 996; x_wconf 86' lang='lat' dir='ltr'>ln</span> <span class='ocrx_word' id='word_1_117' title='bbox 198 960 281 995; x_wconf 89' lang='lat' dir='ltr'>Bononie</span> <span class='ocrx_word' id='word_1_118' title='bbox 292 960 376 1005; x_wconf 88' lang='lat' dir='ltr'>partibus</span> <span class='ocrx_word' id='word_1_119' title='bbox 387 962 423 995; x_wconf 92' lang='lat' dir='ltr'>duo</span> <span class='ocrx_word' id='word_1_120' title='bbox 434 962 508 1005; x_wconf 90' lang='lat' dir='ltr'>quidam</span> <span class='ocrx_word' id='word_1_121' title='bbox 520 960 573 995; x_wconf 86' lang='lat' dir='ltr'>amici</span> <span class='ocrx_word' id='word_1_122' title='bbox 584 966 602 995; x_wconf 84' lang='lat' dir='ltr'>et</span> <span class='ocrx_word' id='word_1_123' title='bbox 614 965 718 1004; x_wconf 86' lang='lat' dir='ltr'>compatres</span> <span class='ocrx_word' id='word_1_124' title='bbox 729 959 749 993; x_wconf 88' lang='lat' dir='ltr'>in</span> <span class='ocrx_word' id='word_1_125' title='bbox 760 958 845 993; x_wconf 86' lang='lat' dir='ltr'>conuiuio</span> 
     </span>
     <span class='ocr_line' id='line_1_15' title="bbox 143 1013 845 1057; baseline -0.001 -10"><span class='ocrx_word' id='word_1_126' title='bbox 143 1014 292 1056; x_wconf 85' lang='lat' dir='ltr'>discumbebant;</span> <span class='ocrx_word' id='word_1_127' title='bbox 304 1014 371 1057; x_wconf 91' lang='lat' dir='ltr'>quibus</span> <span class='ocrx_word' id='word_1_128' title='bbox 382 1015 446 1048; x_wconf 89' lang='lat' dir='ltr'>allatus</span> <span class='ocrx_word' id='word_1_129' title='bbox 458 1019 486 1049; x_wconf 87' lang='lat' dir='ltr'>est</span> <span class='ocrx_word' id='word_1_130' title='bbox 495 1015 558 1057; x_wconf 86' lang='lat' dir='ltr'>gallus,</span> <span class='ocrx_word' id='word_1_131' title='bbox 567 1024 622 1057; x_wconf 91' lang='lat' dir='ltr'>quem</span> <span class='ocrx_word' id='word_1_132' title='bbox 629 1024 677 1047; x_wconf 91' lang='lat' dir='ltr'>vnus</span> <span class='ocrx_word' id='word_1_133' title='bbox 687 1013 761 1046; x_wconf 88' lang='lat' dir='ltr'>illorum</span> <span class='ocrx_word' id='word_1_134' title='bbox 771 1017 845 1056; x_wconf 88' lang='lat' dir='ltr'>arrepto</span> 
     </span>
     <span class='ocr_line' id='line_1_16' title="bbox 143 1065 846 1110; baseline -0.003 -10"><span class='ocrx_word' id='word_1_135' title='bbox 143 1066 216 1101; x_wconf 80' lang='lat' dir='ltr'>cultello</span> <span class='ocrx_word' id='word_1_136' title='bbox 228 1067 253 1110; x_wconf 88' lang='lat' dir='ltr'>(vt</span> <span class='ocrx_word' id='word_1_137' title='bbox 265 1078 306 1100; x_wconf 90' lang='lat' dir='ltr'>mos</span> <span class='ocrx_word' id='word_1_138' title='bbox 318 1068 353 1110; x_wconf 89' lang='lat' dir='ltr'>est)</span> <span class='ocrx_word' id='word_1_139' title='bbox 363 1066 382 1100; x_wconf 94' lang='lat' dir='ltr'>in</span> <span class='ocrx_word' id='word_1_140' title='bbox 394 1067 452 1101; x_wconf 88' lang='lat' dir='ltr'>frusta</span> <span class='ocrx_word' id='word_1_141' title='bbox 463 1066 550 1109; x_wconf 87' lang='lat' dir='ltr'>desecuit,</span> <span class='ocrx_word' id='word_1_142' title='bbox 558 1067 658 1110; x_wconf 89' lang='lat' dir='ltr'>tritumque</span> <span class='ocrx_word' id='word_1_143' title='bbox 669 1066 723 1110; x_wconf 90' lang='lat' dir='ltr'>piper</span> <span class='ocrx_word' id='word_1_144' title='bbox 734 1076 776 1099; x_wconf 90' lang='lat' dir='ltr'>cum</span> <span class='ocrx_word' id='word_1_145' title='bbox 788 1065 846 1109; x_wconf 88' lang='lat' dir='ltr'>liqua-</span> 
     </span>
     <span class='ocr_line' id='line_1_17' title="bbox 116 1118 846 1161; baseline -0.001 -10"><span class='ocrx_word' id='word_1_146' title='bbox 116 1131 134 1160; x_wconf 88' lang='lat'>15</span> <span class='ocrx_word' id='word_1_147' title='bbox 143 1120 192 1152; x_wconf 89' lang='lat' dir='ltr'>mine</span> <span class='ocrx_word' id='word_1_148' title='bbox 200 1119 307 1161; x_wconf 64' lang='lat' dir='ltr'>superfudit.</span> <span class='ocrx_word' id='word_1_149' title='bbox 331 1119 372 1160; x_wconf 81' lang='lat' dir='ltr'>Quo</span> <span class='ocrx_word' id='word_1_150' title='bbox 381 1119 428 1151; x_wconf 86' lang='lat' dir='ltr'>sacto</span> <span class='ocrx_word' id='word_1_151' title='bbox 437 1120 484 1152; x_wconf 89' lang='lat' dir='ltr'>alter</span> <span class='ocrx_word' id='word_1_152' title='bbox 491 1119 526 1152; x_wconf 88' lang='lat' dir='ltr'>ait:</span> <span class='ocrx_word' id='word_1_153' title='bbox 539 1119 638 1159; x_wconf 85' lang='lat' dir='ltr'>‘Profecto,</span> <span class='ocrx_word' id='word_1_154' title='bbox 647 1124 745 1161; x_wconf 86' lang='lat' dir='ltr'>compater,</span> <span class='ocrx_word' id='word_1_155' title='bbox 754 1118 780 1150; x_wconf 88' lang='lat' dir='ltr'>sic</span> <span class='ocrx_word' id='word_1_156' title='bbox 788 1118 846 1160; x_wconf 87' lang='lat' dir='ltr'>expli-</span> 
     </span>
     <span class='ocr_line' id='line_1_18' title="bbox 143 1170 845 1215; baseline -0.004 -9"><span class='ocrx_word' id='word_1_157' title='bbox 143 1170 195 1206; x_wconf 89' lang='lat' dir='ltr'>cuisti</span> <span class='ocrx_word' id='word_1_158' title='bbox 207 1171 275 1214; x_wconf 87' lang='lat' dir='ltr'>gallum</span> <span class='ocrx_word' id='word_1_159' title='bbox 287 1171 341 1212; x_wconf 92' lang='lat' dir='ltr'>hunc,</span> <span class='ocrx_word' id='word_1_160' title='bbox 352 1177 371 1206; x_wconf 90' lang='lat' dir='ltr'>vt</span> <span class='ocrx_word' id='word_1_161' title='bbox 383 1171 423 1215; x_wconf 92' lang='lat' dir='ltr'>ipse</span> <span class='ocrx_word' id='word_1_162' title='bbox 435 1171 507 1214; x_wconf 82' lang='lat' dir='ltr'>Petrus,</span> <span class='ocrx_word' id='word_1_163' title='bbox 517 1171 572 1205; x_wconf 91' lang='lat' dir='ltr'>etiam</span> <span class='ocrx_word' id='word_1_164' title='bbox 583 1170 599 1205; x_wconf 92' lang='lat' dir='ltr'>si</span> <span class='ocrx_word' id='word_1_165' title='bbox 611 1170 659 1213; x_wconf 89' lang='lat' dir='ltr'>velit,</span> <span class='ocrx_word' id='word_1_166' title='bbox 671 1170 797 1214; x_wconf 86' lang='lat' dir='ltr'>redintegrare</span> <span class='ocrx_word' id='word_1_167' title='bbox 808 1180 845 1204; x_wconf 91' lang='lat' dir='ltr'>non</span> 
     </span>
     <span class='ocr_line' id='line_1_19' title="bbox 142 1222 845 1268; baseline -0.001 -11"><span class='ocrx_word' id='word_1_168' title='bbox 142 1223 212 1268; x_wconf 67' lang='lat' dir='ltr'>possit!</span> <span class='ocrx_word' id='word_1_169' title='bbox 235 1224 269 1258; x_wconf 88' lang='lat' dir='ltr'>Cui</span> <span class='ocrx_word' id='word_1_170' title='bbox 280 1234 324 1257; x_wconf 90' lang='lat' dir='ltr'>mox</span> <span class='ocrx_word' id='word_1_171' title='bbox 335 1223 395 1257; x_wconf 89' lang='lat' dir='ltr'>intulit</span> <span class='ocrx_word' id='word_1_172' title='bbox 407 1223 464 1258; x_wconf 86' lang='lat' dir='ltr'>alter:</span> <span class='ocrx_word' id='word_1_173' title='bbox 478 1223 550 1265; x_wconf 69' lang='lat' dir='ltr'>‘Plane</span> <span class='ocrx_word' id='word_1_174' title='bbox 559 1234 596 1257; x_wconf 90' lang='lat' dir='ltr'>non</span> <span class='ocrx_word' id='word_1_175' title='bbox 607 1224 662 1257; x_wconf 90' lang='lat' dir='ltr'>modo</span> <span class='ocrx_word' id='word_1_176' title='bbox 673 1222 689 1257; x_wconf 93' lang='lat' dir='ltr'>si</span> <span class='ocrx_word' id='word_1_177' title='bbox 701 1223 765 1257; x_wconf 87' lang='lat' dir='ltr'>beatus</span> <span class='ocrx_word' id='word_1_178' title='bbox 774 1222 845 1265; x_wconf 91' lang='lat' dir='ltr'>Petrus,</span> 
     </span>
     <span class='ocr_line' id='line_1_20' title="bbox 143 1276 845 1320; baseline -0.004 -9"><span class='ocrx_word' id='word_1_179' title='bbox 143 1278 176 1311; x_wconf 90' lang='lat' dir='ltr'>sed</span> <span class='ocrx_word' id='word_1_180' title='bbox 188 1282 206 1310; x_wconf 91' lang='lat' dir='ltr'>et</span> <span class='ocrx_word' id='word_1_181' title='bbox 219 1277 235 1310; x_wconf 90' lang='lat' dir='ltr'>si</span> <span class='ocrx_word' id='word_1_182' title='bbox 246 1277 287 1320; x_wconf 88' lang='lat' dir='ltr'>ipse</span> <span class='ocrx_word' id='word_1_183' title='bbox 299 1276 383 1310; x_wconf 88' lang='lat' dir='ltr'>Christus</span> <span class='ocrx_word' id='word_1_184' title='bbox 395 1277 500 1320; x_wconf 84' lang='lat' dir='ltr'>imperaret,</span> <span class='ocrx_word' id='word_1_185' title='bbox 510 1277 539 1310; x_wconf 92' lang='lat' dir='ltr'>hic</span> <span class='ocrx_word' id='word_1_186' title='bbox 552 1276 689 1320; x_wconf 88' lang='lat' dir='ltr'>imperpetuum</span> <span class='ocrx_word' id='word_1_187' title='bbox 702 1287 739 1309; x_wconf 90' lang='lat' dir='ltr'>non</span> <span class='ocrx_word' id='word_1_188' title='bbox 751 1277 845 1319; x_wconf 66' lang='lat' dir='ltr'>resurget!</span> 
     </span>
     <span class='ocr_line' id='line_1_21' title="bbox 142 1328 845 1373; baseline -0.003 -9"><span class='ocrx_word' id='word_1_189' title='bbox 142 1330 172 1364; x_wconf 87' lang='lat' dir='ltr'>Ad</span> <span class='ocrx_word' id='word_1_190' title='bbox 187 1330 234 1363; x_wconf 89' lang='lat' dir='ltr'>hanc</span> <span class='ocrx_word' id='word_1_191' title='bbox 248 1340 313 1363; x_wconf 89' lang='lat' dir='ltr'>vocem</span> <span class='ocrx_word' id='word_1_192' title='bbox 328 1334 404 1373; x_wconf 88' lang='lat' dir='ltr'>repente</span> <span class='ocrx_word' id='word_1_193' title='bbox 421 1330 480 1373; x_wconf 87' lang='lat' dir='ltr'>gallus</span> <span class='ocrx_word' id='word_1_194' title='bbox 495 1330 549 1364; x_wconf 89' lang='lat' dir='ltr'>viuus</span> <span class='ocrx_word' id='word_1_195' title='bbox 566 1334 584 1363; x_wconf 88' lang='lat' dir='ltr'>et</span> <span class='ocrx_word' id='word_1_196' title='bbox 599 1328 678 1373; x_wconf 60' lang='lat' dir='ltr'>plumis*</span> <span class='ocrx_word' id='word_1_197' title='bbox 693 1333 791 1372; x_wconf 87' lang='lat' dir='ltr'>coopertus</span> <span class='ocrx_word' id='word_1_198' title='bbox 807 1328 845 1362; x_wconf 92' lang='lat' dir='ltr'>exi-</span> 
     </span>
     <span class='ocr_line' id='line_1_22' title="bbox 116 1381 846 1426; baseline -0.001 -10"><span class='ocrx_word' id='word_1_199' title='bbox 116 1395 135 1416; x_wconf 78' lang='lat' dir='ltr'>ro</span> <span class='ocrx_word' id='word_1_200' title='bbox 143 1382 187 1425; x_wconf 78' lang='lat' dir='ltr'>liuit,</span> <span class='ocrx_word' id='word_1_201' title='bbox 199 1383 237 1416; x_wconf 88' lang='lat' dir='ltr'>alas</span> <span class='ocrx_word' id='word_1_202' title='bbox 250 1382 343 1426; x_wconf 88' lang='lat' dir='ltr'>percussit</span> <span class='ocrx_word' id='word_1_203' title='bbox 356 1387 374 1416; x_wconf 91' lang='lat' dir='ltr'>et</span> <span class='ocrx_word' id='word_1_204' title='bbox 387 1383 458 1425; x_wconf 90' lang='lat' dir='ltr'>cecinit,</span> <span class='ocrx_word' id='word_1_205' title='bbox 470 1382 552 1416; x_wconf 79' lang='lat' dir='ltr'>excussit</span> <span class='ocrx_word' id='word_1_206' title='bbox 563 1382 636 1426; x_wconf 91' lang='lat' dir='ltr'>plumas</span> <span class='ocrx_word' id='word_1_207' title='bbox 647 1386 742 1425; x_wconf 89' lang='lat' dir='ltr'>totumque</span> <span class='ocrx_word' id='word_1_208' title='bbox 753 1381 846 1425; x_wconf 87' lang='lat' dir='ltr'>liquamen</span> 
     </span>
     <span class='ocr_line' id='line_1_23' title="bbox 143 1434 846 1480; baseline -0.003 -10"><span class='ocrx_word' id='word_1_209' title='bbox 143 1446 200 1480; x_wconf 90' lang='lat' dir='ltr'>super</span> <span class='ocrx_word' id='word_1_210' title='bbox 208 1447 240 1470; x_wconf 89' lang='lat' dir='ltr'>eos</span> <span class='ocrx_word' id='word_1_211' title='bbox 248 1435 279 1479; x_wconf 92' lang='lat' dir='ltr'>qui</span> <span class='ocrx_word' id='word_1_212' title='bbox 287 1436 445 1470; x_wconf 85' lang='lat' dir='ltr'>conuescebantur</span> <span class='ocrx_word' id='word_1_213' title='bbox 452 1435 536 1479; x_wconf 86' lang='lat' dir='ltr'>aspersit.</span> <span class='ocrx_word' id='word_1_214' title='bbox 560 1435 610 1469; x_wconf 87' lang='lat' dir='ltr'>illico</span> <span class='ocrx_word' id='word_1_215' title='bbox 620 1434 704 1478; x_wconf 85' lang='lat' dir='ltr'>sacrilegi</span> <span class='ocrx_word' id='word_1_216' title='bbox 714 1434 818 1478; x_wconf 89' lang='lat' dir='ltr'>blasphemi</span> <span class='ocrx_word' id='word_1_217' title='bbox 826 1435 846 1469; x_wconf 92' lang='lat' dir='ltr'>in</span> 
     </span>
     <span class='ocr_line' id='line_1_24' title="bbox 143 1486 846 1533; baseline -0.003 -11"><span class='ocrx_word' id='word_1_218' title='bbox 143 1488 250 1533; x_wconf 82' lang='lat' dir='ltr'>aspersione</span> <span class='ocrx_word' id='word_1_219' title='bbox 262 1487 332 1532; x_wconf 85' lang='lat' dir='ltr'>piperis</span> <span class='ocrx_word' id='word_1_220' title='bbox 345 1487 397 1531; x_wconf 89' lang='lat' dir='ltr'>lepra</span> <span class='ocrx_word' id='word_1_221' title='bbox 409 1487 492 1531; x_wconf 89' lang='lat' dir='ltr'>percussi</span> <span class='ocrx_word' id='word_1_222' title='bbox 506 1492 560 1521; x_wconf 88' lang='lat' dir='ltr'>sunt:</span> <span class='ocrx_word' id='word_1_223' title='bbox 577 1498 613 1531; x_wconf 91' lang='lat' dir='ltr'>que</span> <span class='ocrx_word' id='word_1_224' title='bbox 625 1488 679 1531; x_wconf 87' lang='lat' dir='ltr'>plaga</span> <span class='ocrx_word' id='word_1_225' title='bbox 692 1487 743 1531; x_wconf 91' lang='lat' dir='ltr'>lepre</span> <span class='ocrx_word' id='word_1_226' title='bbox 759 1487 813 1521; x_wconf 89' lang='lat' dir='ltr'>etiam</span> <span class='ocrx_word' id='word_1_227' title='bbox 826 1486 846 1521; x_wconf 91' lang='lat' dir='ltr'>in</span> 
     </span>
     <span class='ocr_line' id='line_1_25' title="bbox 143 1539 846 1585; baseline 0 -12"><span class='ocrx_word' id='word_1_228' title='bbox 143 1540 222 1585; x_wconf 86' lang='lat' dir='ltr'>posteris</span> <span class='ocrx_word' id='word_1_229' title='bbox 237 1551 301 1574; x_wconf 88' lang='lat' dir='ltr'>eorum</span> <span class='ocrx_word' id='word_1_230' title='bbox 317 1539 426 1573; x_wconf 88' lang='lat' dir='ltr'>hereditaria</span> <span class='ocrx_word' id='word_1_231' title='bbox 439 1540 541 1583; x_wconf 89' lang='lat' dir='ltr'>permansit</span> <span class='ocrx_word' id='word_1_232' title='bbox 553 1551 611 1583; x_wconf 88' lang='lat' dir='ltr'>vsque</span> <span class='ocrx_word' id='word_1_233' title='bbox 625 1541 648 1574; x_wconf 90' lang='lat' dir='ltr'>ad</span> <span class='ocrx_word' id='word_1_234' title='bbox 662 1540 736 1574; x_wconf 90' lang='lat' dir='ltr'>obitum.</span> <span class='ocrx_word' id='word_1_235' title='bbox 758 1539 812 1573; x_wconf 92' lang='lat' dir='ltr'>Vnde</span> <span class='ocrx_word' id='word_1_236' title='bbox 827 1539 846 1573; x_wconf 94' lang='lat' dir='ltr'>in</span> 
     </span>
     <span class='ocr_line' id='line_1_26' title="bbox 144 1592 846 1637; baseline -0.003 -10"><span class='ocrx_word' id='word_1_237' title='bbox 144 1593 251 1627; x_wconf 84' lang='lat' dir='ltr'>famulatum</span> <span class='ocrx_word' id='word_1_238' title='bbox 259 1592 328 1627; x_wconf 88' lang='lat' dir='ltr'>subacti</span> <span class='ocrx_word' id='word_1_239' title='bbox 336 1597 379 1626; x_wconf 87' lang='lat' dir='ltr'>sunt</span> <span class='ocrx_word' id='word_1_240' title='bbox 387 1592 506 1627; x_wconf 88' lang='lat' dir='ltr'>bononiensis</span> <span class='ocrx_word' id='word_1_241' title='bbox 512 1593 589 1626; x_wconf 84' lang='lat' dir='ltr'>ecclesie</span> <span class='ocrx_word' id='word_1_242' title='bbox 595 1592 697 1637; x_wconf 61' lang='lat' dir='ltr'>quetbeati</span> <span class='ocrx_word' id='word_1_243' title='bbox 703 1592 752 1626; x_wconf 89' lang='lat' dir='ltr'>Petri</span> <span class='ocrx_word' id='word_1_244' title='bbox 758 1592 846 1626; x_wconf 88' lang='lat' dir='ltr'>vocabulo</span> 
     </span>
     <span class='ocr_line' id='line_1_27' title="bbox 144 1644 262 1688; baseline -0.008 -9"><span class='ocrx_word' id='word_1_245' title='bbox 144 1645 244 1688; x_wconf 81' lang='lat' dir='ltr'>insignitur</span> <span class='ocrx_word' id='word_1_246' title='bbox 251 1644 262 1678; x_wconf 58' lang='grc' dir='ltr'>ὓ.</span> 
     </span>
    </p>
   </div>
   <div class='ocr_carea' id='block_1_5' title="bbox 311 1732 678 1777">
    <p class='ocr_par' dir='ltr' id='par_1_7' title="bbox 311 1732 678 1777">
     <span class='ocr_line' id='line_1_28' title="bbox 311 1732 678 1777; baseline 0 -3"><span class='ocrx_word' id='word_1_247' title='bbox 311 1740 326 1777; x_wconf 69' lang='lat' dir='ltr'>ii</span> <span class='ocrx_word' id='word_1_248' title='bbox 339 1732 372 1774; x_wconf 79' lang='lat' dir='ltr'>Dr</span> <span class='ocrx_word' id='word_1_249' title='bbox 384 1750 454 1773; x_wconf 76' lang='lat' dir='ltr'>sxxcro</span> <span class='ocrx_word' id='word_1_250' title='bbox 467 1732 560 1774; x_wconf 75' lang='lat' dir='ltr'>ananro</span> <span class='ocrx_word' id='word_1_251' title='bbox 571 1751 661 1774; x_wconf 79' lang='lat' dir='ltr'>uoxxcno</span> <span class='ocrx_word' id='word_1_252' title='bbox 666 1740 678 1774; x_wconf 87' lang='lat'>⁷.</span> 
     </span>
    </p>
   </div>
   <div class='ocr_carea' id='block_1_6' title="bbox 116 1818 846 2233">
    <p class='ocr_par' dir='ltr' id='par_1_8' title="bbox 116 1818 846 2233">
     <span class='ocr_line' id='line_1_29' title="bbox 117 1818 846 1864; baseline 0.004 -14"><span class='ocrx_word' id='word_1_253' title='bbox 117 1829 135 1859; x_wconf 82' lang='lat'>25</span> <span class='ocrx_word' id='word_1_254' title='bbox 184 1819 226 1853; x_wconf 90' lang='lat' dir='ltr'>Nno</span> <span class='ocrx_word' id='word_1_255' title='bbox 245 1824 306 1854; x_wconf 87' lang='lat' dir='ltr'>autem</span> <span class='ocrx_word' id='word_1_256' title='bbox 323 1818 453 1854; x_wconf 88' lang='lat' dir='ltr'>incarnationis</span> <span class='ocrx_word' id='word_1_257' title='bbox 468 1819 559 1854; x_wconf 90' lang='lat' dir='ltr'>dominice</span> <span class='ocrx_word' id='word_1_258' title='bbox 576 1819 713 1854; x_wconf 89' lang='lat' dir='ltr'>sexcentesimo</span> <span class='ocrx_word' id='word_1_259' title='bbox 729 1819 846 1864; x_wconf 87' lang='lat' dir='ltr'>sexagesimo</span> 
     </span>
     <span class='ocr_line' id='line_1_30' title="bbox 206 1872 846 1918; baseline 0 -12"><span class='ocrx_word' id='word_1_260' title='bbox 206 1878 270 1916; x_wconf 88' lang='lat' dir='ltr'>quarto</span> <span class='ocrx_word' id='word_1_261' title='bbox 287 1872 347 1906; x_wconf 89' lang='lat' dir='ltr'>subita</span> <span class='ocrx_word' id='word_1_262' title='bbox 361 1872 466 1918; x_wconf 89' lang='lat' dir='ltr'>pestilentie</span> <span class='ocrx_word' id='word_1_263' title='bbox 481 1873 526 1916; x_wconf 90' lang='lat' dir='ltr'>lues,</span> <span class='ocrx_word' id='word_1_264' title='bbox 538 1873 654 1917; x_wconf 91' lang='lat' dir='ltr'>depopulatis</span> <span class='ocrx_word' id='word_1_265' title='bbox 669 1873 721 1917; x_wconf 90' lang='lat' dir='ltr'>prius</span> <span class='ocrx_word' id='word_1_266' title='bbox 736 1872 846 1907; x_wconf 86' lang='lat' dir='ltr'>australibus</span> 
     </span>
     <span class='ocr_line' id='line_1_31' title="bbox 144 1926 846 1972; baseline 0.001 -13"><span class='ocrx_word' id='word_1_267' title='bbox 144 1926 237 1960; x_wconf 88' lang='lat' dir='ltr'>Britannie</span> <span class='ocrx_word' id='word_1_268' title='bbox 246 1926 311 1971; x_wconf 88' lang='lat' dir='ltr'>plagis,</span> <span class='ocrx_word' id='word_1_269' title='bbox 320 1926 525 1960; x_wconf 89' lang='lat' dir='ltr'>Northanhumbrorum</span> <span class='ocrx_word' id='word_1_270' title='bbox 534 1938 607 1972; x_wconf 90' lang='lat' dir='ltr'>quoque</span> <span class='ocrx_word' id='word_1_271' title='bbox 617 1926 730 1971; x_wconf 88' lang='lat' dir='ltr'>prouinciam</span> <span class='ocrx_word' id='word_1_272' title='bbox 738 1926 846 1971; x_wconf 85' lang='lat' dir='ltr'>corripiens,</span> 
     </span>
     <span class='ocr_line' id='line_1_32' title="bbox 143 1979 845 2023; baseline 0.001 -11"><span class='ocrx_word' id='word_1_273' title='bbox 143 1985 197 2022; x_wconf 89' lang='lat' dir='ltr'>atque</span> <span class='ocrx_word' id='word_1_274' title='bbox 205 1980 272 2012; x_wconf 88' lang='lat' dir='ltr'>acerba</span> <span class='ocrx_word' id='word_1_275' title='bbox 278 1979 328 2013; x_wconf 86' lang='lat' dir='ltr'>clade</span> <span class='ocrx_word' id='word_1_276' title='bbox 335 1980 402 2014; x_wconf 89' lang='lat' dir='ltr'>diutius</span> <span class='ocrx_word' id='word_1_277' title='bbox 409 1980 463 2022; x_wconf 87' lang='lat' dir='ltr'>longe</span> <span class='ocrx_word' id='word_1_278' title='bbox 469 1980 541 2023; x_wconf 90' lang='lat' dir='ltr'>lateque</span> <span class='ocrx_word' id='word_1_279' title='bbox 548 1980 652 2021; x_wconf 89' lang='lat' dir='ltr'>deseuiens,</span> <span class='ocrx_word' id='word_1_280' title='bbox 658 1991 744 2023; x_wconf 83' lang='lat' dir='ltr'>magnam</span> <span class='ocrx_word' id='word_1_281' title='bbox 750 1979 845 2013; x_wconf 91' lang='lat' dir='ltr'>hominum</span> 
     </span>
     <span class='ocr_line' id='line_1_33' title="bbox 144 2031 846 2075; baseline 0 -10"><span class='ocrx_word' id='word_1_282' title='bbox 144 2031 278 2065; x_wconf 89' lang='lat' dir='ltr'>multitudinem</span> <span class='ocrx_word' id='word_1_283' title='bbox 293 2031 363 2065; x_wconf 84' lang='lat' dir='ltr'>strauit.</span> <span class='ocrx_word' id='word_1_284' title='bbox 386 2031 426 2065; x_wconf 90' lang='lat' dir='ltr'>Hec</span> <span class='ocrx_word' id='word_1_285' title='bbox 442 2036 503 2065; x_wconf 85' lang='lat' dir='ltr'>autem</span> <span class='ocrx_word' id='word_1_286' title='bbox 518 2032 573 2075; x_wconf 87' lang='lat' dir='ltr'>plaga</span> <span class='ocrx_word' id='word_1_287' title='bbox 588 2031 697 2065; x_wconf 89' lang='lat' dir='ltr'>Hiberniam</span> <span class='ocrx_word' id='word_1_288' title='bbox 712 2031 791 2065; x_wconf 87' lang='lat' dir='ltr'>insulam</span> <span class='ocrx_word' id='word_1_289' title='bbox 806 2031 846 2075; x_wconf 89' lang='lat' dir='ltr'>pari</span> 
     </span>
     <span class='ocr_line' id='line_1_34' title="bbox 116 2083 846 2127; baseline 0 -10"><span class='ocrx_word' id='word_1_290' title='bbox 116 2093 136 2122; x_wconf 77' lang='lat'>30</span> <span class='ocrx_word' id='word_1_291' title='bbox 144 2084 195 2118; x_wconf 87' lang='lat' dir='ltr'>clade</span> <span class='ocrx_word' id='word_1_292' title='bbox 206 2083 308 2126; x_wconf 88' lang='lat' dir='ltr'>premebat.</span> <span class='ocrx_word' id='word_1_293' title='bbox 332 2083 389 2117; x_wconf 89' lang='lat' dir='ltr'>Erant</span> <span class='ocrx_word' id='word_1_294' title='bbox 400 2088 462 2117; x_wconf 87' lang='lat' dir='ltr'>autem</span> <span class='ocrx_word' id='word_1_295' title='bbox 474 2083 492 2116; x_wconf 92' lang='lat' dir='ltr'>in</span> <span class='ocrx_word' id='word_1_296' title='bbox 502 2083 592 2117; x_wconf 91' lang='lat' dir='ltr'>Hibernia</span> <span class='ocrx_word' id='word_1_297' title='bbox 602 2094 624 2117; x_wconf 92' lang='lat' dir='ltr'>eo</span> <span class='ocrx_word' id='word_1_298' title='bbox 636 2089 720 2127; x_wconf 89' lang='lat' dir='ltr'>tempore</span> <span class='ocrx_word' id='word_1_299' title='bbox 732 2083 784 2117; x_wconf 91' lang='lat' dir='ltr'>multi</span> <span class='ocrx_word' id='word_1_300' title='bbox 795 2083 846 2117; x_wconf 90' lang='lat' dir='ltr'>nobi-</span> 
     </span>
     <span class='ocr_line' id='line_1_35' title="bbox 144 2135 846 2180; baseline 0.001 -10"><span class='ocrx_word' id='word_1_301' title='bbox 144 2138 189 2171; x_wconf 86' lang='lat' dir='ltr'>lium</span> <span class='ocrx_word' id='word_1_302' title='bbox 205 2141 224 2170; x_wconf 91' lang='lat' dir='ltr'>et</span> <span class='ocrx_word' id='word_1_303' title='bbox 239 2135 370 2170; x_wconf 76' lang='lat' dir='ltr'>mediocrium⁸</span> <span class='ocrx_word' id='word_1_304' title='bbox 381 2137 404 2170; x_wconf 87' lang='lat' dir='ltr'>de</span> <span class='ocrx_word' id='word_1_305' title='bbox 419 2142 474 2180; x_wconf 88' lang='lat' dir='ltr'>gente</span> <span class='ocrx_word' id='word_1_306' title='bbox 487 2136 594 2180; x_wconf 86' lang='lat' dir='ltr'>Angiorum,</span> <span class='ocrx_word' id='word_1_307' title='bbox 609 2136 639 2180; x_wconf 93' lang='lat' dir='ltr'>qui</span> <span class='ocrx_word' id='word_1_308' title='bbox 654 2142 737 2180; x_wconf 91' lang='lat' dir='ltr'>tempore</span> <span class='ocrx_word' id='word_1_309' title='bbox 750 2137 815 2171; x_wconf 89' lang='lat' dir='ltr'>Finani</span> <span class='ocrx_word' id='word_1_310' title='bbox 828 2142 846 2171; x_wconf 92' lang='lat' dir='ltr'>et</span> 
     </span>
     <span class='ocr_line' id='line_1_36' title="bbox 144 2189 845 2233; baseline 0 -9"><span class='ocrx_word' id='word_1_311' title='bbox 144 2189 227 2224; x_wconf 86' lang='lat' dir='ltr'>Colmani</span> <span class='ocrx_word' id='word_1_312' title='bbox 242 2189 377 2233; x_wconf 89' lang='lat' dir='ltr'>episcoporum,</span> <span class='ocrx_word' id='word_1_313' title='bbox 389 2189 452 2222; x_wconf 89' lang='lat' dir='ltr'>relicta</span> <span class='ocrx_word' id='word_1_314' title='bbox 467 2189 530 2232; x_wconf 87' lang='lat' dir='ltr'>patria,</span> <span class='ocrx_word' id='word_1_315' title='bbox 541 2189 571 2223; x_wconf 89' lang='lat' dir='ltr'>vel</span> <span class='ocrx_word' id='word_1_316' title='bbox 582 2189 644 2223; x_wconf 87' lang='lat' dir='ltr'>diuine</span> <span class='ocrx_word' id='word_1_317' title='bbox 655 2189 738 2224; x_wconf 87' lang='lat' dir='ltr'>lectionis</span> <span class='ocrx_word' id='word_1_318' title='bbox 749 2190 778 2224; x_wconf 94' lang='lat' dir='ltr'>vel</span> <span class='ocrx_word' id='word_1_319' title='bbox 790 2190 845 2224; x_wconf 91' lang='lat' dir='ltr'>conti·</span> 
     </span>
    </p>
   </div>
   <div class='ocr_carea' id='block_1_7' title="bbox 143 2262 846 2341">
    <p class='ocr_par' dir='ltr' id='par_1_9' title="bbox 143 2262 846 2341">
     <span class='ocr_line' id='line_1_37' title="bbox 163 2262 846 2301; baseline 0.003 -9"><span class='ocrx_word' id='word_1_320' title='bbox 163 2263 259 2294; x_wconf 82' lang='lat' dir='ltr'>1ominT.</span> <span class='ocrx_word' id='word_1_321' title='bbox 300 2262 335 2293; x_wconf 74' lang='lat' dir='ltr'>¹E.</span> <span class='ocrx_word' id='word_1_322' title='bbox 344 2263 428 2299; x_wconf 88' lang='lat' dir='ltr'>perierunt.</span> <span class='ocrx_word' id='word_1_323' title='bbox 469 2263 560 2294; x_wconf 67' lang='lat' dir='ltr'>tctVinc.</span> <span class='ocrx_word' id='word_1_324' title='bbox 569 2264 608 2293; x_wconf 87' lang='lat' dir='ltr'>Beli.</span> <span class='ocrx_word' id='word_1_325' title='bbox 616 2263 667 2294; x_wconf 88' lang='lat' dir='ltr'>XXV.</span> <span class='ocrx_word' id='word_1_326' title='bbox 675 2265 700 2300; x_wconf 78' lang='lat'>64.</span> <span class='ocrx_word' id='word_1_327' title='bbox 740 2262 846 2301; x_wconf 77' lang='lat' dir='ltr'>⁴E.etp.et.</span> 
     </span>
     <span class='ocr_line' id='line_1_38' title="bbox 143 2301 439 2341; baseline 0 -8"><span class='ocrx_word' id='word_1_328' title='bbox 143 2303 177 2333; x_wconf 79' lang='lat' dir='ltr'>⁵T.</span> <span class='ocrx_word' id='word_1_329' title='bbox 186 2303 204 2334; x_wconf 86' lang='lat' dir='ltr'>E.</span> <span class='ocrx_word' id='word_1_330' title='bbox 213 2303 244 2341; x_wconf 88' lang='lat' dir='ltr'>qui.</span> <span class='ocrx_word' id='word_1_331' title='bbox 304 2301 439 2333; x_wconf 69' lang='lat' dir='ltr'>⁶CollectinT.:</span> 
     </span>
    </p>
   </div>
   <div class='ocr_carea' id='block_1_8' title="bbox 144 2342 846 2428">
    <p class='ocr_par' dir='ltr' id='par_1_10' title="bbox 144 2342 846 2428">
     <span class='ocr_line' id='line_1_39' title="bbox 165 2342 846 2390; baseline 0.004 -11"><span class='ocrx_word' id='word_1_332' title='bbox 165 2342 259 2390; x_wconf 80' lang='lat' dir='ltr'>(Sanctust)</span> <span class='ocrx_word' id='word_1_333' title='bbox 266 2351 353 2380; x_wconf 86' lang='lat' dir='ltr'>Edwoldus</span> <span class='ocrx_word' id='word_1_334' title='bbox 359 2360 404 2379; x_wconf 87' lang='lat' dir='ltr'>cecos</span> <span class='ocrx_word' id='word_1_335' title='bbox 409 2354 425 2379; x_wconf 88' lang='lat' dir='ltr'>et</span> <span class='ocrx_word' id='word_1_336' title='bbox 431 2351 495 2380; x_wconf 89' lang='lat' dir='ltr'>claudos</span> <span class='ocrx_word' id='word_1_337' title='bbox 500 2360 548 2380; x_wconf 87' lang='lat' dir='ltr'>sanos</span> <span class='ocrx_word' id='word_1_338' title='bbox 554 2351 614 2389; x_wconf 82' lang='lat' dir='ltr'>(efficit)</span> <span class='ocrx_word' id='word_1_339' title='bbox 620 2352 723 2388; x_wconf 84' lang='lat' dir='ltr'>diuersasque</span> <span class='ocrx_word' id='word_1_340' title='bbox 728 2355 772 2381; x_wconf 88' lang='lat' dir='ltr'>curat</span> <span class='ocrx_word' id='word_1_341' title='bbox 777 2355 846 2389; x_wconf 83' lang='lat' dir='ltr'>egrotos.</span> 
     </span>
     <span class='ocr_line' id='line_1_40' title="bbox 144 2390 719 2428; baseline 0 -8"><span class='ocrx_word' id='word_1_342' title='bbox 144 2392 178 2420; x_wconf 90' lang='lat' dir='ltr'>Nos</span> <span class='ocrx_word' id='word_1_343' title='bbox 185 2400 247 2427; x_wconf 87' lang='lat' dir='ltr'>quoque</span> <span class='ocrx_word' id='word_1_344' title='bbox 254 2394 307 2419; x_wconf 85' lang='lat' dir='ltr'>mente</span> <span class='ocrx_word' id='word_1_345' title='bbox 315 2394 331 2419; x_wconf 91' lang='lat' dir='ltr'>et</span> <span class='ocrx_word' id='word_1_346' title='bbox 338 2399 403 2427; x_wconf 87' lang='lat' dir='ltr'>corpore</span> <span class='ocrx_word' id='word_1_347' title='bbox 411 2390 440 2418; x_wconf 94' lang='lat' dir='ltr'>sibi</span> <span class='ocrx_word' id='word_1_348' title='bbox 447 2393 493 2419; x_wconf 85' lang='lat' dir='ltr'>sanet</span> <span class='ocrx_word' id='word_1_349' title='bbox 500 2391 571 2420; x_wconf 86' lang='lat' dir='ltr'>deuotos.</span> <span class='ocrx_word' id='word_1_350' title='bbox 593 2391 626 2420; x_wconf 92' lang='lat' dir='ltr'>Ora</span> <span class='ocrx_word' id='word_1_351' title='bbox 632 2400 661 2428; x_wconf 94' lang='lat' dir='ltr'>pro</span> <span class='ocrx_word' id='word_1_352' title='bbox 668 2391 719 2420; x_wconf 87' lang='lat' dir='ltr'>nobis.</span> 
     </span>
    </p>
   </div>
   <div class='ocr_carea' id='block_1_9' title="bbox 143 2430 847 2553">
    <p class='ocr_par' dir='ltr' id='par_1_11' title="bbox 143 2430 847 2553">
     <span class='ocr_line' id='line_1_41' title="bbox 164 2430 847 2473; baseline 0.001 -7"><span class='ocrx_word' id='word_1_353' title='bbox 164 2430 275 2473; x_wconf 86' lang='lat' dir='ltr'>Omnipotens</span> <span class='ocrx_word' id='word_1_354' title='bbox 285 2437 381 2473; x_wconf 87' lang='lat' dir='ltr'>sempiterne</span> <span class='ocrx_word' id='word_1_355' title='bbox 390 2437 434 2472; x_wconf 89' lang='lat' dir='ltr'>deus,</span> <span class='ocrx_word' id='word_1_356' title='bbox 442 2437 469 2473; x_wconf 86' lang='lat' dir='ltr'>qui</span> <span class='ocrx_word' id='word_1_357' title='bbox 478 2437 529 2466; x_wconf 88' lang='lat' dir='ltr'>fidelis</span> <span class='ocrx_word' id='word_1_358' title='bbox 536 2437 589 2466; x_wconf 83' lang='lat' dir='ltr'>famuli</span> <span class='ocrx_word' id='word_1_359' title='bbox 596 2437 619 2465; x_wconf 90' lang='lat' dir='ltr'>tui</span> <span class='ocrx_word' id='word_1_360' title='bbox 626 2437 699 2466; x_wconf 84' lang='lat' dir='ltr'>Edwoldi</span> <span class='ocrx_word' id='word_1_361' title='bbox 706 2437 762 2465; x_wconf 88' lang='lat' dir='ltr'>merita</span> <span class='ocrx_word' id='word_1_362' title='bbox 768 2438 847 2467; x_wconf 83' lang='lat' dir='ltr'>miraculis</span> 
     </span>
     <span class='ocr_line' id='line_1_42' title="bbox 144 2475 846 2515; baseline 0.003 -10"><span class='ocrx_word' id='word_1_363' title='bbox 144 2477 261 2506; x_wconf 86' lang='lat' dir='ltr'>coruscantibus</span> <span class='ocrx_word' id='word_1_364' title='bbox 272 2476 372 2505; x_wconf 80' lang='lat' dir='ltr'>manifestare</span> <span class='ocrx_word' id='word_1_365' title='bbox 386 2476 458 2513; x_wconf 82' lang='lat' dir='ltr'>dignatus</span> <span class='ocrx_word' id='word_1_366' title='bbox 472 2485 494 2512; x_wconf 88' lang='lat' dir='ltr'>es,</span> <span class='ocrx_word' id='word_1_367' title='bbox 507 2477 577 2506; x_wconf 86' lang='lat' dir='ltr'>concede</span> <span class='ocrx_word' id='word_1_368' title='bbox 591 2476 637 2506; x_wconf 91' lang='lat' dir='ltr'>nobis</span> <span class='ocrx_word' id='word_1_369' title='bbox 651 2475 712 2506; x_wconf 80' lang='lat' dir='ltr'>famulis</span> <span class='ocrx_word' id='word_1_370' title='bbox 726 2476 756 2506; x_wconf 83' lang='lat' dir='ltr'>tuis</span> <span class='ocrx_word' id='word_1_371' title='bbox 769 2486 799 2515; x_wconf 89' lang='lat' dir='ltr'>per</span> <span class='ocrx_word' id='word_1_372' title='bbox 812 2477 846 2507; x_wconf 89' lang='lat' dir='ltr'>eius</span> 
     </span>
     <span class='ocr_line' id='line_1_43' title="bbox 143 2516 385 2553; baseline 0.004 -9"><span class='ocrx_word' id='word_1_373' title='bbox 143 2516 277 2553; x_wconf 83' lang='lat' dir='ltr'>intercessionem,</span> <span class='ocrx_word' id='word_1_374' title='bbox 285 2516 323 2545; x_wconf 87' lang='lat' dir='ltr'>fidei</span> <span class='ocrx_word' id='word_1_375' title='bbox 333 2538 337 2545; x_wconf 94' lang='lat'>.</span> <span class='ocrx_word' id='word_1_376' title='bbox 349 2539 353 2546; x_wconf 87' lang='lat'>.</span> <span class='ocrx_word' id='word_1_377' title='bbox 364 2538 368 2545; x_wconf 94' lang='lat'>.</span> <span class='ocrx_word' id='word_1_378' title='bbox 381 2538 385 2545; x_wconf 91' lang='lat'>.</span> 
     </span>
    </p>
   </div>
   <div class='ocr_carea' id='block_1_10' title="bbox 144 2553 844 2623">
    <p class='ocr_par' dir='ltr' id='par_1_12' title="bbox 144 2553 844 2623">
     <span class='ocr_line' id='line_1_44' title="bbox 144 2553 844 2623; baseline 0.004 -39"><span class='ocrx_word' id='word_1_379' title='bbox 144 2553 283 2623; x_wconf 50' lang='lat' dir='ltr'>mgdffcqrpmsseda,</span> <span class='ocrx_word' id='word_1_380' title='bbox 291 2556 313 2586; x_wconf 89' lang='lat' dir='ltr'>H.</span> <span class='ocrx_word' id='word_1_381' title='bbox 322 2556 339 2586; x_wconf 88' lang='lat' dir='ltr'>E.</span> <span class='ocrx_word' id='word_1_382' title='bbox 348 2555 377 2586; x_wconf 93' lang='grc' dir='ltr'>ΙΙΙ.</span> <span class='ocrx_word' id='word_1_383' title='bbox 385 2565 410 2592; x_wconf 79' lang='lat'>27,</span> <span class='ocrx_word' id='word_1_384' title='bbox 417 2565 432 2586; x_wconf 92' lang='lat' dir='ltr'>v.</span> <span class='ocrx_word' id='word_1_385' title='bbox 441 2565 459 2593; x_wconf 80' lang='lat'>9;</span> <span class='ocrx_word' id='word_1_386' title='bbox 469 2555 488 2586; x_wconf 87' lang='lat' dir='ltr'>cf.</span> <span class='ocrx_word' id='word_1_387' title='bbox 496 2555 532 2586; x_wconf 88' lang='lat' dir='ltr'>Act.</span> <span class='ocrx_word' id='word_1_388' title='bbox 541 2555 570 2586; x_wconf 87' lang='lat' dir='ltr'>SS.</span> <span class='ocrx_word' id='word_1_389' title='bbox 578 2556 619 2586; x_wconf 88' lang='lat' dir='ltr'>Boll.</span> <span class='ocrx_word' id='word_1_390' title='bbox 626 2555 665 2593; x_wconf 80' lang='lat' dir='ltr'>npr.</span> <span class='ocrx_word' id='word_1_391' title='bbox 674 2555 703 2585; x_wconf 81' lang='grc' dir='ltr'><strong>ΙΙΙ.</strong></span> <span class='ocrx_word' id='word_1_392' title='bbox 710 2564 726 2593; x_wconf 88' lang='lat' dir='ltr'>p.</span> <span class='ocrx_word' id='word_1_393' title='bbox 733 2564 767 2593; x_wconf 82' lang='lat'>315.</span> <span class='ocrx_word' id='word_1_394' title='bbox 810 2555 816 2574; x_wconf 80' lang='lat'>⁸</span> <span class='ocrx_word' id='word_1_395' title='bbox 826 2556 844 2587; x_wconf 86' lang='lat' dir='ltr'>E.</span> 
     </span>
    </p>
   </div>
   <div class='ocr_carea' id='block_1_11' title="bbox 0 0 887 2803">
    <p class='ocr_par' dir='ltr' id='par_1_13' title="bbox 0 0 887 2803">
     <span class='ocr_line' id='line_1_45' title="bbox 0 0 887 2803; baseline 0 0"><span class='ocrx_word' id='word_1_396' title='bbox 0 0 887 2803; x_wconf 95' lang='lat' dir='ltr'> </span> 
     </span>
    </p>
   </div>
  </div>
 </body>
</html>
