1762 2803
123 139 176 181 ·218
324 138 404 190 tunna
420 135 536 198 tentum
551 136 645 199 anulii.

133 256 175 291 bilis
186 257 264 301 quedam
276 263 358 292 matrona
369 257 444 292 nomine
455 257 534 299 Lewina,
544 257 677 301 Enoluesbiri¹,
685 268 721 302 quc
730 267 779 292 nunc
788 258 838 294 ‘villa

134 310 192 346 sancti
203 310 265 346 Neoti'
277 310 347 354 dicitur,
356 311 434 354 domina,
446 311 477 346 vbi
489 312 581 356 quondam
593 311 676 346 eiusdem
688 310 745 345 sancti
757 312 838 355 corporis

133 365 206 409 glebam
219 365 258 398 siue
271 365 356 409 reliquias
372 365 472 409 discipulus
485 365 524 399 eius
537 365 624 399 Barrius2
636 365 723 398 diuinitus
735 365 838 400 admonitus

134 419 233 461 detulerat;
244 420 267 451 ad
275 418 406 452 monasterium
414 419 528 461 Croulandie,
534 419 563 452 cui
571 419 627 453 frater
634 430 679 452 suus
687 419 791 452 Osketellus
799 430 838 462 pre·

117 477 125 505 5
134 471 172 512 fuit,
180 472 298 504 barbarorum
306 477 390 504 metuens
398 472 521 513 hostilitatem,
529 482 591 505 amore
601 472 682 505 fraterno
693 472 787 514 compulsa
797 473 839 505 reli-

134 523 186 566 quias
194 522 251 557 sancti
260 523 313 557 Neoti
320 523 401 566 adduxit,
408 524 454 558 sicut
462 524 550 567 scriptum
561 524 579 558 iu
588 524 652 558 eodem
661 523 771 558 monasterio
779 523 839 567 palam

134 575 240 610 ostenditur.
263 576 328 611 qude
338 583 401 621 postea
411 577 533 611 dubitantibus
544 578 567 611 de
580 577 614 611 hoc
626 577 735 621 quibusdam
747 576 839 619 fratribus,

135 630 190 662 abbas
199 628 316 673 [Heuricus]⁴
322 629 398 673 magua⁵
406 641 448 663 cum
456 630 553 663 deuotione
558 630 640 663 accensis
648 630 706 663 cereis
713 630 791 662 loculum
798 641 839 664 curn

134 683 199 715 timore
211 681 303 726 frangens,
311 682 381 716 inuenit
390 688 455 717 testam
466 682 535 726 capitis,
543 693 586 716 ossa
593 684 616 716 de
628 683 679 724 collo,
688 683 711 716 de
722 682 808 726 scapulis,
817 683 840 717 de

108 744 127 763 10
135 735 214 776 thorace,
225 735 255 768 et5
267 736 355 769 nonnulla
366 747 408 769 ossa
420 735 504 769 tibiarum
517 740 535 770 et
547 747 639 769 coxarum.
662 735 703 768 Has
716 735 765 768 enim
778 746 840 769 secum

135 786 209 819 domina
217 787 287 830 prefata
294 788 358 830 attulit,
364 788 383 820 in
391 788 447 831 priori
454 788 494 820 loco
502 787 574 821 ossibus
582 788 691 831 quibusdam
699 798 741 820 cum
749 787 840 820 cineribus

136 839 222 874 dimissis.
237 840 334 874 Translata
341 841 390 874 enim
398 841 471 875 suerunt
479 853 521 874 ossa
529 840 559 874 illa
567 841 589 874 ab
598 841 663 875 abbate
671 839 753 874 Heurico
763 845 781 873 et
791 839 841 874 iuxta

136 894 193 927 altare
205 893 223 926 iu
235 894 304 928 honore
315 895 354 928 eius
365 900 488 929 constructum
501 894 592 938 collocata,
602 905 650 929 auno
664 893 733 928 domiui
744 893 841 927 millesimo

137 948 262 981 ducentesimo
273 948 402 982 tertiodecimo.

160 1018 208 1059 [MS.
216 1018 255 1050 Tib.
264 1019 321 1051 adds:
422 1020 437 1054 ll
448 1019 563 1052 incidenciat

111 1086 128 1116 15
159 1070 277 1111 Venerabilis
289 1078 394 1121 Stephanus
405 1078 480 1112 Valerie
492 1078 586 1122 prouincie
599 1077 695 1122 presbiter,
708 1088 749 1111 cum
762 1077 841 1120 quadam

137 1130 167 1163 die
180 1130 203 1163 de
215 1129 281 1164 itinere
293 1131 368 1164 domum
381 1141 476 1173 regressus
490 1131 560 1173 suisset,
573 1130 664 1174 mancipio
680 1141 713 1164 suo
729 1129 842 1173 negligenter

137 1183 214 1227 loquens
221 1183 302 1227 precepit
308 1183 370 1218 dicens
378 1196 382 1218 z
391 1185 395 1202 ‘
402 1184 450 1218 Veni
456 1183 533 1225 diabole,
540 1183 624 1218 discalcia
630 1184 670 1218 me.¹
685 1183 715 1217 Ad
722 1182 773 1217 cuius
778 1193 841 1217 uocem

137 1248 181 1271 mox
189 1243 276 1281 ceperunt
284 1249 304 1272 se
312 1238 411 1282 caligarum
419 1238 495 1282 corrigia
506 1238 525 1272 in
537 1249 609 1272 summa
620 1237 716 1271 uelocitate
728 1238 810 1272 soluere:
823 1243 842 1271 ut

138 1295 202 1334 aperte
210 1296 302 1325 constaret
314 1292 363 1335 quod
376 1291 392 1324 ei
404 1291 445 1335 ipse
457 1291 488 1335 qui
498 1291 603 1324 nominatus
615 1291 673 1324 suerat
685 1292 707 1324 ad
720 1291 843 1324 extrahendas

111 1357 130 1377 20
139 1345 205 1387 caligas
213 1344 295 1378 diabolus
303 1344 401 1379 obedisset.
423 1345 477 1386 Quod
485 1355 528 1378 mox
536 1349 556 1378 ut
563 1344 655 1387 presbiter
666 1344 717 1385 uidit,
723 1344 843 1378 uehementer

139 1398 218 1440 expauit,
230 1397 338 1440 magnisque
353 1397 428 1430 uocibus
442 1398 520 1430 clamare
533 1397 581 1440 cepit
596 1397 669 1431 dicens:
683 1397 767 1430 ‘Recede
782 1396 843 1436 miser,

139 1450 216 1483 recede:
229 1461 265 1482 uon
280 1450 329 1483 enim
342 1449 380 1492 tibi,
393 1456 421 1483 set
433 1449 524 1493 mancipio
538 1461 579 1482 meo
593 1460 634 1482 sum
647 1449 728 1482 locutus.¹
751 1449 781 1481 Ad
792 1448 843 1481 euius

140 1513 205 1536 uocem
214 1502 298 1546 protinus
307 1502 388 1536 recessit.
408 1502 449 1544 Qua
457 1501 476 1536 in
484 1513 504 1536 re
513 1501 573 1545 colligi
580 1506 646 1545 potest,
655 1501 740 1545 antiquus
747 1501 805 1535 hostis
814 1500 843 1545 qui

140 1561 177 1589 tam
185 1560 247 1597 presto
255 1561 283 1589 est
291 1552 342 1589 factis
350 1555 480 1599 corporalibus,
489 1566 544 1598 quam
552 1554 613 1588 nimiis
619 1550 692 1588 insidiis
702 1554 770 1588 nostris
778 1554 843 1598 cogita-

113 1620 131 1649 25
140 1608 222 1643 cionibus
230 1608 301 1642 insistat
307 1608 326 1651 ⁷.]

233 1697 290 1740 aDe
302 1712 372 1738 saucro
385 1697 472 1738 Nuunuo
484 1714 571 1738 ariscoro
583 1714 605 1738 ar
618 1704 752 1738 coarassoaal.

175 1778 230 1812 Aucti
250 1778 324 1811 Niniani
343 1778 454 1812 confessoris
473 1788 525 1811 sacra
543 1778 688 1811 conuersationis
707 1777 808 1821 primordia
827 1781 844 1810 et

197 1830 299 1864 sanctitatis
317 1831 401 1875 insignia,
421 1831 529 1875 dignitatem
545 1831 600 1865 officii
617 1836 634 1865 et
650 1831 728 1865 fructum
744 1830 844 1871 ministerii,

141 1884 199 1918 finem
211 1883 299 1927 optimum
311 1889 329 1918 et
339 1883 406 1918 laboris
417 1883 508 1927 premium
519 1883 629 1918 uenerabilis
640 1883 703 1918 Bedal
712 1884 731 1917 in
742 1883 844 1927 Auglorum

142 1937 217 1970 historia
227 1936 344 1979 paucissimis
357 1937 489 1970 commendans
496 1936 564 1978 verbis,
572 1936 597 1970 ita
608 1937 631 1970 de
643 1947 665 1969 eo
677 1936 739 1970 scribit
746 1936 767 1970 ¹⁰:
780 1936 844 1969 ‘Anno

114 2004 133 2032 3⁰
142 1991 164 2023 ab
180 1989 304 2022 incarnatione
321 1989 390 2022 domini
407 1989 554 2032 quingentesimo
570 1989 749 2032 sexagesimoquiuto
761 1989 811 2022 venit
822 1988 844 2019 de

162 2069 167 2086 ¹
178 2077 196 2096 so
203 2068 229 2103 Ἐς
239 2069 256 2097 E.
266 2068 373 2104 euoluesberi3
383 2069 402 2098 al.
414 2068 534 2105 Ainolphsbury
542 2068 567 2101 (ab
574 2068 668 2105 Aiuulpho),
677 2076 715 2095 now
722 2067 821 2104 Eynesbury,
829 2065 845 2093 in

143 2108 296 2143 Huntingdonshire.
362 2108 368 2124 ²
375 2109 392 2136 T.
400 2108 450 2136 Barri.
510 2108 515 2124 ³
526 2107 549 2136 Cf.
558 2108 598 2136 Will
605 2108 625 2136 de
633 2108 708 2143 Ramsey,
716 2107 732 2134 in
740 2106 780 2136 Boll.
788 2116 803 2143 p.
810 2115 844 2142 3³⁰-

142 2148 190 2176 ¹om.
231 2147 325 2179 ⁶om.inT.
366 2146 597 2184 ⁵Cf.Viuc.Bell.XXll.q9.

163 2186 168 2205 ⁷
180 2186 240 2215 Collect
248 2187 263 2215 iu
270 2187 288 2216 T.
295 2198 299 2217 z

185 2222 259 2264 (Neope,
271 2227 328 2255 dilecte
339 2227 374 2263 deo,
382 2227 415 2256 uita
426 2237 461 2256 eras
472 2230 488 2255 et
498 2226 550 2255 animo
561 2230 662 2255 consecratus
673 2225 742 2255 domino.
763 2225 809 2254 Nunc
819 2233 844 2252 ex-

144 2268 185 2296 ultas
197 2267 214 2294 in
226 2266 285 2302 fulgido
298 2267 389 2302 angelorum
401 2266 488 2295 consorcio.
511 2266 604 2295 Recedebas
617 2276 627 2294 a
640 2266 698 2298 seculo,
711 2274 775 2301 semper
789 2272 845 2293 uacans

144 2307 174 2337 soli
181 2306 216 2342 deo,
225 2305 256 2341 Qui
266 2309 282 2334 te
291 2306 342 2335 iunxit
349 2306 411 2335 sidereo
419 2307 510 2342 angelorum
517 2305 626 2335 contubernio.
648 2305 671 2335 lbi
679 2305 728 2335 nostri
739 2308 845 2334 memoresto.

143 2347 162 2375 V.
174 2345 207 2372 Ora
213 2355 242 2380 pro
250 2345 300 2373 nobis.

166 2382 224 2419 Presta
236 2397 326 2426 quesumus,
339 2388 439 2426 omnipotens
451 2389 494 2427 deus,
507 2392 524 2417 ut
536 2388 562 2426 qui
576 2387 641 2426 gloriosi
656 2387 752 2417 confessoris
764 2387 787 2416 tui
799 2389 845 2422 atque

144 2430 204 2460 abbatis
212 2430 260 2458 Neoti
267 2430 432 2458 commemorationem
441 2429 506 2466 agimus,
514 2429 556 2466 pium
563 2430 606 2466 apud
615 2428 702 2457 maiestatis
710 2432 737 2456 tue
744 2428 845 2456 clemenciam

144 2471 160 2500 in
169 2473 224 2500 nostra
231 2469 344 2498 intercessione
351 2469 444 2504 senciamus,
451 2478 484 2505 per.

165 2510 171 2526 ⁸
180 2509 261 2545 Abridged
269 2509 308 2537 from
316 2509 343 2537 the
349 2508 385 2537 Vita
392 2509 413 2545 by
420 2508 475 2536 Ailred
482 2508 498 2536 in
506 2508 540 2537 MS.
548 2508 591 2536 Laud
599 2508 642 2536 llisc.
650 2508 680 2535 668
687 2507 718 2535 and
726 2506 760 2536 Tib.
768 2506 783 2534 D
792 2505 813 2542 iii,
822 2503 845 2532 ed¹

145 2551 161 2579 in
169 2550 255 2580 Pinhertou
263 2549 293 2579 Vit.
303 2548 331 2578 SS.
340 2548 382 2578 Scot.
391 2549 421 2578 aud
429 2547 492 2578 Forbes'
500 2548 547 2578 Lites
555 2548 572 2578 of
580 2548 597 2578 S.
605 2548 625 2579 N.
633 2548 664 2577 aad
675 2547 690 2577 S.
699 2546 794 2584 Keutigem,
803 2545 845 2580 1874·

145 2590 179 2620 9Ε,
187 2590 233 2619 bedo.
293 2588 305 2606 ¹⁰
315 2589 360 2618 Beda
368 2589 396 2618 Ill.
404 2598 418 2626 4.
