1762 2803
206 110 252 166 Dr
267 108 369 163 &auctu
379 107 530 172 ,dutulhurnu
545 107 648 172 ulturno.
730 121 775 167 405

74 243 115 270 sum
124 240 179 268 'soror
189 242 253 267 eorum
263 230 369 275 Walburga,
381 236 464 266 sanctum
476 229 561 266 omnibus
573 230 654 275 prebens
666 229 777 274 exemplum,

73 288 92 324 in
100 287 166 321 eodem
174 284 285 320 monasterio
292 284 391 319 multarum
398 284 489 329 virginum
497 284 589 319 abbatissa
598 283 663 319 effecta
668 284 680 327 ¹,
685 284 708 318 ad
716 283 777 318 omnia

73 351 110 385 que
121 351 132 374 a
143 339 217 374 Christo
228 348 304 383 semper
315 339 410 382 posceret²
423 337 495 373 extitit⁸
506 337 638 373 efficacissima.
694 329 778 381 Contigit

74 393 123 427 enirn
142 392 188 426 hora
202 390 321 435 vespertinali
339 395 419 435 peracta,
433 395 453 426 vt
469 395 531 425 custos
549 390 632 431 ecclesie,
650 388 778 434 ingruentibus

73 445 132 482 noctis
146 444 233 487 tenebris,
247 443 316 491 petenti
327 443 429 490 Walburge
441 442 503 479 lumen
517 442 551 478 sibi
564 442 660 490 preuium‘
671 442 795 490 denegaret.5

73 500 104 535 Ad
116 509 171 544 quam
182 498 267 534 iniuriam
278 508 320 534 cum
333 498 476 542 insuperabilem
488 497 574 533 retineret
586 497 698 543 patientiam,
710 496 778 532 dormi·

73 552 139 588 torium
155 551 210 587 adiit:
226 556 245 586 et
260 562 304 586 mox
318 556 369 586 tanta
383 550 458 586 luminis
471 550 567 596 flagrantia
580 550 645 586 enituit
658 555 677 585 vt
692 549 778 584 domicilii

73 605 199 650 pauimentum
214 610 312 648 penetrare
323 604 422 646 videretur,
436 609 454 639 et
465 614 525 648 vsque
537 605 560 638 ad
572 604 635 638 horam
647 603 778 637 matutinarum

73 656 184 703 perdurauit.
215 656 337 701 Stupentibus
351 656 394 692 inde
409 655 507 699 sororibus,
524 661 542 691 et
558 656 581 691 ad
598 655 685 691 lectulum
702 654 778 700 virginis

73 714 137 744 sancte
148 708 268 752 currentibus,
281 708 312 744 illa
323 708 393 754 proruit
403 708 422 745 in
436 708 540 752 lachrimas,
555 708 668 754 eleuatisque
682 708 705 743 ad
721 709 777 743 deum
787 721 806 745 ro

73 762 131 798 oculis
147 767 165 797 et
182 763 267 797 manibus
282 762 339 797 dixit:
361 762 419 805 ‘Tibi,
434 762 508 797 domine
523 762 579 798 ihesu
595 762 673 803 Christe,
687 761 729 796 cui’
743 761 778 796 hu·

73 815 122 851 milis
132 814 197 849 ancilla
207 827 219 850 a
231 814 325 850 cunabulis
337 814 431 850 deseruire
443 815 523 857 decreui,
536 815 560 850 de
573 815 608 849 hoc
621 814 687 849 collato
700 824 778 849 munere

73 869 141 912 gratias
156 869 222 911 refero,
235 869 266 912 qui
281 869 304 903 ad
319 869 434 904 exercendas
449 868 556 903 ancillarum
571 873 644 903 tuarum
659 871 732 902 mentes
747 876 778 902 me

73 921 167 966 indignam
178 920 252 956 luminis
262 922 289 956 tui
299 921 414 956 adiuuamine
425 920 515 957 consolari
526 920 611 965 dignatus
624 930 650 956 es.
673 919 715 955 Hoc
728 918 777 955 enim

73 985 190 1020 nequaquam
205 975 257 1018 meis,
272 975 306 1009 sed
321 974 398 1009 fratrum
416 985 505 1017 meorum,
518 979 591 1009 tuorum
607 973 705 1008 uidelicet⁸
719 972 805 1019 samu-15

73 1027 138 1070 lorum,
153 1028 224 1064 meritis
238 1028 320 1064 ascribo!
387 1020 450 1063 Nocte
466 1029 545 1073 quadam
560 1028 612 1072 virgo
623 1032 686 1063 sancta
700 1027 740 1062 sola
754 1026 778 1062 de

74 1081 185 1115 monasterio
194 1091 275 1126 egressa,
283 1082 306 1116 ad
314 1081 409 1116 cuiusdam
416 1081 478 1116 diuitis
485 1082 560 1115 domum
570 1081 632 1115 venit:
645 1086 663 1115 et
674 1085 717 1114 ante
727 1080 778 1114 sores

74 1132 114 1166 eius
130 1133 182 1177 quasi
199 1134 278 1178 quedam
295 1134 393 1178 peregrina
411 1139 430 1168 et
443 1132 505 1178 ignota
521 1132 606 1167 constitit.
635 1132 695 1175 Quam
712 1132 777 1166 videns

74 1185 159 1220 dominus
170 1186 241 1228 domus,
252 1186 372 1231 ignarusque
384 1192 438 1230 esset,
445 1185 505 1220 timuit
514 1197 538 1221 ne
549 1186 612 1221 rabida
621 1196 697 1220 suorum
709 1195 776 1220 cauum

74 1239 149 1273 audacia
163 1250 205 1274 eam
219 1239 304 1275 laniando
317 1240 435 1283 discerperet.
458 1239 514 1275 Iussit
528 1250 573 1284 ergo
584 1244 603 1274 vt
616 1250 653 1284 que
666 1243 715 1272 esset
726 1237 777 1273 ocius
785 1253 806 1275 ao

73 1290 167 1327 indicaret.
190 1292 214 1327 Et
221 1292 263 1328 illa:
276 1292 412 1339 ‘Nequaquam¹
420 1292 484 1338 inquit,
492 1297 554 1328 metuo
562 1303 608 1338 quos
616 1297 635 1326 tu
642 1291 713 1327 vereris
721 1302 777 1327 canes

73 1355 104 1379 me
122 1356 177 1389 posse
194 1346 264 1381 crudeli
282 1346 388 1391 contingere
407 1347 468 1388 dente,
487 1357 522 1380 nec
539 1345 710 1390 Walburgam—sic
726 1344 777 1379 enim

74 1399 277 1442 nuncupor—mordere
294 1399 387 1433 valebunt.
415 1398 460 1443 Ipse
475 1399 525 1433 enim
541 1398 572 1442 qui
588 1407 619 1432 me
634 1398 670 1432 huc
688 1398 711 1431 ad
727 1402 777 1432 tuam

74 1450 149 1486 domum
165 1450 251 1496 perduxit
265 1450 381 1495 incolumem,
393 1451 416 1486 ad
429 1451 489 1486 locum
500 1450 549 1487 vnde
564 1449 605 1487 veni
621 1448 688 1496 poterit
703 1461 733 1485 me
748 1461 777 1485 re-

73 1504 141 1540 ducere
155 1505 237 1540 illesam!
268 1506 310 1540 Hoc
326 1506 388 1540 audito
404 1510 532 1540 consternatus
547 1504 578 1540 ille
597 1504 663 1547 animo,
678 1514 735 1549 quare
754 1505 777 1539 ad
787 1519 805 1550 ²5

74 1556 141 1592 ostIum
152 1562 190 1592 tam
203 1557 269 1592 nobilis
282 1558 343 1603 puella
357 1563 376 1593 et
391 1558 421 1592 dei
435 1557 501 1592 ancilla
516 1562 572 1592 staret
587 1556 688 1602 requisiuit‚
700 1562 719 1592 et
734 1568 777 1592 curn

47 1621 49 1624 ·
74 1609 125 1643 omni
136 1612 255 1645 veneratione
270 1611 320 1645 illam
335 1610 443 1655 suscipiens,
454 1620 529 1645 omnem
542 1610 649 1644 famulatum
660 1610 677 1644 ei
689 1610 777 1645 exhibuit.

76 1660 129 1697 Hora
140 1673 184 1697 vero
195 1668 284 1697 nocturne
295 1662 415 1708 requietionis
426 1663 537 1708 interrogata
547 1663 578 1698 vbi
590 1663 706 1707 requiescere
716 1662 778 1705 vellet,

74 1716 180 1760 respondit:
193 1727 214 1751 se
221 1716 269 1752 velle
279 1727 358 1762 pausare
369 1716 388 1751 in
399 1717 439 1752 loco
448 1727 485 1762 quo
495 1716 533 1752 filia
544 1716 584 1752 eius
595 1726 653 1761 usque
664 1716 687 1751 ad
699 1720 777 1751 mortem

74 1767 166 1804 infirmata
177 1770 250 1805 iaceret.
272 1770 295 1805 Et
308 1770 380 1805 intrans
394 1770 501 1814 cubiculum,
515 1775 533 1804 et
548 1769 660 1804 orationibus
672 1780 745 1812 vacans,
757 1768 776 1805 in
785 1783 805 1814 30

75 1822 153 1857 crastino
162 1823 243 1867 puellam
254 1823 331 1867 pristine
342 1823 415 1858 sanitati
426 1823 510 1866 restituit,
518 1827 537 1858 et
547 1824 570 1857 ad
579 1822 710 1858 monasterium
718 1822 777 1858 rediit.

76 1866 136 1910 Bonis
148 1876 222 1910 tandem
231 1876 318 1920 operibus
329 1877 389 1920 plena,
397 1877 485 1912 Kalendis
496 1876 539 1910 Maii
550 1875 634 1920 migrauit
644 1875 667 1910 ad
675 1876 777 1918 dominum,

74 1932 93 1961 et
103 1927 122 1963 in
131 1929 196 1964 eodem
206 1939 242 1973 quo
253 1938 328 1974 semper
336 1929 409 1964 Christo
419 1929 508 1964 seruierat
520 1928 630 1963 monasterio
641 1939 683 1963 cum
695 1929 776 1964 maximo

74 1979 145 2015 honore
157 1981 251 2025 sepelitur.
311 1974 374 2016 Paruo
387 1981 454 2016 exhinc
466 1986 550 2027 tempore
564 1981 694 2016 decedentibus
709 1981 777 2016 heista·

74 2034 132 2069 tensis
151 2034 229 2070 ecclesie
247 2034 357 2079 pastoribus,
373 2035 448 2080 contigit
465 2034 560 2080 Otgarium
575 2034 700 2070 venerabilem
716 2035 805 2081 virum35

74 2086 158 2122 eiusdem
170 2088 221 2123 sedis
234 2088 339 2123 cathedram
352 2087 459 2123 obtinuisse.
481 2088 517 2131 Qui
530 2088 575 2122 dum
585 2087 653 2129 minus,
664 2098 720 2132 quam
731 2089 778 2123 ratio

75 2139 190 2183 deposceret,
202 2141 281 2175 honeste
295 2140 344 2175 idem
359 2140 492 2175 monasterium
506 2140 621 2183 excoluisset,
632 2140 711 2185 quadam
724 2147 778 2177 nocte

74 2202 109 2236 per
113 2193 204 2227 visionem
208 2193 260 2238 virgo
265 2199 329 2228 sancta
333 2194 438 2228 huiusmodi
443 2193 505 2227 verbis
511 2193 562 2227 illum
568 2194 711 2239 compellebat⁷:
723 2194 778 2239 ‘Cur,

74 2245 139 2290 inquit,
154 2246 218 2291 Otgari
232 2248 296 2291 presul
311 2248 346 2282 deo
363 2247 423 2292 digne,
438 2246 570 2282 monasterium
585 2257 621 2291 quo
639 2256 717 2291 corpore
735 2256 777 2283 sum

74 2300 174 2341 recondita,
189 2300 215 2334 sic
230 2300 346 2346 negligenter
362 2301 462 2335 hactenusi
477 2300 545 2335 habere
559 2300 645 2335 voluisti?
668 2300 716 2334 Nam
734 2300 806 2345 illuc4o

75 2353 223 2388 conuenientium
243 2354 357 2389 cenulentis⁰
379 2354 460 2398 quotidie
481 2354 542 2389 calcor
562 2354 646 2398 pedibus,
665 2354 777 2398 vulgaribus·

75 2412 111 2446 que
126 2403 209 2448 vestigiis
225 2404 341 2448 comprimor.
370 2404 421 2439 Scito
434 2414 479 2448 ergo
493 2403 626 2448 cognoscens¹⁰
640 2404 726 2448 quoniam
741 2404 777 2439 tale

95 2490 99 2508 ¹
109 2491 142 2522 vir
149 2501 163 2523 e.
170 2497 199 2525 est.
252 2492 259 2512 ²
268 2493 300 2524 Vit.
308 2497 381 2531 posceret
387 2502 455 2533 semper.
514 2493 520 2512 ⁵
530 2502 561 2524 om.
568 2493 584 2524 in
591 2492 609 2523 T.
659 2493 665 2512 ¹
676 2492 694 2522 E.
705 2493 777 2531 primum.

74 2531 80 2549 ³
91 2530 110 2562 E.
117 2542 157 2562 cnm.
218 2532 224 2551 ⁸
234 2533 252 2563 T.
259 2533 342 2570 uidelicet;
353 2534 372 2564 Ε,
379 2533 413 2563 scil.
471 2532 478 2550 ⁷
488 2533 508 2564 al.
515 2533 624 2572 compellabat.
683 2533 689 2551 ¹
700 2533 719 2563 E.
725 2533 777 2564 haue.

74 2569 80 2588 ⁹
90 2570 130 2603 Boii.
138 2572 232 2604 temulentis.
294 2574 306 2592 ¹⁰
315 2573 347 2604 vit.
355 2573 391 2604 Cito
398 2582 437 2612 ergo
443 2581 535 2612 cognosces.
620 2572 623 2577 '
