1762 2803
240 92 286 149 bt
301 90 403 145 &ancta
419 90 562 145 uentano.
711 103 754 150 237

50 215 107 249 dixit:
124 214 176 249 ‘Non
191 213 263 248 intretis
278 212 297 247 in
312 213 406 248 ciuitatem
421 214 486 248 istam!
508 213 562 248 Tunc
577 213 602 247 illi
617 212 686 248 reuersi
701 212 755 247 inse

50 268 147 301 dixerunt:
165 267 212 300 ‘Pro
225 267 302 301 ueritate
318 276 352 300 nos
368 266 468 309 culpabiles
483 276 559 301 sumus:
579 267 642 311 utquid
659 276 704 309 ergo
721 275 755 299 nos

51 320 101 365 ipsos
113 319 245 354 iustificamus?
268 319 313 353 Esto
322 319 365 364 quia
378 319 403 353 illi
415 331 449 353 nos
461 319 528 353 iniuste
538 318 755 354 exeommunicaucrunt:

51 373 140 418 numquid
152 378 170 408 et
181 373 216 408 iste
227 372 330 418 propheta?
346 384 388 407 ecce
401 372 451 406 enim
463 372 510 407 deus
523 371 612 407 reuelault
625 371 641 406 ei
654 373 677 407 de
690 371 754 406 nobis.¹

52 427 75 460 Et
86 427 246 469 reprehenderunt
257 428 369 470 semetipsos
377 426 430 459 ualde
438 426 461 459 de
469 427 523 470 culpa
530 436 588 470 quam,
593 426 680 459 fecerant.
702 425 755 458 Tune
764 434 773 464 5

51 479 117 513 uidens
126 479 157 522 qui
168 480 223 513 corda
233 479 284 513 nouit
292 478 334 522 quia
345 488 365 512 se
376 488 409 522 pro
417 477 493 512 ueritate
501 478 601 523 culpabiles
609 478 695 518 fecerant,
703 488 755 512 reuc-

51 532 94 566 lauit
110 532 197 575 episcopo
210 531 326 576 Epiphanio:
343 532 374 575 qui
389 530 439 565 misit
453 532 547 565 adducens
563 542 601 572 eos,
614 536 632 565 et
645 530 755 571 consolatus

52 584 133 628 suscepit
147 594 179 619 cos
190 584 209 618 in
221 584 361 626 communione;
377 588 396 619 et
407 583 481 628 scripsit
492 584 631 628 archiepiscopo
642 582 756 618 Alexandrie

52 637 126 672 dicens:
139 637 227 681 ‘Suscipe
235 636 282 671 filios
290 642 336 679 tuos,
345 636 387 681 quia
395 636 413 670 in
422 636 498 671 ueritate
506 636 629 681 penitenciam
638 642 715 681 egerunt
721 636 743 680 '.']

226 818 240 854 li
252 810 286 852 DE
297 828 369 852 SANCTA
381 809 479 852 OSMANNA
490 817 583 851 vlnulrtu'.

57 899 136 978 BEata
146 898 198 943 virgo
208 900 310 941 Osmanna,
320 900 369 933 clara
380 899 437 944 stirpe
449 910 470 933 ae
481 900 538 944 regali
550 899 703 933 Hibernlensium
714 910 757 945 pro-
766 910 785 931 ro

111 954 178 997 genita,
192 953 283 987 mandatis
298 952 367 987 domini
382 964 392 988 a
407 953 485 998 pueritia
498 952 551 988 tacito
565 953 620 988 eorde
632 953 725 994 credebat,
738 958 756 987 et

53 1006 105 1050 quasi
117 1017 182 1040 aurum
194 1007 272 1040 electum
284 1008 366 1050 probata,
375 1006 413 1041 suis
424 1006 537 1051 parentibus,
545 1017 587 1041 cum
599 1011 662 1041 essent
673 1007 757 1050 gentiles,

54 1070 94 1093 eam
103 1060 210 1103 cogentibus
218 1070 241 1094 ne
249 1059 357 1094 christicolis
365 1060 453 1101 crederet,
461 1060 580 1103 obiurganter
587 1060 676 1101 obstabat,
682 1060 756 1094 dicens:

54 1111 107 1154 ‘Cur,
118 1111 182 1146 insana
193 1123 245 1156 gens,
253 1112 319 1147 vestris
331 1113 386 1147 mutis
397 1112 457 1154 idolis,
469 1112 495 1146 nil
507 1113 573 1147 obesse
584 1124 619 1147 nec
630 1112 713 1146 auxiliari
725 1123 756 1147 va-

54 1165 139 1206 lentibus,
147 1176 177 1199 me
188 1166 217 1199 dei
228 1166 322 1199 cultricem
332 1172 386 1210 caput
396 1166 484 1199 inclinare
495 1165 608 1209 compellitis,
617 1165 704 1209 legesque
714 1177 756 1209 pro·
766 1178 784 1207 ¹5

54 1217 126 1260 phanas
134 1228 220 1252 exercere
228 1217 315 1252 iubetis?¹
339 1217 392 1260 Quod
400 1218 496 1252 audientes
507 1222 594 1262 parentes
603 1218 643 1252 eius
653 1218 757 1262 stupebant,

54 1275 109 1313 atque
116 1270 162 1304 altcr
169 1272 193 1304 ad
200 1271 276 1304 alterum
283 1272 364 1305 dicebat:
377 1271 434 1312 ‘Quid
441 1271 524 1305 dicemus
530 1272 553 1305 de
561 1271 592 1304 illa
599 1271 635 1305 iam
643 1270 685 1304 fidei
694 1277 757 1305 nostre

54 1324 128 1365 penitus
138 1323 233 1357 obstante?
240 1324 244 1339 ’
267 1323 314 1357 Cum
322 1328 383 1357 autem
391 1324 466 1357 tandem
473 1323 557 1357 viderent
568 1323 640 1357 beatam
647 1323 737 1366 virginem
746 1334 757 1357 a

54 1375 84 1408 via
91 1374 173 1409 veritatis
184 1374 233 1408 nolle
245 1376 332 1420 separari,
340 1386 381 1409 eam
392 1375 463 1409 cuidam
474 1375 529 1409 nobili
540 1375 559 1409 in
570 1375 705 1409 matrimonium
714 1376 758 1410 dare

55 1427 144 1469 volebant,
156 1433 175 1461 vt
189 1428 255 1472 gaudio
267 1432 340 1463 vacaret
353 1434 371 1463 et
385 1428 493 1463 christianos
505 1429 546 1463 odio
558 1428 639 1463 haberet.
662 1429 715 1471 Quod
727 1428 758 1463 illa
767 1439 786 1461 ιο

55 1480 164 1523 intelligens,
172 1486 259 1524 parentes
267 1486 285 1515 et
292 1482 370 1524 patriam
379 1481 481 1525 dereliquit,
489 1487 507 1515 et
518 1486 612 1525 assumpta
622 1491 685 1515 secum
693 1481 758 1515 ancilla

55 1533 130 1566 nomine
138 1533 233 1575 Aelitenis,
241 1533 329 1567 transito³
337 1533 382 1567 mari
394 1533 413 1567 in
424 1534 489 1567 siluam
498 1534 548 1567 iuxta
557 1533 637 1577 Ligerim
646 1532 727 1575 lluuium,
735 1534 758 1567 ab

56 1585 151 1620 hominum
162 1585 273 1620 habitatione
287 1591 381 1627 remotam,
393 1587 522 1620 domunculam
534 1597 558 1620 ex
570 1586 618 1621 soliis
631 1591 650 1620 et
663 1586 759 1620 frondibus

56 1638 103 1680 secit,
111 1643 129 1672 et
137 1638 208 1673 radices
216 1638 314 1673 herbarum
323 1644 341 1674 et
349 1639 391 1674 folia
398 1639 417 1673 in
423 1640 483 1674 cibum
492 1640 576 1684 sumpsit,
583 1645 645 1674 vestes
655 1650 678 1674 cx
688 1639 758 1674 iuncis*

55 1697 74 1725 et
84 1692 196 1735 longioribus
204 1692 267 1726 herbis
277 1692 312 1726 sibi
322 1692 369 1726 fecit.
393 1692 437 1726 Post
447 1692 481 1727 hec
489 1703 539 1733 vcro,
547 1694 591 1727 dum
599 1692 674 1737 quidam
681 1699 758 1727 uenator
767 1704 786 1735 ²5

56 1744 147 1786 pontilicis
160 1755 201 1777 cum
215 1745 330 1779 multitudine
343 1755 407 1778 canum
421 1755 486 1788 aprum
497 1746 623 1784 insectaretur,
635 1755 680 1788 aper
691 1745 722 1778 ille
734 1746 758 1778 ad

56 1796 108 1831 beate
123 1795 231 1831 Osmanne⁶
246 1795 368 1831 habitaculum
383 1797 499 1842 perueniens,
514 1803 556 1833 ante
571 1798 629 1842 pedes
646 1797 690 1839 eius,
706 1797 758 1842 quasi

57 1849 201 1883 misericordiam
212 1855 283 1893 petens,
291 1861 312 1884 se
322 1850 425 1895 prostrauit.
448 1850 508 1893 Quem
520 1861 561 1884 cum
569 1856 646 1884 venator
657 1850 759 1884 adueniens

56 1902 128 1937 cultello
136 1901 219 1937 occidere
227 1903 286 1943 vellet,
294 1903 344 1937 nulla
351 1902 406 1947 gladii
414 1903 463 1938 acies
471 1910 532 1938 cutem
540 1903 580 1937 cius
589 1908 686 1947 penetrare
694 1903 757 1947 potuit.

57 1955 98 1998 Quo
108 1955 148 1990 viso
159 1956 182 1989 ad
194 1955 301 2000 episcopum
313 1967 398 2000 pergens,
407 1967 427 1990 se
439 1956 509 2000 magica
520 1962 559 1991 arte
570 1967 581 1990 a
590 1956 662 2000 virgine
673 1957 757 1991 delusum
766 1966 786 1996 3⁰

57 2009 113 2044 luisse
124 2019 216 2052 asserens,
224 2015 288 2043 cuncta
296 2020 332 2053 que
339 2010 409 2044 viderat
417 2010 485 2044 studuit
493 2020 583 2044 enarrare.
606 2010 697 2054 Pergente
705 2010 758 2044 illuc⁵

77 2098 82 2115 ¹
93 2099 154 2129 Collect
161 2100 176 2128 in
184 2100 213 2132 T,:

78 2136 96 2174 Ο
103 2143 160 2173 Ositha
165 2144 234 2180 gloriosa
239 2144 287 2174 uanis
292 2144 380 2179 uirtutibus,
388 2143 449 2173 Ooliua
455 2144 527 2181 speciosa
532 2144 591 2173 llorens
598 2143 614 2173 in
622 2143 706 2173 celestibus
713 2155 717 2174 ε
727 2144 759 2174 Fac

57 2184 112 2253 plotiga
121 2184 258 2252 graciosgnostra
269 2184 300 2213 tuis
312 2183 390 2221 precibus,
401 2183 483 2213 lucentiua
493 2183 553 2213 uitiosa
563 2187 660 2213 commutans
670 2183 758 2213 uirtutibus.

72 2232 209 2261 ,mmmm

79 2262 126 2300 Deus
134 2269 160 2306 qui
168 2277 185 2297 es
192 2268 261 2298 omnium
271 2273 358 2299 sanctarum
366 2269 396 2298 llos
403 2268 487 2306 uirginum,
494 2269 515 2298 da
524 2268 570 2299 nobis
580 2268 597 2298 in
606 2272 660 2299 sancte
669 2267 735 2306 uirginis
742 2274 759 2298 et

57 2308 126 2338 martiris
142 2312 168 2337 tue
184 2308 241 2337 Osithe
256 2312 300 2338 sorte
316 2308 382 2346 censeri,
397 2312 420 2344 nt,
434 2308 478 2338 cuius
493 2309 574 2338 laudamus
590 2308 667 2345 meritum,
681 2307 761 2338 imitemur

57 2347 155 2416 1ειιειιιριιιῗ.
175 2347 206 2384 Qut
216 2347 256 2376 uiuis
265 2352 281 2377 et
292 2356 349 2385 regnas
359 2356 394 2378 cum
405 2349 435 2378 deo
445 2352 489 2386 patre
501 2352 518 2378 et
528 2357 541 2378 s.
552 2348 591 2385 spir.
599 2349 638 2378 deus
649 2348 666 2378 in
676 2357 708 2378 sec.
715 2357 760 2378 secu·

63 2396 112 2416 orum.
148 2396 188 2416 rnen.

77 2426 84 2443 ²
93 2426 173 2463 Abridged
181 2426 220 2455 from
227 2435 237 2454 a
244 2426 279 2455 Life
285 2426 345 2456 known
354 2431 371 2456 to
378 2427 405 2456 the
412 2426 453 2456 Boll.
460 2426 500 2456 from
507 2435 517 2455 a
524 2426 558 2458 MS.
566 2426 672 2462 Anisolense;
682 2436 702 2456 an
710 2427 759 2463 older,

57 2466 122 2495 shorter
133 2466 172 2500 Lile,
183 2466 199 2494 in
208 2466 298 2502 frequently
304 2467 332 2496 the
341 2475 385 2496 same
393 2467 453 2500 words,
460 2466 474 2495 is
483 2467 508 2496 ed.
515 2467 555 2495 srom
563 2476 573 2495 ιι
581 2466 604 2495 St.
612 2466 662 2496 Deuis
671 2466 705 2496 MS.
713 2467 729 2496 in
739 2466 759 2495 A.

58 2505 153 2577 gimbaplliq
160 2505 206 2563 Septa
213 2505 307 2576 llllsstlric'aaa.
357 2506 363 2524 ³
374 2507 392 2537 E.
400 2507 471 2537 transita
523 2506 529 2525 ⁸
538 2506 557 2536 T.
564 2506 626 2537 iunctis.
676 2506 682 2524 ⁵
692 2506 711 2537 E.
717 2506 761 2536 beati
