<?xml version="1.0" encoding="UTF-8"?>
<!DOCTYPE html PUBLIC "-//W3C//DTD XHTML 1.0 Transitional//EN"
    "http://www.w3.org/TR/xhtml1/DTD/xhtml1-transitional.dtd">
<html xmlns="http://www.w3.org/1999/xhtml" xml:lang="en" lang="en">
 <head>
  <title>
</title>
<meta http-equiv="Content-Type" content="text/html;charset=utf-8" />
  <meta name='ocr-system' content='tesseract 3.04.00' />
  <meta name='ocr-capabilities' content='ocr_page ocr_carea ocr_par ocr_line ocrx_word'/>
</head>
<body>
  <div class='ocr_page' id='page_1' title='image "./MN5111ucmf_0/MN5111ucmf_0_1249.png"; bbox 0 0 1762 2803; ppageno 0'>
   <div class='ocr_carea' id='block_1_1' title="bbox 49 121 749 188">
    <p class='ocr_par' dir='ltr' id='par_1_1' title="bbox 49 121 749 188">
     <span class='ocr_line' id='line_1_1' title="bbox 49 121 749 188; baseline 0.024 -22"><span class='ocrx_word' id='word_1_1' title='bbox 49 131 185 171; x_wconf 51' lang='lat' dir='ltr'>asianam]</span> <span class='ocrx_word' id='word_1_2' title='bbox 203 122 249 178; x_wconf 64' lang='lat' dir='ltr'>me</span> <span class='ocrx_word' id='word_1_3' title='bbox 261 121 297 175; x_wconf 52' lang='grc' dir='ltr'>ἦ.</span> <span class='ocrx_word' id='word_1_4' title='bbox 308 123 441 176; x_wconf 64' lang='lat' dir='ltr'>mutunus</span> <span class='ocrx_word' id='word_1_5' title='bbox 453 132 511 186; x_wconf 75' lang='lat' dir='ltr'>reue</span> <span class='ocrx_word' id='word_1_6' title='bbox 525 127 549 177; x_wconf 81' lang='lat' dir='ltr'>tt</span> <span class='ocrx_word' id='word_1_7' title='bbox 561 128 677 188; x_wconf 64' lang='lat' dir='ltr'>mutata.</span> <span class='ocrx_word' id='word_1_8' title='bbox 704 130 749 183; x_wconf 79' lang='lat'>633</span> 
     </span>
    </p>
   </div>
   <div class='ocr_carea' id='block_1_2' title="bbox 48 242 779 988">
    <p class='ocr_par' dir='ltr' id='par_1_2' title="bbox 48 242 779 988">
     <span class='ocr_line' id='line_1_2' title="bbox 49 242 751 290; baseline 0.003 -13"><span class='ocrx_word' id='word_1_9' title='bbox 49 249 127 277; x_wconf 87' lang='lat' dir='ltr'>sanctum</span> <span class='ocrx_word' id='word_1_10' title='bbox 140 242 205 276; x_wconf 86' lang='lat' dir='ltr'>nesciat</span> <span class='ocrx_word' id='word_1_11' title='bbox 217 244 341 278; x_wconf 80' lang='lat' dir='ltr'>Edmundunrt</span> <span class='ocrx_word' id='word_1_12' title='bbox 356 245 394 288; x_wconf 89' lang='lat' dir='ltr'>quis</span> <span class='ocrx_word' id='word_1_13' title='bbox 404 246 475 279; x_wconf 86' lang='lat' dir='ltr'>virtutes</span> <span class='ocrx_word' id='word_1_14' title='bbox 486 245 524 279; x_wconf 89' lang='lat' dir='ltr'>eius</span> <span class='ocrx_word' id='word_1_15' title='bbox 533 256 606 290; x_wconf 88' lang='lat' dir='ltr'>quarum</span> <span class='ocrx_word' id='word_1_16' title='bbox 617 252 662 279; x_wconf 86' lang='lat' dir='ltr'>terra</span> <span class='ocrx_word' id='word_1_17' title='bbox 673 247 751 289; x_wconf 81' lang='lat' dir='ltr'>marique</span> 
     </span>
     <span class='ocr_line' id='line_1_3' title="bbox 49 293 750 340; baseline 0.006 -13"><span class='ocrx_word' id='word_1_18' title='bbox 49 295 94 327; x_wconf 86' lang='lat' dir='ltr'>tama</span> <span class='ocrx_word' id='word_1_19' title='bbox 105 293 190 335; x_wconf 87' lang='lat' dir='ltr'>dilatatur,</span> <span class='ocrx_word' id='word_1_20' title='bbox 200 304 235 326; x_wconf 90' lang='lat' dir='ltr'>non</span> <span class='ocrx_word' id='word_1_21' title='bbox 244 295 320 329; x_wconf 78' lang='lat' dir='ltr'>audiuit?</span> <span class='ocrx_word' id='word_1_22' title='bbox 334 295 372 340; x_wconf 88' lang='lat' dir='ltr'>quis</span> <span class='ocrx_word' id='word_1_23' title='bbox 381 306 420 330; x_wconf 90' lang='lat' dir='ltr'>eum</span> <span class='ocrx_word' id='word_1_24' title='bbox 429 302 520 340; x_wconf 88' lang='lat' dir='ltr'>patronum</span> <span class='ocrx_word' id='word_1_25' title='bbox 530 296 581 340; x_wconf 86' lang='lat' dir='ltr'>elegit</span> <span class='ocrx_word' id='word_1_26' title='bbox 592 303 609 331; x_wconf 92' lang='lat' dir='ltr'>et</span> <span class='ocrx_word' id='word_1_27' title='bbox 620 297 701 331; x_wconf 80' lang='lat' dir='ltr'>confusus</span> <span class='ocrx_word' id='word_1_28' title='bbox 712 296 750 331; x_wconf 86' lang='lat' dir='ltr'>esti</span> 
     </span>
     <span class='ocr_line' id='line_1_4' title="bbox 49 344 751 391; baseline 0.003 -12"><span class='ocrx_word' id='word_1_29' title='bbox 49 344 157 379; x_wconf 84' lang='lat' dir='ltr'>Accedamus</span> <span class='ocrx_word' id='word_1_30' title='bbox 169 344 220 388; x_wconf 85' lang='lat' dir='ltr'>igitur</span> <span class='ocrx_word' id='word_1_31' title='bbox 230 346 253 380; x_wconf 87' lang='lat' dir='ltr'>ad</span> <span class='ocrx_word' id='word_1_32' title='bbox 265 356 304 380; x_wconf 89' lang='lat' dir='ltr'>eum</span> <span class='ocrx_word' id='word_1_33' title='bbox 314 353 350 381; x_wconf 89' lang='lat' dir='ltr'>toto</span> <span class='ocrx_word' id='word_1_34' title='bbox 361 347 417 390; x_wconf 86' lang='lat' dir='ltr'>corde,</span> <span class='ocrx_word' id='word_1_35' title='bbox 429 348 543 382; x_wconf 84' lang='lat' dir='ltr'>exclamemus</span> <span class='ocrx_word' id='word_1_36' title='bbox 555 347 577 382; x_wconf 92' lang='lat' dir='ltr'>ad</span> <span class='ocrx_word' id='word_1_37' title='bbox 589 358 628 382; x_wconf 92' lang='lat' dir='ltr'>eum</span> <span class='ocrx_word' id='word_1_38' title='bbox 639 347 751 391; x_wconf 80' lang='lat' dir='ltr'>implorantes</span> 
     </span>
     <span class='ocr_line' id='line_1_5' title="bbox 49 395 751 441; baseline 0.004 -14"><span class='ocrx_word' id='word_1_39' title='bbox 49 395 85 428; x_wconf 89' lang='lat' dir='ltr'>eius</span> <span class='ocrx_word' id='word_1_40' title='bbox 97 395 177 428; x_wconf 84' lang='lat' dir='ltr'>auxilium</span> <span class='ocrx_word' id='word_1_41' title='bbox 189 396 206 429; x_wconf 92' lang='lat' dir='ltr'>in</span> <span class='ocrx_word' id='word_1_42' title='bbox 218 401 294 438; x_wconf 90' lang='lat' dir='ltr'>tempore</span> <span class='ocrx_word' id='word_1_43' title='bbox 305 397 406 431; x_wconf 87' lang='lat' dir='ltr'>affliccionis</span> <span class='ocrx_word' id='word_1_44' title='bbox 416 405 484 439; x_wconf 80' lang='lat' dir='ltr'>nostre3</span> <span class='ocrx_word' id='word_1_45' title='bbox 496 398 590 432; x_wconf 88' lang='lat' dir='ltr'>accelerate</span> <span class='ocrx_word' id='word_1_46' title='bbox 601 397 663 441; x_wconf 82' lang='lat' dir='ltr'>singuli</span> <span class='ocrx_word' id='word_1_47' title='bbox 675 404 692 431; x_wconf 91' lang='lat' dir='ltr'>et</span> <span class='ocrx_word' id='word_1_48' title='bbox 704 397 751 431; x_wconf 86' lang='lat' dir='ltr'>iuxta</span> 
     </span>
     <span class='ocr_line' id='line_1_6' title="bbox 49 444 768 490; baseline 0.01 -15"><span class='ocrx_word' id='word_1_49' title='bbox 49 444 94 487; x_wconf 91' lang='lat' dir='ltr'>quod</span> <span class='ocrx_word' id='word_1_50' title='bbox 102 454 155 486; x_wconf 92' lang='lat' dir='ltr'>penes</span> <span class='ocrx_word' id='word_1_51' title='bbox 163 454 182 477; x_wconf 88' lang='lat' dir='ltr'>se</span> <span class='ocrx_word' id='word_1_52' title='bbox 189 446 261 489; x_wconf 89' lang='lat' dir='ltr'>quisque</span> <span class='ocrx_word' id='word_1_53' title='bbox 268 447 347 490; x_wconf 91' lang='lat' dir='ltr'>repperit,</span> <span class='ocrx_word' id='word_1_54' title='bbox 353 447 371 481; x_wconf 91' lang='lat' dir='ltr'>in</span> <span class='ocrx_word' id='word_1_55' title='bbox 379 457 469 482; x_wconf 89' lang='lat' dir='ltr'>commune</span> <span class='ocrx_word' id='word_1_56' title='bbox 474 447 668 489; x_wconf 87' lang='lat' dir='ltr'>conserte,oblacionem</span> <span class='ocrx_word' id='word_1_57' title='bbox 675 454 750 482; x_wconf 85' lang='lat' dir='ltr'>vestram</span> <span class='ocrx_word' id='word_1_58' title='bbox 758 455 768 487; x_wconf 84' lang='grc'>5</span> 
     </span>
     <span class='ocr_line' id='line_1_7' title="bbox 48 494 750 540; baseline 0.009 -14"><span class='ocrx_word' id='word_1_59' title='bbox 48 495 99 527; x_wconf 86' lang='lat' dir='ltr'>beato</span> <span class='ocrx_word' id='word_1_60' title='bbox 113 494 179 527; x_wconf 88' lang='lat' dir='ltr'>martiri</span> <span class='ocrx_word' id='word_1_61' title='bbox 195 496 299 538; x_wconf 81' lang='lat' dir='ltr'>dedicantes,</span> <span class='ocrx_word' id='word_1_62' title='bbox 314 496 398 540; x_wconf 91' lang='lat' dir='ltr'>simulque</span> <span class='ocrx_word' id='word_1_63' title='bbox 413 498 516 540; x_wconf 86' lang='lat' dir='ltr'><strong>spondentes</strong></span> <span class='ocrx_word' id='word_1_64' title='bbox 535 498 580 532; x_wconf 85' lang='lat' dir='ltr'>cirea</span> <span class='ocrx_word' id='word_1_65' title='bbox 598 499 662 532; x_wconf 90' lang='lat' dir='ltr'>cultum</span> <span class='ocrx_word' id='word_1_66' title='bbox 680 497 717 532; x_wconf 88' lang='lat' dir='ltr'>eius</span> <span class='ocrx_word' id='word_1_67' title='bbox 733 504 750 532; x_wconf 89' lang='lat' dir='ltr'>et</span> 
     </span>
     <span class='ocr_line' id='line_1_8' title="bbox 49 546 750 592; baseline 0.01 -17"><span class='ocrx_word' id='word_1_68' title='bbox 49 553 125 576; x_wconf 85' lang='lat' dir='ltr'>amorem</span> <span class='ocrx_word' id='word_1_69' title='bbox 140 546 262 588; x_wconf 78' lang='lat' dir='ltr'>promptiores,</span> <span class='ocrx_word' id='word_1_70' title='bbox 277 547 370 590; x_wconf 88' lang='lat' dir='ltr'>fidelesque</span> <span class='ocrx_word' id='word_1_71' title='bbox 385 548 467 581; x_wconf 90' lang='lat' dir='ltr'>virtutum</span> <span class='ocrx_word' id='word_1_72' title='bbox 483 548 519 581; x_wconf 90' lang='lat' dir='ltr'>eius</span> <span class='ocrx_word' id='word_1_73' title='bbox 534 548 615 592; x_wconf 89' lang='lat' dir='ltr'>quamdiu</span> <span class='ocrx_word' id='word_1_74' title='bbox 630 548 706 582; x_wconf 81' lang='lat' dir='ltr'>vixeritis</span> <span class='ocrx_word' id='word_1_75' title='bbox 718 559 750 582; x_wconf 92' lang='lat' dir='ltr'>uos</span> 
     </span>
     <span class='ocr_line' id='line_1_9' title="bbox 49 593 751 636; baseline 0.009 -10"><span class='ocrx_word' id='word_1_76' title='bbox 49 593 85 626; x_wconf 85' lang='lat' dir='ltr'>lore</span> <span class='ocrx_word' id='word_1_77' title='bbox 99 594 215 636; x_wconf 74' lang='lat' dir='ltr'>professores.¹</span> <span class='ocrx_word' id='word_1_78' title='bbox 238 597 337 631; x_wconf 72' lang='lat' dir='ltr'>collacione</span> <span class='ocrx_word' id='word_1_79' title='bbox 350 597 413 631; x_wconf 84' lang='lat' dir='ltr'>deinde</span> <span class='ocrx_word' id='word_1_80' title='bbox 427 598 474 631; x_wconf 85' lang='lat' dir='ltr'>taeta</span> <span class='ocrx_word' id='word_1_81' title='bbox 488 603 505 631; x_wconf 90' lang='lat' dir='ltr'>et</span> <span class='ocrx_word' id='word_1_82' title='bbox 520 597 538 631; x_wconf 90' lang='lat' dir='ltr'>in</span> <span class='ocrx_word' id='word_1_83' title='bbox 552 597 602 632; x_wconf 82' lang='lat' dir='ltr'>unius</span> <span class='ocrx_word' id='word_1_84' title='bbox 617 610 697 633; x_wconf 87' lang='lat' dir='ltr'>crumene</span> <span class='ocrx_word' id='word_1_85' title='bbox 711 598 751 632; x_wconf 87' lang='lat' dir='ltr'>sinu</span> 
     </span>
     <span class='ocr_line' id='line_1_10' title="bbox 49 645 750 690; baseline 0.009 -14"><span class='ocrx_word' id='word_1_86' title='bbox 49 645 129 686; x_wconf 89' lang='lat' dir='ltr'>reposita,</span> <span class='ocrx_word' id='word_1_87' title='bbox 137 655 214 679; x_wconf 85' lang='lat' dir='ltr'>consona</span> <span class='ocrx_word' id='word_1_88' title='bbox 224 658 266 681; x_wconf 88' lang='lat' dir='ltr'>voce</span> <span class='ocrx_word' id='word_1_89' title='bbox 276 653 293 681; x_wconf 91' lang='lat' dir='ltr'>et</span> <span class='ocrx_word' id='word_1_90' title='bbox 303 647 402 681; x_wconf 79' lang='lat' dir='ltr'>intencione</span> <span class='ocrx_word' id='word_1_91' title='bbox 413 648 554 682; x_wconf 76' lang='lat' dir='ltr'>conclamabant:</span> <span class='ocrx_word' id='word_1_92' title='bbox 567 649 640 682; x_wconf 89' lang='lat' dir='ltr'>‘Sancte</span> <span class='ocrx_word' id='word_1_93' title='bbox 651 650 750 690; x_wconf 85' lang='lat' dir='ltr'>Edmunde,</span> 
     </span>
     <span class='ocr_line' id='line_1_11' title="bbox 49 693 779 740; baseline 0.004 -15"><span class='ocrx_word' id='word_1_94' title='bbox 49 693 112 726; x_wconf 87' lang='lat' dir='ltr'>adiuua</span> <span class='ocrx_word' id='word_1_95' title='bbox 119 705 151 728; x_wconf 87' lang='lat' dir='ltr'>nos</span> <span class='ocrx_word' id='word_1_96' title='bbox 159 695 173 727; x_wconf 86' lang='lat' dir='ltr'>l&#39;</span> <span class='ocrx_word' id='word_1_97' title='bbox 197 697 249 737; x_wconf 82' lang='lat' dir='ltr'>Quod</span> <span class='ocrx_word' id='word_1_98' title='bbox 256 697 298 730; x_wconf 91' lang='lat' dir='ltr'>dum</span> <span class='ocrx_word' id='word_1_99' title='bbox 304 703 373 740; x_wconf 90' lang='lat' dir='ltr'>tempus</span> <span class='ocrx_word' id='word_1_100' title='bbox 380 695 523 731; x_wconf 84' lang='lat' dir='ltr'>increbruissent¹</span> <span class='ocrx_word' id='word_1_101' title='bbox 531 705 536 728; x_wconf 72' lang='grc' dir='ltr'><strong>ε</strong></span> <span class='ocrx_word' id='word_1_102' title='bbox 548 696 592 740; x_wconf 83' lang='lat' dir='ltr'>cepit</span> <span class='ocrx_word' id='word_1_103' title='bbox 602 708 648 740; x_wconf 86' lang='lat' dir='ltr'>aqua</span> <span class='ocrx_word' id='word_1_104' title='bbox 655 697 709 731; x_wconf 87' lang='lat' dir='ltr'>minui</span> <span class='ocrx_word' id='word_1_105' title='bbox 717 709 750 740; x_wconf 88' lang='lat' dir='ltr'>que</span> <span class='ocrx_word' id='word_1_106' title='bbox 760 708 779 729; x_wconf 85' lang='lat' dir='ltr'>ro</span> 
     </span>
     <span class='ocr_line' id='line_1_12' title="bbox 49 746 751 793; baseline 0.011 -18"><span class='ocrx_word' id='word_1_107' title='bbox 49 754 111 776; x_wconf 86' lang='lat' dir='ltr'>nauem</span> <span class='ocrx_word' id='word_1_108' title='bbox 122 754 242 789; x_wconf 87' lang='lat' dir='ltr'>occupauerat,</span> <span class='ocrx_word' id='word_1_109' title='bbox 253 746 337 793; x_wconf 86' lang='lat' dir='ltr'>nauisque</span> <span class='ocrx_word' id='word_1_110' title='bbox 348 747 412 783; x_wconf 83' lang='lat' dir='ltr'>leuiata</span> <span class='ocrx_word' id='word_1_111' title='bbox 421 746 503 793; x_wconf 83' lang='lat' dir='ltr'>paulatim</span> <span class='ocrx_word' id='word_1_112' title='bbox 516 747 607 792; x_wconf 74' lang='lat' dir='ltr'>progredi,</span> <span class='ocrx_word' id='word_1_113' title='bbox 620 749 683 783; x_wconf 88' lang='lat' dir='ltr'>deinde</span> <span class='ocrx_word' id='word_1_114' title='bbox 694 749 751 783; x_wconf 85' lang='lat' dir='ltr'>leuato</span> 
     </span>
     <span class='ocr_line' id='line_1_13' title="bbox 49 795 751 842; baseline 0.01 -16"><span class='ocrx_word' id='word_1_115' title='bbox 49 795 98 827; x_wconf 65' lang='grc' dir='ltr'>νεὶο2</span> <span class='ocrx_word' id='word_1_116' title='bbox 106 806 153 830; x_wconf 87' lang='lat' dir='ltr'>mare</span> <span class='ocrx_word' id='word_1_117' title='bbox 163 798 235 831; x_wconf 81' lang='lat' dir='ltr'>feliciter</span> <span class='ocrx_word' id='word_1_118' title='bbox 245 799 294 832; x_wconf 84' lang='lat' dir='ltr'>nauis</span> <span class='ocrx_word' id='word_1_119' title='bbox 303 799 370 842; x_wconf 86' lang='lat' dir='ltr'>inpulsa</span> <span class='ocrx_word' id='word_1_120' title='bbox 381 799 430 842; x_wconf 82' lang='lat' dir='ltr'>quasi</span> <span class='ocrx_word' id='word_1_121' title='bbox 439 800 484 832; x_wconf 92' lang='lat' dir='ltr'>trino</span> <span class='ocrx_word' id='word_1_122' title='bbox 494 798 583 832; x_wconf 85' lang='lat' dir='ltr'>cuiusdam</span> <span class='ocrx_word' id='word_1_123' title='bbox 593 798 661 841; x_wconf 89' lang='lat' dir='ltr'>inpulsu</span> <span class='ocrx_word' id='word_1_124' title='bbox 670 809 751 842; x_wconf 85' lang='lat' dir='ltr'>prospere</span> 
     </span>
     <span class='ocr_line' id='line_1_14' title="bbox 49 844 751 890; baseline 0.007 -13"><span class='ocrx_word' id='word_1_125' title='bbox 49 844 93 887; x_wconf 88' lang='lat' dir='ltr'>cepit</span> <span class='ocrx_word' id='word_1_126' title='bbox 101 846 191 881; x_wconf 85' lang='lat' dir='ltr'>velificare.</span> <span class='ocrx_word' id='word_1_127' title='bbox 214 848 243 883; x_wconf 89' lang='lat' dir='ltr'>Sic</span> <span class='ocrx_word' id='word_1_128' title='bbox 250 849 296 883; x_wconf 90' lang='lat' dir='ltr'>claro</span> <span class='ocrx_word' id='word_1_129' title='bbox 303 849 331 884; x_wconf 93' lang='lat' dir='ltr'>die</span> <span class='ocrx_word' id='word_1_130' title='bbox 338 849 433 883; x_wconf 88' lang='lat' dir='ltr'>redduntur</span> <span class='ocrx_word' id='word_1_131' title='bbox 442 848 519 883; x_wconf 91' lang='lat' dir='ltr'>homines</span> <span class='ocrx_word' id='word_1_132' title='bbox 527 854 576 890; x_wconf 87' lang='lat' dir='ltr'>terre,</span> <span class='ocrx_word' id='word_1_133' title='bbox 584 849 636 883; x_wconf 87' lang='lat' dir='ltr'>deum</span> <span class='ocrx_word' id='word_1_134' title='bbox 644 860 664 883; x_wconf 91' lang='lat' dir='ltr'>ac</span> <span class='ocrx_word' id='word_1_135' title='bbox 671 854 751 883; x_wconf 86' lang='lat' dir='ltr'>sanctum</span> 
     </span>
     <span class='ocr_line' id='line_1_15' title="bbox 49 896 751 942; baseline 0.007 -14"><span class='ocrx_word' id='word_1_136' title='bbox 49 896 161 930; x_wconf 89' lang='lat' dir='ltr'>Edmundum</span> <span class='ocrx_word' id='word_1_137' title='bbox 176 899 317 940; x_wconf 83' lang='lat' dir='ltr'>magnificantes;</span> <span class='ocrx_word' id='word_1_138' title='bbox 336 901 460 942; x_wconf 81' lang='lat' dir='ltr'>collectamque</span> <span class='ocrx_word' id='word_1_139' title='bbox 478 900 570 941; x_wconf 85' lang='lat' dir='ltr'>pecuniam</span> <span class='ocrx_word' id='word_1_140' title='bbox 587 900 611 933; x_wconf 88' lang='lat' dir='ltr'>ad</span> <span class='ocrx_word' id='word_1_141' title='bbox 629 899 751 933; x_wconf 87' lang='lat' dir='ltr'>monasterium</span> 
     </span>
     <span class='ocr_line' id='line_1_16' title="bbox 49 945 778 988; baseline 0.012 -11"><span class='ocrx_word' id='word_1_142' title='bbox 49 945 163 988; x_wconf 84' lang='lat' dir='ltr'>deportantes,</span> <span class='ocrx_word' id='word_1_143' title='bbox 171 948 231 981; x_wconf 89' lang='lat' dir='ltr'>fideles</span> <span class='ocrx_word' id='word_1_144' title='bbox 238 949 330 983; x_wconf 83' lang='lat' dir='ltr'>extiterunt</span> <span class='ocrx_word' id='word_1_145' title='bbox 338 949 388 982; x_wconf 91' lang='lat' dir='ltr'>huius</span> <span class='ocrx_word' id='word_1_146' title='bbox 395 948 471 982; x_wconf 87' lang='lat' dir='ltr'>miraculi</span> <span class='ocrx_word' id='word_1_147' title='bbox 479 949 566 982; x_wconf 84' lang='lat' dir='ltr'>relatores.</span> <span class='ocrx_word' id='word_1_148' title='bbox 760 955 778 986; x_wconf 78' lang='grc' dir='ltr'>Ῐ5</span> 
     </span>
    </p>
   </div>
   <div class='ocr_carea' id='block_1_3' title="bbox 96 1052 703 1098">
    <p class='ocr_par' dir='ltr' id='par_1_3' title="bbox 96 1052 703 1098">
     <span class='ocr_line' id='line_1_17' title="bbox 96 1052 703 1098; baseline 0.002 -10"><span class='ocrx_word' id='word_1_149' title='bbox 96 1052 151 1088; x_wconf 62' lang='lat' dir='ltr'>5an</span> <span class='ocrx_word' id='word_1_150' title='bbox 162 1061 245 1093; x_wconf 79' lang='lat' dir='ltr'>Quonnrr</span> <span class='ocrx_word' id='word_1_151' title='bbox 256 1054 361 1090; x_wconf 76' lang='lat' dir='ltr'>Wumrnno</span> <span class='ocrx_word' id='word_1_152' title='bbox 371 1063 396 1089; x_wconf 80' lang='lat' dir='ltr'>aa</span> <span class='ocrx_word' id='word_1_153' title='bbox 407 1053 531 1098; x_wconf 70' lang='lat' dir='ltr'>rrrirdmanrr</span> <span class='ocrx_word' id='word_1_154' title='bbox 543 1062 610 1090; x_wconf 75' lang='lat' dir='ltr'>rnorem</span> <span class='ocrx_word' id='word_1_155' title='bbox 621 1062 703 1089; x_wconf 76' lang='lat' dir='ltr'>nucero.</span> 
     </span>
    </p>
   </div>
   <div class='ocr_carea' id='block_1_4' title="bbox 46 1124 779 2472">
    <p class='ocr_par' dir='ltr' id='par_1_4' title="bbox 46 1124 779 2472">
     <span class='ocr_line' id='line_1_18' title="bbox 220 1124 751 1168; baseline 0.004 -10"><span class='ocrx_word' id='word_1_156' title='bbox 220 1126 256 1159; x_wconf 92' lang='lat' dir='ltr'>Um</span> <span class='ocrx_word' id='word_1_157' title='bbox 268 1125 339 1168; x_wconf 85' lang='lat' dir='ltr'>quidam</span> <span class='ocrx_word' id='word_1_158' title='bbox 350 1125 406 1159; x_wconf 87' lang='lat' dir='ltr'>sancti</span> <span class='ocrx_word' id='word_1_159' title='bbox 418 1124 507 1158; x_wconf 86' lang='lat' dir='ltr'>Edmundi</span> <span class='ocrx_word' id='word_1_160' title='bbox 522 1125 637 1158; x_wconf 86' lang='lat' dir='ltr'>conuicaneus</span> <span class='ocrx_word' id='word_1_161' title='bbox 651 1125 751 1160; x_wconf 84' lang='lat' dir='ltr'>Wulmanrs</span> 
     </span>
     <span class='ocr_line' id='line_1_19' title="bbox 241 1174 750 1218; baseline 0.002 -10"><span class='ocrx_word' id='word_1_162' title='bbox 241 1175 310 1209; x_wconf 92' lang='lat' dir='ltr'>nomine</span> <span class='ocrx_word' id='word_1_163' title='bbox 318 1175 402 1209; x_wconf 86' lang='lat' dir='ltr'>oracionis</span> <span class='ocrx_word' id='word_1_164' title='bbox 409 1175 467 1218; x_wconf 81' lang='lat' dir='ltr'>gracia</span> <span class='ocrx_word' id='word_1_165' title='bbox 474 1176 548 1207; x_wconf 85' lang='lat' dir='ltr'>Romam</span> <span class='ocrx_word' id='word_1_166' title='bbox 556 1174 630 1208; x_wconf 86' lang='lat' dir='ltr'>inuisere</span> <span class='ocrx_word' id='word_1_167' title='bbox 638 1174 750 1217; x_wconf 84' lang='lat' dir='ltr'>decreuisset,</span> 
     </span>
     <span class='ocr_line' id='line_1_20' title="bbox 48 1222 751 1267; baseline 0.011 -15"><span class='ocrx_word' id='word_1_168' title='bbox 48 1222 131 1265; x_wconf 85' lang='lat' dir='ltr'>suppler⁴</span> <span class='ocrx_word' id='word_1_169' title='bbox 138 1224 204 1259; x_wconf 90' lang='lat' dir='ltr'>domini</span> <span class='ocrx_word' id='word_1_170' title='bbox 212 1225 238 1259; x_wconf 89' lang='lat' dir='ltr'>sui</span> <span class='ocrx_word' id='word_1_171' title='bbox 246 1225 301 1260; x_wconf 87' lang='lat' dir='ltr'>sancti</span> <span class='ocrx_word' id='word_1_172' title='bbox 308 1225 396 1260; x_wconf 89' lang='lat' dir='ltr'>Edmundi</span> <span class='ocrx_word' id='word_1_173' title='bbox 404 1225 456 1260; x_wconf 85' lang='lat' dir='ltr'>subiit</span> <span class='ocrx_word' id='word_1_174' title='bbox 463 1224 524 1259; x_wconf 85' lang='lat' dir='ltr'>asilum</span> <span class='ocrx_word' id='word_1_175' title='bbox 529 1223 540 1263; x_wconf 78' lang='lat'>⁵,</span> <span class='ocrx_word' id='word_1_176' title='bbox 549 1223 602 1267; x_wconf 90' lang='lat' dir='ltr'>ipsius</span> <span class='ocrx_word' id='word_1_177' title='bbox 609 1224 684 1267; x_wconf 90' lang='lat' dir='ltr'>presidio</span> <span class='ocrx_word' id='word_1_178' title='bbox 691 1234 751 1260; x_wconf 81' lang='lat' dir='ltr'>curam</span> 
     </span>
     <span class='ocr_line' id='line_1_21' title="bbox 48 1270 751 1319; baseline 0.009 -15"><span class='ocrx_word' id='word_1_179' title='bbox 48 1270 112 1306; x_wconf 87' lang='lat' dir='ltr'>itineris</span> <span class='ocrx_word' id='word_1_180' title='bbox 124 1275 150 1308; x_wconf 92' lang='lat' dir='ltr'>sui</span> <span class='ocrx_word' id='word_1_181' title='bbox 161 1277 257 1319; x_wconf 86' lang='lat' dir='ltr'>assignans.</span> <span class='ocrx_word' id='word_1_182' title='bbox 279 1276 348 1310; x_wconf 90' lang='lat' dir='ltr'>Deinde</span> <span class='ocrx_word' id='word_1_183' title='bbox 360 1287 399 1309; x_wconf 90' lang='lat' dir='ltr'>curn</span> <span class='ocrx_word' id='word_1_184' title='bbox 410 1275 522 1319; x_wconf 80' lang='lat' dir='ltr'>prosperitate</span> <span class='ocrx_word' id='word_1_185' title='bbox 533 1285 625 1318; x_wconf 82' lang='lat' dir='ltr'>regressus,</span> <span class='ocrx_word' id='word_1_186' title='bbox 636 1275 660 1309; x_wconf 90' lang='lat' dir='ltr'>ad</span> <span class='ocrx_word' id='word_1_187' title='bbox 674 1276 751 1317; x_wconf 84' lang='lat' dir='ltr'>agendas</span> 
     </span>
     <span class='ocr_line' id='line_1_22' title="bbox 48 1325 779 1370; baseline 0.005 -16"><span class='ocrx_word' id='word_1_188' title='bbox 48 1328 108 1357; x_wconf 88' lang='lat' dir='ltr'>sancto</span> <span class='ocrx_word' id='word_1_189' title='bbox 122 1325 216 1361; x_wconf 90' lang='lat' dir='ltr'>Edmundo</span> <span class='ocrx_word' id='word_1_190' title='bbox 231 1326 298 1370; x_wconf 87' lang='lat' dir='ltr'>gracias</span> <span class='ocrx_word' id='word_1_191' title='bbox 316 1326 394 1368; x_wconf 89' lang='lat' dir='ltr'>accessit,</span> <span class='ocrx_word' id='word_1_192' title='bbox 408 1333 503 1370; x_wconf 88' lang='lat' dir='ltr'>spontanea</span> <span class='ocrx_word' id='word_1_193' title='bbox 517 1332 557 1360; x_wconf 85' lang='lat' dir='ltr'>vota</span> <span class='ocrx_word' id='word_1_194' title='bbox 575 1325 638 1369; x_wconf 84' lang='lat' dir='ltr'>pariter</span> <span class='ocrx_word' id='word_1_195' title='bbox 656 1326 749 1361; x_wconf 85' lang='lat' dir='ltr'>oblaturus.</span> <span class='ocrx_word' id='word_1_196' title='bbox 759 1336 779 1359; x_wconf 76' lang='lat' dir='ltr'>ro</span> 
     </span>
     <span class='ocr_line' id='line_1_23' title="bbox 48 1372 750 1419; baseline 0.01 -15"><span class='ocrx_word' id='word_1_197' title='bbox 48 1372 92 1406; x_wconf 91' lang='lat' dir='ltr'>Inde</span> <span class='ocrx_word' id='word_1_198' title='bbox 107 1385 146 1408; x_wconf 90' lang='lat' dir='ltr'>cum</span> <span class='ocrx_word' id='word_1_199' title='bbox 161 1377 232 1410; x_wconf 89' lang='lat' dir='ltr'>domum</span> <span class='ocrx_word' id='word_1_200' title='bbox 246 1378 362 1419; x_wconf 88' lang='lat' dir='ltr'>descenderet,</span> <span class='ocrx_word' id='word_1_201' title='bbox 374 1378 448 1410; x_wconf 90' lang='lat' dir='ltr'>necdum</span> <span class='ocrx_word' id='word_1_202' title='bbox 466 1376 504 1409; x_wconf 89' lang='lat' dir='ltr'>atrii</span> <span class='ocrx_word' id='word_1_203' title='bbox 519 1376 570 1410; x_wconf 90' lang='lat' dir='ltr'>metis</span> <span class='ocrx_word' id='word_1_204' title='bbox 585 1377 665 1418; x_wconf 86' lang='lat' dir='ltr'>emensis,</span> <span class='ocrx_word' id='word_1_205' title='bbox 680 1377 750 1411; x_wconf 88' lang='lat' dir='ltr'>horrore</span> 
     </span>
     <span class='ocr_line' id='line_1_24' title="bbox 48 1424 750 1471; baseline 0.007 -16"><span class='ocrx_word' id='word_1_206' title='bbox 48 1424 137 1465; x_wconf 89' lang='lat' dir='ltr'>repentino</span> <span class='ocrx_word' id='word_1_207' title='bbox 144 1425 194 1459; x_wconf 88' lang='lat' dir='ltr'>simul</span> <span class='ocrx_word' id='word_1_208' title='bbox 202 1432 219 1461; x_wconf 94' lang='lat' dir='ltr'>et</span> <span class='ocrx_word' id='word_1_209' title='bbox 229 1433 302 1461; x_wconf 90' lang='lat' dir='ltr'>tremore</span> <span class='ocrx_word' id='word_1_210' title='bbox 311 1426 410 1471; x_wconf 85' lang='lat' dir='ltr'>corripitur:</span> <span class='ocrx_word' id='word_1_211' title='bbox 422 1432 439 1460; x_wconf 93' lang='lat' dir='ltr'>et</span> <span class='ocrx_word' id='word_1_212' title='bbox 447 1427 517 1460; x_wconf 88' lang='lat' dir='ltr'>domum</span> <span class='ocrx_word' id='word_1_213' title='bbox 527 1426 608 1468; x_wconf 90' lang='lat' dir='ltr'>perlatus,</span> <span class='ocrx_word' id='word_1_214' title='bbox 616 1424 696 1459; x_wconf 73' lang='lat' dir='ltr'>acribus⁸</span> <span class='ocrx_word' id='word_1_215' title='bbox 704 1426 750 1469; x_wconf 86' lang='lat' dir='ltr'>cepit</span> 
     </span>
     <span class='ocr_line' id='line_1_25' title="bbox 47 1474 750 1521; baseline 0.01 -17"><span class='ocrx_word' id='word_1_216' title='bbox 47 1474 103 1516; x_wconf 89' lang='lat' dir='ltr'>vrgeri</span> <span class='ocrx_word' id='word_1_217' title='bbox 111 1475 202 1517; x_wconf 85' lang='lat' dir='ltr'>doloribus,</span> <span class='ocrx_word' id='word_1_218' title='bbox 210 1477 290 1512; x_wconf 88' lang='lat' dir='ltr'>viaticum</span> <span class='ocrx_word' id='word_1_219' title='bbox 302 1477 357 1521; x_wconf 87' lang='lat' dir='ltr'>peciit,</span> <span class='ocrx_word' id='word_1_220' title='bbox 366 1483 382 1512; x_wconf 89' lang='lat' dir='ltr'>et</span> <span class='ocrx_word' id='word_1_221' title='bbox 393 1476 464 1520; x_wconf 86' lang='lat' dir='ltr'>accepit,</span> <span class='ocrx_word' id='word_1_222' title='bbox 472 1476 494 1510; x_wconf 92' lang='lat' dir='ltr'>de</span> <span class='ocrx_word' id='word_1_223' title='bbox 502 1475 538 1510; x_wconf 86' lang='lat' dir='ltr'>uita</span> <span class='ocrx_word' id='word_1_224' title='bbox 545 1475 645 1519; x_wconf 85' lang='lat' dir='ltr'>desperans.</span> <span class='ocrx_word' id='word_1_225' title='bbox 668 1474 702 1518; x_wconf 88' lang='lat' dir='ltr'>Qui</span> <span class='ocrx_word' id='word_1_226' title='bbox 710 1486 750 1511; x_wconf 91' lang='lat' dir='ltr'>cum</span> 
     </span>
     <span class='ocr_line' id='line_1_26' title="bbox 48 1524 750 1570; baseline 0.009 -15"><span class='ocrx_word' id='word_1_227' title='bbox 48 1528 87 1556; x_wconf 89' lang='lat' dir='ltr'>octo</span> <span class='ocrx_word' id='word_1_228' title='bbox 99 1524 135 1559; x_wconf 90' lang='lat' dir='ltr'>dies</span> <span class='ocrx_word' id='word_1_229' title='bbox 148 1525 173 1560; x_wconf 91' lang='lat' dir='ltr'>sic</span> <span class='ocrx_word' id='word_1_230' title='bbox 183 1528 267 1561; x_wconf 85' lang='lat' dir='ltr'>recubans</span> <span class='ocrx_word' id='word_1_231' title='bbox 280 1528 369 1570; x_wconf 84' lang='lat' dir='ltr'>exegisset,</span> <span class='ocrx_word' id='word_1_232' title='bbox 381 1527 456 1561; x_wconf 88' lang='lat' dir='ltr'>omniurn</span> <span class='ocrx_word' id='word_1_233' title='bbox 467 1527 582 1560; x_wconf 89' lang='lat' dir='ltr'>membrorum</span> <span class='ocrx_word' id='word_1_234' title='bbox 594 1537 663 1560; x_wconf 88' lang='lat' dir='ltr'>suorum</span> <span class='ocrx_word' id='word_1_235' title='bbox 674 1526 750 1569; x_wconf 89' lang='lat' dir='ltr'>priuatus</span> 
     </span>
     <span class='ocr_line' id='line_1_27' title="bbox 48 1572 778 1619; baseline 0.005 -14"><span class='ocrx_word' id='word_1_236' title='bbox 48 1572 118 1608; x_wconf 89' lang='lat' dir='ltr'>officiis:</span> <span class='ocrx_word' id='word_1_237' title='bbox 131 1576 206 1619; x_wconf 91' lang='lat' dir='ltr'>quedam</span> <span class='ocrx_word' id='word_1_238' title='bbox 213 1577 268 1611; x_wconf 84' lang='lat' dir='ltr'>sancti</span> <span class='ocrx_word' id='word_1_239' title='bbox 274 1577 362 1611; x_wconf 89' lang='lat' dir='ltr'>Edmundi</span> <span class='ocrx_word' id='word_1_240' title='bbox 368 1576 517 1611; x_wconf 83' lang='lat' dir='ltr'>festiuamemoria</span> <span class='ocrx_word' id='word_1_241' title='bbox 523 1575 540 1610; x_wconf 90' lang='lat' dir='ltr'>in</span> <span class='ocrx_word' id='word_1_242' title='bbox 546 1575 619 1611; x_wconf 86' lang='lat' dir='ltr'>ecclesia</span> <span class='ocrx_word' id='word_1_243' title='bbox 627 1577 750 1619; x_wconf 83' lang='lat' dir='ltr'>celebrabatur,</span> <span class='ocrx_word' id='word_1_244' title='bbox 760 1587 778 1618; x_wconf 78' lang='lat'>²5</span> 
     </span>
     <span class='ocr_line' id='line_1_28' title="bbox 48 1622 751 1671; baseline 0.011 -17"><span class='ocrx_word' id='word_1_245' title='bbox 48 1622 69 1656; x_wconf 94' lang='lat' dir='ltr'>de</span> <span class='ocrx_word' id='word_1_246' title='bbox 77 1627 226 1668; x_wconf 83' lang='lat' dir='ltr'>representacione</span> <span class='ocrx_word' id='word_1_247' title='bbox 234 1628 299 1663; x_wconf 89' lang='lat' dir='ltr'>scillcet</span> <span class='ocrx_word' id='word_1_248' title='bbox 306 1628 399 1671; x_wconf 89' lang='lat' dir='ltr'>incorrupti</span> <span class='ocrx_word' id='word_1_249' title='bbox 407 1627 484 1671; x_wconf 89' lang='lat' dir='ltr'>corporis</span> <span class='ocrx_word' id='word_1_250' title='bbox 494 1627 547 1670; x_wconf 89' lang='lat' dir='ltr'>ipsius</span> <span class='ocrx_word' id='word_1_251' title='bbox 555 1637 588 1671; x_wconf 90' lang='lat' dir='ltr'>que</span> <span class='ocrx_word' id='word_1_252' title='bbox 595 1627 618 1660; x_wconf 89' lang='lat' dir='ltr'>ab</span> <span class='ocrx_word' id='word_1_253' title='bbox 627 1628 690 1662; x_wconf 84' lang='lat' dir='ltr'>abbate</span> <span class='ocrx_word' id='word_1_254' title='bbox 701 1628 751 1662; x_wconf 80' lang='lat' dir='ltr'>Leof·</span> 
     </span>
     <span class='ocr_line' id='line_1_29' title="bbox 48 1675 751 1720; baseline 0.01 -16"><span class='ocrx_word' id='word_1_255' title='bbox 48 1677 98 1706; x_wconf 90' lang='lat' dir='ltr'>stano</span> <span class='ocrx_word' id='word_1_256' title='bbox 111 1675 171 1718; x_wconf 83' lang='lat' dir='ltr'>[tacta]</span> <span class='ocrx_word' id='word_1_257' title='bbox 183 1684 266 1710; x_wconf 87' lang='lat' dir='ltr'>narratur.</span> <span class='ocrx_word' id='word_1_258' title='bbox 290 1678 342 1711; x_wconf 86' lang='lat' dir='ltr'>Cuius</span> <span class='ocrx_word' id='word_1_259' title='bbox 352 1677 408 1711; x_wconf 92' lang='lat' dir='ltr'>noctis</span> <span class='ocrx_word' id='word_1_260' title='bbox 418 1677 505 1720; x_wconf 87' lang='lat' dir='ltr'>sequentis</span> <span class='ocrx_word' id='word_1_261' title='bbox 514 1677 560 1710; x_wconf 85' lang='lat' dir='ltr'>circa</span> <span class='ocrx_word' id='word_1_262' title='bbox 571 1676 652 1717; x_wconf 88' lang='lat' dir='ltr'>medium,</span> <span class='ocrx_word' id='word_1_263' title='bbox 659 1677 751 1719; x_wconf 84' lang='lat' dir='ltr'>languidus</span> 
     </span>
     <span class='ocr_line' id='line_1_30' title="bbox 48 1721 750 1771; baseline 0.007 -15"><span class='ocrx_word' id='word_1_264' title='bbox 48 1721 90 1764; x_wconf 88' lang='lat' dir='ltr'>ipse,</span> <span class='ocrx_word' id='word_1_265' title='bbox 99 1725 127 1768; x_wconf 91' lang='lat' dir='ltr'>qui</span> <span class='ocrx_word' id='word_1_266' title='bbox 135 1726 170 1758; x_wconf 91' lang='lat' dir='ltr'>iam</span> <span class='ocrx_word' id='word_1_267' title='bbox 177 1737 209 1770; x_wconf 90' lang='lat' dir='ltr'>per</span> <span class='ocrx_word' id='word_1_268' title='bbox 216 1734 254 1761; x_wconf 87' lang='lat' dir='ltr'>octo</span> <span class='ocrx_word' id='word_1_269' title='bbox 262 1727 299 1761; x_wconf 91' lang='lat' dir='ltr'>dies</span> <span class='ocrx_word' id='word_1_270' title='bbox 307 1739 342 1761; x_wconf 89' lang='lat' dir='ltr'>non</span> <span class='ocrx_word' id='word_1_271' title='bbox 350 1727 447 1767; x_wconf 87' lang='lat' dir='ltr'>dormierat,</span> <span class='ocrx_word' id='word_1_272' title='bbox 455 1732 504 1771; x_wconf 88' lang='lat' dir='ltr'>grato</span> <span class='ocrx_word' id='word_1_273' title='bbox 512 1737 573 1770; x_wconf 92' lang='lat' dir='ltr'>sopore</span> <span class='ocrx_word' id='word_1_274' title='bbox 582 1726 667 1761; x_wconf 90' lang='lat' dir='ltr'>dormiuit.</span> <span class='ocrx_word' id='word_1_275' title='bbox 690 1727 722 1761; x_wconf 83' lang='lat' dir='ltr'>cni</span> <span class='ocrx_word' id='word_1_276' title='bbox 732 1727 750 1761; x_wconf 91' lang='lat' dir='ltr'>in</span> 
     </span>
     <span class='ocr_line' id='line_1_31' title="bbox 46 1776 750 1820; baseline 0.006 -13"><span class='ocrx_word' id='word_1_277' title='bbox 46 1784 119 1817; x_wconf 88' lang='lat' dir='ltr'>sompno</span> <span class='ocrx_word' id='word_1_278' title='bbox 123 1776 214 1811; x_wconf 86' lang='lat' dir='ltr'>videbatur</span> <span class='ocrx_word' id='word_1_279' title='bbox 220 1779 281 1812; x_wconf 93' lang='lat' dir='ltr'>domus</span> <span class='ocrx_word' id='word_1_280' title='bbox 287 1789 317 1812; x_wconf 87' lang='lat' dir='ltr'>sae</span> <span class='ocrx_word' id='word_1_281' title='bbox 322 1778 384 1812; x_wconf 89' lang='lat' dir='ltr'>ostium</span> <span class='ocrx_word' id='word_1_282' title='bbox 391 1784 454 1820; x_wconf 87' lang='lat' dir='ltr'>patere,</span> <span class='ocrx_word' id='word_1_283' title='bbox 460 1788 481 1811; x_wconf 85' lang='lat' dir='ltr'>ac</span> <span class='ocrx_word' id='word_1_284' title='bbox 486 1788 517 1820; x_wconf 93' lang='lat' dir='ltr'>per</span> <span class='ocrx_word' id='word_1_285' title='bbox 525 1777 566 1811; x_wconf 90' lang='lat' dir='ltr'>illud</span> <span class='ocrx_word' id='word_1_286' title='bbox 573 1777 608 1810; x_wconf 92' lang='lat' dir='ltr'>leni</span> <span class='ocrx_word' id='word_1_287' title='bbox 615 1778 674 1811; x_wconf 88' lang='lat' dir='ltr'>volatu</span> <span class='ocrx_word' id='word_1_288' title='bbox 681 1778 750 1811; x_wconf 87' lang='lat' dir='ltr'>niueam</span> 
     </span>
     <span class='ocr_line' id='line_1_32' title="bbox 47 1825 779 1871; baseline 0.007 -15"><span class='ocrx_word' id='word_1_289' title='bbox 47 1825 144 1859; x_wconf 86' lang='lat' dir='ltr'>columbam</span> <span class='ocrx_word' id='word_1_290' title='bbox 154 1828 255 1870; x_wconf 88' lang='lat' dir='ltr'>subintrare,</span> <span class='ocrx_word' id='word_1_291' title='bbox 263 1839 296 1871; x_wconf 90' lang='lat' dir='ltr'>que</span> <span class='ocrx_word' id='word_1_292' title='bbox 304 1839 343 1862; x_wconf 90' lang='lat' dir='ltr'>cunr</span> <span class='ocrx_word' id='word_1_293' title='bbox 350 1839 401 1871; x_wconf 88' lang='lat' dir='ltr'>super</span> <span class='ocrx_word' id='word_1_294' title='bbox 408 1828 465 1861; x_wconf 90' lang='lat' dir='ltr'>lectuli</span> <span class='ocrx_word' id='word_1_295' title='bbox 476 1827 501 1860; x_wconf 91' lang='lat' dir='ltr'>sui</span> <span class='ocrx_word' id='word_1_296' title='bbox 512 1828 569 1870; x_wconf 87' lang='lat' dir='ltr'>capud</span> <span class='ocrx_word' id='word_1_297' title='bbox 578 1828 675 1869; x_wconf 92' lang='lat' dir='ltr'>resedisset,</span> <span class='ocrx_word' id='word_1_298' title='bbox 682 1838 723 1861; x_wconf 86' lang='lat' dir='ltr'>mox</span> <span class='ocrx_word' id='word_1_299' title='bbox 732 1828 749 1862; x_wconf 91' lang='lat' dir='ltr'>in</span> <span class='ocrx_word' id='word_1_300' title='bbox 758 1839 779 1869; x_wconf 76' lang='lat'>30</span> 
     </span>
     <span class='ocr_line' id='line_1_33' title="bbox 47 1874 750 1920; baseline 0.006 -13"><span class='ocrx_word' id='word_1_301' title='bbox 47 1874 129 1918; x_wconf 88' lang='lat' dir='ltr'>ve[nusti]</span> <span class='ocrx_word' id='word_1_302' title='bbox 136 1876 142 1895; x_wconf 85' lang='lat'>⁷</span> <span class='ocrx_word' id='word_1_303' title='bbox 151 1876 182 1910; x_wconf 88' lang='lat' dir='ltr'>uiri</span> <span class='ocrx_word' id='word_1_304' title='bbox 189 1879 263 1920; x_wconf 88' lang='lat' dir='ltr'>speciem</span> <span class='ocrx_word' id='word_1_305' title='bbox 269 1879 399 1911; x_wconf 81' lang='lat' dir='ltr'>transformatur</span> <span class='ocrx_word' id='word_1_306' title='bbox 404 1884 421 1911; x_wconf 92' lang='lat' dir='ltr'>et</span> <span class='ocrx_word' id='word_1_307' title='bbox 427 1888 519 1911; x_wconf 90' lang='lat' dir='ltr'>conuersus</span> <span class='ocrx_word' id='word_1_308' title='bbox 527 1878 549 1910; x_wconf 89' lang='lat' dir='ltr'>ad</span> <span class='ocrx_word' id='word_1_309' title='bbox 557 1883 640 1919; x_wconf 88' lang='lat' dir='ltr'>egrotum,</span> <span class='ocrx_word' id='word_1_310' title='bbox 646 1878 682 1911; x_wconf 87' lang='lat' dir='ltr'>eius</span> <span class='ocrx_word' id='word_1_311' title='bbox 689 1878 750 1911; x_wconf 90' lang='lat' dir='ltr'>dolori-</span> 
     </span>
     <span class='ocr_line' id='line_1_34' title="bbox 47 1924 750 1970; baseline 0.004 -12"><span class='ocrx_word' id='word_1_312' title='bbox 47 1924 80 1959; x_wconf 92' lang='lat' dir='ltr'>bus</span> <span class='ocrx_word' id='word_1_313' title='bbox 86 1926 201 1969; x_wconf 88' lang='lat' dir='ltr'>compaciens,</span> <span class='ocrx_word' id='word_1_314' title='bbox 207 1927 231 1961; x_wconf 87' lang='lat' dir='ltr'>ait</span> <span class='ocrx_word' id='word_1_315' title='bbox 238 1939 242 1961; x_wconf 95' lang='lat'>:</span> <span class='ocrx_word' id='word_1_316' title='bbox 254 1927 258 1944; x_wconf 87' lang='lat'>‘</span> <span class='ocrx_word' id='word_1_317' title='bbox 265 1929 280 1961; x_wconf 90' lang='grc' dir='ltr'><strong>Ο</strong></span> <span class='ocrx_word' id='word_1_318' title='bbox 287 1928 344 1969; x_wconf 89' lang='lat' dir='ltr'>homo,</span> <span class='ocrx_word' id='word_1_319' title='bbox 350 1928 367 1961; x_wconf 91' lang='lat' dir='ltr'>in</span> <span class='ocrx_word' id='word_1_320' title='bbox 373 1927 427 1969; x_wconf 84' lang='lat' dir='ltr'>graui,</span> <span class='ocrx_word' id='word_1_321' title='bbox 432 1933 451 1961; x_wconf 88' lang='lat' dir='ltr'>vt</span> <span class='ocrx_word' id='word_1_322' title='bbox 457 1926 512 1968; x_wconf 88' lang='lat' dir='ltr'>uideo,</span> <span class='ocrx_word' id='word_1_323' title='bbox 519 1926 617 1960; x_wconf 85' lang='lat' dir='ltr'>infirmitate</span> <span class='ocrx_word' id='word_1_324' title='bbox 622 1928 700 1960; x_wconf 82' lang='lat' dir='ltr'>laboras.¹</span> <span class='ocrx_word' id='word_1_325' title='bbox 716 1928 750 1970; x_wconf 81' lang='lat' dir='ltr'>Qui</span> 
     </span>
     <span class='ocr_line' id='line_1_35' title="bbox 48 1975 751 2020; baseline 0.006 -14"><span class='ocrx_word' id='word_1_326' title='bbox 48 1984 87 2007; x_wconf 86' lang='lat' dir='ltr'>curn</span> <span class='ocrx_word' id='word_1_327' title='bbox 95 1977 162 2010; x_wconf 83' lang='lat' dir='ltr'>sicesse</span> <span class='ocrx_word' id='word_1_328' title='bbox 167 1977 294 2020; x_wconf 66' lang='lat' dir='ltr'>responderat,</span> <span class='ocrx_word' id='word_1_329' title='bbox 300 1977 328 2010; x_wconf 90' lang='lat' dir='ltr'>ille</span> <span class='ocrx_word' id='word_1_330' title='bbox 335 1987 388 2009; x_wconf 89' lang='lat' dir='ltr'>mann</span> <span class='ocrx_word' id='word_1_331' title='bbox 395 1984 466 2009; x_wconf 84' lang='lat' dir='ltr'>extensa</span> <span class='ocrx_word' id='word_1_332' title='bbox 472 1976 529 2018; x_wconf 87' lang='lat' dir='ltr'>tetigit</span> <span class='ocrx_word' id='word_1_333' title='bbox 536 1986 580 2017; x_wconf 88' lang='lat' dir='ltr'>earn,</span> <span class='ocrx_word' id='word_1_334' title='bbox 585 1975 654 2008; x_wconf 88' lang='lat' dir='ltr'>dicens:</span> <span class='ocrx_word' id='word_1_335' title='bbox 666 1977 751 2010; x_wconf 69' lang='lat' dir='ltr'>‘Noueris</span> 
     </span>
     <span class='ocr_line' id='line_1_36' title="bbox 48 2024 750 2071; baseline 0.006 -14"><span class='ocrx_word' id='word_1_336' title='bbox 48 2024 158 2061; x_wconf 86' lang='lat' dir='ltr'>clemenciam</span> <span class='ocrx_word' id='word_1_337' title='bbox 167 2026 195 2061; x_wconf 92' lang='lat' dir='ltr'>del</span> <span class='ocrx_word' id='word_1_338' title='bbox 207 2038 245 2061; x_wconf 88' lang='lat' dir='ltr'>esse</span> <span class='ocrx_word' id='word_1_339' title='bbox 254 2037 347 2071; x_wconf 89' lang='lat' dir='ltr'>magnam:</span> <span class='ocrx_word' id='word_1_340' title='bbox 359 2037 400 2060; x_wconf 87' lang='lat' dir='ltr'>ecce</span> <span class='ocrx_word' id='word_1_341' title='bbox 411 2026 446 2060; x_wconf 88' lang='lat' dir='ltr'>iarn</span> <span class='ocrx_word' id='word_1_342' title='bbox 457 2036 509 2060; x_wconf 89' lang='lat' dir='ltr'>sanus</span> <span class='ocrx_word' id='word_1_343' title='bbox 520 2026 575 2059; x_wconf 83' lang='lat' dir='ltr'>factus</span> <span class='ocrx_word' id='word_1_344' title='bbox 586 2036 610 2059; x_wconf 88' lang='lat' dir='ltr'>es.</span> <span class='ocrx_word' id='word_1_345' title='bbox 632 2027 688 2069; x_wconf 86' lang='lat' dir='ltr'>Surge</span> <span class='ocrx_word' id='word_1_346' title='bbox 698 2037 750 2070; x_wconf 86' lang='lat' dir='ltr'>quarn</span> 
     </span>
     <span class='ocr_line' id='line_1_37' title="bbox 47 2076 777 2121; baseline 0.005 -14"><span class='ocrx_word' id='word_1_347' title='bbox 47 2076 108 2119; x_wconf 88' lang='lat' dir='ltr'>tocius,</span> <span class='ocrx_word' id='word_1_348' title='bbox 119 2077 191 2112; x_wconf 89' lang='lat' dir='ltr'>ecclesie</span> <span class='ocrx_word' id='word_1_349' title='bbox 201 2083 260 2112; x_wconf 86' lang='lat' dir='ltr'>sancte</span> <span class='ocrx_word' id='word_1_350' title='bbox 267 2083 285 2111; x_wconf 91' lang='lat' dir='ltr'>te</span> <span class='ocrx_word' id='word_1_351' title='bbox 292 2082 395 2121; x_wconf 85' lang='lat' dir='ltr'>representa,</span> <span class='ocrx_word' id='word_1_352' title='bbox 403 2076 484 2111; x_wconf 85' lang='lat' dir='ltr'>saluatori</span> <span class='ocrx_word' id='word_1_353' title='bbox 493 2082 523 2110; x_wconf 92' lang='lat' dir='ltr'>tuo</span> <span class='ocrx_word' id='word_1_354' title='bbox 530 2076 589 2110; x_wconf 84' lang='lat' dir='ltr'>laudes</span> <span class='ocrx_word' id='word_1_355' title='bbox 597 2078 677 2120; x_wconf 90' lang='lat' dir='ltr'>repende,</span> <span class='ocrx_word' id='word_1_356' title='bbox 684 2082 750 2111; x_wconf 91' lang='lat' dir='ltr'>tecum-</span> <span class='ocrx_word' id='word_1_357' title='bbox 759 2090 777 2120; x_wconf 80' lang='lat'>35</span> 
     </span>
     <span class='ocr_line' id='line_1_38' title="bbox 48 2127 750 2170; baseline 0.007 -12"><span class='ocrx_word' id='word_1_358' title='bbox 48 2135 80 2168; x_wconf 89' lang='lat' dir='ltr'>que</span> <span class='ocrx_word' id='word_1_359' title='bbox 95 2128 118 2162; x_wconf 86' lang='lat' dir='ltr'>ad</span> <span class='ocrx_word' id='word_1_360' title='bbox 133 2128 170 2162; x_wconf 92' lang='lat' dir='ltr'>eius</span> <span class='ocrx_word' id='word_1_361' title='bbox 184 2140 261 2163; x_wconf 84' lang='lat' dir='ltr'>amorem</span> <span class='ocrx_word' id='word_1_362' title='bbox 275 2135 292 2162; x_wconf 91' lang='lat' dir='ltr'>et</span> <span class='ocrx_word' id='word_1_363' title='bbox 306 2128 349 2162; x_wconf 91' lang='lat' dir='ltr'>alios</span> <span class='ocrx_word' id='word_1_364' title='bbox 364 2128 450 2162; x_wconf 70' lang='lat' dir='ltr'>accende)</span> <span class='ocrx_word' id='word_1_365' title='bbox 472 2129 495 2161; x_wconf 84' lang='lat' dir='ltr'>At</span> <span class='ocrx_word' id='word_1_366' title='bbox 509 2127 537 2161; x_wconf 88' lang='lat' dir='ltr'>ille</span> <span class='ocrx_word' id='word_1_367' title='bbox 549 2127 622 2161; x_wconf 88' lang='lat' dir='ltr'>multum</span> <span class='ocrx_word' id='word_1_368' title='bbox 635 2128 750 2170; x_wconf 87' lang='lat' dir='ltr'>exhilleratus,</span> 
     </span>
     <span class='ocr_line' id='line_1_39' title="bbox 47 2178 751 2221; baseline 0.006 -13"><span class='ocrx_word' id='word_1_369' title='bbox 47 2178 107 2210; x_wconf 88' lang='lat' dir='ltr'>sedulo</span> <span class='ocrx_word' id='word_1_370' title='bbox 116 2189 156 2212; x_wconf 89' lang='lat' dir='ltr'>eum</span> <span class='ocrx_word' id='word_1_371' title='bbox 166 2180 238 2221; x_wconf 86' lang='lat' dir='ltr'>rogabat</span> <span class='ocrx_word' id='word_1_372' title='bbox 249 2184 268 2212; x_wconf 92' lang='lat' dir='ltr'>ut</span> <span class='ocrx_word' id='word_1_373' title='bbox 278 2179 317 2221; x_wconf 90' lang='lat' dir='ltr'>quis</span> <span class='ocrx_word' id='word_1_374' title='bbox 327 2185 373 2212; x_wconf 90' lang='lat' dir='ltr'>esset</span> <span class='ocrx_word' id='word_1_375' title='bbox 383 2179 399 2211; x_wconf 91' lang='lat' dir='ltr'>ei</span> <span class='ocrx_word' id='word_1_376' title='bbox 410 2178 509 2211; x_wconf 87' lang='lat' dir='ltr'>insinuaret.</span> <span class='ocrx_word' id='word_1_377' title='bbox 531 2178 564 2210; x_wconf 88' lang='lat' dir='ltr'>Cui</span> <span class='ocrx_word' id='word_1_378' title='bbox 575 2178 692 2220; x_wconf 82' lang='lat' dir='ltr'>respondens:</span> <span class='ocrx_word' id='word_1_379' title='bbox 703 2178 751 2213; x_wconf 82' lang='lat' dir='ltr'>‘Ed-</span> 
     </span>
     <span class='ocr_line' id='line_1_40' title="bbox 48 2227 751 2272; baseline 0.006 -14"><span class='ocrx_word' id='word_1_380' title='bbox 48 2229 127 2270; x_wconf 89' lang='lat' dir='ltr'>mundus,</span> <span class='ocrx_word' id='word_1_381' title='bbox 143 2229 202 2272; x_wconf 89' lang='lat' dir='ltr'>inquit,</span> <span class='ocrx_word' id='word_1_382' title='bbox 217 2231 269 2271; x_wconf 90' lang='lat' dir='ltr'>dicor,</span> <span class='ocrx_word' id='word_1_383' title='bbox 285 2229 329 2271; x_wconf 88' lang='lat' dir='ltr'>regis</span> <span class='ocrx_word' id='word_1_384' title='bbox 344 2228 397 2262; x_wconf 89' lang='lat' dir='ltr'>eterni</span> <span class='ocrx_word' id='word_1_385' title='bbox 412 2227 495 2261; x_wconf 72' lang='lat' dir='ltr'>ramulus!</span> <span class='ocrx_word' id='word_1_386' title='bbox 525 2228 592 2271; x_wconf 79' lang='lat' dir='ltr'>Quibus</span> <span class='ocrx_word' id='word_1_387' title='bbox 606 2228 648 2261; x_wconf 86' lang='lat' dir='ltr'>uisis</span> <span class='ocrx_word' id='word_1_388' title='bbox 662 2228 751 2271; x_wconf 88' lang='lat' dir='ltr'>euigilans,</span> 
     </span>
     <span class='ocr_line' id='line_1_41' title="bbox 47 2277 751 2322; baseline 0.004 -13"><span class='ocrx_word' id='word_1_389' title='bbox 47 2277 119 2320; x_wconf 87' lang='lat' dir='ltr'>depulso</span> <span class='ocrx_word' id='word_1_390' title='bbox 132 2280 203 2322; x_wconf 87' lang='lat' dir='ltr'>langore</span> <span class='ocrx_word' id='word_1_391' title='bbox 216 2291 234 2314; x_wconf 94' lang='lat' dir='ltr'>se</span> <span class='ocrx_word' id='word_1_392' title='bbox 246 2280 300 2314; x_wconf 90' lang='lat' dir='ltr'>sensit</span> <span class='ocrx_word' id='word_1_393' title='bbox 311 2290 332 2314; x_wconf 89' lang='lat' dir='ltr'>ex</span> <span class='ocrx_word' id='word_1_394' title='bbox 346 2279 412 2322; x_wconf 85' lang='lat' dir='ltr'>integro</span> <span class='ocrx_word' id='word_1_395' title='bbox 426 2279 529 2313; x_wconf 87' lang='lat' dir='ltr'>restitutum.</span> <span class='ocrx_word' id='word_1_396' title='bbox 552 2279 662 2322; x_wconf 84' lang='lat' dir='ltr'>Surgensque</span> <span class='ocrx_word' id='word_1_397' title='bbox 677 2278 751 2313; x_wconf 90' lang='lat' dir='ltr'>diluculo</span> 
     </span>
     <span class='ocr_line' id='line_1_42' title="bbox 48 2329 778 2375; baseline 0 -13"><span class='ocrx_word' id='word_1_398' title='bbox 48 2339 100 2363; x_wconf 84' lang='lat' dir='ltr'>sanus</span> <span class='ocrx_word' id='word_1_399' title='bbox 114 2337 173 2364; x_wconf 90' lang='lat' dir='ltr'>mente</span> <span class='ocrx_word' id='word_1_400' title='bbox 186 2337 203 2365; x_wconf 91' lang='lat' dir='ltr'>et</span> <span class='ocrx_word' id='word_1_401' title='bbox 217 2342 294 2375; x_wconf 86' lang='lat' dir='ltr'>corpore,</span> <span class='ocrx_word' id='word_1_402' title='bbox 307 2331 330 2365; x_wconf 90' lang='lat' dir='ltr'>ad</span> <span class='ocrx_word' id='word_1_403' title='bbox 343 2330 438 2372; x_wconf 85' lang='lat' dir='ltr'>ecclesiam,</span> <span class='ocrx_word' id='word_1_404' title='bbox 450 2336 469 2363; x_wconf 88' lang='lat' dir='ltr'>vt</span> <span class='ocrx_word' id='word_1_405' title='bbox 481 2340 513 2372; x_wconf 93' lang='lat' dir='ltr'>per</span> <span class='ocrx_word' id='word_1_406' title='bbox 524 2329 608 2364; x_wconf 88' lang='lat' dir='ltr'>visionem</span> <span class='ocrx_word' id='word_1_407' title='bbox 623 2330 679 2364; x_wconf 88' lang='lat' dir='ltr'>iussus</span> <span class='ocrx_word' id='word_1_408' title='bbox 690 2331 750 2372; x_wconf 84' lang='lat' dir='ltr'>fuerat,</span> <span class='ocrx_word' id='word_1_409' title='bbox 758 2341 778 2371; x_wconf 71' lang='lat'>⁴⁰</span> 
     </span>
     <span class='ocr_line' id='line_1_43' title="bbox 47 2379 750 2424; baseline 0.004 -13"><span class='ocrx_word' id='word_1_410' title='bbox 47 2381 150 2423; x_wconf 89' lang='lat' dir='ltr'>properauit,</span> <span class='ocrx_word' id='word_1_411' title='bbox 162 2387 214 2424; x_wconf 87' lang='lat' dir='ltr'>atque</span> <span class='ocrx_word' id='word_1_412' title='bbox 224 2381 272 2415; x_wconf 76' lang='lat' dir='ltr'>fratri</span> <span class='ocrx_word' id='word_1_413' title='bbox 284 2381 352 2423; x_wconf 87' lang='lat' dir='ltr'>Tolino,</span> <span class='ocrx_word' id='word_1_414' title='bbox 364 2380 411 2414; x_wconf 92' lang='lat' dir='ltr'>cuius</span> <span class='ocrx_word' id='word_1_415' title='bbox 421 2379 499 2424; x_wconf 86' lang='lat' dir='ltr'>superius</span> <span class='ocrx_word' id='word_1_416' title='bbox 510 2380 582 2414; x_wconf 82' lang='lat' dir='ltr'>lecimus</span> <span class='ocrx_word' id='word_1_417' title='bbox 593 2380 705 2421; x_wconf 80' lang='lat' dir='ltr'>mencionem,</span> <span class='ocrx_word' id='word_1_418' title='bbox 717 2390 750 2423; x_wconf 88' lang='lat' dir='ltr'>que</span> 
     </span>
     <span class='ocr_line' id='line_1_44' title="bbox 48 2428 750 2472; baseline 0.001 -11"><span class='ocrx_word' id='word_1_419' title='bbox 48 2428 80 2462; x_wconf 92' lang='lat' dir='ltr'>sibi</span> <span class='ocrx_word' id='word_1_420' title='bbox 88 2431 194 2472; x_wconf 83' lang='lat' dir='ltr'>contigerant</span> <span class='ocrx_word' id='word_1_421' title='bbox 201 2442 222 2463; x_wconf 88' lang='lat' dir='ltr'>ex</span> <span class='ocrx_word' id='word_1_422' title='bbox 229 2431 288 2464; x_wconf 89' lang='lat' dir='ltr'>ordine</span> <span class='ocrx_word' id='word_1_423' title='bbox 298 2430 419 2464; x_wconf 81' lang='lat' dir='ltr'>manifestauit.</span> <span class='ocrx_word' id='word_1_424' title='bbox 442 2431 481 2472; x_wconf 84' lang='lat' dir='ltr'>Quo</span> <span class='ocrx_word' id='word_1_425' title='bbox 491 2430 560 2463; x_wconf 89' lang='lat' dir='ltr'>audito:</span> <span class='ocrx_word' id='word_1_426' title='bbox 571 2430 625 2462; x_wconf 86' lang='lat' dir='ltr'>abbas</span> <span class='ocrx_word' id='word_1_427' title='bbox 636 2429 750 2470; x_wconf 85' lang='lat' dir='ltr'>Baldewinus,</span> 
     </span>
    </p>
   </div>
   <div class='ocr_carea' id='block_1_5' title="bbox 64 1146 166 1188">
    <p class='ocr_par' dir='ltr' id='par_1_5' title="bbox 64 1146 166 1188">
     <span class='ocr_line' id='line_1_45' title="bbox 64 1146 166 1188; baseline 0.02 -10"><span class='ocrx_word' id='word_1_428' title='bbox 64 1146 166 1188; x_wconf 51' lang='lat' dir='ltr'>Sarrgrlsoni</span> 
     </span>
    </p>
   </div>
   <div class='ocr_carea' id='block_1_6' title="bbox 47 2509 751 2633">
    <p class='ocr_par' dir='ltr' id='par_1_6' title="bbox 47 2509 751 2633">
     <span class='ocr_line' id='line_1_46' title="bbox 67 2509 751 2552; baseline 0 -11"><span class='ocrx_word' id='word_1_429' title='bbox 67 2511 73 2528; x_wconf 84' lang='lat'>¹</span> <span class='ocrx_word' id='word_1_430' title='bbox 83 2512 114 2543; x_wconf 91' lang='lat' dir='ltr'>Tit.</span> <span class='ocrx_word' id='word_1_431' title='bbox 122 2512 187 2543; x_wconf 88' lang='lat' dir='ltr'>crebrius</span> <span class='ocrx_word' id='word_1_432' title='bbox 193 2512 306 2552; x_wconf 84' lang='lat' dir='ltr'>increpuissent.</span> <span class='ocrx_word' id='word_1_433' title='bbox 383 2512 390 2530; x_wconf 85' lang='lat'>²</span> <span class='ocrx_word' id='word_1_434' title='bbox 399 2513 431 2543; x_wconf 92' lang='lat' dir='ltr'>Tit.</span> <span class='ocrx_word' id='word_1_435' title='bbox 438 2512 485 2543; x_wconf 84' lang='lat' dir='ltr'>maris</span> <span class='ocrx_word' id='word_1_436' title='bbox 492 2511 579 2542; x_wconf 86' lang='lat' dir='ltr'>discrimina</span> <span class='ocrx_word' id='word_1_437' title='bbox 585 2510 621 2541; x_wconf 78' lang='lat' dir='ltr'>selix</span> <span class='ocrx_word' id='word_1_438' title='bbox 628 2511 679 2541; x_wconf 80' lang='lat' dir='ltr'>carina</span> <span class='ocrx_word' id='word_1_439' title='bbox 686 2509 751 2541; x_wconf 74' lang='lat' dir='ltr'>feliciter</span> 
     </span>
     <span class='ocr_line' id='line_1_47' title="bbox 47 2549 750 2592; baseline 0.004 -13"><span class='ocrx_word' id='word_1_440' title='bbox 47 2550 87 2589; x_wconf 84' lang='lat' dir='ltr'>cepit</span> <span class='ocrx_word' id='word_1_441' title='bbox 94 2552 174 2584; x_wconf 81' lang='lat' dir='ltr'>velificare.</span> <span class='ocrx_word' id='word_1_442' title='bbox 214 2551 221 2569; x_wconf 79' lang='lat'>³</span> <span class='ocrx_word' id='word_1_443' title='bbox 231 2552 256 2583; x_wconf 66' lang='lat' dir='ltr'>Cf,</span> <span class='ocrx_word' id='word_1_444' title='bbox 263 2552 295 2584; x_wconf 86' lang='lat' dir='ltr'>Tit.</span> <span class='ocrx_word' id='word_1_445' title='bbox 303 2562 318 2592; x_wconf 88' lang='lat' dir='ltr'>p.</span> <span class='ocrx_word' id='word_1_446' title='bbox 326 2560 359 2591; x_wconf 82' lang='lat'>¹15·</span> <span class='ocrx_word' id='word_1_447' title='bbox 399 2551 405 2570; x_wconf 84' lang='lat'><strong>⁴</strong></span> <span class='ocrx_word' id='word_1_448' title='bbox 416 2552 450 2584; x_wconf 85' lang='lat' dir='ltr'>MS.</span> <span class='ocrx_word' id='word_1_449' title='bbox 457 2551 526 2591; x_wconf 81' lang='lat' dir='ltr'>simplex.</span> <span class='ocrx_word' id='word_1_450' title='bbox 556 2551 562 2569; x_wconf 77' lang='lat'><strong><em>⁵</em></strong></span> <span class='ocrx_word' id='word_1_451' title='bbox 572 2560 587 2582; x_wconf 89' lang='lat' dir='ltr'>o.</span> <span class='ocrx_word' id='word_1_452' title='bbox 595 2560 625 2581; x_wconf 88' lang='lat' dir='ltr'>m.:</span> <span class='ocrx_word' id='word_1_453' title='bbox 636 2549 750 2591; x_wconf 85' lang='lat' dir='ltr'>i.e.templn1n.</span> 
     </span>
     <span class='ocr_line' id='line_1_48' title="bbox 47 2588 633 2633; baseline 0.002 -11"><span class='ocrx_word' id='word_1_454' title='bbox 47 2588 96 2622; x_wconf 76' lang='lat' dir='ltr'>⁶MS.</span> <span class='ocrx_word' id='word_1_455' title='bbox 104 2593 148 2624; x_wconf 87' lang='lat' dir='ltr'>aeris.</span> <span class='ocrx_word' id='word_1_456' title='bbox 205 2591 261 2633; x_wconf 69' lang='lat' dir='ltr'>&#39;page</span> <span class='ocrx_word' id='word_1_457' title='bbox 268 2593 371 2624; x_wconf 76' lang='lat' dir='ltr'>concludesin</span> <span class='ocrx_word' id='word_1_458' title='bbox 378 2602 402 2623; x_wconf 87' lang='lat' dir='ltr'>ve.</span> <span class='ocrx_word' id='word_1_459' title='bbox 456 2591 506 2623; x_wconf 76' lang='lat' dir='ltr'>³MS.</span> <span class='ocrx_word' id='word_1_460' title='bbox 513 2590 633 2632; x_wconf 81' lang='lat' dir='ltr'>responderetur.</span> 
     </span>
    </p>
   </div>
   <div class='ocr_carea' id='block_1_7' title="bbox 0 0 886 2803">
    <p class='ocr_par' dir='ltr' id='par_1_7' title="bbox 0 0 886 2803">
     <span class='ocr_line' id='line_1_49' title="bbox 0 0 886 2803; baseline 0 0"><span class='ocrx_word' id='word_1_461' title='bbox 0 0 886 2803; x_wconf 95' lang='lat' dir='ltr'> </span> 
     </span>
    </p>
   </div>
  </div>
 </body>
</html>
