1762 2803
222 109 269 164 bt
283 108 385 162 &aaut
400 109 561 169 tantumne
671 119 673 123 ·
698 123 739 154 201

42 231 159 268 struebantur
164 230 183 265 in
190 229 237 265 cliuo
242 229 315 274 montis,
322 230 451 265 Celliscliuium
456 231 462 250 ¹
468 230 571 275 appellauit.
584 229 605 265 In
612 229 643 264 illo
648 229 697 264 enim
702 229 742 262 loco

41 290 103 320 sancte
114 284 196 328 virgines
208 285 274 318 crudas
286 284 359 327 herbas,
370 285 456 318 arborum
468 284 550 325 cortices,
562 283 662 318 herbarum
671 282 742 316 radices

42 337 164 377 comedentes,
179 336 198 370 in
211 348 278 380 magna
293 336 408 378 abstinentia,
422 337 501 370 assiduis
514 336 627 370 orationibus
640 341 659 368 et
670 333 743 378 vigiliis,

41 388 104 424 humili
112 388 177 434 spiritu
185 390 220 423 deo
228 389 339 424 seruiebaut.
393 381 487 425 Subulcus
495 389 569 434 quidam
578 389 626 433 regis
634 388 700 431 vbique
708 397 743 431 per

42 443 158 478 solitudinem
171 452 238 487 greges
253 452 297 477 suos
310 452 391 487 querens
404 448 422 478 et
436 453 473 477 non
486 441 589 485 inueniens,
602 441 652 476 tedio
667 439 760 485 affectus5

42 495 129 532 auxilium
137 495 214 540 virginis
222 496 324 539 desperans
331 494 440 539 implorauit.
456 495 489 530 Cui
496 495 526 529 illa
534 495 568 530 ait:
580 495 641 530 ‘Vade
649 505 719 535 secure,
725 500 743 527 et

44 549 105 583 omnia
111 559 147 593 que
153 548 319 593 perdidisti,aferis
326 549 393 583 intacta
399 549 482 592 reperies
488 560 498 583 a
504 549 538 583 deo
546 549 645 583 custodita!
660 547 743 589 Pergens

44 602 74 636 ille
80 606 98 634 et
106 606 171 634 cuncta
175 606 194 634 vt
201 601 272 634 dixerat
279 600 378 644 reperiens,
384 601 438 644 elegit
443 611 519 644 porcum
525 600 621 644 optimum,
627 604 645 635 et
650 599 669 633 in
676 597 745 632 srustat

43 653 155 696 discerptum
168 658 242 687 acturus
254 653 322 697 gratias
334 652 397 687 detulit
408 653 431 688 ad
442 652 538 696 virginem.
562 652 603 694 Que
614 652 648 687 hoe
660 650 744 695 recipere

44 706 105 746 noluit,
114 707 147 739 sed
160 706 205 740 dixit
214 716 251 739 non
259 705 314 740 licere
326 706 419 741 sororibus
430 707 486 741 edere
497 707 520 740 de
530 705 634 740 huiusmodi
646 704 692 745 cibo,
702 703 745 747 quia
755 718 772 739 ιο

44 759 136 793 seculares
151 768 213 793 mores
230 769 264 802 pro
280 769 344 793 amore
361 759 423 793 diuino
440 759 566 801 deseruerant,
583 764 601 793 et
618 758 664 792 alios
682 767 745 791 mores

45 812 134 846 habentes
149 810 168 845 in
184 811 228 846 cibis
243 816 261 846 et
276 811 349 856 potibus
361 811 409 847 etin
421 812 491 846 cunctis
505 811 570 847 ceteris
584 812 645 853 rebus,
659 809 745 845 festinare

44 865 66 899 ad
74 864 137 897 altiora
148 864 250 907 cupiebant.
273 864 356 908 Cumque
366 864 397 897 ille
406 875 440 907 pro
450 864 542 898 occisione
551 863 607 908 porci,
617 870 635 896 et
644 862 687 907 quia
693 862 745 905 virgo

45 927 111 950 munus
123 926 176 950 suum
188 927 225 949 non
237 922 369 960 acceptauerat,
379 917 488 960 tristaretur,
499 916 541 951 fecit
552 926 595 951 eum
606 917 667 951 vocari
679 916 702 949 ad
714 925 745 957 se;

45 969 116 1013 singula
126 970 210 1004 membra
217 970 268 1014 porci
276 970 373 1004 ordinatim
381 980 416 1014 per
423 971 498 1015 propria
507 971 546 1004 loca
556 968 664 1014 composuit,
671 973 690 1004 et
700 967 746 1002 iacta
756 975 774 1007 15

45 1022 125 1057 oratione
144 1028 198 1067 atque
216 1022 269 1066 signo
287 1023 346 1057 crucis
361 1023 415 1065 edito,
430 1022 469 1057 viro
484 1023 566 1057 desolato
581 1022 664 1056 miranda
678 1020 746 1056 virtute

45 1075 111 1110 animal
126 1082 218 1110 mortuum
231 1076 293 1110 viuum
307 1076 390 1116 restituit,
403 1082 421 1111 et
432 1077 466 1111 ait:
479 1076 559 1120 ‘Accipe
570 1086 647 1120 porcum
659 1081 716 1117 tuum,
728 1081 746 1109 et

45 1135 84 1161 esto
100 1129 160 1161 fidelis
174 1139 233 1171 vsque
245 1130 268 1161 ad
281 1135 365 1170 mortem,
377 1139 456 1172 sperans
467 1129 486 1163 in
498 1128 572 1162 domino
584 1133 602 1161 et
614 1127 683 1161 faciens
694 1126 746 1160 boni·

47 1185 107 1221 tatem,
116 1185 134 1214 et
142 1181 207 1214 amodo
218 1180 318 1215 famularet
329 1181 346 1215 ei
357 1180 465 1221 fiducialius,
474 1180 505 1225 qui
516 1184 576 1225 potest
586 1179 645 1215 iacere
657 1178 747 1213 mirabilia

47 1243 113 1277 magna
128 1233 189 1268 solus!
235 1226 289 1268 Misit
304 1238 365 1268 autem
383 1239 458 1268 sanctus
473 1232 563 1268 Patricius
577 1238 618 1267 octo
633 1231 747 1278 presbiteros
756 1240 776 1262 το

47 1287 70 1320 ad
85 1286 197 1321 visitandum
210 1292 228 1322 et
242 1287 373 1322 consolandum
387 1291 469 1321 sanctam
484 1286 626 1328 Modwenuam3
637 1291 657 1320 vt
670 1286 747 1328 reuersi,

47 1338 90 1382 quid
106 1345 168 1385 ageret
183 1339 297 1385 qualiterque
314 1350 335 1374 se
351 1341 428 1374 haberet
447 1340 482 1375 sibi
500 1339 637 1375 denunciarent.
660 1337 695 1382 Qui
714 1348 748 1383 per

48 1392 164 1426 solitudinem
180 1399 285 1436 pergentes,
300 1403 311 1426 a
324 1393 455 1436 quinquaginta
469 1393 576 1433 latronibus,
589 1392 647 1435 raptis
663 1391 748 1425 omnibus

47 1454 83 1487 que
98 1454 161 1478 secum
175 1445 277 1488 portabant,
290 1444 361 1479 crudeli
376 1450 435 1479 morte
450 1444 542 1490 perempti
557 1450 604 1480 sunt.
628 1444 672 1479 Erat
687 1450 747 1479 autem

49 1497 148 1532 Glunelach
162 1498 250 1543 princeps
264 1509 334 1541 eorum,
346 1498 377 1543 qui
391 1509 426 1544 per
437 1498 477 1533 loca
492 1498 579 1533 siluarum
591 1502 680 1542 vagantes
695 1497 748 1532 latro·
758 1508 776 1537 ²5

48 1550 95 1584 cinia
114 1552 230 1593 exercebant,
249 1551 306 1585 multa
323 1551 393 1585 scelera
411 1552 547 1595 perpetrabant,
565 1551 634 1585 nullam
654 1551 749 1585 hominurn

49 1603 135 1646 pietatem
149 1604 245 1647 habebant,
257 1605 290 1639 scd
304 1604 434 1649 quoscunque⁴
446 1604 528 1649 reperire
541 1608 632 1648 poterant,
643 1603 750 1647 depredatis

48 1666 111 1690 eorum
126 1657 217 1698 omnibus,
232 1658 302 1702 absque
317 1657 366 1691 ulla⁶
377 1657 496 1692 miseratione
508 1669 541 1692 eos
554 1657 673 1691 trucidabant.
696 1657 750 1698 Quod

49 1718 90 1741 cum
103 1709 214 1742 Modwenna
226 1711 348 1754 cognouisset,
360 1709 442 1744 martirio
453 1710 527 1753 quidem
539 1719 604 1744 eorum
617 1709 749 1753 congaudebat,

49 1770 71 1794 eo
79 1762 128 1805 quod
135 1762 141 1780 ⁸
149 1762 213 1796 mortis
224 1762 333 1807 compendio
343 1762 366 1796 ad
377 1762 443 1807 gaudia
450 1762 561 1797 transierant
569 1768 644 1804 eterna;
657 1763 692 1797 sed
700 1773 749 1797 com·
758 1775 778 1804 30

49 1815 151 1858 patiebatur
166 1815 272 1860 corporibus
290 1815 388 1860 insepultis
403 1816 451 1861 que⁷
465 1816 530 1851 bestiis
545 1817 651 1851 deuoranda
669 1815 750 1860 proiecta

50 1869 160 1911 manebant3
172 1869 261 1903 maiorem
273 1880 330 1913 super
341 1869 402 1903 omnia
413 1869 484 1904 habens
496 1870 577 1904 dolorem
589 1880 646 1914 super
655 1869 749 1903 sceleratis

50 1920 155 1957 hominibus
161 1921 192 1967 qui
200 1926 291 1957 tormenta
299 1922 334 1957 sibi
341 1928 439 1967 preparata
446 1934 480 1957 nec
488 1923 589 1957 credebant
596 1934 631 1957 nec
639 1923 749 1957 metuebant.

51 1974 115 2008 Orauit
122 1981 183 2008 autern
189 1975 258 2008 intenta
263 1985 318 2018 prece
326 1976 348 2007 ad
355 1975 450 2008 dominum
457 1975 542 2018 quatinus
548 1986 558 2008 a
564 1975 677 2018 predonibus
684 1984 750 2018 pacem

51 2026 151 2069 acquirere,
158 2032 177 2061 et
184 2037 262 2072 corpora
269 2027 364 2061 martirum
370 2026 422 2061 illesa
427 2027 506 2071 sepelire
512 2032 580 2071 posset.
596 2027 619 2061 Et
625 2037 668 2062 ecce
673 2027 728 2061 astitit
733 2027 750 2062 ei
759 2039 777 2069 35

51 2079 126 2122 angelus
137 2079 205 2115 domini
214 2079 288 2115 dicens:
297 2079 358 2114 ‘Vade
366 2089 407 2114 cum
415 2078 509 2115 sororibus
517 2079 553 2115 tuis
561 2086 666 2116 sanctorum
674 2091 751 2126 corpora

50 2142 138 2175 querere,
147 2133 307 2168 habensfiduciam
314 2139 332 2167 et
337 2132 381 2167 nihil
387 2133 475 2175 hesitans
481 2135 524 2177 quia
530 2134 616 2169 dominus
623 2134 715 2169 adiuuabit
723 2136 751 2169 te.¹

50 2184 157 2231 Assumptis
172 2193 233 2221 autem
248 2197 311 2222 secum
325 2186 444 2230 quadraginta
460 2197 528 2222 nouem
541 2188 649 2232 virginibus,
662 2188 712 2223 venit
727 2189 751 2222 ad

51 2237 110 2273 locum
122 2240 153 2274 vbi
168 2251 245 2285 corpora
256 2245 328 2274 mortua
339 2240 426 2275 iacebant.
450 2240 473 2275 Et
485 2252 528 2276 ecce
540 2241 641 2276 Glunelach
652 2242 698 2276 latro
709 2252 751 2276 eum

52 2291 90 2325 suis
107 2293 227 2336 quadraginta
241 2304 309 2326 nouem
324 2293 359 2326 iilis
373 2303 477 2334 occurrens
490 2305 560 2327 vesano
572 2305 635 2328 amore
647 2301 716 2338 captus,
728 2295 751 2328 ad
759 2307 780 2338 40
828 2302 831 2307 ·

51 2343 159 2388 rapiendum
167 2355 199 2380 eas
207 2345 322 2391 properabat.
345 2345 398 2389 Quod
406 2346 472 2381 videns
483 2346 599 2391 Modwenna,
610 2358 684 2383 sorores
696 2347 751 2391 trepi-

53 2397 117 2433 dantes
128 2399 173 2432 nihil
182 2400 265 2434 hesitans
273 2399 365 2434 consolata
373 2404 406 2442 est,
415 2400 489 2436 dicens:
502 2399 572 2436 ‘Nolite
580 2410 710 2446 expauescere,
718 2401 752 2436 sed

70 2516 104 2548 1Ε.
113 2518 225 2551 cellisclinium.
285 2520 389 2550 territura.
447 2521 481 2550 1Ε.
489 2521 569 2552 saniliare,
629 2520 753 2558 ‘aquaticus-

56 2564 121 2594 eunque.
142 2559 249 2595 ¹⁵E.nulla.
290 2558 387 2596 tueoque.
427 2559 502 2598 ⁷E.qui.
