1762 2803
233 132 279 188 Bt
294 130 394 185 &aaut
410 132 496 191 sustu.
696 145 724 190 95

23 257 81 301 capite
92 260 196 290 truncatum
208 253 254 288 illico
266 265 351 299 surgens,
364 259 382 289 et
395 260 449 299 caput
460 254 509 289 inter
520 252 594 289 brachia
607 264 689 295 sumens,
702 255 725 289 ad

23 313 73 346 littus
81 308 137 343 maris
146 308 246 350 descendit,
256 313 274 342 et
284 319 340 353 supra
349 318 399 342 mare
410 308 506 343 ambulans
517 308 540 342 ad
552 312 625 353 portum
633 318 645 342 a
652 307 726 342 nomine

24 376 56 400 suo
68 367 152 398 vocatum
167 361 292 404 transmeauit,
305 367 324 396 et
338 362 357 395 in
373 362 412 396 loco
425 372 461 406 quo
474 372 522 396 nune
535 360 612 396 ecclesia
625 360 644 395 in
656 361 726 395 honore

24 418 82 463 ipsius
93 415 176 450 dedicata
187 414 269 450 consistit
275 414 286 458 ¹,
297 415 365 450 cadens
375 414 394 449 in
404 420 471 449 terram
480 414 538 454 iacuit,
546 419 565 448 et
572 414 640 448 ibidem
652 413 727 458 sepeliri

24 469 95 505 meruit.
115 468 136 501 In
145 469 210 501 eadem
218 473 279 502 autem
287 467 365 501 ecclesia
372 477 409 511 qua
416 478 483 511 corpus
491 466 571 501 martiris
578 466 636 501 sancti
644 466 726 510 quiescit,
735 476 744 507 5

25 523 104 557 saluatur
111 525 174 554 noster
182 519 268 554 miracula
276 520 333 554 multa
340 521 438 553 ostendere
445 520 531 564 dignatus
539 524 572 554 est.
595 518 666 554 Infirmi
677 517 727 553 enim

24 576 67 610 illuc
78 573 191 614 accedentes,
201 584 212 606 a
223 583 332 617 quacunque
343 573 412 607 detenti
424 572 534 612 infirmitate,
541 572 643 607 incolumes
653 577 671 607 et
681 571 727 614 sani,

25 625 90 671 gratias
106 626 141 659 deo
156 625 263 668 referentes,
278 626 302 660 ad
317 636 351 661 sua
365 626 448 661 redeunt.
477 626 556 661 Sanctus
570 636 615 661 vero
629 627 728 671 episcopus

26 679 85 715 Dauid
97 678 203 724 passionem
216 679 277 713 dilecti
289 682 317 714 sui
330 684 348 713 et
360 689 434 714 omnem
447 678 474 714 rei
486 684 573 714 euentum
585 689 623 714 non
635 678 728 723 ignorans,

26 733 87 768 diuina
102 732 213 767 reuelatione
228 731 337 774 admonitus,
350 743 392 767 cum
407 731 493 769 fratribus
508 731 547 768 suis
562 743 629 778 corpus
644 738 728 768 sanctum
739 744 757 766 ro

26 787 48 821 ad
63 784 159 821 ecclesiam
174 796 307 821 meneuensem
323 797 364 820 cum
380 786 455 829 hymnis
468 792 486 820 et
501 787 575 821 canticis
588 786 657 827 detulit,
673 790 692 820 et
709 785 727 820 in

26 839 139 884 sarcophago
148 849 195 873 nouo
203 838 304 873 honorilice
312 838 422 873 collocaniss.

100 962 115 999 ii
128 954 162 996 DE
173 972 244 995 sancto
256 954 315 996 IUSTO
325 970 474 995 Akcntsmscoro
485 970 508 994 ΕΤ
519 959 654 995 ΕΟΝἘΕΕΞΟΚΕΒ.

70 1044 162 1079 Rdinatus
176 1044 205 1080 vir
220 1042 288 1079 domini
303 1044 430 1089 Augustinus⁴
445 1044 464 1078 in
481 1045 602 1089 apostolatum
621 1043 694 1087 Anglie,
711 1048 730 1078 et

92 1097 199 1132 Etheiberto
210 1108 255 1143 rege
266 1109 361 1139 conuerso,
374 1097 423 1133 misit
435 1098 514 1132 Romam
526 1097 644 1132 Laurentium
658 1098 730 1143 presbi-

27 1156 87 1184 terum
101 1156 119 1184 et
132 1151 208 1185 Petrum
221 1151 337 1194 monachum,
351 1151 381 1196 qni
395 1151 449 1186 beato
462 1150 543 1196 pontifici
559 1150 653 1195 Gregorio,
666 1161 729 1195 regem
740 1164 758 1196 ¹5

29 1209 46 1238 et
57 1209 131 1248 gentem
139 1204 243 1248 Anglorum
254 1205 310 1239 fidem
322 1204 390 1239 Christi
403 1204 508 1250 suscepisse
519 1203 614 1246 referrent,
625 1209 643 1239 et
654 1204 730 1239 multam

28 1256 102 1301 quidem
110 1268 152 1292 esse
161 1268 247 1298 messem,
256 1259 289 1293 sed
297 1259 391 1301 operarios
401 1268 475 1302 paucos.
498 1257 619 1292 Destinantur
626 1257 681 1302 igitur
689 1267 731 1291 cum

28 1309 92 1353 legatis
106 1309 169 1354 [illis]⁶
182 1309 246 1344 eximii
260 1310 349 1344 virtutum
364 1309 398 1344 viri
413 1310 499 1351 Mellitos,
513 1310 581 1353 Iustus,
594 1310 688 1349 Paulinus,
701 1309 731 1345 et⁸

30 1362 145 1397 Rufinianus.
169 1362 237 1398 Beatus
248 1372 293 1398 vero
304 1362 420 1407 Augustinus
431 1362 522 1397 ordinauit
533 1363 630 1408 episcopos
642 1362 730 1397 Mellitum

30 1415 130 1457 Londonie,
139 1415 209 1451 Iustum
217 1416 293 1450 roffensi
301 1415 383 1450 ecclesie.
406 1416 454 1449 Nam
462 1415 558 1450 Londonie
565 1425 599 1450 rex
608 1415 732 1457 Ethelbertus,
741 1430 761 1453 ro

29 1467 58 1501 vbi
72 1468 161 1503 Sabertus
176 1478 235 1513 nepos
250 1479 295 1504 suus
310 1468 344 1504 sub
357 1478 379 1504 eo
392 1468 484 1513 regnabat,
498 1469 594 1504 ecclesiam
607 1469 655 1504 beati
668 1468 732 1510 Pauli;

30 1520 91 1566 Rophi
102 1532 146 1557 vero
160 1521 257 1556 ecclesiam
269 1523 316 1556 beati
324 1523 400 1556 Andree
413 1523 492 1567 apostoli
505 1515 598 1564 condidit;¹
608 1528 626 1557 et
640 1521 732 1567 episcopis

30 1575 77 1608 dona
92 1574 148 1610 multa
163 1575 232 1617 obtulit,
245 1580 264 1610 et
279 1575 370 1610 territoria
384 1586 405 1610 ac
420 1575 550 1620 possessiones
564 1574 635 1610 adiecit.
662 1574 732 1610 Verum

30 1633 101 1661 mortuo
114 1627 220 1663 Ethelberto
233 1633 251 1662 et
264 1628 348 1670 Saberto,
361 1628 468 1663 Edbadus⁷
482 1628 583 1664 Ethelberti
596 1628 651 1669 filius,
663 1634 682 1663 et
694 1634 733 1663 tres

31 1680 103 1715 Saberti
122 1681 159 1722 lilii,
178 1692 189 1715 a
206 1687 283 1725 paterna
298 1683 365 1725 pietate
380 1686 506 1725 apostatantes
524 1681 614 1725 ydolatrie
633 1691 674 1714 curn
693 1682 761 1727 suisa5

30 1734 103 1775 populis
117 1735 185 1767 dedere
196 1744 267 1767 manus.
291 1733 384 1777 Expulsus
395 1743 406 1767 a
418 1733 513 1768 Londonia
526 1732 611 1774 Mellitus,
622 1735 673 1768 venit
684 1733 733 1768 Can·

31 1784 77 1819 ciam
92 1786 115 1820 ad
130 1786 204 1820 beatum
221 1785 339 1821 Laurentium
354 1792 373 1821 et
386 1787 463 1821 Iustum.
486 1787 556 1822 Placuit
570 1788 589 1822 in
604 1796 702 1821 commune
713 1793 733 1822 vt

31 1839 91 1880 potius
106 1840 201 1873 ardentem
214 1839 314 1874 Sodomam
326 1840 415 1884 sugerent,
426 1850 481 1884 quam
493 1850 527 1874 nec
540 1840 574 1874 sibi
588 1851 622 1874 nec
634 1840 733 1875 rebellibus

32 1891 142 1934 proficerent
153 1893 231 1928 salutem
236 1893 247 1927 ⁸.
280 1894 294 1931 ll
307 1885 380 1928 Christi
390 1893 451 1938 itaque
461 1893 526 1929 exules
537 1893 627 1928 Mellitum
636 1899 654 1927 et
662 1893 733 1928 lustum

32 1955 65 1987 pro
79 1944 150 1979 iusticia
163 1946 310 1989 persecutionem
323 1957 389 1990 passos
404 1947 469 1981 beatus
484 1946 595 1982 Laurentius
610 1946 734 1991 sequuturos⁰
742 1964 763 1994 30

32 1997 50 2030 in
58 1997 136 2033 ecclesia
145 1999 235 2043 principis
246 2000 371 2042 apostolorum
381 2000 426 2033 cede
431 1999 445 2019 ¹⁰
452 1999 499 2033 beati
508 1999 557 2033 Petri
569 2000 646 2044 apostoli
658 1999 734 2034 edoctus

33 2060 76 2085 oues
95 2052 205 2086 commissas
219 2062 256 2085 non
271 2052 382 2097 relinquere,
397 2052 436 2097 regi
451 2051 540 2095 EdbaldO,
555 2057 575 2088 vt
590 2053 609 2087 in
624 2053 664 2087 eius
679 2052 734 2086 vita¹¹

33 2104 146 2148 exprimitur,
159 2105 223 2151 plagas
239 2116 282 2139 suas
299 2110 383 2140 ostentat.
405 2104 489 2140 Territus
505 2105 560 2150 igitur
575 2116 609 2140 rex
624 2105 679 2149 ydola
693 2116 735 2150 pro-

34 2155 105 2199 phanat,
120 2157 193 2192 Christo
212 2169 233 2193 se
252 2159 348 2203 mancipat,
367 2164 386 2192 et
405 2158 495 2193 Mellitum
514 2163 533 2192 et
549 2158 619 2194 Iustum
638 2160 661 2194 ad
679 2159 734 2194 sedes

33 2218 75 2244 suas
91 2215 170 2245 reuocat.
193 2211 265 2246 Mortuo
284 2217 345 2246 autem
363 2211 468 2254 Laurentio,
484 2212 566 2247 Mellitus
581 2212 681 2255 successit,
700 2212 764 2254 eui‚35

51 2287 57 2305 ¹
67 2288 86 2318 Ε,
93 2289 173 2319 consistet.

52 2326 59 2344 ²
69 2328 131 2359 Collect
137 2330 154 2359 in
161 2329 179 2359 T.
186 2340 191 2359 x

54 2365 102 2403 Deus
110 2375 136 2412 qui
146 2375 209 2404 beatum
219 2373 317 2406 lustinanum
327 2375 405 2406 martirem
415 2379 458 2406 tuum
468 2376 524 2408 celesti
532 2376 607 2407 alimonia
613 2386 643 2415 pet·
649 2375 736 2407 columbam

34 2410 85 2443 delata
95 2414 157 2453 punisti,
168 2415 193 2448 da,
203 2424 293 2452 quesumus,
302 2419 320 2445 ut
330 2416 379 2454 (eius)
390 2416 529 2447 intercessionibus
538 2417 560 2447 ad
570 2422 625 2447 eterne
635 2415 737 2447 beatitudinis

35 2453 90 2487 gaudia
96 2454 152 2483 uenire
159 2461 251 2490 mereamur,
259 2464 292 2492 per.

53 2491 59 2507 ³
69 2493 108 2525 nor.
115 2493 156 2525 from
164 2494 192 2524 the
198 2493 235 2524 Vita
245 2494 266 2532 by
275 2493 350 2524 Goscelin
359 2493 375 2524 in
386 2494 419 2532 MS.
428 2495 476 2534 Vesp.
483 2496 503 2527 B.
510 2497 543 2526 XX
551 2496 603 2536 (Harl.
612 2504 641 2534 105
650 2497 681 2527 and
691 2494 736 2524 Harl.

35 2530 75 2574 §5²l.
97 2534 242 2572 ctBectamff.
298 2533 433 2572 ¹E.Agustiuus.
479 2536 638 2571 ”soT.;om.inE.
688 2534 735 2563 ‘om

36 2571 74 2601 ¹11T.
122 2572 244 2604 ⁷E.edbalbus.
291 2573 475 2613 ⁵G.reb.satutisprot
519 2575 647 2607 thseeutums
694 2572 707 2591 ¹⁰
718 2573 736 2605 E.

36 2611 82 2649 sede;
92 2612 131 2643 Bed.
139 2613 210 2651 flagellis.
249 2611 261 2630 ¹¹
271 2613 288 2643 T.
296 2613 335 2643 adds
342 2614 419 2651 superius.
