1762 2803
95 90 97 96 ¹
125 130 166 172 106
195 172 197 178 ,
312 129 392 182 utum
408 127 524 191 {trumba
539 128 632 192 unalia.

122 248 222 282 lactantes¹
238 249 255 282 in
272 261 304 283 ore
320 262 353 284 suo
369 252 495 293 submergunt,
511 251 594 284 habebat.
622 251 682 292 Quam
701 250 720 283 in
740 260 772 283 ore
791 259 824 282 suo

123 302 211 345 puerulus
223 313 327 346 assumens,
339 309 426 347 tanquam
438 303 538 337 mamillam
552 315 585 337 sue
597 304 661 337 matris
674 302 772 347 sugebat22
789 311 825 345 que

123 354 250 390 dulcissimum
258 356 333 400 puerilis
341 355 423 389 alimenti
431 366 521 400 saporem,
531 356 580 389 omni
588 357 635 390 lacte
647 356 731 390 muliebri
739 360 757 389 et
765 353 825 388 mellis

123 408 170 443 fauts
182 409 355 451 desiderabiliorem,
364 409 438 443 infantis
450 410 477 442 ori
487 410 579 452 reddebat,
587 415 605 443 et
616 415 635 443 vt
647 420 714 443 manna
725 407 825 451 antiquitus

107 460 211 504 5patribus,
226 472 280 495 omne
295 461 432 495 condimentum
450 462 522 505 saporis
537 462 630 506 prebebat.
661 462 757 495 Cambrice
776 460 825 494 enim

124 524 181 555 vsque
188 514 207 546 in
215 514 324 547 hodiernum
333 513 381 547 diem
389 514 451 547 ‘cloch
458 514 539 547 tethauc’
548 514 656 558 appellatur,
661 515 710 557 quod
717 512 826 547 ‘mamillata

124 568 222 610 eampana’
231 566 365 610 interpretatur.
388 566 457 600 Sordes
465 577 508 600 vero
517 578 563 610 quas
571 578 617 611 puer
625 566 732 600 naturaliter
739 566 757 599 in
766 575 826 599 seces-

124 628 165 653 sum
174 619 244 661 emittit,
252 619 282 652 ille
291 629 408 663 nequaquam
419 619 506 653 faciebat:
519 619 640 653 subtilissimo
651 619 700 653 enim
712 620 752 653 cibo
763 629 826 653 vesce-

124 672 182 715 batur,
198 671 229 716 qui
244 672 303 707 secem
318 683 355 706 non
371 672 454 707 habebat.
480 672 545 707 Talem
561 683 640 718 namque
656 672 674 707 in
689 672 755 707 lectulo
770 670 826 706 vitam

99 739 117 760 10
125 726 207 766 ducebat,
214 736 309 770 quousque
314 727 425 770 completum
431 732 469 760 erat
475 732 549 770 tempus
554 727 573 760 in
579 738 614 771 quo
621 727 726 761 naturaliter
732 725 826 760 ambulare

125 783 192 823 posset.
216 778 274 812 Panni
285 779 304 812 in
316 779 382 823 quibus
391 779 484 813 inuolutus
495 784 539 821 erat,
547 780 597 813 velut
607 784 671 813 cortex
681 780 728 813 cirea
742 779 826 812 arborem

125 842 215 875 crescens,
230 831 249 865 in
264 832 339 866 circuitu
355 832 406 876 pueri
422 831 472 866 iuxta
487 833 606 875 quantitatem
625 832 665 867 eius
684 839 702 867 et
721 841 826 866 mensuram

126 890 240 917 crementum
256 885 373 928 recipiebant,
389 878 499 928 nee'aliquo
518 885 570 918 senio
586 885 678 928 panniculi
694 885 754 919 affecti
769 889 827 917 erant.

127 929 173 971 Hiis
185 935 276 980 siquidem
287 936 372 980 peractis,
380 936 454 980 contigit
466 937 514 980 quod
525 936 701 979 quidamlvillanus,
712 937 762 970 iuxta
773 936 827 969 mari-

99 1001 116 1031 15
125 990 170 1023 tima
183 989 297 1023 mansionem
311 989 387 1031 habens,
401 995 419 1023 et
430 989 492 1023 liberis
504 1000 575 1031 carens,
587 990 631 1023 dum
642 989 672 1023 die
685 989 763 1033 quadam
777 988 827 1022 iuxta

126 1043 176 1077 littus
188 1042 244 1076 maris
256 1042 362 1085 ambularet,
374 1042 418 1077 vidit
430 1043 507 1086 alonge
520 1042 594 1077 diuersa
607 1042 685 1077 volatilia
699 1042 721 1077 ad
735 1042 827 1086 quendam

126 1097 187 1131 locum
195 1096 309 1139 glomeratim
318 1097 421 1130 conuenire.
435 1096 476 1138 Quo
484 1107 526 1131 cum
534 1096 656 1141 peruenisset,
662 1096 751 1130 infantem
756 1099 828 1140 gratum

126 1148 181 1183 nimis
192 1149 260 1183 ibidem
272 1148 351 1183 inuenit:
365 1155 383 1183 et
395 1161 437 1183 eum
449 1150 471 1183 ab
483 1150 548 1184 auibus
561 1150 651 1191 auterens,
664 1149 682 1182 in
694 1149 742 1183 vlnis
754 1148 793 1182 suis
805 1149 827 1181 ad

126 1212 202 1235 uxorem
210 1213 262 1235 suam
271 1202 339 1242 detulit,
348 1202 423 1236 dicens:
437 1202 463 1236 Ὀ
472 1202 542 1245 mulier,
547 1202 589 1236 licet
595 1202 648 1235 nobis
655 1202 727 1235 fortuna
733 1202 828 1244 hucusque

100 1270 119 1290 πο
127 1255 204 1288 multum
216 1255 294 1288 aduersa
306 1254 391 1295 extiterit,
403 1266 439 1298 que
452 1255 538 1289 diuturna
552 1254 646 1289 sterilitate
660 1253 760 1296 amisimus,
774 1253 828 1287 huius

127 1306 202 1342 infantis
217 1307 287 1341 inuenti
303 1306 367 1341 solatio
382 1307 436 1342 nobis
451 1313 553 1341 restaurata
571 1311 618 1341 sunt.
647 1307 676 1340 Tu
691 1307 758 1341 lectum
777 1316 828 1345 more

127 1359 250 1404 parientium4
261 1360 364 1404 ingredere,
376 1366 395 1394 et
406 1366 424 1394 te
434 1361 516 1395 dicemus
528 1361 583 1395 istum
595 1360 701 1404 peperisse!
724 1360 765 1402 Quo
777 1359 828 1399 facto,

128 1413 226 1447 multorum
234 1412 294 1447 subito
302 1419 424 1457 pennatorum
432 1415 505 1457 agmina
513 1414 536 1447 ad
544 1419 612 1447 tectum
622 1413 699 1447 ruricole
707 1406 772 1456 prefati
780 1412 828 1446 voci-

128 1467 204 1500 ferando
213 1467 351 1507 concurrebant,
359 1472 377 1501 et
385 1467 404 1500 in
412 1468 458 1500 duas
466 1473 537 1500 turmas
545 1477 566 1500 se
574 1465 678 1506 diuidentia,
686 1477 722 1500 vna
729 1476 773 1509 pars
781 1465 829 1499 lares

102 1533 119 1562 25
128 1519 197 1552 inuadit
205 1524 223 1552 et
230 1524 304 1562 tegmen
315 1531 351 1563 quo
361 1520 456 1562 tegebatur
466 1520 531 1553 rostris
541 1519 599 1553 auidis
610 1524 628 1553 et
640 1519 700 1553 curuis
711 1518 802 1562 unguibus
810 1518 828 1551 in

128 1577 196 1606 terram
212 1571 315 1615 prostrauit,
330 1572 387 1606 altera
402 1583 445 1616 pars
460 1573 479 1605 in
495 1582 562 1616 pecora
577 1572 625 1606 illius
643 1571 721 1615 agrestia
740 1571 829 1615 impetum

129 1625 206 1659 faciebat
213 1630 231 1658 et
239 1626 261 1657 ad
269 1624 329 1658 littora
337 1625 392 1657 maris
398 1624 529 1668 precipitanter
537 1623 620 1668 agitabat.
643 1623 695 1658 Tune
703 1623 730 1657 vir
738 1629 756 1657 et
764 1624 830 1657 mulier

129 1677 230 1721 stupefacti,
238 1677 337 1712 deliberato
346 1678 421 1712 consilio
429 1689 512 1723 puerum,
517 1677 548 1712 vbi
555 1677 642 1711 inuentus
650 1677 713 1720 suerat,
720 1678 743 1711 ad
751 1677 829 1711 insulam

129 1731 218 1775 prefatam
226 1731 334 1765 detulerunt.
357 1732 440 1774 Cumque
448 1731 509 1765 infans
519 1731 538 1765 in
549 1731 603 1765 cubili
615 1743 638 1765 ex
648 1732 703 1765 variis
711 1731 778 1775 plumis
786 1741 829 1765 con-

102 1798 121 1827 30
129 1788 198 1819 structo
206 1789 256 1818 esset
264 1784 361 1828 repositus,
369 1784 430 1818 statim
439 1790 512 1828 tegmen
521 1795 532 1817 a
539 1784 643 1818 volatilibus
654 1789 765 1828 prostratum
774 1793 831 1827 super

130 1837 177 1871 lares
185 1836 204 1870 in
212 1848 245 1871 suo
253 1836 289 1871 situ
297 1837 398 1881 repositum
406 1842 450 1878 erat,
455 1842 473 1871 et
481 1838 561 1881 pecudes
569 1838 592 1870 ad
600 1848 650 1872 mare
658 1837 724 1881 agitate
732 1837 754 1871 ad
762 1847 831 1882 pascua

129 1900 163 1924 sua
175 1894 193 1923 et
204 1890 244 1923 loca
259 1901 270 1923 a
284 1889 350 1933 quibus
362 1896 426 1933 erepte
440 1889 511 1924 fuerant
526 1890 563 1923 iam
575 1891 672 1924 redierant.
706 1883 757 1924 Cum
769 1896 830 1924 autem

129 1942 194 1975 beatus
203 1941 304 1985 Kynedus⁵
312 1941 331 1975 in
340 1942 457 1976 maturiorem
465 1943 554 1977 creuisset
564 1948 637 1983 etatem,
645 1942 722 1986 singulis
730 1942 794 1977 diebus
802 1942 830 1976 bis

129 1994 148 2030 in
161 1994 191 2029 die
204 2005 259 2030 cerua
274 1994 365 2031 siluestris
380 1996 450 2040 grande
464 1996 510 2031 uber
522 2000 540 2030 et
552 1995 598 2030 laete
612 2001 685 2030 tumens
699 1995 797 2030 deserensl
808 1994 831 2030 ad

103 2062 121 2093 35
130 2048 190 2082 locum
198 2048 217 2082 in
225 2058 261 2092 quo
270 2049 377 2092 campanula
385 2049 444 2083 locata
452 2054 495 2092 erat,
504 2054 522 2084 et
530 2059 587 2093 super
595 2049 650 2092 illam,
659 2059 732 2084 sursum
741 2060 831 2091 euersam,

130 2106 198 2144 astans,
210 2102 259 2135 illam
271 2112 313 2136 sese
324 2103 407 2137 lactando
419 2102 515 2146 implebat3
531 2109 550 2136 et
561 2102 577 2136 si
588 2103 632 2146 quid
644 2102 738 2136 residuum
750 2103 801 2137 lactis
813 2102 831 2136 in
878 2114 879 2117 ¹

130 2155 186 2188 vbere
194 2154 332 2198 relinqueretur,
337 2155 356 2189 in
364 2157 476 2190 concauitate
482 2162 576 2200 petrarum
582 2156 626 2190 illud
632 2156 738 2191 dimittebat.
754 2156 831 2191 Peracto

131 2212 192 2241 autem
205 2207 280 2250 puerilis
294 2208 349 2241 etatis
362 2219 417 2241 cursu
429 2219 471 2242 cum
484 2210 509 2242 ad
524 2208 623 2242 iuuenilem
638 2213 706 2242 statum
721 2209 832 2249 deuenisset,

132 2259 215 2293 molliora
223 2258 289 2293 cibaria
297 2260 333 2293 iam
344 2269 437 2302 recusans,
446 2259 570 2304 asperioribus
581 2260 637 2294 cibari
645 2261 752 2295 meditatur:
765 2266 832 2295 etcum

103 2329 123 2358 4⁰
132 2312 196 2354 angelo
205 2311 313 2346 multociens
322 2312 421 2354 collocutus
429 2324 465 2356 quo
473 2313 521 2346 victu
530 2323 596 2356 eorpus
605 2323 658 2347 suum
666 2319 762 2356 recrearet,
771 2312 832 2348 didicit

131 2370 150 2400 et
158 2365 259 2398 doctrinam
267 2365 337 2409 accepit
348 2367 395 2410 quod
408 2370 475 2410 quanto
486 2366 545 2410 magis
556 2372 618 2400 essent
629 2366 727 2410 asperiora,
736 2371 786 2401 tanto
798 2367 832 2400 deo

132 2419 189 2461 magis
197 2418 267 2461 placita.
283 2419 397 2462 Quandoque
406 2429 449 2463 ergo
458 2418 746 2464 herbisvescebaturagrestibusy
753 2421 832 2464 quando·

132 2483 167 2516 que
176 2483 199 2506 ex
208 2472 296 2506 fructibus
304 2472 443 2515 quibuscunque
451 2472 537 2507 inuentis.
559 2465 623 2507 Annis
632 2478 692 2507 autem
699 2474 763 2507 decem
768 2478 786 2507 et
792 2477 833 2507 octo

151 2557 396 2592 ¹E.lactcntes;T.lactantes.
437 2557 558 2595 ²T.suggebat.
600 2558 709 2596 ³E.quidem.
749 2556 833 2596 *aperi-

133 2598 196 2627 entium.
238 2600 243 2615 ³
253 2598 271 2627 Τ.
279 2598 360 2628 Kenedus.
402 2598 408 2616 ⁶
418 2598 436 2628 E,
445 2598 524 2627 differens
