1762 2803
139 132 454 192 sostratenam
470 138 494 186 tt
510 132 667 192 enutrito.
709 147 751 189 431

54 266 136 298 aceruus,
144 255 175 301 qui
187 257 210 291 ab
221 255 285 291 incolis
295 266 355 301 vsque
366 255 421 291 hodie
431 255 566 291 Thunnirslau¹
578 254 755 297 vocitatur-Quam

53 314 105 353 grata
126 309 176 344 enim
197 311 232 344 deo
250 320 315 344 eorum
336 309 396 344 extitit
416 309 537 353 conuersatio,
556 321 598 344 cum
618 314 661 354 post
681 307 755 342 interni·

53 362 122 396 tionem
134 362 215 406 impiam,
228 364 297 396 mundo
310 363 386 396 eosdem
398 368 436 396 tam
452 363 526 397 micanti
541 362 641 397 declarauit
656 361 717 396 radio!
736 366 756 394 vt

54 415 135 460 vndique
142 420 206 451 notum
214 416 260 451 foret
268 422 347 460 quantus
358 415 377 451 in
388 415 415 451 eis
426 416 523 461 flagraretl
530 427 583 451 amor
592 416 655 451 diuine
665 414 756 459 equitatis,

55 480 101 512 quos
114 469 182 503 iniusta
196 470 244 503 feriit
256 470 300 503 vltio
314 469 384 503 cruenti
397 470 477 503 tortoris.
521 463 618 513 Tempore
630 474 691 503 autem
707 468 773 511 regis5

56 521 150 554 Ethelredi
160 521 192 555 filii
203 521 271 564 Edgari
282 531 324 555 ossa
336 531 400 555 eorum
410 522 459 565 apud
470 521 602 556 monasterium
613 522 636 555 de
647 519 757 555 Rameseia³

55 573 148 613 translata,
163 584 222 617 vsque
236 573 255 607 in
271 573 381 607 hodiernum
396 573 445 607 diem
460 574 583 618 requiescunt.
613 574 663 608 Dum
677 585 722 608 vero
737 572 756 606 in

55 625 113 670 priori
124 632 244 661 monumento
256 627 360 670 martyres⁴
371 626 429 662 sancti
443 626 563 671 quiescerent,
575 627 645 662 crebn's
658 636 690 661 eos
702 627 758 661 mira-

56 678 102 714 culis
110 679 195 714 dominus
206 679 293 714 decorare
304 679 433 724 dignatusest.
456 680 552 724 Interque
564 680 610 715 latro
621 679 695 725 quidam
703 690 757 714 ouem

57 731 151 767 cuiusdam
163 733 252 777 pauperis
266 732 346 777 rapiens,
360 743 395 777 per
406 733 515 768 cimiterium
526 733 557 767 vbi
571 738 662 777 martyres
675 732 787 777 quiesce-10

57 786 106 829 bant,
119 785 216 820 transitum
228 785 276 820 fecit.
299 785 322 821 Et
334 797 377 822 ecce
390 786 476 822 continuo
488 786 540 822 humi
553 792 662 830 prostratus,
672 797 727 821 ouem
738 786 758 820 in

57 839 142 872 manibus
152 845 227 883 gestans
238 838 312 873 vitalem
325 839 410 884 spiritum
422 839 483 874 amisit
488 839 500 874 ⁵.
523 839 636 884 Insequente
648 845 709 874 autem
718 839 759 874 viro

58 891 86 926 eui
100 892 168 926 furtum
180 892 240 926 fuerat
253 891 328 933 illatum,
341 892 405 935 recipit
418 892 520 936 proprium,
532 892 605 926 dimittit
620 903 678 932 reum,
690 892 759 925 vltione

58 949 164 978 sanctorum
171 944 296 978 innocentium
307 949 366 978 morte
377 945 484 979 subitanea⁶
494 951 610 990 preuentum.
663 938 721 979 Facta
731 950 760 978 est

59 1002 120 1031 autem
128 1009 191 1031 eorum
200 997 294 1032 translatio
302 998 325 1031 de
334 998 375 1031 loco
379 998 494 1042 Wakering⁷
502 998 550 1034 dicto
557 999 581 1033 ad
589 998 685 1033 cenobium
692 998 760 1032 Rame-
770 1006 788 1037 ¹5

59 1049 97 1084 seie
105 1051 230 1084 sextodecimo
238 1051 273 1084 kal.
281 1051 393 1084 nouembris.

81 1138 129 1182 [MS.
136 1140 158 1174 T.
166 1141 222 1175 adds:
360 1140 446 1174 Narratio
451 1140 463 1175 ⁸.

82 1201 165 1253 Quidam
174 1209 231 1244 frater
240 1210 301 1244 retulit
312 1209 384 1244 cuidam
393 1208 434 1243 seni
445 1208 566 1253 cogitaciones
577 1220 625 1251 suas,
637 1220 679 1243 cum
689 1210 743 1244 ualde
750 1220 762 1244 a

60 1262 183 1296 fornicacione
190 1267 315 1307 temptaretur.
338 1262 374 1304 Qui
381 1262 492 1305 indignatus,
500 1262 624 1297 miserabilem
632 1262 678 1296 dixit
686 1262 761 1297 fratrem

60 1315 112 1350 illum
118 1321 136 1349 et
141 1314 237 1359 indignum
245 1316 359 1358 monachatu,
365 1315 396 1360 qui
404 1316 451 1350 tales
459 1315 581 1358 cogitaciones
589 1316 686 1363 reciperet.
698 1315 762 1350 Frater

61 1374 122 1401 autem
134 1368 164 1401 ille
176 1369 283 1411 desperans,
295 1369 318 1401 ad
330 1368 412 1402 seculum
424 1367 501 1401 redibat.
528 1367 561 1401 Cui
573 1378 672 1401 occurrens
687 1368 761 1411 quidam
771 1379 791 1400 ιο

61 1426 136 1455 sanetus
147 1422 204 1455 abbas
215 1426 233 1455 et
245 1421 311 1455 uidens
321 1431 363 1455 eum
374 1422 466 1455 turbatum
476 1426 494 1454 et
504 1420 580 1460 tristem,
590 1421 709 1464 interrogauit
719 1432 762 1455 eum

61 1473 135 1508 dicens:
148 1473 199 1515 ‘Que
206 1479 234 1507 est
242 1484 297 1509 causa
304 1479 355 1507 tante
362 1473 449 1508 tristicie?
456 1475 460 1489 ’
483 1473 518 1508 Cui
526 1484 569 1508 cum
579 1474 610 1508 ille
620 1474 718 1515 retulisset,
726 1474 762 1507 ait:

62 1526 102 1561 ‘Ne
117 1527 210 1571 desperes,
226 1527 263 1561 fili:
282 1537 317 1570 ego
332 1526 382 1561 enim
397 1526 416 1560 in
432 1526 466 1561 hac
481 1531 530 1561 etate
545 1526 599 1562 ualde
617 1527 640 1561 ab
659 1526 763 1561 huiusmodi

62 1579 204 1624 cogitationibus
215 1579 312 1624 inquietor.
335 1580 364 1614 Ne
376 1590 419 1623 ergo
431 1579 506 1614 deficias
517 1580 552 1614 hac
564 1581 665 1623 occasione,
677 1591 713 1625 que
726 1591 763 1614 non

61 1639 132 1667 tantum
141 1634 221 1667 humana
229 1633 344 1668 solicitudine
354 1639 442 1677 quantum
450 1633 480 1667 dei
491 1632 608 1668 miseratione
619 1635 703 1676 curatur,’
711 1639 729 1668 et
737 1634 764 1668 sic
773 1647 792 1678 ²5

63 1687 172 1721 consortauit
182 1697 225 1721 eum
236 1692 254 1721 et
265 1688 288 1721 ad
296 1687 361 1721 cellam
369 1686 430 1721 redire
438 1686 485 1722 fecit.
507 1686 572 1721 Abbas
582 1692 643 1722 autem
651 1687 734 1732 perrexit
741 1688 765 1722 ad

63 1740 128 1774 cellam
140 1740 188 1774 illius
199 1741 250 1775 senis
262 1741 293 1784 qui
304 1740 367 1774 iuueni
378 1739 527 1784 desperationem
538 1739 611 1781 lecerat,
623 1746 642 1775 et
653 1746 705 1775 stans
716 1741 765 1775 foras

64 1793 173 1837 deprecatus
185 1797 213 1827 est
224 1793 318 1827 dominum
328 1803 370 1827 cum
379 1792 465 1835 lacrimis,
476 1792 550 1828 dicens:
563 1793 653 1828 ‘Domine
663 1793 694 1837 qui
705 1799 765 1838 ternp-

63 1846 145 1881 taciones
154 1845 230 1891 (utiliter
237 1845 307 1888 infers),
315 1851 402 1881 conuerte
410 1845 479 1880 bellum
487 1846 536 1890 quod
544 1845 613 1890 patitur
621 1846 679 1881 irater
686 1847 738 1889 (ille),
745 1847 765 1881 in

64 1900 98 1933 hoc
107 1910 157 1942 sene,
165 1905 185 1933 ut
192 1910 227 1943 per
234 1899 381 1942 experimentum
389 1899 408 1932 in
416 1905 512 1933 senectute
519 1909 553 1933 sua
561 1899 618 1933 discat
626 1900 674 1943 quod
681 1906 765 1944 tempore
774 1912 794 1942 30

65 1952 119 1996 longo
131 1964 168 1987 non
180 1952 252 1995 didicit;
265 1952 350 1997 quatinus
362 1951 485 1996 compaciatur
496 1951 531 1986 hiis
543 1952 574 1996 qui
583 1952 638 1986 huius
648 1953 697 1987 modi
705 1958 765 1998 temp·

64 2005 166 2040 tacionibus
184 2006 323 2050 perturbantur.'.
349 2004 385 2048 Qui
404 2017 445 2040 cum
465 2004 570 2040 oracionem
589 2005 705 2050 complesset,
719 2007 766 2042 uidit

65 2059 158 2103 ethiopem
166 2064 245 2094 stantem
256 2059 307 2103 iuxta
316 2058 382 2093 cellam
392 2064 410 2093 et
421 2058 496 2102 sagittas
507 2058 629 2093 dimittentem
640 2065 703 2093 contra
714 2059 765 2094 illurn

66 2122 136 2146 senem.
159 2111 195 2154 Qui
209 2111 261 2155 quasi
274 2112 383 2156 perforatus,
396 2111 457 2146 statim
472 2116 559 2154 tanquam
574 2110 636 2145 ebrius
649 2122 660 2145 a
672 2111 716 2146 uino
730 2112 766 2146 huc

66 2169 121 2208 atque
129 2163 171 2199 illuc
181 2165 278 2199 ferebatur.
301 2164 325 2198 Et
336 2176 377 2199 cum
389 2175 426 2199 non
437 2170 501 2208 posset
512 2164 595 2206 tolerare,
605 2174 691 2207 egressus
703 2171 731 2199 est
742 2167 767 2200 de
776 2178 795 2209 35

66 2217 117 2259 cella,
130 2217 153 2252 ad
168 2217 251 2253 seculum
265 2218 330 2252 uolens
345 2217 378 2253 ire.
400 2218 424 2252 Et
437 2228 535 2253 occurrens
548 2216 565 2252 ei
576 2216 633 2252 abbas
647 2216 705 2253 dixit:
721 2217 767 2254 ‘Vbi

66 2272 124 2313 uadis,
132 2277 194 2315 etque
202 2271 412 2307 estcausaturbacionis
421 2273 472 2306 tue?'
495 2271 529 2305 ille
540 2276 600 2305 autem
611 2281 645 2315 pre
656 2272 768 2308 uerecundia

67 2323 122 2357 nichil
135 2324 237 2368 respondit.
259 2325 379 2368 ‘Reuertere
390 2325 448 2370 inquit
460 2325 523 2364 abbas,
534 2325 553 2358 in
566 2324 630 2357 cellam
643 2328 698 2365 tuam,
711 2331 729 2360 et
744 2327 768 2360 de

68 2382 128 2411 cetero
147 2388 226 2421 agnosce
245 2377 370 2412 infirmitatem
389 2383 445 2419 tuam,
464 2383 482 2411 et
500 2377 559 2419 cogita
575 2377 624 2419 apud
641 2381 659 2410 te
678 2378 721 2420 quia
738 2385 769 2412 aut

67 2428 161 2470 ignoratus
175 2431 201 2464 sis
213 2439 224 2463 a
237 2430 308 2464 diabolo
319 2441 378 2474 usque
388 2440 443 2471 nunc,
454 2434 485 2463 aut
496 2434 618 2473 contemptus,
630 2434 706 2474 propter
719 2432 768 2475 quod
777 2443 798 2474 40

68 2492 102 2515 nec
117 2483 201 2517 meruisti
220 2484 322 2517 secundum
338 2483 388 2517 uiros
406 2483 494 2517 uirtutum
512 2482 580 2516 habere
599 2487 662 2516 contra
676 2482 769 2520 diabolum

88 2549 232 2582 ¹ErThunnirlan.
252 2551 370 2590 ‘TA'ragraret
391 2550 522 2583 ’T.ramesheia.
542 2550 573 2581 Ἐ
582 2551 660 2590 martyris.
681 2552 705 2584 Τ.
713 2554 770 2587 emisit.

69 2588 74 2606 ⁰
85 2589 102 2620 E.
110 2591 201 2623 subetanea.
240 2591 246 2610 ⁷
256 2601 278 2622 sc.
286 2593 334 2622 Great
341 2592 429 2630 Wakering
435 2591 452 2621 iu
460 2591 515 2622 Essex.
556 2592 562 2609 ⁵
572 2592 596 2623 Ct'.
603 2591 635 2623 Vit.
643 2592 685 2624 Patr.
692 2603 707 2632 p.
714 2595 750 2632 8¹14.
