1762 2803
114 136 156 178 206
305 133 385 187 mota
400 131 516 195 taranta
531 130 624 194 unalia

71 279 72 283 ,
114 253 179 297 spiritu
191 252 295 288 irradiatam
305 252 354 296 uidit,
368 258 441 297 totaque
456 253 504 287 aeris
517 252 579 297 spacia
590 252 696 296 angelorum
711 252 751 286 luce
763 251 814 286 illus-

114 313 165 351 trata,
185 312 203 343 et
221 307 284 342 suauia
303 306 371 342 cantica
391 306 464 350 audiuit,
483 307 529 341 hora
547 305 658 352 egressionis
677 304 737 340 anime
756 304 814 340 sancti

115 361 204 394 Columbe
212 361 260 393 inter
267 360 342 403 angelos
353 361 376 393 ad
384 362 433 393 celos
442 361 563 394 ascendentis.
608 353 691 403 Quidam
701 360 747 393 alius
758 360 814 393 frater

115 419 190 457 capture
201 412 278 456 piscium
288 422 364 456 operam
375 413 427 453 dans,
439 411 499 446 subito
512 417 570 446 totum
582 411 631 446 aeris
643 410 726 456 spacium
735 410 816 445 claritate

98 472 106 501 5
115 465 201 500 ineffabili
211 465 319 498 illustratum
327 464 376 499 vidit.
401 464 424 499 Et
435 476 477 500 ecce
488 465 541 509 quasi
552 466 630 510 quedam
642 464 751 509 pergrandis
762 464 816 508 ignea

115 517 199 561 apparuit
214 517 316 560 columpna,
330 528 366 560 que
381 517 400 550 in
415 517 446 551 illa
461 518 522 551 media
537 522 590 551 nocte
606 527 680 551 sursum
698 518 800 551 ascendens
806 517 816 558 ¹,

115 571 161 605 sicut
167 569 278 605 meridianus
285 570 312 604 sol
318 569 449 604 ita²mnndum
457 575 515 604 totum
521 570 612 605 illustrare
618 570 718 604 videbatur.
763 561 817 604 Obiit

115 629 176 657 autem
187 623 297 656 venerabilis
309 624 365 656 abbas
377 623 467 656 Columba
478 623 497 656 in
508 622 568 657 insula
580 623 625 657 Iona
637 622 699 665 quinto
711 623 752 657 idus
764 623 817 665 Iunii,

115 681 133 709 et
144 676 162 709 in
171 675 282 710 monasterio
292 676 368 710 fratrum
376 686 418 709 cum
426 675 496 709 honore
504 668 679 719 sepelitur.-—Est
689 680 750 710 autern
759 675 816 709 scien-

89 742 107 764 ιο
115 730 159 763 dum
171 730 220 773 quod
232 728 321 763 Hibernia
332 728 407 773 proprie
419 728 516 763 Scotorum
527 733 556 762 est
567 727 636 772 patria:
648 728 747 772 antiquitus
760 728 815 772 igitur

116 782 177 816 Scotia
192 792 226 825 pro
243 781 333 816 Hibernia
348 781 411 826 sepius
427 780 482 815 scribi
499 781 550 823 solet,
566 780 612 815 sicut
628 781 658 815 hio
673 782 693 815 in
707 781 744 816 vita
759 781 818 816 sancti

116 835 204 870 Columbe
214 835 311 879 diligenter
322 834 434 869 intuentibus
446 840 532 878 apparet3
547 840 565 868 et
577 834 632 868 etiam
643 833 754 869 venerabilis
767 834 818 869 Beda

116 889 150 922 ‘de
161 887 219 932 gestis
230 888 342 932 Anglorum'
350 887 412 922 multis
423 887 442 922 in
454 888 499 922 locis
511 886 619 922 Hiberniam
631 887 737 932 exprimere
748 888 818 930 volens,

117 941 196 976 Scotiam
204 940 281 984 scripsit.

140 1024 187 1068 [Ma
196 1024 235 1058 Tib.
243 1025 300 1059 adds:
419 1024 504 1058 Narratio
508 1023 519 1059 ³.

91 1112 108 1142 15
140 1091 225 1133 Clericus
239 1098 312 1141 quidam
323 1098 372 1141 apud
382 1096 492 1141 Lugdunum
502 1098 520 1131 in
529 1098 600 1132 uisione
608 1098 666 1131 noctis
674 1098 719 1131 uidit
727 1098 818 1140 quandam

117 1151 184 1184 uallem
196 1151 230 1183 sub
238 1151 318 1194 quodam
328 1156 395 1192 monte,
405 1161 461 1193 super
470 1160 525 1193 quam
535 1150 598 1183 ciuitas
609 1151 688 1193 quedam
695 1150 819 1193 pulcherrima

117 1204 152 1237 sita
164 1208 208 1245 erat,
220 1207 240 1237 ut
253 1204 284 1247 qui
297 1213 338 1237 eam
351 1204 421 1237 uideret
436 1204 460 1236 de
472 1207 547 1246 aspectu
560 1203 609 1236 illius
621 1203 686 1237 saciari
700 1214 737 1236 non
750 1207 819 1247 posset.

118 1256 171 1291 Circa
182 1256 250 1302 pedem
261 1255 329 1289 montis
342 1255 418 1289 fluuium
431 1260 536 1290 currentem
548 1255 597 1298 uidit,
608 1260 626 1289 et
638 1256 657 1289 in
671 1257 711 1300 ripa
723 1256 819 1290 duodecim

117 1320 209 1354 pauperes
221 1310 239 1342 in
251 1310 327 1343 flumine
338 1315 401 1343 uestes
413 1319 456 1343 suas
467 1309 555 1343 lauantes.
578 1308 629 1343 Inter
637 1320 684 1353 quos
695 1314 733 1343 erat
745 1310 819 1353 quidam

91 1375 110 1396 20
118 1368 170 1397 ueste
181 1363 311 1396 candidissima
320 1362 394 1395 indutus
405 1362 483 1395 multum
494 1362 534 1395 aliis
543 1361 642 1405 dissimilis,
651 1363 681 1405 qui
690 1364 709 1396 in
717 1364 820 1396 tunicarum

118 1426 192 1450 suarum
204 1415 299 1449 ablucione
311 1414 353 1448 illos
365 1415 438 1448 iuuabat
453 1419 472 1448 et
484 1419 583 1458 postquam
598 1415 693 1449 adiuuerat
708 1425 770 1455 unum,
783 1415 820 1449 ibat

118 1470 205 1502 adiuuare
216 1468 277 1501 alium.
299 1467 351 1501 Tunc
361 1468 437 1501 clericus
449 1468 539 1501 accedens
549 1469 573 1501 ad
582 1468 633 1501 illurn
644 1467 700 1502 dixit:
713 1468 764 1509 ‘Que
774 1477 820 1510 gens

119 1520 163 1554 estis
169 1521 221 1554 uosi’
239 1519 275 1562 Qui
281 1520 305 1553 ait
313 1530 317 1553 ι
329 1519 372 1552 ‘lsti
378 1529 469 1563 pauperes
476 1519 560 1553 homines
566 1524 609 1553 sunt
616 1519 739 1562 penitenciam
745 1525 821 1562 agentes

119 1577 137 1606 et
148 1583 169 1607 se
179 1582 190 1608 a
201 1573 280 1615 peccatis
291 1573 329 1606 suis
339 1572 427 1614 lauantes,
436 1578 454 1605 et
465 1582 499 1616 ego
508 1571 557 1605 filius
568 1572 597 1605 dei
606 1572 672 1606 ihesus
680 1572 764 1606 Christus
774 1583 821 1615 sum,

93 1639 110 1668 25
120 1627 160 1661 sine
172 1625 223 1661 cuius
234 1624 301 1659 auxilio
312 1635 347 1659 nec
357 1625 387 1659 isti
398 1635 432 1659 nec
443 1625 472 1659 alii
481 1624 590 1659 benefacere
600 1630 684 1668 possunt.
707 1626 775 1660 Ciuitas
787 1626 821 1660 hec

120 1689 175 1723 quam
185 1678 237 1711 uides
247 1678 343 1721 paradisus
353 1683 391 1720 est;
404 1683 422 1711 et
431 1679 504 1721 quando
515 1678 556 1721 quis
566 1679 646 1711 tunicam
657 1688 709 1711 suam
721 1679 790 1720 lauerit,
803 1679 822 1712 id

120 1738 148 1767 est
158 1731 281 1776 penitenciam
290 1732 386 1775 peregerit,
397 1731 416 1764 in
427 1731 477 1764 illam
488 1729 572 1765 intrabit.l
595 1730 678 1775 Cumque
686 1731 774 1775 euigilans
782 1731 822 1765 Cis-

121 1786 197 1819 tercium
205 1784 280 1824 ueniret,
288 1784 359 1817 inuenit
368 1784 428 1817 locum
438 1784 527 1818 incultum
540 1788 558 1817 et
567 1784 666 1826 desertum,
675 1789 693 1817 et
701 1783 767 1818 iratres
775 1784 823 1818 inter

120 1838 188 1872 bestias
204 1841 339 1878 conuersantes,
356 1842 374 1870 et
387 1835 432 1870 uisis
447 1837 512 1869 abbate
527 1840 545 1869 et
559 1841 657 1878 conuentu,
671 1846 736 1870 omnes
751 1838 822 1870 tunicas

93 1898 112 1926 30
120 1902 163 1924 suas
173 1891 255 1924 lauantes
263 1900 284 1922 se
292 1889 360 1923 uidisse
369 1891 488 1933 recognouit3
501 1894 519 1923 et
527 1889 546 1923 in
556 1888 667 1924 monachum
678 1894 775 1933 susceptus
785 1899 822 1924 non

52 1959 55 1964 ¹
120 1944 177 1978 multo
185 1947 227 1987 post
234 1942 285 1986 prior
292 1942 350 1976 factus
359 1941 400 1985 est]

195 2094 209 2132 ll
222 2087 255 2129 De
266 2104 336 2129 snucro
349 2085 469 2130 Coruuaauo
480 2104 553 2129 narare
565 2093 600 2129 ar*
611 2093 746 2129 conrrssoaal.

158 2178 215 2212 Eatus
230 2177 354 2212 Columbanus
369 2178 388 2212 in
404 2178 493 2213 Hibernia
508 2178 569 2213 insula
584 2177 603 2212 in
618 2188 698 2212 occeano
714 2178 753 2220 sita,
767 2189 823 2222 quarn

180 2230 277 2264 Scotorum
285 2241 332 2274 gens
342 2231 435 2273 inhabitat,
444 2236 494 2266 ortus
505 2237 539 2266 est.
563 2230 654 2265 Hibernia
664 2231 713 2264 enim
724 2232 824 2275 antiquitus

122 2283 183 2317 Scotia
193 2283 240 2316 dicta
250 2288 288 2326 est;
301 2284 324 2317 de
334 2294 369 2327 qua
379 2295 426 2328 gens
437 2284 533 2318 Scotorum
541 2283 646 2325 Albaniam,
655 2283 749 2317 Britannie
758 2283 823 2318 Maiori

94 2357 112 2385 35
121 2336 229 2380 proximam,
237 2347 273 2379 que
285 2337 307 2370 ab
319 2342 386 2370 euentu
398 2337 452 2371 modo
464 2336 526 2371 Scotia
537 2336 607 2379 dicitur,
616 2336 726 2378 inhabitans,
735 2336 824 2380 originem

121 2389 172 2423 duxit
184 2394 202 2422 et
213 2399 332 2433 progressum
344 2389 411 2423 habuit.
434 2389 481 2424 Cum
493 2395 554 2424 autem
564 2388 645 2433 genitrix
655 2388 763 2422 Columbani
775 2394 825 2423 esset

141 2468 147 2486 ¹
159 2469 176 2499 E.
188 2469 282 2497 accendens,
363 2468 370 2486 ²
380 2468 398 2497 E,
406 2469 457 2498 solita.
497 2470 503 2487 ³
514 2470 538 2499 Cf.
545 2469 591 2498 Vino.
599 2468 639 2498 Bell.
648 2468 699 2497 XXV.
708 2470 740 2498 106.
789 2469 794 2487 ¹
805 2469 823 2499 T.

123 2507 169 2536 omits
176 2512 192 2536 et
199 2508 295 2538 consessore.
375 2508 381 2526 ⁵
391 2508 473 2545 Abridged
480 2509 520 2538 from
528 2509 555 2537 the
562 2508 600 2538 Vita
606 2508 628 2545 by
635 2508 686 2544 lonas,
694 2507 710 2537 in
718 2508 793 2538 illabillon
802 2508 824 2544 11,

123 2546 230 2616 ἕξῗῗίηςὴᾶω
237 2547 278 2577 Flor.
286 2547 317 2577 Ins.
324 2547 353 2577 SS.
360 2556 434 2586 219-239,
443 2548 515 2585 Fleming
523 2548 562 2579 Coll.
569 2548 618 2578 Sacra
621 2556 627 2585 5
637 2547 693 2600 Surius
698 2547 727 2578 has
734 2557 743 2578 a
750 2548 826 2579 modified
