1762 2803
250 90 295 146 bc
310 89 411 144 aaron
426 92 512 152 arunte.
698 103 728 149 97

13 219 93 258 ,certam
108 217 226 247 assumentes
239 212 330 254 fiduciam,
343 223 379 246 non
393 214 453 247 solum
469 211 607 257 suppositarum
618 212 635 247 ei
647 212 728 256 gentium

26 264 153 312 plenissimam
164 265 248 307 salutem,
256 264 313 299 immo
324 276 397 310 quoque
407 265 515 308 vicinarum,
523 270 586 301 vestre
598 265 728 310 predicationis

25 317 127 353 ministerio
142 319 234 352 credimus
249 319 406 363 subsequendam,
421 318 512 363 quatinus,
528 317 575 354 sicut
592 319 729 362 scriptumest,

26 371 146 407 consummati
161 372 223 415 operis
236 371 288 406 vobis
304 382 377 406 merces
391 382 402 405 a
416 372 526 407 retributore
541 371 623 406 omnium
638 372 728 406 bonorum

25 424 99 460 domino
110 424 205 466 tribuatur,
215 430 233 458 et
242 436 286 459 vere
296 435 331 469 per
340 435 415 459 omnem
426 430 495 459 terram
506 425 568 459 exisse
580 435 646 459 sonum
658 434 746 465 eorum,5

26 483 43 512 et
55 477 73 510 in
86 478 134 510 fines
146 477 197 511 orbis
209 482 258 511 terre
269 478 326 511 verba
340 487 408 518 eorum,
420 477 530 511 vniuersaus
543 477 626 522 gentium
637 477 729 510 consessio

26 534 111 572 suscepto
121 528 219 563 christiane
228 535 344 563 sacramento
353 529 407 563 fidei¹
415 535 533 574 protestetur.
556 529 634 564 Pallium
644 534 729 573 preterea

26 592 59 626 per
71 582 148 616 latorem
162 583 276 625 presentium
289 581 397 616 fraternitati
408 587 440 617 tue
452 581 570 626 benignitatis
581 581 647 616 studiis
658 581 730 615 inuitati

26 633 133 675 direximus,
145 635 194 678 quod
207 634 292 668 videlicet
305 639 376 669 tantum
388 634 407 668 in
420 635 542 669 sacrosanctis
555 633 672 668 celebrandis
685 632 730 667 mis-

26 686 77 721 teriis
89 687 153 721 vtendi
166 686 256 721 licentiam
270 686 419 732 imperauimust.
441 686 569 722 Concedentes
581 687 637 722 etiam
650 686 688 729 tibi,
700 697 729 720 or·
739 698 758 719 10

27 740 128 774 dinationes
143 740 272 785 episcoporum
287 741 373 784 exigente
385 739 513 785 oportunitate,
526 740 596 774 domini
608 739 729 786 preueniente

27 792 156 835 misericordia,
176 793 274 834 celebrare,
293 793 318 827 ita
336 799 355 828 vt
377 793 445 828 Christi
468 794 584 838 euangelium
608 793 729 838 plurimorum

27 846 166 880 annunciatione
185 846 203 880 in
222 846 307 881 omnibus
327 846 412 891 gentibus
428 857 464 890 que
481 847 560 881 necdum
578 857 668 881 conuerse
686 852 729 880 sunt

27 899 116 932 dilatetur.
139 899 229 932 Studeat³
240 910 284 941 crgo
297 906 328 933 tua
341 899 450 937 fraternitas,
462 899 497 932 hoc
507 899 556 942 quod
568 898 619 932 sedis
630 898 730 942 apostolice

27 950 138 984 humanitate
156 950 244 995 percepit,
263 950 371 985 intemerata
390 950 458 987 mentis
476 950 582 986 sinceritate
601 961 682 992 seruare,
701 949 730 984 in·
740 964 757 992 ¹⁵

28 1003 105 1037 tendens
113 1004 165 1037 cuius
173 1005 201 1037 rei
208 1003 328 1039 similitudine
334 1009 372 1038 tam
380 1003 487 1048 precipuum
494 1003 501 1023 ⁵
511 1003 640 1038 indumentum
648 1002 730 1038 humeris

27 1056 62 1091 tuis
70 1056 187 1091 baiulandnm
196 1055 312 1101 susceperis;
324 1057 416 1101 talemque
424 1062 443 1090 te
451 1056 520 1090 domini
527 1057 624 1101 implorata
633 1055 730 1091 clementia

28 1109 151 1143 exhibendum
162 1110 220 1148 stude.
232 1115 251 1143 vt
263 1109 328 1143 indulti
340 1110 422 1144 muneris
433 1110 504 1154 premia
513 1120 550 1144 non
563 1119 604 1145 cum
616 1109 729 1149 reatitudine.

28 1162 60 1196 sed
68 1173 110 1196 cum
116 1162 233 1205 com[m]odis
238 1163 245 1182 ³
250 1164 352 1197 animarum
358 1170 401 1197 ante
407 1163 486 1197 tribunal
492 1162 559 1197 summi
564 1169 582 1196 et
587 1163 658 1197 venturi
665 1162 730 1196 iudicis

28 1220 150 1258 representes.
181 1215 232 1250 Deus
250 1220 269 1249 te
288 1215 398 1250 incolumem
417 1215 511 1256 custodiat,
527 1214 646 1249 dilectissime
663 1215 729 1249 frater?
740 1228 759 1249 ro

30 1260 61 1300 Ex
76 1267 111 1301 hiis
127 1267 176 1300 enirn
191 1279 239 1311 pape
252 1268 361 1301 testimoniis
377 1267 473 1311 magnifice
492 1268 608 1311 pensandum
623 1271 652 1301 est
666 1267 730 1310 quanti

29 1319 87 1352 meriti
106 1325 211 1364 quanteque
233 1320 334 1354 sanctitatis
353 1321 402 1354 hunc
420 1320 494 1354 beatum
518 1319 590 1353 lustum
612 1320 731 1361 estimauerit,

29 1372 76 1415 quod
88 1377 125 1406 tam
140 1373 206 1407 deuote
219 1377 294 1417 tamque
307 1371 403 1417 vigilanter
413 1383 448 1417 pro
460 1371 528 1407 Christi
540 1371 637 1417 euangelio
648 1373 731 1407 elabora-

29 1424 79 1466 uerit,
89 1426 138 1468 quod
151 1435 185 1469 pro
197 1425 267 1459 iusticia
279 1425 354 1460 exilium
366 1436 433 1470 passus
446 1426 474 1465 sit,
487 1431 505 1459 et
517 1435 580 1469 regem
593 1429 730 1469 persecutorem

29 1478 51 1510 ad
69 1478 126 1511 fidem
145 1488 178 1511 sna
196 1477 299 1512 eruditione
313 1478 425 1522 perduxerit.
456 1477 523 1521 Sicque
542 1476 595 1511 bonis
610 1479 698 1522 operibus
712 1484 759 1522 et25

29 1529 120 1564 miraculis
136 1536 155 1564 et
169 1529 266 1564 virtutibus
279 1530 351 1573 plenus,
365 1535 430 1574 quarto
444 1531 486 1563 idus
501 1530 608 1564 nouembris
620 1531 643 1563 ad
656 1530 731 1563 celestia

30 1591 85 1624 regna
93 1582 186 1617 sublatust
194 1587 234 1624 est3
246 1587 264 1616 et
272 1593 339 1626 corpus
350 1582 390 1616 eius
398 1583 417 1616 in
425 1582 537 1617 monasterio
547 1582 672 1626 apostolorum
681 1582 730 1617 Petri

29 1638 47 1667 et
62 1633 113 1668 Pauli
129 1635 229 1669 honorifice
244 1636 338 1679 sepulture
357 1635 438 1669 traditur.
490 1627 532 1671 Sed
548 1635 595 1669 inter
610 1634 644 1669 hec
660 1633 675 1668 si
690 1634 732 1679 quis

30 1693 93 1729 querat
106 1687 159 1731 signa
173 1688 240 1732 quibus
255 1688 309 1721 huius
325 1687 382 1722 sancti
398 1687 514 1722 declarentur
529 1686 599 1729 merita,
613 1687 673 1721 audiat
686 1687 731 1721 irre-

31 1738 122 1783 fragabilia
137 1740 186 1774 beati
198 1740 282 1784 Gregorii
294 1739 398 1774 testimonia
411 1740 434 1774 ad
447 1744 530 1774 sanctum
542 1738 665 1784 patriarcham
677 1739 732 1774 Eulo-
740 1753 760 1785 3⁰

30 1790 78 1835 glum
94 1791 161 1836 scripta
166 1792 178 1827 ⁷.
201 1792 281 1834 ‘Tantis
293 1793 357 1837 inquit,
369 1792 461 1827 miraculis
473 1793 504 1826 vel
517 1793 558 1836 ipse
569 1792 690 1836 Augustinus,
701 1793 731 1827 vel

31 1843 54 1877 hii
62 1845 141 1889 quicum
150 1856 172 1880 eo
180 1846 231 1880 missi
240 1851 289 1888 sunt,
295 1847 313 1880 in
322 1845 485 1890 genteAnglorum
492 1845 606 1886 choruscant,
612 1850 631 1879 vt
639 1846 731 1889 apostolo-

31 1906 70 1931 rum
83 1898 160 1932 virtutes
172 1898 190 1932 in
203 1898 261 1942 signis
275 1909 311 1942 que
326 1898 414 1933 exhibent
427 1898 494 1932 imitari
507 1899 613 1932 videantur!
636 1898 675 1932 Nee
686 1898 731 1932 illud

31 1948 82 1984 decet
89 1950 161 1985 silentio
170 1950 287 1985 dissimulare
292 1952 303 1993 ⁸,
312 1952 361 1996 quod
369 1952 388 1986 in
396 1951 454 1995 ipsius
462 1951 509 1986 sicut
517 1956 535 1986 ct
543 1956 647 1986 ceterorum
658 1957 731 1995 patrum

31 2004 148 2039 translatione
162 2009 226 2049 aperto
241 2005 281 2038 eius
296 2004 410 2048 sarcophago
425 2004 471 2039 mira
488 2015 553 2039 omnes
569 2010 651 2038 astantes
666 2004 731 2048 repleti
741 2016 760 2046 35

31 2062 72 2090 sunt
85 2058 183 2101 fragrantie
195 2057 290 2092 suauitate.
312 2057 450 2100 Verumtamen,
461 2057 491 2092 vbi
503 2063 531 2092 est
543 2057 642 2102 apostolica
652 2057 695 2099 vita,
706 2058 732 2093 nil

32 2110 121 2151 perduint
136 2112 206 2152 merita,
222 2110 256 2145 etsi
270 2109 349 2144 desint¹⁰
361 2111 461 2154 apostolica
476 2112 533 2154 signa.
556 2110 617 2144 Huius
631 2111 732 2145 beatissimi

32 2162 88 2195 sancti
102 2163 164 2204 vitam,
177 2161 272 2203 iusticiam,
284 2163 389 2206 equitatem,
403 2169 421 2196 et
434 2163 595 2198 mansuetudinem
607 2163 651 2197 totis
663 2163 733 2198 viribus

32 2211 128 2257 imitemur,
143 2226 201 2259 praua
216 2220 235 2249 et
248 2215 310 2249 illicita
326 2225 382 2259 opera
398 2215 483 2256 vitemus,
498 2221 518 2250 vt
533 2215 572 2250 suis
587 2215 658 2250 meritis
673 2215 733 2251 omnis

33 2267 100 2307 peccati
108 2268 179 2303 macula
187 2280 198 2303 a
206 2268 259 2303 nobis
269 2268 366 2310 eradicata,
373 2266 469 2312 percipere
477 2278 519 2302 cum
527 2279 549 2302 eo
557 2279 662 2303 mereamur
669 2274 733 2303 eterne
741 2282 762 2310 40

33 2318 150 2364 vitepremia.

51 2412 56 2429 ¹
66 2414 83 2445 Ε.
91 2416 128 2446 fidei
135 2420 239 2447 sacramento.
281 2416 287 2434 ²
298 2416 316 2445 E.
323 2416 385 2445 licentia
392 2415 492 2452 impartimur.
533 2414 539 2431 ³
550 2414 568 2444 E.
576 2414 657 2444 Studcbat,
697 2414 703 2431 ⁴
714 2415 732 2444 Ε.

33 2455 108 2491 precipue.
149 2455 261 2485 ⁵E.comidis.
299 2454 409 2485 ⁶T.sullatus.
447 2453 511 2490 'Greg
520 2452 570 2490 Epist.
578 2453 611 2490 [ed.
620 2452 680 2491 Migne)
688 2453 732 2483 Vlll.

32 2497 55 2524 30·
96 2494 231 2524 ⁸T.disimulare.
271 2494 305 2524 οΤ.
314 2494 332 2525 E.
340 2494 413 2533 produnt.
455 2492 466 2511 ¹⁰
477 2493 495 2524 E.
503 2493 565 2523 desinit.

53 2619 91 2647 vot.
100 2624 119 2647 ll.
377 2623 390 2647 ll
