<?xml version="1.0" encoding="UTF-8"?>
<!DOCTYPE html PUBLIC "-//W3C//DTD XHTML 1.0 Transitional//EN"
    "http://www.w3.org/TR/xhtml1/DTD/xhtml1-transitional.dtd">
<html xmlns="http://www.w3.org/1999/xhtml" xml:lang="en" lang="en">
 <head>
  <title>
</title>
<meta http-equiv="Content-Type" content="text/html;charset=utf-8" />
  <meta name='ocr-system' content='tesseract 3.04.00' />
  <meta name='ocr-capabilities' content='ocr_page ocr_carea ocr_par ocr_line ocrx_word'/>
</head>
<body>
  <div class='ocr_page' id='page_1' title='image "./MN5111ucmf_0/MN5111ucmf_0_0830.png"; bbox 0 0 1762 2803; ppageno 0'>
   <div class='ocr_carea' id='block_1_1' title="bbox 125 139 636 202">
    <p class='ocr_par' dir='ltr' id='par_1_1' title="bbox 125 139 636 202">
     <span class='ocr_line' id='line_1_1' title="bbox 125 139 636 202; baseline 0.016 -18"><span class='ocrx_word' id='word_1_1' title='bbox 125 140 169 198; x_wconf 62' lang='lat'>2¹14</span> <span class='ocrx_word' id='word_1_2' title='bbox 316 140 396 192; x_wconf 76' lang='lat' dir='ltr'>mona</span> <span class='ocrx_word' id='word_1_3' title='bbox 412 139 528 201; x_wconf 68' lang='lat' dir='ltr'>trorum</span> <span class='ocrx_word' id='word_1_4' title='bbox 543 139 636 202; x_wconf 70' lang='grc'>11110111.</span> 
     </span>
    </p>
   </div>
   <div class='ocr_carea' id='block_1_2' title="bbox 100 260 835 2362">
    <p class='ocr_par' dir='ltr' id='par_1_2' title="bbox 100 260 835 2362">
     <span class='ocr_line' id='line_1_2' title="bbox 124 260 827 307; baseline 0.004 -10"><span class='ocrx_word' id='word_1_5' title='bbox 124 268 191 305; x_wconf 88' lang='lat' dir='ltr'>potens</span> <span class='ocrx_word' id='word_1_6' title='bbox 202 260 291 295; x_wconf 82' lang='lat' dir='ltr'><strong>instanter</strong></span> <span class='ocrx_word' id='word_1_7' title='bbox 302 261 325 294; x_wconf 84' lang='lat' dir='ltr'>ad</span> <span class='ocrx_word' id='word_1_8' title='bbox 337 260 403 295; x_wconf 90' lang='lat' dir='ltr'>ostium</span> <span class='ocrx_word' id='word_1_9' title='bbox 416 260 503 305; x_wconf 85' lang='lat' dir='ltr'>pulsaret,</span> <span class='ocrx_word' id='word_1_10' title='bbox 510 260 618 295; x_wconf 73' lang='lat' dir='ltr'>festinanter</span> <span class='ocrx_word' id='word_1_11' title='bbox 629 261 705 296; x_wconf 88' lang='lat' dir='ltr'>accessit</span> <span class='ocrx_word' id='word_1_12' title='bbox 717 267 737 296; x_wconf 93' lang='lat' dir='ltr'>vt</span> <span class='ocrx_word' id='word_1_13' title='bbox 748 264 827 307; x_wconf 85' lang='lat' dir='ltr'>pulsanti</span> 
     </span>
     <span class='ocr_line' id='line_1_3' title="bbox 124 313 827 362; baseline 0.003 -13"><span class='ocrx_word' id='word_1_14' title='bbox 124 315 209 356; x_wconf 76' lang='lat' dir='ltr'>celeriter</span> <span class='ocrx_word' id='word_1_15' title='bbox 223 313 314 358; x_wconf 89' lang='lat' dir='ltr'>aperiret:</span> <span class='ocrx_word' id='word_1_16' title='bbox 333 324 367 348; x_wconf 92' lang='lat' dir='ltr'>nec</span> <span class='ocrx_word' id='word_1_17' title='bbox 382 319 444 347; x_wconf 87' lang='lat' dir='ltr'>tamen</span> <span class='ocrx_word' id='word_1_18' title='bbox 460 315 483 347; x_wconf 84' lang='lat' dir='ltr'>ad</span> <span class='ocrx_word' id='word_1_19' title='bbox 498 325 559 348; x_wconf 83' lang='lat' dir='ltr'>seram</span> <span class='ocrx_word' id='word_1_20' title='bbox 575 315 594 348; x_wconf 94' lang='lat' dir='ltr'>in</span> <span class='ocrx_word' id='word_1_21' title='bbox 609 315 683 348; x_wconf 82' lang='lat' dir='ltr'><strong>sublimi</strong></span> <span class='ocrx_word' id='word_1_22' title='bbox 698 316 776 358; x_wconf 85' lang='lat' dir='ltr'>positam</span> <span class='ocrx_word' id='word_1_23' title='bbox 794 329 827 362; x_wconf 87' lang='lat' dir='ltr'>pro</span> 
     </span>
     <span class='ocr_line' id='line_1_4' title="bbox 125 365 827 410; baseline 0.007 -9"><span class='ocrx_word' id='word_1_24' title='bbox 125 374 194 402; x_wconf 85' lang='lat' dir='ltr'>stature</span> <span class='ocrx_word' id='word_1_25' title='bbox 205 366 295 401; x_wconf 89' lang='lat' dir='ltr'>breuitate</span> <span class='ocrx_word' id='word_1_26' title='bbox 306 371 377 410; x_wconf 87' lang='lat' dir='ltr'>poterat</span> <span class='ocrx_word' id='word_1_27' title='bbox 388 365 482 410; x_wconf 87' lang='lat' dir='ltr'>attingere.</span> <span class='ocrx_word' id='word_1_28' title='bbox 506 367 529 400; x_wconf 89' lang='lat' dir='ltr'>Et</span> <span class='ocrx_word' id='word_1_29' title='bbox 541 378 583 401; x_wconf 90' lang='lat' dir='ltr'>ecce</span> <span class='ocrx_word' id='word_1_30' title='bbox 595 378 637 401; x_wconf 89' lang='lat' dir='ltr'>sera</span> <span class='ocrx_word' id='word_1_31' title='bbox 648 367 710 402; x_wconf 89' lang='lat' dir='ltr'>diuina</span> <span class='ocrx_word' id='word_1_32' title='bbox 717 370 784 404; x_wconf 90' lang='lat' dir='ltr'>virtute</span> <span class='ocrx_word' id='word_1_33' title='bbox 796 372 827 407; x_wconf 93' lang='lat' dir='ltr'>de-</span> 
     </span>
     <span class='ocr_line' id='line_1_5' title="bbox 124 419 827 463; baseline 0.006 -9"><span class='ocrx_word' id='word_1_34' title='bbox 124 422 186 459; x_wconf 82' lang='lat' dir='ltr'>missa,</span> <span class='ocrx_word' id='word_1_35' title='bbox 197 431 255 462; x_wconf 90' lang='lat' dir='ltr'>vsque</span> <span class='ocrx_word' id='word_1_36' title='bbox 268 421 290 452; x_wconf 91' lang='lat' dir='ltr'>ad</span> <span class='ocrx_word' id='word_1_37' title='bbox 302 419 442 452; x_wconf 84' lang='lat' dir='ltr'>succinctorium</span> <span class='ocrx_word' id='word_1_38' title='bbox 454 420 537 461; x_wconf 89' lang='lat' dir='ltr'>deposita</span> <span class='ocrx_word' id='word_1_39' title='bbox 549 426 587 453; x_wconf 86' lang='lat' dir='ltr'>est:</span> <span class='ocrx_word' id='word_1_40' title='bbox 600 420 663 463; x_wconf 90' lang='lat' dir='ltr'>sicque</span> <span class='ocrx_word' id='word_1_41' title='bbox 679 420 746 454; x_wconf 88' lang='lat' dir='ltr'>intrare</span> <span class='ocrx_word' id='word_1_42' title='bbox 759 424 827 458; x_wconf 90' lang='lat' dir='ltr'>volenti</span> 
     </span>
     <span class='ocr_line' id='line_1_6' title="bbox 108 470 828 517; baseline 0.004 -11"><span class='ocrx_word' id='word_1_43' title='bbox 108 484 116 512; x_wconf 87' lang='lat'><strong>5</strong></span> <span class='ocrx_word' id='word_1_44' title='bbox 125 472 201 517; x_wconf 87' lang='lat' dir='ltr'>aperuit,</span> <span class='ocrx_word' id='word_1_45' title='bbox 209 470 312 515; x_wconf 85' lang='lat' dir='ltr'>glorificans</span> <span class='ocrx_word' id='word_1_46' title='bbox 324 471 379 504; x_wconf 91' lang='lat' dir='ltr'>deum</span> <span class='ocrx_word' id='word_1_47' title='bbox 387 470 418 514; x_wconf 90' lang='lat' dir='ltr'>qui</span> <span class='ocrx_word' id='word_1_48' title='bbox 429 471 487 514; x_wconf 89' lang='lat' dir='ltr'>aperit</span> <span class='ocrx_word' id='word_1_49' title='bbox 498 477 516 505; x_wconf 94' lang='lat' dir='ltr'>et</span> <span class='ocrx_word' id='word_1_50' title='bbox 529 482 583 505; x_wconf 90' lang='lat' dir='ltr'>nemo</span> <span class='ocrx_word' id='word_1_51' title='bbox 591 472 662 514; x_wconf 79' lang='lat' dir='ltr'>claudit,</span> <span class='ocrx_word' id='word_1_52' title='bbox 674 471 740 506; x_wconf 79' lang='lat' dir='ltr'>claudit</span> <span class='ocrx_word' id='word_1_53' title='bbox 748 478 766 507; x_wconf 92' lang='lat' dir='ltr'>et</span> <span class='ocrx_word' id='word_1_54' title='bbox 774 486 828 510; x_wconf 88' lang='lat' dir='ltr'>nemo</span> 
     </span>
     <span class='ocr_line' id='line_1_7' title="bbox 126 523 828 570; baseline 0.004 -10"><span class='ocrx_word' id='word_1_55' title='bbox 126 525 189 570; x_wconf 84' lang='lat' dir='ltr'>aperit,</span> <span class='ocrx_word' id='word_1_56' title='bbox 195 525 225 568; x_wconf 95' lang='lat' dir='ltr'>qui</span> <span class='ocrx_word' id='word_1_57' title='bbox 232 524 250 558; x_wconf 92' lang='lat' dir='ltr'>in</span> <span class='ocrx_word' id='word_1_58' title='bbox 255 524 293 558; x_wconf 86' lang='lat' dir='ltr'>suis</span> <span class='ocrx_word' id='word_1_59' title='bbox 298 523 304 543; x_wconf 99' lang='lat'>¹</span> <span class='ocrx_word' id='word_1_60' title='bbox 309 523 394 568; x_wconf 83' lang='lat' dir='ltr'>operibus</span> <span class='ocrx_word' id='word_1_61' title='bbox 401 534 475 568; x_wconf 85' lang='lat' dir='ltr'>semper</span> <span class='ocrx_word' id='word_1_62' title='bbox 481 524 523 568; x_wconf 89' lang='lat' dir='ltr'>[est]</span> <span class='ocrx_word' id='word_1_63' title='bbox 529 524 535 544; x_wconf 85' lang='grc'>1</span> <span class='ocrx_word' id='word_1_64' title='bbox 541 525 563 558; x_wconf 88' lang='lat' dir='ltr'>ab</span> <span class='ocrx_word' id='word_1_65' title='bbox 570 524 655 559; x_wconf 88' lang='lat' dir='ltr'>omnibus</span> <span class='ocrx_word' id='word_1_66' title='bbox 664 530 681 558; x_wconf 94' lang='lat' dir='ltr'>et</span> <span class='ocrx_word' id='word_1_67' title='bbox 686 526 753 569; x_wconf 91' lang='lat' dir='ltr'>vbique</span> <span class='ocrx_word' id='word_1_68' title='bbox 761 528 828 570; x_wconf 84' lang='lat' dir='ltr'>glorifi-</span> 
     </span>
     <span class='ocr_line' id='line_1_8' title="bbox 125 570 828 620; baseline 0.001 -8"><span class='ocrx_word' id='word_1_69' title='bbox 125 580 200 613; x_wconf 82' lang='lat' dir='ltr'>candus.</span> <span class='ocrx_word' id='word_1_70' title='bbox 245 570 312 620; x_wconf 79' lang='lat' dir='ltr'>Populi</span> <span class='ocrx_word' id='word_1_71' title='bbox 327 578 401 611; x_wconf 87' lang='lat' dir='ltr'>tandem</span> <span class='ocrx_word' id='word_1_72' title='bbox 417 578 538 620; x_wconf 84' lang='lat' dir='ltr'>frequentiam</span> <span class='ocrx_word' id='word_1_73' title='bbox 554 588 575 612; x_wconf 91' lang='lat' dir='ltr'>ac</span> <span class='ocrx_word' id='word_1_74' title='bbox 591 578 673 612; x_wconf 85' lang='lat' dir='ltr'>fauorem</span> <span class='ocrx_word' id='word_1_75' title='bbox 692 579 784 615; x_wconf 85' lang='lat' dir='ltr'>declinare</span> <span class='ocrx_word' id='word_1_76' title='bbox 803 583 828 616; x_wconf 87' lang='lat' dir='ltr'>af-</span> 
     </span>
     <span class='ocr_line' id='line_1_9' title="bbox 125 628 829 674; baseline 0.006 -9"><span class='ocrx_word' id='word_1_77' title='bbox 125 630 201 672; x_wconf 79' lang='lat' dir='ltr'>fectans,</span> <span class='ocrx_word' id='word_1_78' title='bbox 209 629 271 664; x_wconf 90' lang='lat' dir='ltr'>diuino</span> <span class='ocrx_word' id='word_1_79' title='bbox 279 628 404 674; x_wconf 82' lang='lat' dir='ltr'>premonitus¹</span> <span class='ocrx_word' id='word_1_80' title='bbox 412 630 491 671; x_wconf 86' lang='lat' dir='ltr'>oraculo,</span> <span class='ocrx_word' id='word_1_81' title='bbox 499 630 547 664; x_wconf 88' lang='lat' dir='ltr'>intra</span> <span class='ocrx_word' id='word_1_82' title='bbox 555 630 660 665; x_wconf 86' lang='lat' dir='ltr'>Cornubie⁴</span> <span class='ocrx_word' id='word_1_83' title='bbox 668 631 751 672; x_wconf 90' lang='lat' dir='ltr'>confinia,</span> <span class='ocrx_word' id='word_1_84' title='bbox 759 639 829 669; x_wconf 89' lang='lat' dir='ltr'>remota</span> 
     </span>
     <span class='ocr_line' id='line_1_10' title="bbox 126 681 829 727; baseline 0.006 -12"><span class='ocrx_word' id='word_1_85' title='bbox 126 682 227 716; x_wconf 85' lang='lat' dir='ltr'>solitudinis</span> <span class='ocrx_word' id='word_1_86' title='bbox 233 683 273 715; x_wconf 87' lang='lat' dir='ltr'>loca</span> <span class='ocrx_word' id='word_1_87' title='bbox 278 681 361 727; x_wconf 88' lang='lat' dir='ltr'>quesiuit‚</span> <span class='ocrx_word' id='word_1_88' title='bbox 366 682 420 715; x_wconf 90' lang='lat' dir='ltr'>vnius</span> <span class='ocrx_word' id='word_1_89' title='bbox 426 682 576 715; x_wconf 84' lang='lat' dir='ltr'>clientisnomine</span> <span class='ocrx_word' id='word_1_90' title='bbox 582 683 662 726; x_wconf 87' lang='lat' dir='ltr'>Bar[r]ii,</span> <span class='ocrx_word' id='word_1_91' title='bbox 669 694 722 726; x_wconf 89' lang='lat' dir='ltr'>quem</span> <span class='ocrx_word' id='word_1_92' title='bbox 729 684 757 716; x_wconf 91' lang='lat' dir='ltr'>sui</span> <span class='ocrx_word' id='word_1_93' title='bbox 762 685 829 720; x_wconf 84' lang='lat' dir='ltr'>fecerat</span> 
     </span>
     <span class='ocr_line' id='line_1_11' title="bbox 100 735 829 782; baseline 0.004 -12"><span class='ocrx_word' id='word_1_94' title='bbox 100 749 118 770; x_wconf 87' lang='lat' dir='ltr'>ro</span> <span class='ocrx_word' id='word_1_95' title='bbox 126 735 193 771; x_wconf 83' lang='lat' dir='ltr'>secreti</span> <span class='ocrx_word' id='word_1_96' title='bbox 198 736 296 778; x_wconf 83' lang='lat' dir='ltr'>conscium,</span> <span class='ocrx_word' id='word_1_97' title='bbox 303 735 387 768; x_wconf 82' lang='lat' dir='ltr'>comitatu</span> <span class='ocrx_word' id='word_1_98' title='bbox 393 741 495 778; x_wconf 84' lang='lat' dir='ltr'>contentus,</span> <span class='ocrx_word' id='word_1_99' title='bbox 500 737 531 779; x_wconf 92' lang='lat' dir='ltr'>qui</span> <span class='ocrx_word' id='word_1_100' title='bbox 539 746 581 768; x_wconf 89' lang='lat' dir='ltr'>eum</span> <span class='ocrx_word' id='word_1_101' title='bbox 588 747 621 768; x_wconf 88' lang='lat' dir='ltr'>nec</span> <span class='ocrx_word' id='word_1_102' title='bbox 629 736 647 768; x_wconf 89' lang='lat' dir='ltr'>in</span> <span class='ocrx_word' id='word_1_103' title='bbox 653 737 690 769; x_wconf 84' lang='lat' dir='ltr'>vita</span> <span class='ocrx_word' id='word_1_104' title='bbox 696 747 729 769; x_wconf 90' lang='lat' dir='ltr'>nec</span> <span class='ocrx_word' id='word_1_105' title='bbox 738 737 756 769; x_wconf 95' lang='lat' dir='ltr'>in</span> <span class='ocrx_word' id='word_1_106' title='bbox 765 745 829 782; x_wconf 89' lang='lat' dir='ltr'>morte,</span> 
     </span>
     <span class='ocr_line' id='line_1_12' title="bbox 126 787 830 834; baseline 0.004 -12"><span class='ocrx_word' id='word_1_107' title='bbox 126 788 186 822; x_wconf 89' lang='lat' dir='ltr'>fidelis</span> <span class='ocrx_word' id='word_1_108' title='bbox 197 798 272 832; x_wconf 84' lang='lat' dir='ltr'>semper</span> <span class='ocrx_word' id='word_1_109' title='bbox 283 797 409 832; x_wconf 88' lang='lat' dir='ltr'>perseuerans,</span> <span class='ocrx_word' id='word_1_110' title='bbox 418 787 466 820; x_wconf 81' lang='lat' dir='ltr'>non⁶</span> <span class='ocrx_word' id='word_1_111' title='bbox 474 788 565 830; x_wconf 89' lang='lat' dir='ltr'>deseruit;</span> <span class='ocrx_word' id='word_1_112' title='bbox 578 793 596 821; x_wconf 93' lang='lat' dir='ltr'>et</span> <span class='ocrx_word' id='word_1_113' title='bbox 603 788 644 831; x_wconf 87' lang='lat' dir='ltr'>ipso</span> <span class='ocrx_word' id='word_1_114' title='bbox 653 790 732 823; x_wconf 88' lang='lat' dir='ltr'>ducente</span> <span class='ocrx_word' id='word_1_115' title='bbox 741 800 777 833; x_wconf 89' lang='lat' dir='ltr'>quo</span> <span class='ocrx_word' id='word_1_116' title='bbox 789 802 830 834; x_wconf 92' lang='lat' dir='ltr'>pre·</span> 
     </span>
     <span class='ocr_line' id='line_1_13' title="bbox 127 841 829 884; baseline 0.003 -8"><span class='ocrx_word' id='word_1_117' title='bbox 127 842 228 883; x_wconf 65' lang='lat' dir='ltr'>monentet,</span> <span class='ocrx_word' id='word_1_118' title='bbox 238 842 261 874; x_wconf 88' lang='lat' dir='ltr'>ad</span> <span class='ocrx_word' id='word_1_119' title='bbox 274 841 334 875; x_wconf 89' lang='lat' dir='ltr'>locum</span> <span class='ocrx_word' id='word_1_120' title='bbox 346 841 380 875; x_wconf 90' lang='lat' dir='ltr'>sibi</span> <span class='ocrx_word' id='word_1_121' title='bbox 392 851 403 873; x_wconf 85' lang='lat' dir='ltr'>a</span> <span class='ocrx_word' id='word_1_122' title='bbox 419 842 453 875; x_wconf 91' lang='lat' dir='ltr'>deo</span> <span class='ocrx_word' id='word_1_123' title='bbox 466 846 583 884; x_wconf 82' lang='lat' dir='ltr'>preparatum</span> <span class='ocrx_word' id='word_1_124' title='bbox 596 841 768 876; x_wconf 82' lang='lat' dir='ltr'>deuenit—⁷Distat</span> <span class='ocrx_word' id='word_1_125' title='bbox 781 844 829 878; x_wconf 92' lang='lat' dir='ltr'>enim</span> 
     </span>
     <span class='ocr_line' id='line_1_14' title="bbox 127 893 829 930; baseline 0.006 -4"><span class='ocrx_word' id='word_1_126' title='bbox 127 894 214 928; x_wconf 88' lang='lat' dir='ltr'>heremus</span> <span class='ocrx_word' id='word_1_127' title='bbox 222 894 253 927; x_wconf 91' lang='lat' dir='ltr'>illa</span> <span class='ocrx_word' id='word_1_128' title='bbox 263 904 274 926; x_wconf 90' lang='lat' dir='ltr'>a</span> <span class='ocrx_word' id='word_1_129' title='bbox 284 893 342 928; x_wconf 85' lang='lat' dir='ltr'>sancti</span> <span class='ocrx_word' id='word_1_130' title='bbox 353 893 424 927; x_wconf 91' lang='lat' dir='ltr'>Petroci</span> <span class='ocrx_word' id='word_1_131' title='bbox 433 893 452 926; x_wconf 92' lang='lat' dir='ltr'>in</span> <span class='ocrx_word' id='word_1_132' title='bbox 462 893 554 927; x_wconf 90' lang='lat' dir='ltr'>Cornubia</span> <span class='ocrx_word' id='word_1_133' title='bbox 561 894 672 927; x_wconf 86' lang='lat' dir='ltr'>monasterio</span> <span class='ocrx_word' id='word_1_134' title='bbox 681 895 781 929; x_wconf 90' lang='lat' dir='ltr'>miliaribus</span> <span class='ocrx_word' id='word_1_135' title='bbox 792 897 829 930; x_wconf 82' lang='lat' dir='ltr'>sere</span> 
     </span>
     <span class='ocr_line' id='line_1_15' title="bbox 128 945 830 987; baseline 0.003 -8"><span class='ocrx_word' id='word_1_136' title='bbox 128 948 197 986; x_wconf 86' lang='lat' dir='ltr'>decem,</span> <span class='ocrx_word' id='word_1_137' title='bbox 206 952 224 979; x_wconf 93' lang='lat' dir='ltr'>et</span> <span class='ocrx_word' id='word_1_138' title='bbox 231 951 288 978; x_wconf 87' lang='lat' dir='ltr'>tracto</span> <span class='ocrx_word' id='word_1_139' title='bbox 299 947 321 978; x_wconf 84' lang='lat' dir='ltr'>ab</span> <span class='ocrx_word' id='word_1_140' title='bbox 332 947 372 987; x_wconf 91' lang='lat' dir='ltr'>ipso</span> <span class='ocrx_word' id='word_1_141' title='bbox 384 945 423 978; x_wconf 90' lang='lat' dir='ltr'>viro</span> <span class='ocrx_word' id='word_1_142' title='bbox 435 945 465 978; x_wconf 91' lang='lat' dir='ltr'>dei</span> <span class='ocrx_word' id='word_1_143' title='bbox 474 946 548 978; x_wconf 91' lang='lat' dir='ltr'>nomine</span> <span class='ocrx_word' id='word_1_144' title='bbox 558 947 580 978; x_wconf 87' lang='lat' dir='ltr'>ab</span> <span class='ocrx_word' id='word_1_145' title='bbox 590 946 654 979; x_wconf 89' lang='lat' dir='ltr'>incolis</span> <span class='ocrx_word' id='word_1_146' title='bbox 665 947 715 979; x_wconf 89' lang='lat' dir='ltr'>locus</span> <span class='ocrx_word' id='word_1_147' title='bbox 727 947 757 980; x_wconf 91' lang='lat' dir='ltr'>ille</span> <span class='ocrx_word' id='word_1_148' title='bbox 767 949 830 981; x_wconf 91' lang='lat' dir='ltr'>‘Neot-</span> 
     </span>
     <span class='ocr_line' id='line_1_16' title="bbox 101 997 830 1045; baseline 0.001 -11"><span class='ocrx_word' id='word_1_149' title='bbox 101 1015 119 1044; x_wconf 83' lang='lat'>15</span> <span class='ocrx_word' id='word_1_150' title='bbox 128 1000 190 1033; x_wconf 86' lang='lat' dir='ltr'>stoke’</span> <span class='ocrx_word' id='word_1_151' title='bbox 199 998 378 1042; x_wconf 56' lang='lat' dir='ltr'>appellaturi-Erat</span> <span class='ocrx_word' id='word_1_152' title='bbox 388 1003 449 1031; x_wconf 91' lang='lat' dir='ltr'>autem</span> <span class='ocrx_word' id='word_1_153' title='bbox 461 998 511 1032; x_wconf 91' lang='lat' dir='ltr'>locus</span> <span class='ocrx_word' id='word_1_154' title='bbox 523 997 553 1031; x_wconf 91' lang='lat' dir='ltr'>ille</span> <span class='ocrx_word' id='word_1_155' title='bbox 565 1009 679 1039; x_wconf 89' lang='lat' dir='ltr'>nemorosus,</span> <span class='ocrx_word' id='word_1_156' title='bbox 688 998 748 1033; x_wconf 94' lang='lat' dir='ltr'>ssuuiis</span> <span class='ocrx_word' id='word_1_157' title='bbox 759 1001 830 1045; x_wconf 90' lang='lat' dir='ltr'>perspi-</span> 
     </span>
     <span class='ocr_line' id='line_1_17' title="bbox 128 1043 831 1095; baseline 0.003 -10"><span class='ocrx_word' id='word_1_158' title='bbox 128 1062 178 1093; x_wconf 87' lang='lat' dir='ltr'>cuus,</span> <span class='ocrx_word' id='word_1_159' title='bbox 187 1055 205 1083; x_wconf 90' lang='lat' dir='ltr'>et</span> <span class='ocrx_word' id='word_1_160' title='bbox 214 1051 260 1083; x_wconf 89' lang='lat' dir='ltr'>mari</span> <span class='ocrx_word' id='word_1_161' title='bbox 271 1050 336 1083; x_wconf 87' lang='lat' dir='ltr'>affinis.</span> <span class='ocrx_word' id='word_1_162' title='bbox 380 1043 490 1083; x_wconf 85' lang='lat' dir='ltr'>Transactis</span> <span class='ocrx_word' id='word_1_163' title='bbox 501 1055 562 1084; x_wconf 87' lang='lat' dir='ltr'>autem</span> <span class='ocrx_word' id='word_1_164' title='bbox 573 1050 593 1083; x_wconf 92' lang='lat' dir='ltr'>in</span> <span class='ocrx_word' id='word_1_165' title='bbox 604 1050 643 1084; x_wconf 85' lang='lat' dir='ltr'>loco</span> <span class='ocrx_word' id='word_1_166' title='bbox 653 1050 683 1084; x_wconf 90' lang='lat' dir='ltr'>illo</span> <span class='ocrx_word' id='word_1_167' title='bbox 691 1050 710 1084; x_wconf 87' lang='lat' dir='ltr'>in</span> <span class='ocrx_word' id='word_1_168' title='bbox 718 1062 784 1095; x_wconf 85' lang='lat' dir='ltr'>magna</span> <span class='ocrx_word' id='word_1_169' title='bbox 794 1053 831 1087; x_wconf 90' lang='lat' dir='ltr'>vite</span> 
     </span>
     <span class='ocr_line' id='line_1_18' title="bbox 127 1104 831 1149; baseline 0.003 -9"><span class='ocrx_word' id='word_1_170' title='bbox 127 1105 239 1149; x_wconf 76' lang='lat' dir='ltr'>&#39;perfectione</span> <span class='ocrx_word' id='word_1_171' title='bbox 245 1111 316 1148; x_wconf 86' lang='lat' dir='ltr'>septem</span> <span class='ocrx_word' id='word_1_172' title='bbox 321 1104 380 1145; x_wconf 85' lang='lat' dir='ltr'>annis,</span> <span class='ocrx_word' id='word_1_173' title='bbox 388 1105 466 1138; x_wconf 88' lang='lat' dir='ltr'>Romam</span> <span class='ocrx_word' id='word_1_174' title='bbox 472 1104 570 1148; x_wconf 84' lang='lat' dir='ltr'>profectus,</span> <span class='ocrx_word' id='word_1_175' title='bbox 577 1116 588 1138; x_wconf 89' lang='lat' dir='ltr'>a</span> <span class='ocrx_word' id='word_1_176' title='bbox 593 1116 641 1148; x_wconf 87' lang='lat' dir='ltr'>papa</span> <span class='ocrx_word' id='word_1_177' title='bbox 647 1104 726 1139; x_wconf 89' lang='lat' dir='ltr'>Martino</span> <span class='ocrx_word' id='word_1_178' title='bbox 732 1105 831 1143; x_wconf 89' lang='lat' dir='ltr'>honorifice</span> 
     </span>
     <span class='ocr_line' id='line_1_19' title="bbox 129 1157 830 1202; baseline -0.001 -10"><span class='ocrx_word' id='word_1_179' title='bbox 129 1158 233 1202; x_wconf 89' lang='lat' dir='ltr'>suscipitur.</span> <span class='ocrx_word' id='word_1_180' title='bbox 249 1158 333 1200; x_wconf 92' lang='lat' dir='ltr'>Vtroque</span> <span class='ocrx_word' id='word_1_181' title='bbox 344 1157 419 1190; x_wconf 87' lang='lat' dir='ltr'>alterius</span> <span class='ocrx_word' id='word_1_182' title='bbox 429 1163 510 1191; x_wconf 88' lang='lat' dir='ltr'>recreato</span> <span class='ocrx_word' id='word_1_183' title='bbox 520 1157 614 1199; x_wconf 86' lang='lat' dir='ltr'>solamine,</span> <span class='ocrx_word' id='word_1_184' title='bbox 622 1158 713 1200; x_wconf 86' lang='lat' dir='ltr'>postulata</span> <span class='ocrx_word' id='word_1_185' title='bbox 725 1169 766 1192; x_wconf 91' lang='lat' dir='ltr'>cum</span> <span class='ocrx_word' id='word_1_186' title='bbox 777 1160 830 1192; x_wconf 89' lang='lat' dir='ltr'>bene·</span> 
     </span>
     <span class='ocr_line' id='line_1_20' title="bbox 128 1210 831 1254; baseline 0 -9"><span class='ocrx_word' id='word_1_187' title='bbox 128 1212 206 1245; x_wconf 87' lang='lat' dir='ltr'>dictione</span> <span class='ocrx_word' id='word_1_188' title='bbox 219 1215 328 1254; x_wconf 84' lang='lat' dir='ltr'>assequutus</span> <span class='ocrx_word' id='word_1_189' title='bbox 339 1210 413 1243; x_wconf 90' lang='lat' dir='ltr'>domum</span> <span class='ocrx_word' id='word_1_190' title='bbox 426 1210 490 1252; x_wconf 90' lang='lat' dir='ltr'>rediit;</span> <span class='ocrx_word' id='word_1_191' title='bbox 503 1215 521 1244; x_wconf 92' lang='lat' dir='ltr'>et</span> <span class='ocrx_word' id='word_1_192' title='bbox 531 1215 634 1244; x_wconf 88' lang='lat' dir='ltr'>constructo</span> <span class='ocrx_word' id='word_1_193' title='bbox 646 1210 757 1245; x_wconf 91' lang='lat' dir='ltr'>monasterio</span> <span class='ocrx_word' id='word_1_194' title='bbox 770 1222 831 1245; x_wconf 90' lang='lat' dir='ltr'>mona-</span> 
     </span>
     <span class='ocr_line' id='line_1_21' title="bbox 101 1263 831 1306; baseline 0 -9"><span class='ocrx_word' id='word_1_195' title='bbox 101 1281 120 1300; x_wconf 79' lang='lat'>20</span> <span class='ocrx_word' id='word_1_196' title='bbox 129 1266 173 1297; x_wconf 89' lang='lat' dir='ltr'>chos</span> <span class='ocrx_word' id='word_1_197' title='bbox 181 1264 305 1306; x_wconf 84' lang='lat' dir='ltr'>congregauit,</span> <span class='ocrx_word' id='word_1_198' title='bbox 311 1268 329 1295; x_wconf 91' lang='lat' dir='ltr'>et</span> <span class='ocrx_word' id='word_1_199' title='bbox 337 1263 428 1305; x_wconf 86' lang='lat' dir='ltr'>frequenti</span> <span class='ocrx_word' id='word_1_200' title='bbox 436 1264 543 1305; x_wconf 89' lang='lat' dir='ltr'>angelorum</span> <span class='ocrx_word' id='word_1_201' title='bbox 551 1263 655 1296; x_wconf 89' lang='lat' dir='ltr'>visitatione</span> <span class='ocrx_word' id='word_1_202' title='bbox 663 1264 753 1297; x_wconf 85' lang='lat' dir='ltr'>consolari</span> <span class='ocrx_word' id='word_1_203' title='bbox 761 1265 831 1297; x_wconf 89' lang='lat' dir='ltr'>meruit.</span> 
     </span>
     <span class='ocr_line' id='line_1_22' title="bbox 130 1310 832 1358; baseline -0.003 -8"><span class='ocrx_word' id='word_1_204' title='bbox 130 1310 177 1350; x_wconf 82' lang='lat' dir='ltr'>Erat</span> <span class='ocrx_word' id='word_1_205' title='bbox 186 1315 288 1358; x_wconf 79' lang='lat' dir='ltr'>[euim]¹³in</span> <span class='ocrx_word' id='word_1_206' title='bbox 296 1315 326 1348; x_wconf 90' lang='lat' dir='ltr'>illo</span> <span class='ocrx_word' id='word_1_207' title='bbox 336 1314 376 1348; x_wconf 88' lang='lat' dir='ltr'>loco</span> <span class='ocrx_word' id='word_1_208' title='bbox 386 1314 427 1348; x_wconf 87' lang='lat' dir='ltr'>fons</span> <span class='ocrx_word' id='word_1_209' title='bbox 437 1314 522 1358; x_wconf 78' lang='lat' dir='ltr'>irriguus,</span> <span class='ocrx_word' id='word_1_210' title='bbox 533 1315 552 1347; x_wconf 93' lang='lat' dir='ltr'>in</span> <span class='ocrx_word' id='word_1_211' title='bbox 563 1326 598 1358; x_wconf 89' lang='lat' dir='ltr'>quo</span> <span class='ocrx_word' id='word_1_212' title='bbox 607 1313 636 1347; x_wconf 92' lang='lat' dir='ltr'>vir</span> <span class='ocrx_word' id='word_1_213' title='bbox 648 1314 677 1348; x_wconf 93' lang='lat' dir='ltr'>dei</span> <span class='ocrx_word' id='word_1_214' title='bbox 688 1320 727 1348; x_wconf 89' lang='lat' dir='ltr'>tres</span> <span class='ocrx_word' id='word_1_215' title='bbox 737 1314 832 1358; x_wconf 88' lang='lat' dir='ltr'>pisciculos</span> 
     </span>
     <span class='ocr_line' id='line_1_23' title="bbox 129 1368 832 1412; baseline -0.003 -8"><span class='ocrx_word' id='word_1_216' title='bbox 129 1369 231 1411; x_wconf 87' lang='lat' dir='ltr'>inueniens,</span> <span class='ocrx_word' id='word_1_217' title='bbox 240 1373 315 1412; x_wconf 82' lang='lat' dir='ltr'>tangere</span> <span class='ocrx_word' id='word_1_218' title='bbox 324 1378 360 1401; x_wconf 91' lang='lat' dir='ltr'>non</span> <span class='ocrx_word' id='word_1_219' title='bbox 369 1368 487 1412; x_wconf 89' lang='lat' dir='ltr'>presumpsit,</span> <span class='ocrx_word' id='word_1_220' title='bbox 496 1369 553 1402; x_wconf 93' lang='lat' dir='ltr'>donec</span> <span class='ocrx_word' id='word_1_221' title='bbox 562 1368 673 1402; x_wconf 88' lang='lat' dir='ltr'>reuelatione</span> <span class='ocrx_word' id='word_1_222' title='bbox 685 1368 747 1402; x_wconf 89' lang='lat' dir='ltr'>diuina</span> <span class='ocrx_word' id='word_1_223' title='bbox 755 1369 797 1412; x_wconf 88' lang='lat' dir='ltr'>quid</span> <span class='ocrx_word' id='word_1_224' title='bbox 810 1370 832 1402; x_wconf 87' lang='lat' dir='ltr'>de</span> 
     </span>
     <span class='ocr_line' id='line_1_24' title="bbox 129 1421 832 1466; baseline -0.004 -9"><span class='ocrx_word' id='word_1_225' title='bbox 129 1425 156 1457; x_wconf 91' lang='lat' dir='ltr'>eis</span> <span class='ocrx_word' id='word_1_226' title='bbox 168 1424 259 1466; x_wconf 84' lang='lat' dir='ltr'>agendum</span> <span class='ocrx_word' id='word_1_227' title='bbox 271 1422 317 1455; x_wconf 86' lang='lat' dir='ltr'>soret</span> <span class='ocrx_word' id='word_1_228' title='bbox 329 1427 443 1463; x_wconf 79' lang='lat' dir='ltr'>agnosceret,</span> <span class='ocrx_word' id='word_1_229' title='bbox 465 1421 543 1464; x_wconf 88' lang='lat' dir='ltr'>Accepit</span> <span class='ocrx_word' id='word_1_230' title='bbox 554 1432 633 1464; x_wconf 87' lang='lat' dir='ltr'>namque</span> <span class='ocrx_word' id='word_1_231' title='bbox 645 1422 668 1454; x_wconf 90' lang='lat' dir='ltr'>ab</span> <span class='ocrx_word' id='word_1_232' title='bbox 679 1422 744 1465; x_wconf 82' lang='lat' dir='ltr'>angelo</span> <span class='ocrx_word' id='word_1_233' title='bbox 757 1423 792 1464; x_wconf 91' lang='lat' dir='ltr'>(vir</span> <span class='ocrx_word' id='word_1_234' title='bbox 803 1422 832 1455; x_wconf 90' lang='lat' dir='ltr'>ille</span> 
     </span>
     <span class='ocr_line' id='line_1_25' title="bbox 129 1472 833 1517; baseline -0.006 -7"><span class='ocrx_word' id='word_1_235' title='bbox 129 1474 212 1517; x_wconf 63' lang='lat' dir='ltr'>beatuslt</span> <span class='ocrx_word' id='word_1_236' title='bbox 220 1473 306 1508; x_wconf 90' lang='lat' dir='ltr'>diuinitus</span> <span class='ocrx_word' id='word_1_237' title='bbox 313 1484 424 1517; x_wconf 91' lang='lat' dir='ltr'>responsum</span> <span class='ocrx_word' id='word_1_238' title='bbox 433 1478 451 1507; x_wconf 92' lang='lat' dir='ltr'>et</span> <span class='ocrx_word' id='word_1_239' title='bbox 459 1472 607 1515; x_wconf 82' lang='lat' dir='ltr'>admonitionem,</span> <span class='ocrx_word' id='word_1_240' title='bbox 615 1479 634 1507; x_wconf 89' lang='lat' dir='ltr'>vt</span> <span class='ocrx_word' id='word_1_241' title='bbox 642 1473 718 1517; x_wconf 83' lang='lat' dir='ltr'>singulis</span> <span class='ocrx_word' id='word_1_242' title='bbox 726 1474 796 1515; x_wconf 89' lang='lat' dir='ltr'>diebus,</span> <span class='ocrx_word' id='word_1_243' title='bbox 804 1474 833 1507; x_wconf 89' lang='lat' dir='ltr'>vel</span> 
     </span>
     <span class='ocr_line' id='line_1_26' title="bbox 103 1526 833 1573; baseline -0.007 -10"><span class='ocrx_word' id='word_1_244' title='bbox 103 1544 110 1563; x_wconf 84' lang='lat'><strong>2</strong></span> <span class='ocrx_word' id='word_1_245' title='bbox 113 1544 121 1572; x_wconf 78' lang='lat'>5</span> <span class='ocrx_word' id='word_1_246' title='bbox 130 1529 214 1573; x_wconf 87' lang='lat' dir='ltr'>quotiens</span> <span class='ocrx_word' id='word_1_247' title='bbox 219 1527 320 1570; x_wconf 81' lang='lat' dir='ltr'>expediens</span> <span class='ocrx_word' id='word_1_248' title='bbox 328 1526 398 1567; x_wconf 81' lang='lat' dir='ltr'>foret¹⁰,</span> <span class='ocrx_word' id='word_1_249' title='bbox 403 1537 460 1558; x_wconf 89' lang='lat' dir='ltr'>vnum</span> <span class='ocrx_word' id='word_1_250' title='bbox 467 1526 544 1568; x_wconf 88' lang='lat' dir='ltr'>(tantum</span> <span class='ocrx_word' id='word_1_251' title='bbox 551 1526 665 1569; x_wconf 85' lang='lat' dir='ltr'>pisciculum)</span> <span class='ocrx_word' id='word_1_252' title='bbox 672 1526 684 1546; x_wconf 91' lang='lat'>¹¹</span> <span class='ocrx_word' id='word_1_253' title='bbox 690 1527 787 1570; x_wconf 86' lang='lat' dir='ltr'>accipiens,</span> <span class='ocrx_word' id='word_1_254' title='bbox 792 1527 833 1559; x_wconf 89' lang='lat' dir='ltr'>reli·</span> 
     </span>
     <span class='ocr_line' id='line_1_27' title="bbox 130 1578 832 1625; baseline -0.003 -11"><span class='ocrx_word' id='word_1_255' title='bbox 130 1579 245 1625; x_wconf 78' lang='lat' dir='ltr'>quos¹¹duos</span> <span class='ocrx_word' id='word_1_256' title='bbox 253 1588 328 1622; x_wconf 85' lang='lat' dir='ltr'>semper</span> <span class='ocrx_word' id='word_1_257' title='bbox 336 1583 454 1611; x_wconf 85' lang='lat' dir='ltr'>conseruaret</span> <span class='ocrx_word' id='word_1_258' title='bbox 461 1578 543 1612; x_wconf 89' lang='lat' dir='ltr'>intactos.</span> <span class='ocrx_word' id='word_1_259' title='bbox 562 1579 762 1621; x_wconf 84' lang='lat' dir='ltr'>Cumquevnosublato</span> <span class='ocrx_word' id='word_1_260' title='bbox 768 1580 832 1612; x_wconf 75' lang='grc'>1150111-</span> 
     </span>
     <span class='ocr_line' id='line_1_28' title="bbox 131 1630 834 1676; baseline -0.003 -8"><span class='ocrx_word' id='word_1_261' title='bbox 131 1644 165 1676; x_wconf 90' lang='lat' dir='ltr'>per</span> <span class='ocrx_word' id='word_1_262' title='bbox 173 1633 209 1666; x_wconf 91' lang='lat' dir='ltr'>duo</span> <span class='ocrx_word' id='word_1_263' title='bbox 215 1630 277 1665; x_wconf 87' lang='lat' dir='ltr'>illibati</span> <span class='ocrx_word' id='word_1_264' title='bbox 282 1630 433 1674; x_wconf 87' lang='lat' dir='ltr'>permansissent,</span> <span class='ocrx_word' id='word_1_265' title='bbox 438 1632 456 1664; x_wconf 90' lang='lat' dir='ltr'>in</span> <span class='ocrx_word' id='word_1_266' title='bbox 464 1631 542 1665; x_wconf 89' lang='lat' dir='ltr'>crastino</span> <span class='ocrx_word' id='word_1_267' title='bbox 550 1631 611 1665; x_wconf 91' lang='lat' dir='ltr'>diuina</span> <span class='ocrx_word' id='word_1_268' title='bbox 617 1631 682 1666; x_wconf 84' lang='lat' dir='ltr'>virtute</span> <span class='ocrx_word' id='word_1_269' title='bbox 689 1632 816 1675; x_wconf 89' lang='lat' dir='ltr'>pisciculorum</span> <span class='ocrx_word' id='word_1_270' title='bbox 821 1631 834 1649; x_wconf 86' lang='grc'>11</span> 
     </span>
     <span class='ocr_line' id='line_1_29' title="bbox 131 1676 834 1727; baseline -0.001 -7"><span class='ocrx_word' id='word_1_271' title='bbox 131 1695 219 1720; x_wconf 89' lang='lat' dir='ltr'>numerus</span> <span class='ocrx_word' id='word_1_272' title='bbox 228 1684 354 1727; x_wconf 82' lang='lat' dir='ltr'>reperiebatur</span> <span class='ocrx_word' id='word_1_273' title='bbox 365 1683 451 1727; x_wconf 86' lang='lat' dir='ltr'>prefatus.</span> <span class='ocrx_word' id='word_1_274' title='bbox 495 1676 569 1718; x_wconf 85' lang='lat' dir='ltr'>Accidit</span> <span class='ocrx_word' id='word_1_275' title='bbox 581 1683 631 1718; x_wconf 92' lang='lat' dir='ltr'>enim</span> <span class='ocrx_word' id='word_1_276' title='bbox 641 1689 660 1719; x_wconf 93' lang='lat' dir='ltr'>vt</span> <span class='ocrx_word' id='word_1_277' title='bbox 671 1684 699 1719; x_wconf 91' lang='lat' dir='ltr'>vir</span> <span class='ocrx_word' id='word_1_278' title='bbox 711 1685 740 1719; x_wconf 91' lang='lat' dir='ltr'>dei</span> <span class='ocrx_word' id='word_1_279' title='bbox 752 1684 834 1719; x_wconf 88' lang='lat' dir='ltr'>molestia</span> 
     </span>
     <span class='ocr_line' id='line_1_30' title="bbox 131 1736 834 1783; baseline -0.004 -11"><span class='ocrx_word' id='word_1_280' title='bbox 131 1737 213 1783; x_wconf 88' lang='lat' dir='ltr'>corporis</span> <span class='ocrx_word' id='word_1_281' title='bbox 221 1738 306 1770; x_wconf 89' lang='lat' dir='ltr'>detentus</span> <span class='ocrx_word' id='word_1_282' title='bbox 313 1736 345 1770; x_wconf 88' lang='lat' dir='ltr'>vix</span> <span class='ocrx_word' id='word_1_283' title='bbox 352 1736 413 1779; x_wconf 87' lang='lat' dir='ltr'>aliquo</span> <span class='ocrx_word' id='word_1_284' title='bbox 420 1742 527 1770; x_wconf 89' lang='lat' dir='ltr'>vesceretur</span> <span class='ocrx_word' id='word_1_285' title='bbox 537 1737 607 1770; x_wconf 88' lang='lat' dir='ltr'>edulio:</span> <span class='ocrx_word' id='word_1_286' title='bbox 620 1736 698 1770; x_wconf 88' lang='lat' dir='ltr'>famulus</span> <span class='ocrx_word' id='word_1_287' title='bbox 707 1737 783 1781; x_wconf 90' lang='lat' dir='ltr'>proinde</span> <span class='ocrx_word' id='word_1_288' title='bbox 795 1737 834 1770; x_wconf 90' lang='lat' dir='ltr'>eius</span> 
     </span>
     <span class='ocr_line' id='line_1_31' title="bbox 104 1788 834 1834; baseline -0.004 -8"><span class='ocrx_word' id='word_1_289' title='bbox 104 1805 123 1833; x_wconf 75' lang='lat'>50</span> <span class='ocrx_word' id='word_1_290' title='bbox 132 1791 207 1826; x_wconf 88' lang='lat' dir='ltr'>Barrius</span> <span class='ocrx_word' id='word_1_291' title='bbox 218 1789 317 1824; x_wconf 85' lang='lat' dir='ltr'>condolens</span> <span class='ocrx_word' id='word_1_292' title='bbox 327 1793 345 1821; x_wconf 92' lang='lat' dir='ltr'>et</span> <span class='ocrx_word' id='word_1_293' title='bbox 355 1788 473 1831; x_wconf 81' lang='lat' dir='ltr'>compatiens,</span> <span class='ocrx_word' id='word_1_294' title='bbox 485 1790 531 1822; x_wconf 91' lang='lat' dir='ltr'>duos</span> <span class='ocrx_word' id='word_1_295' title='bbox 542 1790 565 1823; x_wconf 92' lang='lat' dir='ltr'>de</span> <span class='ocrx_word' id='word_1_296' title='bbox 576 1789 625 1822; x_wconf 89' lang='lat' dir='ltr'>fonte</span> <span class='ocrx_word' id='word_1_297' title='bbox 635 1790 721 1824; x_wconf 87' lang='lat' dir='ltr'>auferens</span> <span class='ocrx_word' id='word_1_298' title='bbox 732 1790 834 1834; x_wconf 87' lang='lat' dir='ltr'>pisciculos,</span> 
     </span>
     <span class='ocr_line' id='line_1_32' title="bbox 131 1842 834 1886; baseline -0.003 -9"><span class='ocrx_word' id='word_1_299' title='bbox 131 1854 188 1878; x_wconf 89' lang='lat' dir='ltr'>vnum</span> <span class='ocrx_word' id='word_1_300' title='bbox 200 1848 286 1884; x_wconf 84' lang='lat' dir='ltr'>assatum,</span> <span class='ocrx_word' id='word_1_301' title='bbox 294 1843 372 1875; x_wconf 88' lang='lat' dir='ltr'>alterum</span> <span class='ocrx_word' id='word_1_302' title='bbox 385 1842 453 1875; x_wconf 83' lang='lat' dir='ltr'>elixum</span> <span class='ocrx_word' id='word_1_303' title='bbox 464 1842 538 1875; x_wconf 92' lang='lat' dir='ltr'>domino</span> <span class='ocrx_word' id='word_1_304' title='bbox 550 1853 583 1876; x_wconf 90' lang='lat' dir='ltr'>suo</span> <span class='ocrx_word' id='word_1_305' title='bbox 596 1842 614 1875; x_wconf 92' lang='lat' dir='ltr'>in</span> <span class='ocrx_word' id='word_1_306' title='bbox 628 1842 679 1876; x_wconf 92' lang='lat' dir='ltr'>disco</span> <span class='ocrx_word' id='word_1_307' title='bbox 691 1843 760 1882; x_wconf 89' lang='lat' dir='ltr'>obtulit,</span> <span class='ocrx_word' id='word_1_308' title='bbox 768 1853 834 1886; x_wconf 86' lang='lat' dir='ltr'>rogans</span> 
     </span>
     <span class='ocr_line' id='line_1_33' title="bbox 131 1893 834 1938; baseline -0.004 -9"><span class='ocrx_word' id='word_1_309' title='bbox 131 1907 174 1929; x_wconf 92' lang='lat' dir='ltr'>eum</span> <span class='ocrx_word' id='word_1_310' title='bbox 187 1900 205 1928; x_wconf 90' lang='lat' dir='ltr'>et</span> <span class='ocrx_word' id='word_1_311' title='bbox 218 1894 300 1928; x_wconf 85' lang='lat' dir='ltr'>excitans</span> <span class='ocrx_word' id='word_1_312' title='bbox 311 1898 331 1927; x_wconf 93' lang='lat' dir='ltr'>vt</span> <span class='ocrx_word' id='word_1_313' title='bbox 343 1893 386 1927; x_wconf 90' lang='lat' dir='ltr'>inde</span> <span class='ocrx_word' id='word_1_314' title='bbox 400 1894 509 1927; x_wconf 88' lang='lat' dir='ltr'>comederet.</span> <span class='ocrx_word' id='word_1_315' title='bbox 531 1894 614 1937; x_wconf 89' lang='lat' dir='ltr'>Cumque</span> <span class='ocrx_word' id='word_1_316' title='bbox 626 1895 655 1928; x_wconf 87' lang='lat' dir='ltr'>vir</span> <span class='ocrx_word' id='word_1_317' title='bbox 668 1895 698 1927; x_wconf 91' lang='lat' dir='ltr'>dei</span> <span class='ocrx_word' id='word_1_318' title='bbox 711 1896 760 1929; x_wconf 88' lang='lat' dir='ltr'>vnde</span> <span class='ocrx_word' id='word_1_319' title='bbox 775 1895 834 1938; x_wconf 90' lang='lat' dir='ltr'>pisces</span> 
     </span>
     <span class='ocr_line' id='line_1_34' title="bbox 131 1945 834 1991; baseline -0.006 -8"><span class='ocrx_word' id='word_1_320' title='bbox 131 1949 180 1983; x_wconf 84' lang='lat' dir='ltr'>allati</span> <span class='ocrx_word' id='word_1_321' title='bbox 190 1947 268 1981; x_wconf 86' lang='lat' dir='ltr'>fuissent</span> <span class='ocrx_word' id='word_1_322' title='bbox 279 1946 391 1990; x_wconf 88' lang='lat' dir='ltr'>requisisset,</span> <span class='ocrx_word' id='word_1_323' title='bbox 400 1945 480 1986; x_wconf 84' lang='lat' dir='ltr'>Barrius,</span> <span class='ocrx_word' id='word_1_324' title='bbox 489 1946 567 1989; x_wconf 80' lang='lat' dir='ltr'>simplex</span> <span class='ocrx_word' id='word_1_325' title='bbox 577 1952 595 1982; x_wconf 91' lang='lat' dir='ltr'>et</span> <span class='ocrx_word' id='word_1_326' title='bbox 606 1946 701 1987; x_wconf 86' lang='lat' dir='ltr'>innocens,</span> <span class='ocrx_word' id='word_1_327' title='bbox 709 1948 757 1991; x_wconf 92' lang='lat' dir='ltr'>quod</span> <span class='ocrx_word' id='word_1_328' title='bbox 766 1945 834 1990; x_wconf 88' lang='lat' dir='ltr'>simpli·</span> 
     </span>
     <span class='ocr_line' id='line_1_35' title="bbox 132 1999 834 2045; baseline -0.006 -9"><span class='ocrx_word' id='word_1_329' title='bbox 132 2003 177 2036; x_wconf 90' lang='lat' dir='ltr'>citer</span> <span class='ocrx_word' id='word_1_330' title='bbox 184 2001 243 2035; x_wconf 88' lang='lat' dir='ltr'>fuerat</span> <span class='ocrx_word' id='word_1_331' title='bbox 250 2000 317 2034; x_wconf 85' lang='lat' dir='ltr'>factum</span> <span class='ocrx_word' id='word_1_332' title='bbox 326 2010 461 2043; x_wconf 86' lang='lat' dir='ltr'>recognoscens</span> <span class='ocrx_word' id='word_1_333' title='bbox 468 1999 547 2034; x_wconf 89' lang='lat' dir='ltr'>ostendit</span> <span class='ocrx_word' id='word_1_334' title='bbox 552 1999 569 2035; x_wconf 82' lang='grc'>11.</span> <span class='ocrx_word' id='word_1_335' title='bbox 592 2001 596 2018; x_wconf 87' lang='grc'>1</span> <span class='ocrx_word' id='word_1_336' title='bbox 604 2000 653 2043; x_wconf 84' lang='lat' dir='ltr'>Ideo,</span> <span class='ocrx_word' id='word_1_337' title='bbox 659 2000 721 2044; x_wconf 85' lang='lat' dir='ltr'>inquit,</span> <span class='ocrx_word' id='word_1_338' title='bbox 726 2006 783 2045; x_wconf 85' lang='lat' dir='ltr'>pater,</span> <span class='ocrx_word' id='word_1_339' title='bbox 789 2001 834 2034; x_wconf 91' lang='lat' dir='ltr'>duos</span> 
     </span>
     <span class='ocr_line' id='line_1_36' title="bbox 105 2051 835 2098; baseline -0.007 -8"><span class='ocrx_word' id='word_1_340' title='bbox 105 2069 123 2098; x_wconf 69' lang='lat'>35</span> <span class='ocrx_word' id='word_1_341' title='bbox 133 2057 155 2090; x_wconf 92' lang='lat' dir='ltr'>de</span> <span class='ocrx_word' id='word_1_342' title='bbox 161 2056 210 2090; x_wconf 86' lang='lat' dir='ltr'>sonte</span> <span class='ocrx_word' id='word_1_343' title='bbox 218 2053 315 2098; x_wconf 88' lang='lat' dir='ltr'>pisciculos</span> <span class='ocrx_word' id='word_1_344' title='bbox 320 2053 333 2072; x_wconf 84' lang='grc'>11</span> <span class='ocrx_word' id='word_1_345' title='bbox 339 2052 405 2086; x_wconf 92' lang='lat' dir='ltr'>sustuli</span> <span class='ocrx_word' id='word_1_346' title='bbox 410 2058 428 2086; x_wconf 91' lang='lat' dir='ltr'>et</span> <span class='ocrx_word' id='word_1_347' title='bbox 435 2052 508 2087; x_wconf 90' lang='lat' dir='ltr'>diuerso</span> <span class='ocrx_word' id='word_1_348' title='bbox 514 2054 568 2087; x_wconf 88' lang='lat' dir='ltr'>modo</span> <span class='ocrx_word' id='word_1_349' title='bbox 576 2053 609 2087; x_wconf 90' lang='lat' dir='ltr'>tibi</span> <span class='ocrx_word' id='word_1_350' title='bbox 616 2052 634 2087; x_wconf 89' lang='lat' dir='ltr'>in</span> <span class='ocrx_word' id='word_1_351' title='bbox 643 2053 724 2087; x_wconf 91' lang='lat' dir='ltr'>edulium</span> <span class='ocrx_word' id='word_1_352' title='bbox 733 2051 835 2098; x_wconf 88' lang='lat' dir='ltr'>preparaui,</span> 
     </span>
     <span class='ocr_line' id='line_1_37' title="bbox 132 2105 835 2148; baseline -0.007 -6"><span class='ocrx_word' id='word_1_353' title='bbox 132 2115 151 2142; x_wconf 92' lang='lat' dir='ltr'>vt</span> <span class='ocrx_word' id='word_1_354' title='bbox 163 2108 179 2142; x_wconf 90' lang='lat' dir='ltr'>si</span> <span class='ocrx_word' id='word_1_355' title='bbox 191 2107 237 2141; x_wconf 87' lang='lat' dir='ltr'>forte</span> <span class='ocrx_word' id='word_1_356' title='bbox 248 2117 285 2140; x_wconf 92' lang='lat' dir='ltr'>vno</span> <span class='ocrx_word' id='word_1_357' title='bbox 296 2105 346 2140; x_wconf 91' lang='lat' dir='ltr'>vesci</span> <span class='ocrx_word' id='word_1_358' title='bbox 358 2116 395 2139; x_wconf 92' lang='lat' dir='ltr'>non</span> <span class='ocrx_word' id='word_1_359' title='bbox 405 2105 479 2148; x_wconf 89' lang='lat' dir='ltr'>poteris,</span> <span class='ocrx_word' id='word_1_360' title='bbox 488 2107 511 2140; x_wconf 91' lang='lat' dir='ltr'>ab</span> <span class='ocrx_word' id='word_1_361' title='bbox 522 2107 579 2140; x_wconf 86' lang='lat' dir='ltr'>altero</span> <span class='ocrx_word' id='word_1_362' title='bbox 590 2107 761 2141; x_wconf 69' lang='grc'>511111111110110111115.1</span> <span class='ocrx_word' id='word_1_363' title='bbox 783 2107 835 2139; x_wconf 89' lang='lat' dir='ltr'>Tunc</span> 
     </span>
     <span class='ocr_line' id='line_1_38' title="bbox 132 2157 835 2199; baseline -0.007 -6"><span class='ocrx_word' id='word_1_364' title='bbox 132 2165 207 2193; x_wconf 82' lang='lat' dir='ltr'>sanctus</span> <span class='ocrx_word' id='word_1_365' title='bbox 219 2157 275 2191; x_wconf 82' lang='lat' dir='ltr'>dixit:</span> <span class='ocrx_word' id='word_1_366' title='bbox 294 2157 365 2199; x_wconf 82' lang='lat' dir='ltr'>‘Quare</span> <span class='ocrx_word' id='word_1_367' title='bbox 377 2157 412 2190; x_wconf 93' lang='lat' dir='ltr'>hoc</span> <span class='ocrx_word' id='word_1_368' title='bbox 423 2157 492 2191; x_wconf 84' lang='lat' dir='ltr'>fecisti?</span> <span class='ocrx_word' id='word_1_369' title='bbox 515 2158 576 2199; x_wconf 81' lang='lat' dir='ltr'>Quare</span> <span class='ocrx_word' id='word_1_370' title='bbox 587 2158 655 2192; x_wconf 85' lang='lat' dir='ltr'>victum</span> <span class='ocrx_word' id='word_1_371' title='bbox 666 2158 737 2193; x_wconf 79' lang='lat' dir='ltr'>nobis¹¹</span> <span class='ocrx_word' id='word_1_372' title='bbox 749 2157 835 2192; x_wconf 86' lang='lat' dir='ltr'>diuinitus</span> 
     </span>
     <span class='ocr_line' id='line_1_39' title="bbox 134 2210 835 2254; baseline -0.009 -7"><span class='ocrx_word' id='word_1_373' title='bbox 134 2214 219 2247; x_wconf 82' lang='lat' dir='ltr'>collatum</span> <span class='ocrx_word' id='word_1_374' title='bbox 227 2217 297 2244; x_wconf 90' lang='lat' dir='ltr'>temere</span> <span class='ocrx_word' id='word_1_375' title='bbox 305 2210 396 2251; x_wconf 82' lang='lat' dir='ltr'>auferens,</span> <span class='ocrx_word' id='word_1_376' title='bbox 405 2216 467 2243; x_wconf 86' lang='lat' dir='ltr'>contra</span> <span class='ocrx_word' id='word_1_377' title='bbox 478 2217 542 2244; x_wconf 90' lang='lat' dir='ltr'>nutum</span> <span class='ocrx_word' id='word_1_378' title='bbox 551 2211 583 2245; x_wconf 88' lang='lat' dir='ltr'>dei</span> <span class='ocrx_word' id='word_1_379' title='bbox 595 2217 649 2254; x_wconf 90' lang='lat' dir='ltr'>atque</span> <span class='ocrx_word' id='word_1_380' title='bbox 660 2212 770 2245; x_wconf 87' lang='lat' dir='ltr'>sententiam</span> <span class='ocrx_word' id='word_1_381' title='bbox 782 2219 835 2254; x_wconf 88' lang='lat' dir='ltr'>agere</span> 
     </span>
     <span class='ocr_line' id='line_1_40' title="bbox 133 2263 835 2310; baseline -0.009 -9"><span class='ocrx_word' id='word_1_382' title='bbox 133 2263 284 2310; x_wconf 79' lang='lat' dir='ltr'>presumpsistit’</span> <span class='ocrx_word' id='word_1_383' title='bbox 308 2264 331 2297; x_wconf 87' lang='lat' dir='ltr'>Et</span> <span class='ocrx_word' id='word_1_384' title='bbox 342 2263 422 2307; x_wconf 87' lang='lat' dir='ltr'>piscibus</span> <span class='ocrx_word' id='word_1_385' title='bbox 433 2264 510 2308; x_wconf 89' lang='lat' dir='ltr'>imperio</span> <span class='ocrx_word' id='word_1_386' title='bbox 522 2265 561 2299; x_wconf 92' lang='lat' dir='ltr'>eius</span> <span class='ocrx_word' id='word_1_387' title='bbox 573 2265 592 2299; x_wconf 91' lang='lat' dir='ltr'>in</span> <span class='ocrx_word' id='word_1_388' title='bbox 604 2265 654 2300; x_wconf 88' lang='lat' dir='ltr'>fonte</span> <span class='ocrx_word' id='word_1_389' title='bbox 665 2264 755 2308; x_wconf 90' lang='lat' dir='ltr'>repositis,</span> <span class='ocrx_word' id='word_1_390' title='bbox 767 2271 835 2308; x_wconf 88' lang='lat' dir='ltr'>pronus</span> 
     </span>
     <span class='ocr_line' id='line_1_41' title="bbox 106 2317 834 2362; baseline -0.008 -8"><span class='ocrx_word' id='word_1_391' title='bbox 106 2332 126 2360; x_wconf 86' lang='lat'>40</span> <span class='ocrx_word' id='word_1_392' title='bbox 135 2320 173 2355; x_wconf 89' lang='lat' dir='ltr'>solo</span> <span class='ocrx_word' id='word_1_393' title='bbox 189 2317 297 2351; x_wconf 88' lang='lat' dir='ltr'>incumbens</span> <span class='ocrx_word' id='word_1_394' title='bbox 314 2317 336 2350; x_wconf 90' lang='lat' dir='ltr'>ab</span> <span class='ocrx_word' id='word_1_395' title='bbox 355 2317 436 2351; x_wconf 87' lang='lat' dir='ltr'>oratione</span> <span class='ocrx_word' id='word_1_396' title='bbox 455 2328 571 2362; x_wconf 87' lang='lat' dir='ltr'>nequaquam</span> <span class='ocrx_word' id='word_1_397' title='bbox 588 2318 667 2352; x_wconf 90' lang='lat' dir='ltr'>surrexit</span> <span class='ocrx_word' id='word_1_398' title='bbox 684 2319 743 2352; x_wconf 85' lang='lat' dir='ltr'>donec</span> <span class='ocrx_word' id='word_1_399' title='bbox 759 2318 776 2351; x_wconf 93' lang='lat' dir='ltr'>ei</span> <span class='ocrx_word' id='word_1_400' title='bbox 791 2325 834 2350; x_wconf 90' lang='lat' dir='ltr'>nun·</span> 
     </span>
    </p>
   </div>
   <div class='ocr_carea' id='block_1_3' title="bbox 134 2425 836 2626">
    <p class='ocr_par' dir='ltr' id='par_1_3' title="bbox 134 2425 836 2626">
     <span class='ocr_line' id='line_1_42' title="bbox 154 2425 836 2465; baseline -0.009 -8"><span class='ocrx_word' id='word_1_401' title='bbox 154 2429 159 2447; x_wconf 93' lang='lat'>¹</span> <span class='ocrx_word' id='word_1_402' title='bbox 170 2438 200 2457; x_wconf 87' lang='lat' dir='ltr'>orn.</span> <span class='ocrx_word' id='word_1_403' title='bbox 206 2427 222 2455; x_wconf 90' lang='lat' dir='ltr'>in</span> <span class='ocrx_word' id='word_1_404' title='bbox 230 2427 247 2456; x_wconf 92' lang='lat' dir='ltr'>T.</span> <span class='ocrx_word' id='word_1_405' title='bbox 316 2426 322 2443; x_wconf 89' lang='grc'>1</span> <span class='ocrx_word' id='word_1_406' title='bbox 333 2437 363 2455; x_wconf 90' lang='lat' dir='ltr'>om.</span> <span class='ocrx_word' id='word_1_407' title='bbox 371 2428 387 2455; x_wconf 92' lang='lat' dir='ltr'>in</span> <span class='ocrx_word' id='word_1_408' title='bbox 395 2427 413 2455; x_wconf 85' lang='lat' dir='ltr'>E.</span> <span class='ocrx_word' id='word_1_409' title='bbox 479 2427 485 2443; x_wconf 82' lang='grc'>1</span> <span class='ocrx_word' id='word_1_410' title='bbox 496 2428 514 2457; x_wconf 83' lang='grc' dir='ltr'>Ε,</span> <span class='ocrx_word' id='word_1_411' title='bbox 522 2428 572 2464; x_wconf 85' lang='lat' dir='ltr'>primo</span> <span class='ocrx_word' id='word_1_412' title='bbox 579 2428 647 2465; x_wconf 63' lang='lat' dir='ltr'>genitus⁴</span> <span class='ocrx_word' id='word_1_413' title='bbox 715 2428 720 2445; x_wconf 97' lang='grc'>1</span> <span class='ocrx_word' id='word_1_414' title='bbox 731 2428 749 2456; x_wconf 88' lang='grc' dir='ltr'>Ε.</span> <span class='ocrx_word' id='word_1_415' title='bbox 757 2425 836 2455; x_wconf 86' lang='lat' dir='ltr'>cornubia.</span> 
     </span>
     <span class='ocr_line' id='line_1_43' title="bbox 134 2463 836 2502; baseline -0.009 -5"><span class='ocrx_word' id='word_1_416' title='bbox 134 2469 209 2498; x_wconf 87' lang='lat' dir='ltr'>¹al.om.</span> <span class='ocrx_word' id='word_1_417' title='bbox 270 2464 538 2502; x_wconf 75' lang='lat' dir='ltr'>¹Vitquopnlocumrnutauerat.</span> <span class='ocrx_word' id='word_1_418' title='bbox 598 2466 686 2496; x_wconf 81' lang='lat' dir='ltr'>¹·¹added,</span> <span class='ocrx_word' id='word_1_419' title='bbox 746 2465 779 2494; x_wconf 84' lang='grc' dir='ltr'>1Τ.</span> <span class='ocrx_word' id='word_1_420' title='bbox 787 2463 836 2495; x_wconf 75' lang='lat' dir='ltr'>enim:</span> 
     </span>
     <span class='ocr_line' id='line_1_44' title="bbox 134 2504 836 2547; baseline -0.009 -11"><span class='ocrx_word' id='word_1_421' title='bbox 134 2509 152 2538; x_wconf 83' lang='lat' dir='ltr'>E.</span> <span class='ocrx_word' id='word_1_422' title='bbox 161 2507 237 2547; x_wconf 80' lang='lat' dir='ltr'>profecto.</span> <span class='ocrx_word' id='word_1_423' title='bbox 287 2506 507 2536; x_wconf 70' lang='lat' dir='ltr'>&#39;virillebeatusominT</span> <span class='ocrx_word' id='word_1_424' title='bbox 558 2506 570 2526; x_wconf 89' lang='lat'>¹⁰</span> <span class='ocrx_word' id='word_1_425' title='bbox 579 2506 610 2537; x_wconf 86' lang='lat' dir='ltr'>Vit.</span> <span class='ocrx_word' id='word_1_426' title='bbox 618 2506 705 2544; x_wconf 87' lang='lat' dir='ltr'>expediret.</span> <span class='ocrx_word' id='word_1_427' title='bbox 757 2504 767 2522; x_wconf 92' lang='lat'>¹¹</span> <span class='ocrx_word' id='word_1_428' title='bbox 778 2507 836 2534; x_wconf 89' lang='lat' dir='ltr'>tantum</span> 
     </span>
     <span class='ocr_line' id='line_1_45' title="bbox 134 2544 835 2587; baseline -0.007 -9"><span class='ocrx_word' id='word_1_429' title='bbox 134 2548 226 2587; x_wconf 88' lang='lat' dir='ltr'>pisciculum</span> <span class='ocrx_word' id='word_1_430' title='bbox 233 2556 263 2577; x_wconf 92' lang='lat' dir='ltr'>om.</span> <span class='ocrx_word' id='word_1_431' title='bbox 271 2546 288 2577; x_wconf 88' lang='lat' dir='ltr'>in</span> <span class='ocrx_word' id='word_1_432' title='bbox 295 2547 312 2577; x_wconf 95' lang='lat' dir='ltr'>T.</span> <span class='ocrx_word' id='word_1_433' title='bbox 359 2546 370 2563; x_wconf 88' lang='lat'>¹¹</span> <span class='ocrx_word' id='word_1_434' title='bbox 382 2547 399 2578; x_wconf 87' lang='lat' dir='ltr'>E.</span> <span class='ocrx_word' id='word_1_435' title='bbox 406 2547 433 2578; x_wconf 89' lang='lat' dir='ltr'>rel.</span> <span class='ocrx_word' id='word_1_436' title='bbox 441 2556 484 2577; x_wconf 81' lang='lat' dir='ltr'>vero.</span> <span class='ocrx_word' id='word_1_437' title='bbox 532 2545 543 2563; x_wconf 84' lang='grc'>11</span> <span class='ocrx_word' id='word_1_438' title='bbox 554 2546 572 2579; x_wconf 93' lang='grc' dir='ltr'>Τ.</span> <span class='ocrx_word' id='word_1_439' title='bbox 579 2547 640 2578; x_wconf 86' lang='lat' dir='ltr'>sullato.</span> <span class='ocrx_word' id='word_1_440' title='bbox 688 2545 700 2563; x_wconf 90' lang='grc'>11</span> <span class='ocrx_word' id='word_1_441' title='bbox 711 2546 728 2576; x_wconf 85' lang='grc' dir='ltr'>Ε.</span> <span class='ocrx_word' id='word_1_442' title='bbox 736 2544 835 2584; x_wconf 75' lang='lat' dir='ltr'>piscatorum.</span> 
     </span>
     <span class='ocr_line' id='line_1_46' title="bbox 135 2586 727 2626; baseline -0.003 -7"><span class='ocrx_word' id='word_1_443' title='bbox 135 2590 147 2607; x_wconf 77' lang='grc'>11</span> <span class='ocrx_word' id='word_1_444' title='bbox 156 2589 188 2619; x_wconf 88' lang='lat' dir='ltr'>Vit.</span> <span class='ocrx_word' id='word_1_445' title='bbox 196 2588 288 2626; x_wconf 85' lang='lat' dir='ltr'>simpliciter</span> <span class='ocrx_word' id='word_1_446' title='bbox 294 2587 391 2625; x_wconf 85' lang='lat' dir='ltr'>recognovit.</span> <span class='ocrx_word' id='word_1_447' title='bbox 451 2587 462 2603; x_wconf 87' lang='lat'>¹¹</span> <span class='ocrx_word' id='word_1_448' title='bbox 472 2587 490 2617; x_wconf 88' lang='lat' dir='ltr'>E.</span> <span class='ocrx_word' id='word_1_449' title='bbox 498 2587 571 2625; x_wconf 81' lang='lat' dir='ltr'>pisculos.</span> <span class='ocrx_word' id='word_1_450' title='bbox 630 2586 641 2605; x_wconf 90' lang='lat'>¹¹</span> <span class='ocrx_word' id='word_1_451' title='bbox 652 2587 670 2618; x_wconf 86' lang='lat' dir='ltr'>E.</span> <span class='ocrx_word' id='word_1_452' title='bbox 678 2587 727 2617; x_wconf 83' lang='lat' dir='ltr'>vobis.</span> 
     </span>
    </p>
   </div>
   <div class='ocr_carea' id='block_1_4' title="bbox 0 0 896 2803">
    <p class='ocr_par' dir='ltr' id='par_1_4' title="bbox 0 0 896 2803">
     <span class='ocr_line' id='line_1_47' title="bbox 0 0 896 2803; baseline 0 0"><span class='ocrx_word' id='word_1_453' title='bbox 0 0 896 2803; x_wconf 95' lang='lat' dir='ltr'> </span> 
     </span>
    </p>
   </div>
  </div>
 </body>
</html>
