1762 2803
277 89 323 146 bt
338 88 438 143 &aneto
454 89 548 142 denua.
721 95 765 151 187

64 216 99 246 tur.
121 212 200 256 Aperuit
211 217 272 248 autem
284 213 383 257 episcopus
393 211 493 247 fenestram
502 212 581 256 oratorii,
590 216 607 246 et
615 212 695 247 sonitum
704 222 766 256 manu,

63 270 83 299 ut
91 266 154 311 sepius
166 272 292 310 consueuerat,
303 266 377 308 faciens,
385 265 401 300 si
409 266 450 311 quis
460 266 505 301 t'oris
515 272 565 301 esset
575 266 598 301 ad
612 277 633 301 se
645 267 715 301 intrare
724 277 767 310 pre·

64 318 117 364 cepit.
146 318 233 365 Ingresso
250 325 312 355 autem
328 319 410 362 Owino¹‚
427 325 446 355 et
461 319 548 355 fratribus
563 319 626 356 accitis
642 325 720 365 septem,
734 320 767 354 ad-

64 373 134 407 monuit
148 384 180 407 eos
191 379 212 408 vt
223 374 310 409 virtutem
321 373 424 408 dilectionis
436 379 454 408 et
465 374 516 419 pacis
527 375 631 409 adinuicem
640 379 658 408 et
669 374 692 408 ad
701 384 767 408 omnes

64 426 129 459 fideles
137 432 239 468 seruarent,
246 427 328 461 instituta
336 426 432 471 discipline
440 427 529 471 regularis
537 438 573 472 que
579 427 602 462 ab
611 426 652 471 ipso
660 427 767 461 didicissent
776 438 784 469 5

65 484 83 512 et
90 478 109 512 in
116 480 158 523 ipso
166 480 255 515 vidissent
262 485 280 514 et
287 480 306 515 in
315 486 387 525 patrum
395 480 447 515 factis
456 486 474 515 et
482 481 534 514 dictis
544 481 665 522 inuenissent,
673 479 767 514 indelessa

64 531 150 565 instantia
161 538 287 576 sequerentur.
310 533 382 567 Deinde
396 534 495 574 subiunxit,
508 533 577 568 instare
591 533 639 567 diem
653 534 713 568 obitus
727 531 766 574 sui;

65 585 156 629 ‘Hospes
171 587 234 629 inquit,
247 586 279 621 ille
292 587 375 621 amabilis
389 586 420 630 qui
435 586 500 621 fratres
515 592 588 621 nostros
601 587 676 620 visitare
690 585 767 627 solebat,

65 638 88 670 ad
100 648 130 671 me
140 648 213 682 quoque
223 639 277 673 hodie
286 640 350 673 venire
360 649 427 683 meque
438 639 461 673 de
473 639 507 672 hoc
519 639 580 673 seculo
593 649 671 673 euocare
681 639 767 683 dignatus

65 696 99 723 est.
129 691 189 725 Dicite
203 702 247 735 ergo
262 692 349 726 fratribus
361 697 381 725 vt
395 697 414 726 et
428 702 490 726 meum
506 692 575 726 exitum
591 692 664 726 domino
679 692 766 736 precibus
776 705 795 727 ro

66 744 200 787 commendent,
215 744 261 790 [et]²
275 755 329 779 suum
344 755 417 789 quoque
432 745 507 787 exitum,
522 745 573 778 cuius
588 744 633 778 hora
648 744 717 778 incerta
732 748 766 785 est,

65 797 135 839 vigiliis,
142 798 253 833 orationibus
261 809 282 832 ac
289 799 343 832 bonis
350 798 438 841 operibus
445 798 543 841 preuenire
552 797 679 831 meminerint!
703 797 768 830 Frater

66 854 126 884 autem
137 849 167 894 qui
174 850 264 886 visionem
272 851 347 893 viderat,
356 849 406 885 solus
417 850 518 884 adueniens
529 850 627 894 prostrauit
638 860 659 884 se
667 849 686 884 in
694 855 768 891 terram,

66 902 140 938 dicens:
153 903 253 947 ‘Obsecro,1
263 903 326 948 inquit,
339 907 397 948 pater,
409 903 458 947 qnod
469 907 509 939 erat
520 903 610 939 canticum
621 902 733 938 venientium
745 903 769 938 de

66 955 110 990 celis
125 966 182 999 super
195 957 294 991 oratorium
306 962 364 999 tuum,
377 957 426 999 quod
438 955 504 998 audiui,
515 961 533 991 et
544 956 610 990 iterum
621 956 736 990 redeuntium
745 956 768 990 ud
779 971 796 1002 ¹5

66 1008 137 1043 celost'
160 1008 190 1042 ‘Si
198 1019 268 1050 vocem,
276 1009 301 1042 ait
309 1011 412 1053 episcopus,
423 1008 509 1043 carminis
518 1010 584 1043 audisti
592 1014 610 1042 et
618 1009 697 1043 celestes
704 1018 769 1053 super-

66 1062 130 1095 uenire
141 1066 193 1095 cetus
204 1061 312 1106 cognouisti,
323 1061 405 1105 precipio
416 1062 448 1095 tibi
458 1062 477 1096 in
488 1063 562 1096 nomine
574 1063 643 1096 domini
653 1074 677 1096 ne
686 1063 721 1096 hoc
731 1063 769 1096 cui-

66 1123 121 1156 quam
133 1118 176 1147 ante
189 1124 250 1148 meum
262 1114 331 1148 obitum
343 1114 426 1149 reuelare
438 1124 541 1158 presumas.
564 1115 638 1149 Reuera
650 1116 699 1148 enim
709 1115 769 1158 angeli

67 1166 135 1200 domini
143 1166 188 1210 [me]
193 1167 200 1185 ²
206 1168 228 1201 ad
235 1167 314 1211 celestia,
320 1179 356 1213 que
361 1178 437 1212 semper
443 1168 526 1202 amabam
533 1178 554 1202 ac
560 1167 693 1211 desiderabam,
698 1169 769 1214 premia

66 1231 132 1255 vocare
146 1227 241 1263 venerunt,
254 1226 272 1256 et
285 1228 327 1265 post
340 1223 380 1256 dies
393 1227 465 1265 septem
480 1232 501 1256 se
516 1222 607 1256 redituros
622 1232 643 1255 ae
660 1232 690 1256 me
705 1232 768 1256 secum
778 1234 797 1255 ro

66 1273 177 1307 adducturos
192 1285 235 1308 esse
248 1275 382 1318 promiserunt)
406 1274 429 1308 Et
445 1274 512 1309 sactum
526 1279 554 1309 est
567 1275 596 1309 ita.
620 1274 667 1309 Nam
680 1274 769 1319 languore

67 1327 149 1370 corporis
157 1331 220 1370 tactus,
231 1328 316 1371 septimo,
324 1333 344 1362 vt
352 1328 429 1370 dixerat,
441 1328 470 1362 die
481 1327 565 1371 migrauit
574 1328 597 1362 ad
606 1327 707 1369 dominum,
716 1332 769 1362 sexto

67 1388 126 1412 nonas
134 1380 199 1413 martii.
238 1373 291 1414 Inter
296 1380 348 1422 plura
353 1391 433 1423 namque
439 1380 556 1421 continentie,
561 1380 673 1421 humilitatis,
681 1381 769 1421 doctrine,

67 1429 175 1473 orationum,
186 1431 288 1466 voluntarie
299 1432 418 1477 paupertatis,
430 1436 448 1466 et
458 1436 560 1466 ceterarum
571 1432 659 1466 virtutum
670 1431 740 1475 merita,
750 1432 769 1466 in

67 1489 138 1517 tantum
153 1490 192 1518 erat
206 1486 268 1519 timori
282 1486 352 1519 domini
369 1486 453 1519 subditus
468 1490 487 1519 et
501 1486 642 1520 nouissimorum
658 1495 733 1519 suorum
751 1486 770 1520 in
779 1497 797 1528 ²5

68 1536 153 1571 omnibus
163 1537 250 1581 operibus
261 1538 299 1572 suis
310 1548 387 1580 memor,
397 1542 417 1572 vt
427 1539 442 1572 si
453 1538 499 1572 forte
511 1538 585 1582 legente
595 1548 617 1571 eo
628 1538 658 1572 vel
667 1538 716 1572 aliud
727 1538 770 1582 quid

69 1595 140 1633 agente,
148 1590 203 1625 ssatus
210 1590 261 1626 venti
269 1592 327 1625 maior
334 1596 445 1636 assurgeret,
453 1591 539 1626 continuo
547 1590 690 1626 misericordiam
702 1591 771 1625 domini

68 1642 161 1677 inuocaret
179 1649 197 1678 et
213 1655 255 1679 eam
273 1646 337 1689 generi
356 1646 437 1679 humano
454 1644 552 1689 propiciari
569 1650 654 1688 rogaret:
673 1645 693 1679 Si
708 1650 770 1679 autem

68 1695 164 1729 violentior
178 1707 222 1730 aura
235 1698 335 1739 insisteret,
348 1697 385 1731 iam
398 1697 461 1731 clauso
476 1698 538 1731 codice
553 1697 657 1741 procideret
671 1697 690 1731 in
706 1696 771 1731 faciem

68 1752 122 1792 atque
137 1748 222 1783 obnixius
237 1749 314 1783 orationi
331 1749 456 1785 incumberet:
473 1749 494 1784 Si
507 1760 552 1785 vero
567 1749 648 1794 procella
663 1750 726 1784 fortior
741 1756 800 1793 aut30

69 1801 142 1835 nimbus
150 1807 258 1846 perurgeret
265 1803 295 1836 vel
302 1803 380 1837 tonitrua
388 1808 447 1837 terras
455 1808 473 1837 et
483 1813 525 1836 aera
535 1808 630 1845 terrerent,
642 1808 685 1837 tunc
694 1804 772 1838 veniens

68 1855 91 1888 ad
105 1854 202 1889 ecclesiam
215 1855 328 1890 orationibus
339 1861 357 1890 et
368 1856 450 1899 psalmis,
464 1856 522 1890 donec
534 1856 625 1890 serenitas
638 1856 686 1890 aeris
697 1856 771 1898 rediret,

69 1907 106 1941 fixa
118 1912 180 1941 mente
193 1913 271 1942 vacaret.
294 1908 419 1952 Interrogatus
429 1919 461 1943 cur
471 1909 506 1942 hoc
516 1908 590 1951 faceret,
601 1909 707 1952 respondit:
717 1909 771 1943 ‘Non

69 1959 139 2005 legistis
150 1960 192 2005 quia
204 1962 297 1996 “intonuit
310 1962 334 1996 de
347 1961 386 1996 celo
401 1962 492 2003 dominus,
504 1965 522 1995 et
533 1961 634 1996 altissimus
645 1961 695 1996 dedit
706 1972 770 1996 vocem

70 2024 134 2057 suam;
145 2014 194 2049 mIsit
205 2016 280 2060 sagittas
292 2025 336 2049 suas
347 2019 366 2050 et
377 2014 473 2060 dissipauit
483 2025 521 2057 eos,
533 2014 605 2059 fulgura
616 2014 742 2060 multiplicauit
753 2021 771 2050 et
780 2028 799 2058 35

70 2068 183 2102 conturbauit
191 2080 223 2103 eos
229 2068 261 2102 ΞΗ
280 2068 344 2102 Mouet
351 2067 400 2102 enim
409 2079 452 2102 aera
459 2068 550 2109 dominus,
555 2073 621 2102 ventos
629 2069 700 2110 excitat,
705 2068 771 2102 iacula-

69 2124 100 2153 tur
110 2120 187 2164 fulgura,
195 2121 218 2154 de
225 2120 264 2155 celo
272 2120 346 2163 intonat,
354 2125 374 2154 vt
381 2121 482 2164 terrigenas
489 2120 512 2153 ad
520 2119 621 2154 timendum
631 2130 652 2155 se
661 2119 741 2163 suscitet,
752 2126 771 2156 vt

70 2174 125 2208 corda
133 2184 197 2208 eorum
205 2176 224 2208 in
233 2174 339 2208 memoriam
347 2173 401 2208 futuri
409 2173 470 2208 iudicii
480 2178 559 2215 reuocet,
567 2178 586 2208 vt
594 2173 698 2217 superbiam
708 2184 772 2209 eorum

70 2226 148 2271 dissipet
160 2232 178 2261 et
191 2227 286 2261 conturbet
298 2227 397 2268 audaciam,
411 2226 487 2260 reducto
500 2226 523 2260 ad
537 2231 619 2260 mentem
631 2226 728 2260 tremendo
740 2226 772 2261 illo

70 2284 154 2324 tempore
173 2281 246 2324 quando
261 2280 306 2324 ipse,
322 2279 366 2314 celis
379 2289 400 2313 ac
413 2280 467 2313 terris
479 2278 591 2322 ardentibus,
606 2283 695 2313 venturus
710 2284 739 2313 est
754 2280 802 2326 in40

71 2332 150 2367 nubibus
164 2334 183 2367 in
199 2338 289 2377 potestate
304 2343 370 2377 magna
385 2337 403 2366 et
418 2333 513 2367 maiestate
529 2332 552 2366 ad
565 2330 672 2366 iudicandos
687 2333 740 2367 viuos
755 2340 774 2368 et

71 2390 158 2420 mortuos.
181 2386 258 2431 Oportet
273 2386 327 2431 igitur
341 2395 375 2419 nos
388 2385 507 2419 admonitioni
523 2385 563 2419 eius
578 2384 641 2419 celesti
656 2385 718 2419 debito
732 2396 773 2422 cum

71 2439 136 2475 timore
146 2444 164 2474 et
175 2451 237 2475 amore
247 2440 371 2484 respondere3
382 2444 402 2473 vt
410 2440 496 2483 quotiens
506 2448 549 2472 aere
558 2444 655 2481 commoto,
664 2449 740 2475 manum
751 2442 774 2476 ad

193 2554 198 2572 ¹
209 2556 227 2588 Ε.
235 2555 306 2587 Oswino.
376 2553 423 2584 ²0m.
493 2552 499 2571 ³
510 2552 536 2584 Ps.
544 2553 587 2585 xviii.
598 2562 621 2592 13,
630 2562 654 2592 14.
