1762 2803
45 193 177 235 nannai]
198 183 244 240 ba
258 183 294 238 ὲ.
307 183 439 236 mnenon
453 190 510 244 aaut
525 185 549 235 tt
562 184 678 244 martire.
701 185 745 237 649

45 306 91 341 stetit
102 314 184 348 magnum
193 306 274 339 feretrum
285 315 335 349 super
344 307 397 339 altare
407 316 480 339 vacuum
490 305 541 346 intus,
552 309 631 338 omatum
642 303 693 337 coriis
703 302 747 336 albis

45 355 118 391 ceruinis
126 365 193 390 sursum
200 362 217 389 et
227 356 306 390 deorsum
317 362 334 389 et
344 355 459 397 circumcirca,
467 366 500 399 que
512 356 627 399 affigebantur
637 354 683 396 ligno
693 351 748 386 clauis

45 405 136 448 argenteis,
144 412 161 439 et
170 406 247 448 panellus
256 415 299 439 vnus
309 406 356 439 stetit
366 406 445 439 deorsum
457 406 503 439 iuxta
517 406 626 449 columpnam
637 402 719 443 ecclesie;
730 407 748 435 et

45 461 123 489 sanctum
133 466 195 498 corpus
205 455 262 488 adhuc
270 455 337 488 iacebat
348 455 377 488 ubi
387 455 442 488 iacere
452 456 524 488 solebat.
547 454 652 489 Percantatis
663 452 748 493 laudibus,

46 515 107 539 omnes
118 504 222 539 accessimus
233 505 256 538 ad
267 504 366 547 disciplinas
377 505 499 546 suscipiendas.
522 506 561 546 Quo
572 506 627 538 sacto:
640 503 697 538 vestiti
707 507 764 538 sunt5

46 555 63 587 in
73 553 117 586 albis
129 555 220 595 Dompnns
228 554 283 587 abbas
293 559 310 586 et
320 553 391 596 qnidam
401 563 440 586 cum
449 564 475 595 eo,
485 559 501 586 et
513 554 614 587 accedentes
624 558 721 587 reuerenter
731 557 748 584 et

46 605 114 643 deuote,
125 603 230 637 festinabant
242 605 322 645 detegere
332 604 411 636 loculum.
434 605 478 637 Erat
488 609 545 636 antem
557 614 625 646 pannus
636 603 691 636 linens
703 607 748 635 erte-

46 654 81 688 rius
93 652 122 696 qui
133 653 207 687 loculum
218 659 235 687 et
248 653 304 687 omnia
316 659 372 687 cetera
383 652 486 694 includebat,
497 652 526 696 qni
538 653 641 696 quibusdam
651 652 748 696 ligamentis

47 703 82 736 suis
95 704 169 745 desuper
181 702 243 745 ligatus
254 704 333 737 inuentus
345 703 387 742 luit;
404 709 464 745 postea
477 702 547 745 quidam
560 712 626 745 pannus
639 700 719 741 sericus¹,
732 707 749 735 et

47 758 107 796 postea
120 753 163 786 alter
178 753 247 795 quidam
262 764 329 796 pannus
342 754 402 793 lineus,
418 759 434 786 et
447 759 508 796 postea
520 753 592 793 tercius;
609 759 627 786 et
641 752 665 785 ita
679 752 749 786 tandem
758 763 777 785 10

48 804 167 844 discoopertus
178 810 204 835 est
215 804 286 842 loculus,
294 810 341 836 stans
354 814 404 845 super
417 804 493 844 lignenm
503 804 588 835 alueolum
600 812 623 835 ne
636 803 673 845 ipse
685 803 751 834 loculus

47 865 58 886 a
65 853 123 894 lapide
131 863 228 885 marmoreo
235 854 325 887 lederetur.
348 853 402 886 Iacuit
411 863 463 895 super
472 859 533 896 pectus
542 852 616 886 martiris
626 853 686 886 affixus
695 852 751 884 loculo

47 902 120 938 exterius
131 903 202 946 angelus
215 914 277 938 aureus
291 904 314 937 ad
326 902 451 946 longitudinem
462 903 512 946 pedis
525 902 601 944 humani,
614 903 680 937 habens
692 912 751 936 ensem

48 964 118 987 aureum
129 952 146 986 in
156 964 190 986 vna
201 965 259 994 manu,
270 960 287 987 et
298 954 378 987 vexillum
390 953 407 986 in
419 954 483 994 altera;
499 959 516 986 et
527 953 587 986 subtus
598 959 634 986 erat
645 953 722 985 foramen
733 952 751 984 in

49 1003 134 1046 operculo,
149 1003 178 1036 ubi
193 1003 259 1046 antiqui
274 1004 355 1037 custodes
372 1003 446 1036 martiris
463 1003 541 1036 solebant
556 1012 617 1036 manns
632 1003 714 1046 inponere
729 1002 751 1034 ad
761 1012 779 1044 ¹5

48 1054 155 1094 tangendum
173 1059 252 1086 sanetum
269 1063 336 1095 corpus.
363 1054 387 1086 Et
401 1059 438 1086 erat
452 1063 511 1086 versus
527 1052 651 1095 superscriptus
665 1051 752 1094 ymagini:

49 1102 134 1135 ‘Martiris
139 1113 179 1136 ecce
185 1113 233 1136 zoma
239 1102 329 1137 Michaelis
335 1108 392 1137 seruat
398 1102 475 1144 agalma!
489 1101 753 1145 Erantqueanulilerreiadduo

49 1151 106 1196 capita
113 1152 164 1186 loculi
172 1152 194 1186 ad
202 1153 312 1196 portandum,
318 1152 362 1186 sicut
369 1152 412 1185 solet
421 1152 456 1186 fieri
464 1152 481 1185 in
489 1151 532 1185 cista
540 1152 614 1187 norensi.
638 1153 752 1186 subleuantes

49 1214 90 1246 ergo
105 1202 195 1246 locu[ln]m
210 1214 249 1237 cum
265 1214 336 1246 corpore
351 1204 442 1246 portabant
457 1213 512 1246 usqne
527 1204 549 1236 ad
565 1205 628 1237 altare:
646 1209 663 1236 et
677 1203 753 1236 inclusus

51 1252 91 1296 [est]
100 1254 165 1286 loculus
173 1253 191 1285 in
199 1254 261 1286 feretro
269 1259 325 1286 stante
333 1264 385 1296 snper
394 1253 454 1291 altare.
462 1253 531 1295 panello
540 1252 620 1296 apposito
630 1259 647 1285 et
657 1252 753 1285 coniuncto.
761 1267 781 1288 ro

50 1303 132 1345 Sequenti
140 1303 168 1338 die
176 1303 218 1336 dixit
226 1304 280 1337 abbas
288 1314 307 1337 se
316 1304 380 1337 habere
391 1302 409 1336 in
420 1303 464 1337 uotis
476 1303 534 1336 uidere
543 1309 634 1346 patronum
644 1313 698 1343 snum,
706 1308 723 1336 et
735 1313 754 1336 se

50 1353 94 1386 uelle
102 1353 134 1385 sibi
145 1353 226 1386 associari
236 1353 326 1386 sacristam
336 1358 353 1386 et
361 1353 456 1386 Walterum
466 1352 551 1385 medicum
561 1353 584 1386 ad
596 1352 728 1394 impeccionem,
737 1359 754 1385 et

50 1402 93 1436 alios
108 1402 131 1446 xij
146 1403 206 1436 iratres
221 1402 293 1436 deuotos
307 1408 324 1435 et
339 1402 369 1446 qui
385 1402 437 1435 fortes
452 1407 509 1435 essent
523 1402 546 1435 ad
564 1403 658 1446 portandos
676 1402 755 1446 panellos

50 1452 113 1493 feretri,
125 1459 142 1487 et
155 1453 248 1497 prudentes
261 1459 319 1488 essent
334 1453 356 1486 ad
369 1463 399 1486 eos
411 1453 541 1496 coniungendas
552 1460 569 1487 er
581 1453 708 1496 disiungendos.
730 1454 754 1487 Et

50 1503 133 1537 nominati
145 1509 184 1536 sunt
198 1504 232 1536 cluo
247 1503 330 1546 capellani
346 1503 419 1543 abbatis,
432 1509 449 1536 et
465 1504 499 1536 duo
514 1504 594 1537 custodes
609 1504 671 1545 feretri,
686 1509 703 1537 et
719 1504 754 1537 dno
762 1519 782 1549 ¹5

50 1553 128 1595 magistri
139 1554 161 1586 de
172 1553 258 1594 vestiario,
269 1559 286 1587 et
298 1553 326 1586 alii
336 1564 366 1587 sex
375 1553 428 1587 torres
437 1559 454 1587 et
466 1553 529 1586 deuoti.
552 1552 653 1587 Donniente
664 1564 705 1596 ergo
714 1564 755 1587 con-

51 1610 109 1644 uentu,
122 1603 179 1637 uestiti
193 1609 232 1636 sunt
245 1603 269 1636 illi
281 1603 303 1646 xij
317 1602 346 1636 inl
357 1603 406 1644 albis,
420 1609 437 1636 et
450 1603 558 1636 extrahentes
571 1603 645 1637 loculum
657 1604 680 1637 de
693 1604 756 1637 feretro

51 1660 161 1695 portauerant
177 1653 229 1694 illum,
245 1660 262 1686 et
278 1660 362 1695 ponentes
377 1664 429 1695 super
443 1654 520 1686 tabulam
535 1654 580 1686 iuxta
595 1654 684 1697 antiquum
698 1654 756 1687 locum

51 1703 113 1744 feretri,
124 1710 228 1746 parauemnt
239 1715 258 1737 se
269 1704 292 1737 ad
303 1703 435 1746 disiungendum
446 1704 550 1746 operculum,
560 1704 607 1747 qnod
619 1704 728 1738 coniunctum
738 1711 756 1738 et

52 1754 137 1787 confixum
150 1759 186 1787 erat
201 1755 257 1787 loculo
270 1755 297 1797 xvj
309 1755 363 1787 clauis
378 1754 437 1787 terreis
452 1754 562 1796 longissimis.
591 1754 642 1797 Quod
657 1765 696 1787 cnm
711 1754 784 1797 diffi-go

52 1805 116 1838 cultate
127 1805 217 1838 iecissent:
235 1805 276 1838 iussi
288 1810 327 1838 sunt
338 1814 398 1838 omnes
409 1805 476 1847 longius
487 1804 540 1844 abire,
549 1811 606 1847 preter
616 1805 659 1838 dnos
670 1805 757 1847 prenomi-

52 1859 107 1886 natos.
130 1855 206 1896 Eratque
214 1855 279 1887 loculus
287 1854 311 1886 ita
318 1855 393 1897 repletus
401 1861 462 1886 sancto
469 1864 540 1896 corpore
548 1861 565 1887 et
574 1854 592 1887 in
600 1855 706 1896 longitndine
714 1861 730 1887 et
739 1855 757 1888 in

52 1903 147 1946 latitudine,
160 1904 207 1948 quod
219 1904 247 1938 vix
260 1910 319 1948 posset
332 1915 373 1938 acus
386 1904 426 1947 poni
438 1904 482 1938 inter
495 1905 551 1947 capud
564 1911 581 1939 et
593 1904 663 1947 lignum,
674 1905 701 1939 vel
712 1905 757 1939 inter

52 1955 106 1998 pedes
117 1961 135 1989 et
145 1955 222 1997 lignum:
233 1962 251 1989 et
261 1955 328 1989 iacebat
339 1955 395 1999 capud
406 1955 472 1989 vultum
483 1956 554 1999 corpori,
566 1955 672 1998 aliquantum
681 1957 757 1989 leuatum

52 2016 107 2048 paruo
120 2006 204 2040 ceruicali.
226 2006 286 2040 Abbas
298 2012 356 2040 autom
368 2007 437 2040 intuens
450 2007 533 2048 cominus,
544 2006 609 2040 inuenit
624 2007 670 2050 prius
681 2013 784 2051 pannonias

53 2056 126 2090 sericum
134 2058 218 2090 velantem
225 2063 279 2090 totum
287 2067 353 2099 corpus,
362 2063 379 2091 et
386 2063 447 2098 postea
457 2067 533 2099 pannum
543 2057 607 2089 lineum
617 2057 655 2089 miri
666 2057 757 2097 candoris;

53 2112 70 2139 et
78 2117 128 2148 super
136 2106 192 2149 capud
201 2117 278 2148 pannum
287 2117 360 2148 paruum
370 2106 439 2148 lineum,
447 2113 464 2140 et
472 2115 532 2150 postea
539 2106 591 2139 alium
600 2117 677 2149 pannum
686 2117 758 2149 paruum

53 2156 126 2190 sericum
139 2163 156 2190 et
171 2157 251 2190 subtilem
266 2163 349 2200 tanquam
361 2158 395 2190 hoc
410 2164 454 2191 esset
468 2157 524 2190 velum
538 2156 609 2190 alicuius
623 2157 758 2191 sanctimonialis

53 2209 121 2242 femine.
144 2210 168 2242 Et
179 2214 240 2251 postea
250 2208 351 2242 inuenerunt
364 2218 425 2251 corpus
435 2209 530 2242 inuolutum
542 2208 588 2241 lineo
600 2219 662 2251 panno.
685 2209 709 2242 Et
718 2215 759 2242 tnnc

54 2261 123 2293 demum
133 2265 223 2302 patuerunt
232 2260 290 2293 omnia
301 2259 401 2293 liniamenta
410 2259 465 2293 sancti
475 2259 557 2302 corporis.
580 2258 615 2293 Hic
626 2259 688 2294 restitit
698 2259 759 2300 abbas,
767 2275 787 2304 40

54 2310 114 2342 dicens
126 2322 145 2343 se
156 2321 191 2342 non
205 2321 243 2342 esse
256 2321 317 2342 ausum
330 2310 374 2342 vltra
386 2311 479 2351 procedere
489 2315 508 2341 vt
522 2316 600 2343 sanctam
613 2320 682 2343 carnem
695 2311 759 2342 nudam

54 2360 125 2393 uideret.
147 2359 240 2402 Accipiens
248 2370 289 2402 ergo
298 2366 349 2403 caput
357 2359 401 2392 inter
410 2370 472 2393 manus
480 2359 522 2401 eius,
530 2360 616 2402 gemendo
623 2359 657 2393 ait:
671 2359 759 2393 ‘Gloriose

54 2410 114 2443 martir
122 2416 182 2443 sancte
190 2411 288 2452 Edmunde‚
295 2410 387 2444 benedicta
395 2409 417 2444 sit
424 2410 454 2444 illa
460 2411 504 2444 hora
510 2420 544 2454 qua
551 2417 603 2445 natus
610 2410 662 2445 suisti.
681 2409 759 2444 Glon'ose

55 2461 118 2503 martir,
130 2472 152 2495 ne
161 2466 218 2495 vertas
229 2462 281 2495 michi
293 2461 310 2495 in
322 2460 439 2505 perdicionem
448 2461 539 2495 audaciam
550 2472 611 2502 meam,
620 2461 666 2505 quod
678 2467 695 2495 te
706 2467 759 2503 tango

55 2518 135 2554 peccator
147 2518 165 2546 et
178 2512 241 2552 miser;
259 2518 278 2545 tu
294 2513 328 2545 scis
344 2512 457 2546 denocionem
472 2517 489 2546 et
505 2512 619 2545 intencionem
634 2512 701 2544 meam.¹
724 2512 759 2544 De·
767 2519 787 2548 45

55 2562 96 2594 inde
103 2562 158 2603 tetigit
166 2562 229 2602 oculos,
237 2568 254 2595 et
262 2572 323 2594 nasum
330 2563 381 2596 valde
388 2573 467 2604 grossum
475 2568 492 2595 et
499 2562 550 2594 valde
557 2561 666 2601 eminentem,
674 2567 691 2593 et
699 2566 760 2603 postea

243 2638 249 2658 ¹
260 2638 294 2669 MS.
300 2640 361 2671 cericus.
500 2638 506 2656 ²
515 2640 536 2669 at.
544 2649 574 2669 om.
