1762 2803
117 118 146 161 68
309 116 388 170 mura
403 113 520 177 tortora
534 111 628 176 anglia

117 236 142 270 ita
154 235 228 272 dicens:
246 236 297 271 ‘Hoc
310 237 378 271 habeas
390 236 468 281 signum,
480 247 511 270 me
523 236 555 271 tibi
567 245 611 270 vera
622 234 713 269 locutum.¹
736 235 820 278 Cumque

117 290 224 333 Anselmus,
231 295 251 325 vt
258 290 333 325 anulum
341 290 448 333 susciperet,
455 300 530 324 manum
538 289 652 331 extenderet,
660 286 736 322 retraxit
744 298 819 322 manum

118 344 183 377 beatus
190 343 303 386 Dunstanus,
311 349 329 377 et
337 343 372 377 ait:
383 345 388 362 ‘
393 343 434 377 Hac
442 343 492 377 enim
498 342 537 377 vice
545 343 600 376 istum
608 342 683 376 anulum
692 352 728 375 non
737 340 820 382 habebis,

118 397 156 437 sed,
169 406 199 429 me
211 401 301 437 seruante,
313 401 378 439 quarta
390 395 436 429 seria
447 401 489 429 ante
500 396 569 438 pascha
581 395 604 428 de
617 405 673 428 manu
686 393 756 427 domini
769 393 820 427 illum

101 448 207 493 5recipies.’
229 448 302 482 Aurora
315 448 364 482 enim
378 447 427 482 illius
442 448 478 482 diei
492 453 560 482 terram
574 448 663 481 deserens
676 447 751 480 celestia
763 457 820 490 pene-

117 502 177 536 trauit.
222 494 328 535 Monachus
337 500 411 544 quidam
419 500 477 535 sancti
485 500 583 545 Augustini
591 499 693 541 Cantuarie‚
701 499 746 533 hora
753 499 819 533 transi-

118 559 147 587 tus
162 553 210 586 beati
226 553 313 586 Anselmi
328 554 352 586 de
367 554 402 586 hoc
417 554 492 594 mundo,
508 554 551 586 dum
567 563 633 595 sopore
651 557 737 596 grauatus
755 553 820 585 obdor-

118 605 181 647 miret;
200 604 245 640 vidit
260 615 357 649 cameram,
373 605 392 639 in
408 616 444 650 qua
459 610 534 640 sanctus
549 605 579 641 dei
594 605 669 649 iacebat,
685 615 696 640 a
710 605 820 649 quibusdam

117 657 182 693 albatis
192 658 234 693 hinc
244 658 287 693 inde
299 659 345 693 miro
356 660 422 693 decore
433 659 593 701 circumuallatam
604 659 696 702 quendam
707 669 751 692 vero
761 658 820 702 ponti·

90 725 109 747 ιο
117 712 200 746 ficalibus
208 711 315 756 insignitum
323 711 394 756 ingredi
403 718 421 746 et
429 711 496 756 egredi,
505 717 523 746 et
532 723 565 747 eos
576 711 607 755 qui
615 711 660 746 ioris
670 716 727 753 erant,
735 723 759 745 ne
770 711 820 745 tedio

117 776 151 799 sue
160 764 292 808 expectationis
302 766 423 808 afficerentur,
431 766 530 800 exhortari.
554 765 577 799 Et
589 765 625 798 iam
634 765 724 799 Anselmo
734 766 819 806 obeunte,

118 818 195 852 festinus
207 817 251 852 exiit
262 823 280 852 et
288 818 323 852 ait:
338 818 396 852 ‘Ecce
406 819 458 852 adest
467 828 523 862 quem
533 818 655 862 expectastis:
667 817 754 861 suscipite
764 817 820 859 illum,

119 876 137 904 et
149 881 185 914 quo
199 870 284 904 dominus
296 870 354 912 iussit,
366 871 435 912 efferte,
446 871 466 904 in
475 882 520 904 voce
532 870 591 904 laudis
603 875 621 904 et
633 870 760 905 exultationis?
783 870 820 904 Ex-

118 922 233 967 pergefactus
246 933 257 957 a
271 933 348 967 sompno
361 923 392 967 qui
404 923 438 958 hec
449 923 499 965 vidit,
510 923 621 957 Anselmum
632 934 643 957 a
654 922 716 957 seculo
730 922 820 967 migrasse

92 990 110 1019 15
119 975 214 1010 intellexit.
259 969 342 1021 Quidam
354 976 400 1009 alius
412 977 473 1018 frater,
482 975 593 1010 Anselmum
604 976 657 1010 valde
668 975 751 1019 diligens,
762 975 820 1009 orauit

120 1030 175 1063 deum
183 1028 268 1071 quatinus
276 1028 315 1063 eius
324 1029 409 1063 meritum
417 1029 452 1063 sibi
460 1028 546 1063 reuelare'
551 1028 660 1071 dignaretur.
682 1027 715 1062 Cui
724 1027 820 1061 dormienti

119 1086 193 1115 sanctus
203 1081 303 1115 Anselmus
314 1081 374 1123 astitit,
382 1081 506 1125 pronuncians
517 1093 538 1116 se
545 1081 593 1115 velle
603 1080 654 1115 illum
666 1080 750 1115 omnibus
761 1080 821 1114 modis

119 1140 189 1169 certum
198 1145 246 1176 esse,
255 1134 297 1178 quia
308 1135 369 1169 statim
378 1140 397 1169 vt
408 1134 489 1178 corporis
500 1145 556 1170 onere
567 1134 600 1169 suit
611 1139 683 1175 exutus,
691 1134 770 1178 gloriose
780 1144 820 1168 sus·

119 1193 183 1231 ceptus
191 1192 209 1220 et
217 1187 263 1221 stola
270 1186 303 1220 suit
311 1187 426 1222 iocunditatis
435 1188 514 1221 indutus.
553 1180 577 1222 In
585 1188 630 1222 hora
638 1187 725 1223 transitus
733 1186 782 1222 serui
790 1186 820 1222 dei

92 1254 111 1275 20
120 1240 193 1283 quidam
201 1240 273 1273 iuuenis
279 1240 375 1282 speciosus
381 1240 465 1283 apparuit
473 1240 544 1274 cuidam
550 1240 569 1273 in
575 1240 663 1274 extremis
669 1239 740 1282 iacenti,
747 1240 820 1274 dicens:

64 1295 66 1299 ’
120 1293 184 1325 ‘Pater
195 1292 272 1325 ciuitatis
286 1291 338 1326 istius
351 1297 369 1325 et
382 1292 437 1326 totius
449 1292 512 1336 patrie,
527 1293 563 1327 iam
578 1302 627 1325 nunc
641 1292 703 1325 relicto
716 1293 784 1330 seculo,
797 1292 820 1325 ad

119 1346 174 1379 deum
189 1343 293 1379 ineternum
307 1345 388 1379 victurus
401 1350 498 1389 properat:
518 1350 536 1381 et
551 1350 571 1379 tu
586 1345 634 1379 non²
648 1344 737 1379 morieris.
760 1345 820 1388 Surge

119 1407 181 1438 sanus,
193 1403 211 1431 et
224 1398 304 1440 glorifica
317 1399 372 1431 deum
385 1403 456 1440 patrem
469 1398 503 1431 hec
514 1397 532 1431 in
547 1403 565 1432 te
580 1403 692 1440 operantem,
707 1403 724 1431 et
738 1404 820 1432 sanctum

119 1450 229 1484 Anselmum
242 1461 276 1493 pro
292 1450 361 1485 meritis
377 1450 415 1484 suis
430 1450 549 1494 perhenniter
562 1450 598 1483 iam
612 1450 753 1493 glorificantem!
776 1451 821 1484 Sur·
842 1463 846 1472 ¹

92 1517 111 1546 25
120 1503 168 1535 rexit
178 1502 233 1535 homo
244 1512 305 1542 sanus,
315 1508 333 1535 et
344 1503 388 1545 quid
399 1503 423 1536 de
434 1502 518 1536 Anselmi
530 1502 661 1546 glorificatione
674 1502 761 1545 didicerit,
772 1504 821 1536 clara

119 1566 165 1589 voce
177 1559 252 1588 cunctos
264 1554 341 1589 edocuit.
386 1547 445 1589 Miles
457 1554 531 1598 quidam
542 1554 641 1599 ydropicus
652 1554 820 1599 cingulum²sancti

120 1607 206 1641 Anselmi
219 1606 254 1640 sibi
268 1607 408 1651 circumposuit:
426 1613 444 1642 et
459 1607 518 1641 omnis
533 1607 647 1642 inordinatus
662 1608 727 1641 immor
742 1608 821 1643 euanuit.

121 1661 160 1694 Nec
172 1659 283 1693 abundantia
294 1660 376 1694 humoris
388 1660 448 1704 aliquo
460 1665 521 1695 meatu
533 1660 608 1702 effluxit,
617 1662 650 1694 sed
661 1661 680 1694 in
692 1661 780 1695 nichilum
792 1672 821 1696 re-

121 1714 178 1753 dacta,
187 1712 239 1755 quasi
246 1723 340 1755 uunquam
348 1712 418 1755 fuisset,
426 1712 508 1757 deperiit.
540 1706 601 1753 Multa
609 1712 684 1757 insuper
692 1713 727 1748 alia
734 1714 822 1748 miracula

93 1779 112 1808 30
120 1770 222 1798 memoratu
235 1764 295 1806 digna,
310 1765 403 1798 breuitatis
419 1776 474 1799 causa
487 1766 561 1807 omissa,
578 1765 648 1799 meritis
664 1766 722 1800 sancti
735 1767 821 1800 Anselmi

120 1817 217 1852 ostendere
225 1816 310 1861 dignatus
319 1823 352 1860 est,
360 1818 383 1851 ad
391 1817 464 1853 laudem
472 1817 501 1852 sui
509 1817 595 1860 nominis,
601 1818 718 1862 omnipotens
726 1820 816 1853 dominus.

142 1969 190 2015 [us
202 1969 242 2003 ru.
253 1970 310 2005 adds:
424 1952 513 2005 Narmal.

143 2048 184 2089 Leo
199 2065 252 2098 papa,
266 2054 361 2088 hominum
375 2054 507 2097 sanctissimus,
520 2055 617 2099 quinquies
631 2060 661 2091 aut
674 2055 744 2100 pluries
759 2056 778 2090 in
792 2057 821 2090 die

120 2107 213 2140 celebrare
225 2107 325 2140 consueuit.
348 2107 404 2140 Cuius
416 2118 490 2140 manum
502 2109 546 2142 dum
557 2109 636 2151 quedam
648 2109 714 2142 mulier
725 2110 755 2143 die
766 2120 822 2153 pasce

92 2170 110 2199 35
120 2158 261 2199 deoscularetur,
269 2163 338 2191 tantam
346 2158 395 2191 illico
406 2159 549 2193 delectacionem
558 2160 641 2203 pontifex
649 2160 747 2203 persensit,
755 2167 775 2194 ut
782 2166 822 2194 tan-

120 2221 175 2254 quam
189 2210 300 2244 uindicando
318 2221 339 2244 se
356 2220 431 2244 manum
448 2212 542 2246 dexteram
559 2217 667 2255 amputaret.
693 2212 763 2247 Verum
780 2224 822 2247 cum

120 2262 207 2297 tumultus
220 2261 284 2306 populi
297 2267 360 2296 contra
373 2273 415 2296 enm
428 2269 516 2306 surgeret,
529 2275 550 2297 eo
562 2264 611 2307 quod
624 2264 670 2298 sicut
682 2263 734 2297 solito
746 2265 822 2299 missam

98 2315 99 2318 ’
120 2328 157 2350 non
168 2315 273 2356 celebraret,
283 2314 324 2359 ipse
335 2320 392 2349 totum
400 2326 421 2350 se
429 2317 482 2350 beate
494 2316 552 2350 Marie
563 2316 704 2351 commendauit.
727 2318 760 2352 Cui
769 2317 822 2362 uirgo

120 2370 174 2404 beata
186 2379 261 2403 manum
273 2368 382 2403 miraculose
395 2369 479 2411 restituit,
491 2371 540 2404 unde
552 2374 570 2403 et
582 2369 623 2413 ipse
634 2369 681 2403 sicut
692 2369 744 2414 prins
755 2371 822 2405 missas

93 2434 113 2465 40
121 2422 225 2465 celebrauit,
237 2426 255 2456 et
267 2421 374 2456 miraculum
386 2422 447 2466 palam
460 2433 522 2456 coram
535 2422 585 2456 omni
596 2423 664 2467 populo
676 2423 695 2456 in
706 2424 822 2458 sermonibus

121 2473 225 2519 publicauit.
268 2467 306 2508 Ad⁴
311 2475 407 2508 concilium
415 2475 465 2509 enim
474 2475 602 2509 calcidonense
615 2476 658 2510 dum
667 2476 716 2510 idem
727 2477 765 2511 Leo
774 2488 823 2522 papa

181 2556 187 2574 ¹
197 2565 227 2587 om.
235 2557 250 2586 in
258 2557 276 2588 Τ.
285 2557 318 2589 loh.
327 2558 369 2589 Sar:
381 2562 397 2587 et
404 2562 420 2588 tu
427 2557 504 2588 morensi
638 2558 645 2575 ¹
654 2559 672 2590 Τ,
679 2559 762 2597 singulum.
