1762 2803
225 125 270 181 aaa
285 122 385 177 &aaut
401 123 535 186 mamutio.
691 136 734 181 157

32 247 95 283 matris
111 256 150 288 sue,
165 255 234 288 panem
252 244 363 279 ordeaceum
378 249 396 278 et
411 243 475 278 viliora
491 242 590 287 legumina,
605 242 660 277 etiarn
679 254 735 287 parce

33 300 121 342 sumebat,
133 303 198 344 quarta
210 304 228 333 et
241 302 294 332 sexta
306 296 352 331 seria
364 296 387 331 ab
400 296 450 331 omni
463 296 531 340 pabulo
541 296 655 340 abstinebat;
667 306 735 341 eorpus

32 356 72 389 eius
79 352 137 387 cilicio
147 352 213 396 iugiter
220 352 321 396 tegebatur,
327 350 456 385 vestimentis¹
467 349 530 384 afforis
541 350 664 385 mediocribus
671 350 735 385 vteba·

32 413 72 449 tur,
84 405 147 440 vinum
163 410 181 439 et
196 404 274 439 cicerem
286 415 324 439 non
335 404 407 438 bibens.
429 402 521 438 Excubias
536 403 600 447 noctis,
615 413 657 439 eum
669 402 735 439 iratres

32 460 94 505 sopori
107 470 128 494 se
141 460 212 500 darent,
227 459 274 493 clam
289 459 312 493 ab
327 457 354 492 eis
369 462 501 501 sequestratus,
515 467 573 500 super
588 457 661 491 alueum
678 457 752 497 maris5

32 511 109 556 peruigil
117 512 199 545 ducebat.
245 504 334 553 Denique
345 510 364 543 in
374 509 435 553 vigilia
446 519 506 553 pasce,
517 510 561 542 dum
572 509 591 542 in
603 508 681 542 ecclesia
692 518 735 553 per·

33 568 120 605 noctaret,
128 563 205 608 angelus
213 563 282 598 domini
290 563 391 597 choruscus
398 561 455 596 astitit
462 561 568 606 obitumque
576 572 631 596 suum
637 561 735 597 imminere

33 625 51 654 et
59 618 134 662 dignam
144 618 249 653 mercedem
259 617 366 652 certaminis
376 627 419 651 eum
430 615 526 660 percipere
536 616 587 650 dixit.
610 616 693 659 Cumque
704 616 736 651 ille

32 671 125 712 hesitaret,
143 681 167 705 ne
186 670 269 705 diabolus
284 670 331 704 sorte
345 670 365 704 in
380 668 466 713 angelum
483 668 529 703 lucis
544 679 565 703 se
579 667 735 710 transformasset,

33 723 133 759 orationem
145 724 247 758 diutissime
257 723 366 768 protelauit:
379 728 396 757 et
407 722 489 766 angelus,
497 722 521 756 de
530 722 601 757 visione
611 732 654 756 eum
665 727 735 756 certum
745 735 763 757 ιο

33 778 111 811 reddere
130 777 212 819 cupiens,
230 777 283 810 tertio
299 777 380 810 eundem
398 783 505 809 sermonem
523 774 602 816 repetiit.
632 774 661 807 De
679 784 735 807 manu

33 829 107 863 tandem
114 827 173 872 ipsius
183 827 244 871 angeli
255 826 352 861 uiaticuml
361 826 457 861 visibiliter
466 825 542 870 aceepit,
553 829 571 860 et
582 826 605 859 ab
613 825 645 859 illo
656 825 691 867 die,
699 824 735 860 nisi

34 893 89 917 causa
96 880 207 915 ineuitabilis
217 880 313 921 extitisset,
320 891 380 925 vsque
387 880 410 914 ad
418 879 468 914 diem
475 879 576 914 vocationis
584 890 617 913 sue
623 879 735 914 versiculum

33 935 81 968 hune
91 934 109 967 in
120 944 152 967 ore
163 943 239 978 semper
250 934 333 978 repetiit:
347 932 416 967 ‘Vnam
424 931 468 978 petii
476 942 487 967 a
494 930 568 967 domino
580 931 643 968 etc.’³:
655 936 674 968 et
686 942 735 967 nono

34 988 67 1022 kal.
76 987 181 1022 nouembris
189 987 212 1022 ad
220 986 314 1022 Christum
322 986 412 1032 migrauit.
745 998 763 1030 15

325 1134 443 1179 [Narraith⁴.]

56 1190 138 1232 Sanctus
152 1198 231 1233 Basilius
244 1199 323 1243 quadam
337 1198 367 1233 die
379 1198 444 1233 exiens
456 1197 480 1232 de
493 1197 571 1238 ciuitate,
583 1196 629 1233 dixit
639 1197 735 1242 discipulis

34 1251 82 1285 suis:
95 1251 151 1292 ‘Filii
167 1251 264 1296 sequimini
280 1261 316 1294 me,
327 1256 347 1286 vt
360 1250 438 1286 videatis
451 1260 523 1299 mecum
535 1249 612 1294 gloriam
628 1250 664 1294 dei,
675 1256 694 1286 et
703 1252 736 1286 ad-

35 1304 124 1339 miremur
135 1305 159 1339 de
171 1303 278 1349 discipulis⁰
289 1304 407 1349 magistrum.¹
430 1303 519 1349 Cognouit
531 1303 566 1339 hoc
577 1305 643 1339 virtute
659 1305 735 1349 spiritus

35 1358 92 1390 sancti
103 1358 196 1399 presbiter
206 1358 322 1398 Anastasius,
334 1357 365 1400 qui
377 1357 455 1391 habebat
462 1366 539 1390 vxorem
551 1357 671 1401 quadraginta
681 1358 736 1391 annis

34 1407 52 1441 in
60 1408 164 1452 virginitate
171 1409 318 1450 cohabitantem
330 1414 348 1442 et
358 1409 399 1451 ipse
409 1409 490 1452 quotidie
500 1408 519 1442 in
529 1418 578 1452 pane
586 1413 604 1442 et
611 1419 659 1452 aqua
668 1409 737 1444 ieiuna·
746 1425 766 1446 πο

35 1460 64 1495 bat
76 1466 139 1504 preter
150 1461 246 1496 sabbatum
257 1465 275 1497 et
287 1460 336 1496 diem
348 1460 465 1495 dominicum.
488 1459 524 1503 Qui
535 1460 581 1495 dixit
592 1461 665 1497 mulieri
678 1463 737 1497 sorori

35 1524 79 1548 sue:
92 1514 142 1558 ‘Ego
155 1515 202 1548 vado
217 1515 325 1558 agricolari:
337 1520 356 1548 tu
372 1524 428 1558 surge
443 1520 462 1548 et
477 1515 547 1548 adorna
562 1515 642 1558 domum,
655 1520 674 1550 et
689 1515 737 1551 circa

35 1565 99 1602 horam
114 1579 182 1603 nonam
200 1568 248 1602 vade
265 1568 337 1602 obuiam
356 1572 420 1602 sancto
439 1567 507 1602 Basilio
526 1568 619 1614 episcopo,
637 1568 669 1614 qui
687 1570 737 1604 venit

35 1620 128 1656 diuertere
141 1621 161 1656 in
177 1622 252 1656 domum
266 1624 394 1665 peccatoram.¹
417 1621 470 1663 Quod
486 1632 528 1655 cum
543 1622 574 1655 illa
586 1632 628 1656 cum
640 1622 706 1657 timore
718 1628 737 1658 et

34 1674 152 1708 veneratione
164 1674 243 1715 fecisset,
250 1679 325 1708 sanetus
336 1680 389 1718 pater
397 1674 499 1708 adueniens
510 1674 545 1708 ait:
556 1674 662 1717 ‘Quomodo
674 1675 737 1718 habes,
747 1690 765 1722 ²5

36 1726 110 1761 domina
117 1727 235 1772 Theogenia⁶
241 1729 256 1762 l'
279 1727 419 1772 Queexpauens
427 1727 445 1762 in
453 1727 548 1762 vocatione
554 1727 634 1763 nominis
642 1728 671 1763 sui
679 1729 736 1763 dixit:

36 1779 103 1821 ‘Bene,
118 1785 182 1814 sancte
196 1780 237 1814 dei!
260 1780 283 1814 Et
296 1780 338 1814 ille:
350 1780 396 1814 ‘Vbi
411 1786 440 1814 est
454 1780 540 1814 dominus
555 1780 666 1815 Anastasius
681 1782 738 1815 irater

35 1833 98 1866 tuost·
127 1831 167 1873 Que
179 1831 214 1867 ait:
227 1831 323 1874 ‘Domine
335 1831 365 1865 vir
377 1842 431 1866 meus
447 1837 481 1873 est,
496 1837 514 1866 et
527 1832 571 1866 abiit
586 1832 690 1877 agricolari.¹
713 1834 737 1869 Et

36 1884 169 1929 superueniens
179 1884 253 1920 interim
263 1885 378 1928 Anastasius,
386 1885 478 1920 osculatus
486 1891 514 1921 est
522 1885 580 1920 sancti
590 1887 654 1931 pedes,
662 1886 737 1922 dicens:

36 1936 99 1973 ‘Vnde
113 1939 157 1973 mihi
168 1945 188 1974 vt
201 1939 263 1974 veniat
278 1945 353 1973 sanctus
367 1939 397 1973 dei
412 1939 436 1973 ad
450 1939 501 1974 mei¹
524 1938 608 1983 Cumque
622 1939 704 1974 abissent
717 1940 737 1975 in
746 1957 766 1987 ³0

36 1991 137 2032 ecclesiam,
147 1992 199 2027 iussu
209 1991 290 2036 episcopi
301 1992 394 2035 presbiter
404 1992 427 2026 ad
439 2002 493 2026 suum
504 1990 626 2026 ministerium
636 1992 690 2027 stetit.
714 1992 738 2028 Et

37 2043 80 2077 dum
92 2044 209 2085 ministraret,
216 2045 261 2078 vidit
273 2044 352 2077 Basilius
363 2048 447 2087 tempore
458 2043 566 2077 eleuationis
577 2044 659 2087 corporis
669 2045 738 2079 Christi

37 2094 121 2137 spiritum
134 2101 218 2130 sanetum
231 2096 375 2130 descendentem
388 2096 407 2129 in
420 2096 483 2140 specie
494 2095 548 2140 ignis,
562 2101 581 2129 et
593 2096 738 2134 circumdantem

36 2149 159 2189 presbiterum
175 2155 194 2183 et
210 2150 272 2183 altare.
295 2149 340 2184 Post
358 2148 435 2184 missam
454 2148 500 2184 dixit
518 2150 617 2194 episcopus
636 2150 739 2185 sacerdoti:

37 2200 119 2236 ‘Enarra
135 2201 181 2236 mihi
197 2212 234 2247 que
248 2206 277 2237 est
291 2201 329 2238 vita
346 2203 386 2237 tua?
416 2202 452 2246 Qui
470 2202 507 2237 ait:
523 2201 574 2249 ‘Ego
590 2209 676 2249 peccator
691 2215 739 2246 sum,
747 2217 767 2249 35

37 2255 119 2289 subditus
130 2255 202 2291 tributis
214 2255 297 2300 publicis,
309 2255 380 2290 habens
395 2255 438 2301 iuga
449 2256 505 2291 boum
517 2257 560 2299 duo,
571 2267 629 2292 vnum
640 2257 663 2292 ad
675 2256 739 2292 minis-

37 2307 134 2343 trationem
145 2309 291 2354 peregrinorum,
301 2310 378 2344 alterum
390 2310 414 2344 ad
425 2309 603 2345 administrationem
616 2311 739 2355 vectigalium,

38 2364 55 2393 et
63 2367 91 2396 est
99 2362 186 2397 coancilla
197 2373 239 2398 mea
251 2363 317 2398 mulier
328 2362 369 2405 ista,
380 2373 417 2408 que
428 2363 520 2398 ministrat
531 2363 644 2407 pauperibus
655 2369 673 2400 et
684 2364 740 2399 mihi!

38 2411 61 2446 Et
73 2415 98 2449 ait
110 2421 195 2450 sanctus:
207 2415 267 2449 ‘Voca
282 2427 324 2449 eam
339 2426 423 2449 sororem
437 2422 488 2449 tuam
503 2417 550 2450 sicut
562 2422 581 2450 et
594 2422 628 2458 est,
642 2422 661 2450 et
673 2427 740 2451 enarra

38 2465 82 2499 mihi
93 2467 170 2501 virtutes
181 2470 232 2501 tuas.¹
256 2468 280 2500 Et
287 2468 328 2502 ille:
341 2467 395 2501 ‘Non
406 2468 465 2501 habeo
476 2467 574 2512 quicquam
585 2468 634 2511 boni,
641 2473 660 2502 et
668 2468 739 2503 alienus
747 2481 768 2511 40

58 2546 90 2579 ¹T.
98 2550 197 2582 uestimenta.
253 2551 373 2582 ²E.maticum.
428 2551 545 2588 ³i's.xxii.4.
598 2550 692 2583 ¹ExVinc.
700 2551 740 2584 Bell.

39 2584 82 2620 XIV.
89 2592 109 2620 8ο
117 2591 154 2631 (Vit.
163 2591 196 2621 Pat.
204 2592 248 2629 306).
287 2592 294 2610 ⁵
303 2591 336 2621 VP.
344 2590 420 2630 discipuli.
460 2589 466 2609 ‘
476 2591 509 2622 VP.
516 2592 604 2629 Theognia.
