1762 2803
126 148 171 192 454
206 194 207 197 ,
318 137 397 188 uota
413 134 529 196 beamus
544 135 637 196 tinniit.

127 258 201 291 domino
214 256 333 292 absolutionis
349 257 414 292 collata
429 262 457 291 est
473 261 560 301 potestas,
577 261 594 290 te
611 268 621 291 a
638 262 689 292 reatu
705 257 769 292 mortis
787 267 828 292 mee

127 311 209 346 absoluat
220 316 237 345 et
248 312 271 345 ab
281 311 408 345 huiuscemodi
418 311 471 355 penis
482 310 553 354 eripiat,
564 316 582 346 et
592 322 622 345 me
633 311 652 346 in
663 312 703 346 eius
714 311 828 346 confessione

127 366 211 408 punitum
219 366 242 397 ad
250 364 286 398 vite
295 365 368 398 celestis
378 365 444 407 gaudia
455 364 568 398 introducat?
590 364 659 398 Passus
670 370 698 398 est
709 369 770 398 autem
781 365 829 397 circa

128 427 196 451 annum
208 416 277 450 domiui
290 416 461 460 octingentesimum
473 416 610 460 sexagesimum
621 421 699 460 sextum,
712 415 774 461 quinto
787 416 829 450 idus

110 470 174 509 5maii.
227 462 295 504 Martir
307 477 368 505 autern
380 472 448 504 Christi
459 477 501 514 post
512 478 591 504 mortem
602 473 621 504 in
633 472 711 513 Christo,
723 471 752 504 eui
768 472 829 504 omnia

128 523 196 565 viuunt,
205 522 258 557 viuus
266 523 354 567 existens,
364 530 382 557 et
393 536 414 558 se
424 530 466 568 post
476 529 553 558 mortem
565 526 584 557 in
596 525 669 559 Christo
679 525 742 559 viuere
750 526 829 566 docens;

128 577 180 622 quasi
187 576 241 610 viuus
249 588 270 610 se
278 578 356 621 erigens,
365 578 449 611 manibus
460 582 514 621 caput
522 578 545 611 de
553 582 602 611 terra
611 577 675 612 extulit
683 583 701 611 et
709 588 751 612 cum
761 576 829 619 multis,

128 631 162 664 hec
176 631 275 663 miracula¹
289 630 461 674 obstupescentibus
473 636 491 663 et
502 631 558 663 deum
570 631 660 664 laudando
669 631 830 673 prosequentibus,

128 683 151 715 ad
160 683 220 715 locum
229 683 321 725 quendam
332 683 380 716 inter
387 682 516 716 Vchintoniam
522 682 529 699 ²
536 687 554 715 et
563 682 707 726 Hareburebury
713 687 766 725 caput
772 681 830 716 mani-

101 746 120 769 10
130 736 164 769 bus
172 734 234 769 ferens
246 735 332 779 perrexit,
341 741 360 769 et
370 736 394 769 ibi
406 734 565 778 sedeuslaquam,
574 746 610 778 qua
617 746 684 779 corpus
695 736 735 769 eius
747 741 765 768 et
776 741 831 778 caput

128 789 237 830 ablueretur,
250 800 261 822 a
274 790 309 822 deo
319 789 405 832 precibus
416 793 483 832 petens
495 788 605 831 impetrauit.
623 789 671 822 Nam
682 788 723 822 sons
734 788 753 822 in
764 789 830 822 eodem

129 842 174 885 loco,
185 842 263 886 perenni
274 842 333 876 ssuens
344 843 428 885 decursu,
439 840 520 875 excreuit
532 847 550 875 et
561 841 641 876 martiris
651 842 736 877 meritum
748 841 831 876 celeriter

129 896 232 931 declarauit.
260 897 332 930 Hausta
350 897 404 939 igitur
422 906 475 939 aqua,
492 896 569 930 vulnera
584 896 633 938 lauit,
649 896 709 939 deum,
727 896 755 929 cui
769 897 830 929 omnia

128 951 198 991 viuunt,
210 949 297 989 adorauit,
309 954 328 982 et
341 949 364 982 ad
377 950 467 982 orientem
481 959 501 981 se
514 955 589 982 vertens
601 949 619 982 in
633 955 683 983 terra
694 954 777 983 mortuus
788 959 831 992 pro-

102 1003 195 1044 15cubuit.
223 1001 306 1035 Prefatus
322 1007 383 1035 autem
401 1000 452 1035 Oswi
469 1011 510 1034 cum
529 1000 595 1035 ceteris
614 1003 644 1044 qui
662 1002 780 1042 aduenerant,
796 1000 831 1034 hiis

128 1055 173 1088 visis
189 1053 286 1095 miraculis,
302 1064 369 1097 corpus
388 1055 427 1086 eius
446 1059 464 1086 et
483 1058 537 1096 caput
555 1054 662 1096 suscipiunt,
680 1055 726 1096 [et]¹‘
737 1055 756 1087 in
772 1054 831 1087 loculo

129 1106 215 1151 plumbeo
227 1105 284 1139 illud⁵
295 1110 391 1149 ponentes,
403 1106 421 1139 in
433 1104 473 1138 loco
484 1105 514 1149 qui
524 1104 656 1140 Offecherche⁸
667 1106 774 1150 appellatur,
784 1107 832 1140 intra

129 1160 195 1193 domus
211 1159 260 1202 regie
276 1163 355 1202 septum,
369 1169 411 1191 curu
427 1157 501 1201 hymnis
515 1163 533 1192 et
547 1158 631 1192 laudibus
646 1159 740 1203 sepulture
753 1160 831 1192 tradunt.

131 1205 207 1256 Elapsis
221 1217 282 1245 autem
297 1217 339 1255 post
352 1212 421 1245 obitum
437 1211 476 1244 eius
492 1212 546 1245 aunis
559 1211 653 1255 sexaginta
668 1222 708 1254 sex,
720 1218 758 1246 tres
770 1212 832 1256 puelle

101 1277 121 1297 20
129 1265 208 1299 diuersis
213 1275 311 1308 corporum
316 1263 453 1307 incom[m]odis
458 1264 533 1307 aprima
538 1264 739 1298 natiuitatelaborabant
745 1277 748 1299 :
755 1276 832 1309 quarum

130 1318 201 1352 Elsseda
213 1323 269 1359 muta,
281 1318 332 1351 Toua
347 1328 402 1351 manu
419 1322 515 1358 contracta,
529 1317 640 1362 Brightena⁷
654 1318 727 1352 auditus
743 1318 832 1352 beneficio

129 1372 207 1405 carebat.
231 1371 273 1404 Hiis
286 1371 362 1414 angelus
378 1371 397 1403 in
409 1369 480 1404 visione
496 1370 587 1414 apparuit,
600 1371 704 1414 precipiens
717 1375 737 1406 vt
750 1370 832 1405 sanitatis

130 1426 188 1469 gratia
196 1424 296 1458 obtinende
305 1425 327 1458 ad
335 1425 396 1458 locum
406 1423 437 1468 qui
448 1423 569 1458 Offecherche
575 1423 581 1443 Β
588 1424 691 1468 appellatur
701 1429 832 1468 properarent3

131 1484 149 1512 et
165 1479 207 1521 quia
224 1478 284 1511 locum
300 1478 391 1519 prefatum
408 1488 428 1510 se
444 1478 527 1518 ignorare
546 1482 656 1517 assererent,
676 1478 768 1519 quandam
787 1478 833 1510 lucis

103 1542 121 1572 25
130 1529 259 1573 columpnam⁸
272 1540 283 1562 a
293 1528 373 1572 martiris
381 1528 478 1572 sepulchro
485 1539 544 1571 vsque
555 1529 578 1561 ad
590 1528 649 1562 celum
661 1529 768 1563 tendentem
780 1528 832 1572 sequi

130 1582 217 1627 precepit.
241 1582 279 1616 lllis
287 1582 341 1624 igitur
349 1581 466 1624 columpnam
474 1581 519 1614 lucis
527 1591 586 1624 vsque
594 1581 616 1614 ad
626 1581 705 1615 martiris
715 1582 832 1624 sepulchrum

131 1647 173 1670 cum
189 1633 254 1679 gaudio
270 1633 395 1678 sequentibus,
407 1644 474 1677 corpus
486 1638 570 1667 sanctum
582 1632 601 1666 in
613 1633 677 1667 locello
692 1634 778 1677 plumbeo
790 1645 832 1669 con-

131 1689 223 1732 signatum
239 1688 360 1729 inuenientes,
376 1686 427 1720 iussu
443 1687 503 1729 angeli
519 1686 589 1720 domini
603 1687 622 1720 in
637 1687 677 1720 loco
692 1688 771 1730 quodam
786 1689 834 1721 iuter

131 1740 256 1775 Charewclle⁹
272 1745 290 1774 et
307 1739 418 1774 Brademere
435 1738 523 1773 bitumine
540 1739 650 1782 circundato,
665 1740 696 1774 vbi
713 1740 792 1775 inuicem
809 1741 833 1775 hii

103 1802 123 1835 30
131 1794 265 1837 coniunguntur
275 1792 349 1835 ssuuii¹⁰,
357 1793 444 1835 plumbeo
455 1792 519 1826 locello
530 1792 549 1826 in
560 1792 616 1836 priori
627 1793 667 1827 loco
680 1794 748 1836 relicto,
758 1793 833 1828 inuento

131 1847 218 1880 diuinitus
226 1846 237 1865 ¹¹
245 1846 305 1889 lapide
313 1845 368 1879 niueo
374 1844 479 1879 mirabiliter
486 1846 583 1889 insculpto,
589 1845 668 1879 martiris
674 1856 740 1890 corpus
747 1848 834 1880 decenter

131 1899 247 1933 collocarunt.
271 1898 292 1932 Iu
309 1898 349 1932 loco
365 1909 409 1932 vero
426 1908 462 1941 quo
478 1899 595 1942 sepulchrum
615 1908 656 1933 eum
676 1909 752 1943 corpore
770 1905 833 1934 sancto

131 1953 244 1986 humandum
264 1961 306 1985 esse
325 1951 450 1990 decreuerant,
468 1950 539 1994 virgam
556 1951 583 1998 de,
596 1950 650 1985 salice
668 1950 750 1985 excisam
765 1950 832 1986 ibidem

131 2005 240 2049 plantantes,
250 2005 273 2037 ad
284 2003 411 2047 sepeliendum
421 2003 489 2037 ibidem
500 2002 594 2037 martirem
605 2003 623 2037 in
634 2005 714 2037 crastino
725 2014 833 2047 reuersure;

104 2073 122 2102 35
131 2057 291 2101 appropinquante
303 2056 339 2090 iam
349 2067 426 2099 vespere
437 2056 460 2090 ad
473 2055 576 2100 proximam
587 2056 648 2091 villam
658 2057 765 2101 quiescendi
777 2058 836 2102 gratia

132 2115 259 2155 perrexeruut.
283 2109 393 2142 Redeuntes
404 2120 459 2142 mane
474 2111 497 2143 ad
510 2110 571 2143 locum
583 2110 614 2143 vbi
629 2120 696 2154 corpus
710 2116 793 2145 sanctum
805 2122 834 2145 re-

133 2165 227 2208 liquerant,
243 2173 303 2207 neque
319 2162 436 2206 sepulchrum
452 2173 486 2196 nec
501 2174 568 2207 corpus
585 2162 603 2196 in
619 2175 641 2197 eo
657 2164 736 2198 locatum
751 2165 834 2199 inuenire

131 2221 240 2262 potuerunt;
256 2216 289 2249 sed
300 2215 371 2259 virgam
384 2226 438 2259 quam
453 2226 494 2249 sero
506 2217 613 2259 defixerant,
626 2218 644 2251 in
658 2217 749 2251 immense
764 2219 834 2262 magni·

132 2270 200 2304 tudinis
212 2269 286 2302 salicem
297 2269 331 2302 sub
341 2268 395 2302 vuius
405 2268 464 2302 noctis
474 2270 536 2313 spacio
547 2269 652 2303 exercuisse
662 2271 773 2306 admirantes
784 2272 834 2306 vide-

104 2339 124 2367 40
133 2328 179 2357 runt,
203 2322 254 2355 Deus
266 2322 321 2361 euim,
335 2331 346 2354 a
359 2321 426 2363 quibus
437 2321 498 2363 voluit,
508 2322 536 2355 sui
549 2322 628 2356 martiris
640 2323 725 2366 corpus¹²
737 2324 755 2357 in
768 2324 833 2358 eodem

132 2376 172 2409 loco
184 2374 259 2418 sepeliri
271 2373 319 2407 fecit.
343 2373 390 2415 Quia
401 2384 445 2407 vero
458 2373 501 2417 quid
514 2375 537 2407 de
549 2374 623 2408 martire
637 2376 704 2409 tactum
717 2376 775 2410 fuerat
788 2377 834 2411 scire

152 2439 157 2457 ¹
168 2440 198 2469 hec
205 2448 225 2468 ru.
234 2448 264 2468 orn.
273 2438 288 2467 in
297 2438 313 2468 L.
356 2437 361 2455 l
372 2437 396 2468 ie.
406 2438 555 2476 Long-ltchington,
563 2448 602 2468 near
608 2439 689 2469 Warwielr
697 2441 754 2478 (Lydg.
762 2441 835 2478 wrongly

132 2480 218 2516 Whitton).
269 2477 654 2515 ³L.consedit,gladiicuspide1nhumodefixit
695 2480 835 2517 ⁴s0T.;E.in1.

133 2528 199 2555 quoque.
251 2517 346 2545 ⁵ominT.
397 2517 537 2547 ⁶T.offechirche,
588 2517 750 2555 ⁷Lydg.Bryhtebar
801 2520 835 2548 ⁸L.

132 2558 211 2595 quendam
218 2556 280 2587 sumum.
342 2556 348 2574 ⁰
359 2556 377 2586 E.
384 2556 469 2586 charewel.
535 2557 547 2574 ¹⁰
558 2558 575 2588 L.
583 2558 632 2590 adds:
643 2558 670 2596 qui
677 2559 721 2590 locus
728 2569 737 2589 a
745 2558 835 2590 Bannebun'

133 2607 162 2635 per
168 2598 198 2627 tria
205 2598 237 2626 sere
246 2596 309 2626 miliaria
317 2597 369 2626 distat.
431 2597 442 2613 ¹¹
453 2597 473 2627 al.
482 2598 500 2628 L.
561 2598 573 2615 ¹²
584 2598 601 2627 E.
611 2599 686 2636 corporis.
