<?xml version="1.0" encoding="UTF-8"?>
<!DOCTYPE html PUBLIC "-//W3C//DTD XHTML 1.0 Transitional//EN"
    "http://www.w3.org/TR/xhtml1/DTD/xhtml1-transitional.dtd">
<html xmlns="http://www.w3.org/1999/xhtml" xml:lang="en" lang="en">
 <head>
  <title>
</title>
<meta http-equiv="Content-Type" content="text/html;charset=utf-8" />
  <meta name='ocr-system' content='tesseract 3.04.00' />
  <meta name='ocr-capabilities' content='ocr_page ocr_carea ocr_par ocr_line ocrx_word'/>
</head>
<body>
  <div class='ocr_page' id='page_1' title='image "./MN5111ucmf_0/MN5111ucmf_0_0303.png"; bbox 0 0 1762 2803; ppageno 0'>
   <div class='ocr_carea' id='block_1_1' title="bbox 240 115 758 175">
    <p class='ocr_par' dir='ltr' id='par_1_1' title="bbox 240 115 758 175">
     <span class='ocr_line' id='line_1_1' title="bbox 240 115 758 175; baseline -0.021 -2"><span class='ocrx_word' id='word_1_1' title='bbox 240 118 285 175; x_wconf 65' lang='lat' dir='ltr'>Dr</span> <span class='ocrx_word' id='word_1_2' title='bbox 301 116 400 171; x_wconf 57' lang='lat' dir='ltr'>&amp;ancta</span> <span class='ocrx_word' id='word_1_3' title='bbox 417 115 581 169; x_wconf 71' lang='lat' dir='ltr'>delumbant.</span> <span class='ocrx_word' id='word_1_4' title='bbox 715 131 758 175; x_wconf 82' lang='lat'>213</span> 
     </span>
    </p>
   </div>
   <div class='ocr_carea' id='block_1_2' title="bbox 57 232 794 2461">
    <p class='ocr_par' dir='ltr' id='par_1_2' title="bbox 57 232 794 2461">
     <span class='ocr_line' id='line_1_2' title="bbox 57 232 759 285; baseline 0 -12"><span class='ocrx_word' id='word_1_5' title='bbox 57 239 128 274; x_wconf 89' lang='lat' dir='ltr'>sanauit</span> <span class='ocrx_word' id='word_1_6' title='bbox 135 253 139 282; x_wconf 89' lang='lat'>;</span> <span class='ocrx_word' id='word_1_7' title='bbox 147 245 165 274; x_wconf 90' lang='lat' dir='ltr'>et</span> <span class='ocrx_word' id='word_1_8' title='bbox 171 240 251 285; x_wconf 88' lang='lat' dir='ltr'>quinque</span> <span class='ocrx_word' id='word_1_9' title='bbox 256 240 354 275; x_wconf 79' lang='lat' dir='ltr'>freneticos</span> <span class='ocrx_word' id='word_1_10' title='bbox 360 240 413 275; x_wconf 84' lang='lat' dir='ltr'>saluti</span> <span class='ocrx_word' id='word_1_11' title='bbox 419 239 502 275; x_wconf 87' lang='lat' dir='ltr'>restituit.</span> <span class='ocrx_word' id='word_1_12' title='bbox 545 232 649 275; x_wconf 85' lang='lat' dir='ltr'>Venientes</span> <span class='ocrx_word' id='word_1_13' title='bbox 655 239 678 274; x_wconf 90' lang='lat' dir='ltr'>ad</span> <span class='ocrx_word' id='word_1_14' title='bbox 684 238 759 273; x_wconf 78' lang='lat' dir='ltr'>fluuium</span> 
     </span>
     <span class='ocr_line' id='line_1_3' title="bbox 58 292 760 338; baseline 0 -12"><span class='ocrx_word' id='word_1_15' title='bbox 58 292 138 337; x_wconf 84' lang='lat' dir='ltr'>Ligerim</span> <span class='ocrx_word' id='word_1_16' title='bbox 149 305 191 329; x_wconf 90' lang='lat' dir='ltr'>cum</span> <span class='ocrx_word' id='word_1_17' title='bbox 201 296 253 329; x_wconf 86' lang='lat' dir='ltr'>tarde</span> <span class='ocrx_word' id='word_1_18' title='bbox 263 294 367 329; x_wconf 89' lang='lat' dir='ltr'>nauiculam</span> <span class='ocrx_word' id='word_1_19' title='bbox 377 294 470 337; x_wconf 82' lang='lat' dir='ltr'><strong>intrarent,</strong></span> <span class='ocrx_word' id='word_1_20' title='bbox 479 294 553 338; x_wconf 93' lang='lat' dir='ltr'>quidam</span> <span class='ocrx_word' id='word_1_21' title='bbox 562 298 636 337; x_wconf 86' lang='lat' dir='ltr'>arrepto</span> <span class='ocrx_word' id='word_1_22' title='bbox 643 303 695 327; x_wconf 91' lang='lat' dir='ltr'>remo</span> <span class='ocrx_word' id='word_1_23' title='bbox 702 303 760 337; x_wconf 92' lang='lat' dir='ltr'>quen·</span> 
     </span>
     <span class='ocr_line' id='line_1_4' title="bbox 57 345 760 391; baseline 0 -12"><span class='ocrx_word' id='word_1_24' title='bbox 57 347 100 380; x_wconf 87' lang='lat' dir='ltr'>dam</span> <span class='ocrx_word' id='word_1_25' title='bbox 108 347 181 381; x_wconf 82' lang='lat' dir='ltr'>fratrem</span> <span class='ocrx_word' id='word_1_26' title='bbox 189 347 223 382; x_wconf 88' lang='lat' dir='ltr'>viri</span> <span class='ocrx_word' id='word_1_27' title='bbox 231 347 260 382; x_wconf 94' lang='lat' dir='ltr'>dei</span> <span class='ocrx_word' id='word_1_28' title='bbox 267 347 364 391; x_wconf 85' lang='lat' dir='ltr'><strong>percussit.</strong></span> <span class='ocrx_word' id='word_1_29' title='bbox 386 347 438 388; x_wconf 85' lang='lat' dir='ltr'>‘Cur,</span> <span class='ocrx_word' id='word_1_30' title='bbox 443 346 502 391; x_wconf 92' lang='lat' dir='ltr'>inquit</span> <span class='ocrx_word' id='word_1_31' title='bbox 510 347 639 389; x_wconf 89' lang='lat' dir='ltr'>Columbanus,</span> <span class='ocrx_word' id='word_1_32' title='bbox 647 345 672 379; x_wconf 95' lang='lat' dir='ltr'>illi</span> <span class='ocrx_word' id='word_1_33' title='bbox 680 345 760 381; x_wconf 91' lang='lat' dir='ltr'>crudelis</span> 
     </span>
     <span class='ocr_line' id='line_1_5' title="bbox 57 397 760 442; baseline 0 -10"><span class='ocrx_word' id='word_1_34' title='bbox 57 399 109 433; x_wconf 88' lang='lat' dir='ltr'>addis</span> <span class='ocrx_word' id='word_1_35' title='bbox 121 400 187 435; x_wconf 90' lang='lat' dir='ltr'>merori</span> <span class='ocrx_word' id='word_1_36' title='bbox 199 404 302 435; x_wconf 81' lang='lat' dir='ltr'>merorem?</span> <span class='ocrx_word' id='word_1_37' title='bbox 324 400 355 435; x_wconf 87' lang='lat' dir='ltr'>An</span> <span class='ocrx_word' id='word_1_38' title='bbox 365 411 402 435; x_wconf 92' lang='lat' dir='ltr'>non</span> <span class='ocrx_word' id='word_1_39' title='bbox 413 400 480 435; x_wconf 86' lang='lat' dir='ltr'>sufficit</span> <span class='ocrx_word' id='word_1_40' title='bbox 490 401 513 434; x_wconf 92' lang='lat' dir='ltr'>ad</span> <span class='ocrx_word' id='word_1_41' title='bbox 524 405 605 435; x_wconf 86' lang='lat' dir='ltr'>nostram</span> <span class='ocrx_word' id='word_1_42' title='bbox 614 398 686 434; x_wconf 84' lang='lat' dir='ltr'>ruinam</span> <span class='ocrx_word' id='word_1_43' title='bbox 693 397 760 442; x_wconf 87' lang='lat' dir='ltr'>patrati</span> 
     </span>
     <span class='ocr_line' id='line_1_6' title="bbox 58 451 778 492; baseline 0 -7"><span class='ocrx_word' id='word_1_44' title='bbox 58 452 133 486; x_wconf 87' lang='lat' dir='ltr'>sceleris</span> <span class='ocrx_word' id='word_1_45' title='bbox 140 454 220 487; x_wconf 80' lang='lat' dir='ltr'>malum?</span> <span class='ocrx_word' id='word_1_46' title='bbox 239 454 277 488; x_wconf 90' lang='lat' dir='ltr'>Cur</span> <span class='ocrx_word' id='word_1_47' title='bbox 283 454 333 487; x_wconf 86' lang='lat' dir='ltr'>sessa</span> <span class='ocrx_word' id='word_1_48' title='bbox 338 453 405 487; x_wconf 88' lang='lat' dir='ltr'>Christi</span> <span class='ocrx_word' id='word_1_49' title='bbox 413 454 495 487; x_wconf 87' lang='lat' dir='ltr'>membra</span> <span class='ocrx_word' id='word_1_50' title='bbox 502 453 563 488; x_wconf 81' lang='lat' dir='ltr'>cedis?</span> <span class='ocrx_word' id='word_1_51' title='bbox 582 452 620 487; x_wconf 90' lang='lat' dir='ltr'>Cur</span> <span class='ocrx_word' id='word_1_52' title='bbox 625 459 688 487; x_wconf 87' lang='lat' dir='ltr'>eontra</span> <span class='ocrx_word' id='word_1_53' title='bbox 696 451 759 486; x_wconf 89' lang='lat' dir='ltr'>mitem</span> <span class='ocrx_word' id='word_1_54' title='bbox 769 461 778 492; x_wconf 88' lang='lat'><strong>5</strong></span> 
     </span>
     <span class='ocr_line' id='line_1_7' title="bbox 58 505 760 550; baseline 0.004 -13"><span class='ocrx_word' id='word_1_55' title='bbox 58 505 133 539; x_wconf 91' lang='lat' dir='ltr'>immitis</span> <span class='ocrx_word' id='word_1_56' title='bbox 144 509 234 549; x_wconf 82' lang='lat' dir='ltr'>appares?</span> <span class='ocrx_word' id='word_1_57' title='bbox 257 506 351 541; x_wconf 87' lang='lat' dir='ltr'>Memento</span> <span class='ocrx_word' id='word_1_58' title='bbox 358 512 376 541; x_wconf 90' lang='lat' dir='ltr'>te</span> <span class='ocrx_word' id='word_1_59' title='bbox 385 506 447 540; x_wconf 88' lang='lat' dir='ltr'>diuina</span> <span class='ocrx_word' id='word_1_60' title='bbox 454 506 522 541; x_wconf 90' lang='lat' dir='ltr'>vitione</span> <span class='ocrx_word' id='word_1_61' title='bbox 533 505 551 540; x_wconf 94' lang='lat' dir='ltr'>in</span> <span class='ocrx_word' id='word_1_62' title='bbox 562 506 601 541; x_wconf 82' lang='lat' dir='ltr'>loco</span> <span class='ocrx_word' id='word_1_63' title='bbox 612 506 646 541; x_wconf 89' lang='lat' dir='ltr'>hoc</span> <span class='ocrx_word' id='word_1_64' title='bbox 654 517 690 550; x_wconf 92' lang='lat' dir='ltr'>quo</span> <span class='ocrx_word' id='word_1_65' title='bbox 701 515 760 540; x_wconf 89' lang='lat' dir='ltr'>mern-</span> 
     </span>
     <span class='ocr_line' id='line_1_8' title="bbox 58 557 759 603; baseline 0.001 -12"><span class='ocrx_word' id='word_1_66' title='bbox 58 557 111 591; x_wconf 87' lang='lat' dir='ltr'>bmm</span> <span class='ocrx_word' id='word_1_67' title='bbox 125 557 193 592; x_wconf 80' lang='lat' dir='ltr'>Christi</span> <span class='ocrx_word' id='word_1_68' title='bbox 207 559 319 602; x_wconf 82' lang='lat' dir='ltr'>percussisti,</span> <span class='ocrx_word' id='word_1_69' title='bbox 332 559 371 593; x_wconf 83' lang='lat' dir='ltr'>sore</span> <span class='ocrx_word' id='word_1_70' title='bbox 384 559 535 603; x_wconf 70' lang='lat' dir='ltr'>percutiendum!</span> <span class='ocrx_word' id='word_1_71' title='bbox 559 560 582 593; x_wconf 84' lang='lat' dir='ltr'>Et</span> <span class='ocrx_word' id='word_1_72' title='bbox 597 559 665 594; x_wconf 84' lang='lat' dir='ltr'>sactum</span> <span class='ocrx_word' id='word_1_73' title='bbox 680 564 709 593; x_wconf 87' lang='lat' dir='ltr'>est</span> <span class='ocrx_word' id='word_1_74' title='bbox 724 558 759 593; x_wconf 88' lang='lat' dir='ltr'>ita:</span> 
     </span>
     <span class='ocr_line' id='line_1_9' title="bbox 59 610 759 658; baseline 0.003 -15"><span class='ocrx_word' id='word_1_75' title='bbox 59 610 106 644; x_wconf 83' lang='lat' dir='ltr'>Nam</span> <span class='ocrx_word' id='word_1_76' title='bbox 117 610 158 645; x_wconf 90' lang='lat' dir='ltr'>illuc</span> <span class='ocrx_word' id='word_1_77' title='bbox 168 611 277 646; x_wconf 88' lang='lat' dir='ltr'>transiturus</span> <span class='ocrx_word' id='word_1_78' title='bbox 287 611 367 655; x_wconf 88' lang='lat' dir='ltr'>rediens,</span> <span class='ocrx_word' id='word_1_79' title='bbox 375 612 462 647; x_wconf 91' lang='lat' dir='ltr'>diuinitus</span> <span class='ocrx_word' id='word_1_80' title='bbox 472 622 572 658; x_wconf 91' lang='lat' dir='ltr'>percussus</span> <span class='ocrx_word' id='word_1_81' title='bbox 582 611 601 646; x_wconf 91' lang='lat' dir='ltr'>in</span> <span class='ocrx_word' id='word_1_82' title='bbox 610 612 675 646; x_wconf 90' lang='lat' dir='ltr'>eodem</span> <span class='ocrx_word' id='word_1_83' title='bbox 683 612 723 646; x_wconf 91' lang='lat' dir='ltr'>loco</span> <span class='ocrx_word' id='word_1_84' title='bbox 731 617 759 646; x_wconf 83' lang='lat' dir='ltr'>est</span> 
     </span>
     <span class='ocr_line' id='line_1_10' title="bbox 58 657 758 709; baseline 0.001 -11"><span class='ocrx_word' id='word_1_85' title='bbox 58 664 160 699; x_wconf 88' lang='lat' dir='ltr'>demersus.</span> <span class='ocrx_word' id='word_1_86' title='bbox 205 657 252 700; x_wconf 83' lang='lat' dir='ltr'>Inde</span> <span class='ocrx_word' id='word_1_87' title='bbox 260 665 364 701; x_wconf 85' lang='lat' dir='ltr'>Aurelianis</span> <span class='ocrx_word' id='word_1_88' title='bbox 374 667 457 709; x_wconf 87' lang='lat' dir='ltr'>veniens,</span> <span class='ocrx_word' id='word_1_89' title='bbox 466 677 507 701; x_wconf 90' lang='lat' dir='ltr'>cum</span> <span class='ocrx_word' id='word_1_90' title='bbox 518 677 552 701; x_wconf 88' lang='lat' dir='ltr'>nec</span> <span class='ocrx_word' id='word_1_91' title='bbox 562 666 631 701; x_wconf 91' lang='lat' dir='ltr'>aditum</span> <span class='ocrx_word' id='word_1_92' title='bbox 640 665 758 700; x_wconf 84' lang='lat' dir='ltr'>ecclesiarum</span> 
     </span>
     <span class='ocr_line' id='line_1_11' title="bbox 59 718 788 764; baseline -0.004 -12"><span class='ocrx_word' id='word_1_93' title='bbox 59 728 82 752; x_wconf 84' lang='lat' dir='ltr'>ex</span> <span class='ocrx_word' id='word_1_94' title='bbox 89 718 138 761; x_wconf 84' lang='lat' dir='ltr'>regis</span> <span class='ocrx_word' id='word_1_95' title='bbox 147 724 234 763; x_wconf 88' lang='lat' dir='ltr'>precepto</span> <span class='ocrx_word' id='word_1_96' title='bbox 244 719 278 753; x_wconf 94' lang='lat' dir='ltr'>sibi</span> <span class='ocrx_word' id='word_1_97' title='bbox 287 719 343 763; x_wconf 85' lang='lat' dir='ltr'>pandi</span> <span class='ocrx_word' id='word_1_98' title='bbox 350 720 431 761; x_wconf 80' lang='lat' dir='ltr'>videret3</span> <span class='ocrx_word' id='word_1_99' title='bbox 443 720 473 764; x_wconf 92' lang='lat' dir='ltr'>qui</span> <span class='ocrx_word' id='word_1_100' title='bbox 481 719 565 754; x_wconf 78' lang='lat' dir='ltr'>victualia</span> <span class='ocrx_word' id='word_1_101' title='bbox 575 725 658 753; x_wconf 88' lang='lat' dir='ltr'>emerent</span> <span class='ocrx_word' id='word_1_102' title='bbox 668 718 728 754; x_wconf 90' lang='lat' dir='ltr'>misit:</span> <span class='ocrx_word' id='word_1_103' title='bbox 740 724 759 753; x_wconf 88' lang='lat' dir='ltr'>et</span> <span class='ocrx_word' id='word_1_104' title='bbox 769 728 788 750; x_wconf 86' lang='lat' dir='ltr'>ro</span> 
     </span>
     <span class='ocr_line' id='line_1_12' title="bbox 58 770 760 815; baseline 0.003 -12"><span class='ocrx_word' id='word_1_105' title='bbox 58 770 178 805; x_wconf 89' lang='lat' dir='ltr'>illustrantes¹</span> <span class='ocrx_word' id='word_1_106' title='bbox 184 771 239 805; x_wconf 88' lang='lat' dir='ltr'>nichil</span> <span class='ocrx_word' id='word_1_107' title='bbox 245 772 354 806; x_wconf 88' lang='lat' dir='ltr'>inuenerunt</span> <span class='ocrx_word' id='word_1_108' title='bbox 358 772 369 814; x_wconf 71' lang='lat'>²,</span> <span class='ocrx_word' id='word_1_109' title='bbox 376 772 418 815; x_wconf 89' lang='lat' dir='ltr'>quia</span> <span class='ocrx_word' id='word_1_110' title='bbox 424 771 474 815; x_wconf 87' lang='lat' dir='ltr'>regio</span> <span class='ocrx_word' id='word_1_111' title='bbox 480 771 545 806; x_wconf 88' lang='lat' dir='ltr'>timore</span> <span class='ocrx_word' id='word_1_112' title='bbox 552 771 610 805; x_wconf 79' lang='lat' dir='ltr'>ducti³</span> <span class='ocrx_word' id='word_1_113' title='bbox 616 772 698 805; x_wconf 88' lang='lat' dir='ltr'>omnium</span> <span class='ocrx_word' id='word_1_114' title='bbox 705 773 760 805; x_wconf 84' lang='lat' dir='ltr'>corda</span> 
     </span>
     <span class='ocr_line' id='line_1_13' title="bbox 58 823 760 869; baseline 0.001 -12"><span class='ocrx_word' id='word_1_115' title='bbox 58 823 157 867; x_wconf 84' lang='lat' dir='ltr'>percussa¹</span> <span class='ocrx_word' id='word_1_116' title='bbox 168 825 271 858; x_wconf 85' lang='lat' dir='ltr'>manebant.</span> <span class='ocrx_word' id='word_1_117' title='bbox 294 825 382 869; x_wconf 85' lang='lat' dir='ltr'>Cumque,</span> <span class='ocrx_word' id='word_1_118' title='bbox 394 824 457 858; x_wconf 91' lang='lat' dir='ltr'>multis</span> <span class='ocrx_word' id='word_1_119' title='bbox 468 824 536 859; x_wconf 88' lang='lat' dir='ltr'>ibidem</span> <span class='ocrx_word' id='word_1_120' title='bbox 548 824 621 867; x_wconf 88' lang='lat' dir='ltr'>curatis,</span> <span class='ocrx_word' id='word_1_121' title='bbox 632 834 643 858; x_wconf 90' lang='lat' dir='ltr'>a</span> <span class='ocrx_word' id='word_1_122' title='bbox 654 824 698 858; x_wconf 87' lang='lat' dir='ltr'>viris</span> <span class='ocrx_word' id='word_1_123' title='bbox 709 824 760 859; x_wconf 90' lang='lat' dir='ltr'>vrbis</span> 
     </span>
     <span class='ocr_line' id='line_1_14' title="bbox 59 877 761 921; baseline 0.001 -11"><span class='ocrx_word' id='word_1_124' title='bbox 59 877 183 911; x_wconf 87' lang='lat' dir='ltr'>Columbanus</span> <span class='ocrx_word' id='word_1_125' title='bbox 199 879 324 919; x_wconf 81' lang='lat' dir='ltr'>honoraretur,</span> <span class='ocrx_word' id='word_1_126' title='bbox 337 877 383 912; x_wconf 78' lang='lat' dir='ltr'>necl</span> <span class='ocrx_word' id='word_1_127' title='bbox 397 884 459 911; x_wconf 85' lang='lat' dir='ltr'>tamen</span> <span class='ocrx_word' id='word_1_128' title='bbox 474 883 551 921; x_wconf 88' lang='lat' dir='ltr'>propter</span> <span class='ocrx_word' id='word_1_129' title='bbox 566 878 651 912; x_wconf 82' lang='lat' dir='ltr'>custodes</span> <span class='ocrx_word' id='word_1_130' title='bbox 664 877 761 921; x_wconf 89' lang='lat' dir='ltr'>quicquam</span> 
     </span>
     <span class='ocr_line' id='line_1_15' title="bbox 59 921 761 972; baseline 0.001 -10"><span class='ocrx_word' id='word_1_131' title='bbox 59 929 119 971; x_wconf 87' lang='lat' dir='ltr'>palam</span> <span class='ocrx_word' id='word_1_132' title='bbox 127 930 143 962; x_wconf 93' lang='lat' dir='ltr'>ei</span> <span class='ocrx_word' id='word_1_133' title='bbox 151 930 235 971; x_wconf 89' lang='lat' dir='ltr'>prebere,</span> <span class='ocrx_word' id='word_1_134' title='bbox 244 929 333 963; x_wconf 82' lang='lat' dir='ltr'>offensam</span> <span class='ocrx_word' id='word_1_135' title='bbox 343 929 393 972; x_wconf 86' lang='lat' dir='ltr'>regis</span> <span class='ocrx_word' id='word_1_136' title='bbox 401 929 493 970; x_wconf 87' lang='lat' dir='ltr'>timentes,</span> <span class='ocrx_word' id='word_1_137' title='bbox 501 929 598 963; x_wconf 74' lang='lat' dir='ltr'>audebant.</span> <span class='ocrx_word' id='word_1_138' title='bbox 643 921 761 972; x_wconf 84' lang='lat' dir='ltr'>Nauigantes</span> 
     </span>
     <span class='ocr_line' id='line_1_16' title="bbox 59 980 789 1027; baseline -0.001 -12"><span class='ocrx_word' id='word_1_139' title='bbox 59 992 93 1025; x_wconf 89' lang='lat' dir='ltr'>per</span> <span class='ocrx_word' id='word_1_140' title='bbox 98 980 179 1026; x_wconf 84' lang='lat' dir='ltr'>Ligerim</span> <span class='ocrx_word' id='word_1_141' title='bbox 187 981 210 1016; x_wconf 90' lang='lat' dir='ltr'>ad</span> <span class='ocrx_word' id='word_1_142' title='bbox 218 987 336 1016; x_wconf 87' lang='lat' dir='ltr'>turonensem</span> <span class='ocrx_word' id='word_1_143' title='bbox 344 982 454 1026; x_wconf 90' lang='lat' dir='ltr'>perueniunt</span> <span class='ocrx_word' id='word_1_144' title='bbox 460 982 534 1024; x_wconf 90' lang='lat' dir='ltr'>vrbem;</span> <span class='ocrx_word' id='word_1_145' title='bbox 545 982 576 1017; x_wconf 91' lang='lat' dir='ltr'>vbi</span> <span class='ocrx_word' id='word_1_146' title='bbox 584 982 669 1017; x_wconf 87' lang='lat' dir='ltr'>custodes</span> <span class='ocrx_word' id='word_1_147' title='bbox 676 989 762 1027; x_wconf 82' lang='lat' dir='ltr'>precatur</span> <span class='ocrx_word' id='word_1_148' title='bbox 771 993 789 1023; x_wconf 87' lang='lat'>¹5</span> 
     </span>
     <span class='ocr_line' id='line_1_17' title="bbox 59 1034 761 1080; baseline 0.001 -12"><span class='ocrx_word' id='word_1_149' title='bbox 59 1040 78 1068; x_wconf 92' lang='lat' dir='ltr'>vt</span> <span class='ocrx_word' id='word_1_150' title='bbox 90 1045 131 1068; x_wconf 94' lang='lat' dir='ltr'>cum</span> <span class='ocrx_word' id='word_1_151' title='bbox 143 1035 226 1068; x_wconf 88' lang='lat' dir='ltr'>nauicula</span> <span class='ocrx_word' id='word_1_152' title='bbox 237 1040 310 1079; x_wconf 85' lang='lat' dir='ltr'>portum</span> <span class='ocrx_word' id='word_1_153' title='bbox 322 1035 397 1077; x_wconf 82' lang='lat' dir='ltr'>adirent,</span> <span class='ocrx_word' id='word_1_154' title='bbox 406 1045 463 1079; x_wconf 86' lang='lat' dir='ltr'>seque</span> <span class='ocrx_word' id='word_1_155' title='bbox 472 1036 495 1070; x_wconf 89' lang='lat' dir='ltr'>ad</span> <span class='ocrx_word' id='word_1_156' title='bbox 504 1035 622 1080; x_wconf 90' lang='lat' dir='ltr'>sepulchrum</span> <span class='ocrx_word' id='word_1_157' title='bbox 631 1035 678 1069; x_wconf 87' lang='lat' dir='ltr'>beati</span> <span class='ocrx_word' id='word_1_158' title='bbox 688 1034 761 1070; x_wconf 87' lang='lat' dir='ltr'>Martini</span> 
     </span>
     <span class='ocr_line' id='line_1_18' title="bbox 60 1087 762 1133; baseline 0.003 -12"><span class='ocrx_word' id='word_1_159' title='bbox 60 1087 86 1121; x_wconf 87' lang='lat' dir='ltr'>ire</span> <span class='ocrx_word' id='word_1_160' title='bbox 98 1087 163 1121; x_wconf 89' lang='lat' dir='ltr'>sinant.</span> <span class='ocrx_word' id='word_1_161' title='bbox 186 1088 239 1131; x_wconf 80' lang='lat' dir='ltr'>Quod</span> <span class='ocrx_word' id='word_1_162' title='bbox 251 1087 353 1122; x_wconf 87' lang='lat' dir='ltr'>abnuentes</span> <span class='ocrx_word' id='word_1_163' title='bbox 364 1088 455 1130; x_wconf 81' lang='lat' dir='ltr'>custodes,</span> <span class='ocrx_word' id='word_1_164' title='bbox 464 1088 522 1123; x_wconf 83' lang='lat' dir='ltr'>veloci</span> <span class='ocrx_word' id='word_1_165' title='bbox 532 1099 587 1123; x_wconf 88' lang='lat' dir='ltr'>cursu</span> <span class='ocrx_word' id='word_1_166' title='bbox 599 1094 672 1133; x_wconf 86' lang='lat' dir='ltr'>portum</span> <span class='ocrx_word' id='word_1_167' title='bbox 684 1088 762 1123; x_wconf 88' lang='lat' dir='ltr'>transire</span> 
     </span>
     <span class='ocr_line' id='line_1_19' title="bbox 60 1141 762 1185; baseline 0.001 -10"><span class='ocrx_word' id='word_1_168' title='bbox 60 1146 77 1175; x_wconf 90' lang='lat' dir='ltr'>et</span> <span class='ocrx_word' id='word_1_169' title='bbox 85 1142 146 1175; x_wconf 90' lang='lat' dir='ltr'>medio</span> <span class='ocrx_word' id='word_1_170' title='bbox 152 1141 233 1175; x_wconf 88' lang='lat' dir='ltr'>fluminis</span> <span class='ocrx_word' id='word_1_171' title='bbox 241 1142 293 1175; x_wconf 90' lang='lat' dir='ltr'>alueo</span> <span class='ocrx_word' id='word_1_172' title='bbox 300 1141 387 1185; x_wconf 86' lang='lat' dir='ltr'>scapham</span> <span class='ocrx_word' id='word_1_173' title='bbox 393 1147 456 1176; x_wconf 90' lang='lat' dir='ltr'>tenere</span> <span class='ocrx_word' id='word_1_174' title='bbox 463 1141 530 1176; x_wconf 91' lang='lat' dir='ltr'>iubent.</span> <span class='ocrx_word' id='word_1_175' title='bbox 550 1142 603 1184; x_wconf 83' lang='lat' dir='ltr'>Quod</span> <span class='ocrx_word' id='word_1_176' title='bbox 608 1142 674 1176; x_wconf 91' lang='lat' dir='ltr'>videns</span> <span class='ocrx_word' id='word_1_177' title='bbox 681 1148 762 1184; x_wconf 85' lang='lat' dir='ltr'>sanctus,</span> 
     </span>
     <span class='ocr_line' id='line_1_20' title="bbox 59 1193 761 1238; baseline 0 -10"><span class='ocrx_word' id='word_1_178' title='bbox 59 1195 130 1228; x_wconf 88' lang='lat' dir='ltr'>vultum</span> <span class='ocrx_word' id='word_1_179' title='bbox 139 1194 220 1228; x_wconf 73' lang='lat' dir='ltr'>mestus⁵</span> <span class='ocrx_word' id='word_1_180' title='bbox 228 1195 251 1228; x_wconf 89' lang='lat' dir='ltr'>ad</span> <span class='ocrx_word' id='word_1_181' title='bbox 259 1194 318 1228; x_wconf 90' lang='lat' dir='ltr'>celum</span> <span class='ocrx_word' id='word_1_182' title='bbox 328 1193 394 1238; x_wconf 82' lang='lat' dir='ltr'>dirigit,</span> <span class='ocrx_word' id='word_1_183' title='bbox 402 1194 515 1238; x_wconf 85' lang='lat' dir='ltr'>compellans</span> <span class='ocrx_word' id='word_1_184' title='bbox 525 1205 546 1229; x_wconf 87' lang='lat' dir='ltr'>se</span> <span class='ocrx_word' id='word_1_185' title='bbox 556 1199 606 1228; x_wconf 91' lang='lat' dir='ltr'>tante</span> <span class='ocrx_word' id='word_1_186' title='bbox 616 1195 699 1229; x_wconf 88' lang='lat' dir='ltr'>mesticie</span> <span class='ocrx_word' id='word_1_187' title='bbox 708 1194 761 1228; x_wconf 90' lang='lat' dir='ltr'>subdi</span> 
     </span>
     <span class='ocr_line' id='line_1_21' title="bbox 60 1246 790 1291; baseline -0.004 -10"><span class='ocrx_word' id='word_1_188' title='bbox 60 1252 78 1281; x_wconf 92' lang='lat' dir='ltr'>vt</span> <span class='ocrx_word' id='word_1_189' title='bbox 86 1258 120 1281; x_wconf 91' lang='lat' dir='ltr'>nec</span> <span class='ocrx_word' id='word_1_190' title='bbox 129 1253 233 1281; x_wconf 90' lang='lat' dir='ltr'>sanctorum</span> <span class='ocrx_word' id='word_1_191' title='bbox 241 1247 338 1290; x_wconf 83' lang='lat' dir='ltr'>sepulchra</span> <span class='ocrx_word' id='word_1_192' title='bbox 343 1247 417 1282; x_wconf 81' lang='lat' dir='ltr'>visitare</span> <span class='ocrx_word' id='word_1_193' title='bbox 425 1246 545 1290; x_wconf 87' lang='lat' dir='ltr'>permittatur.</span> <span class='ocrx_word' id='word_1_194' title='bbox 568 1247 613 1281; x_wconf 82' lang='lat' dir='ltr'>Mox</span> <span class='ocrx_word' id='word_1_195' title='bbox 619 1253 693 1291; x_wconf 86' lang='lat' dir='ltr'>ergo,vt</span> <span class='ocrx_word' id='word_1_196' title='bbox 699 1253 762 1281; x_wconf 84' lang='lat' dir='ltr'>contra</span> <span class='ocrx_word' id='word_1_197' title='bbox 771 1257 790 1279; x_wconf 64' lang='grc' dir='ltr'>πο</span> 
     </span>
     <span class='ocr_line' id='line_1_22' title="bbox 60 1300 762 1345; baseline 0.001 -11"><span class='ocrx_word' id='word_1_198' title='bbox 60 1306 133 1344; x_wconf 89' lang='lat' dir='ltr'>portum</span> <span class='ocrx_word' id='word_1_199' title='bbox 145 1307 220 1335; x_wconf 90' lang='lat' dir='ltr'>ventum</span> <span class='ocrx_word' id='word_1_200' title='bbox 232 1306 266 1342; x_wconf 92' lang='lat' dir='ltr'>est,</span> <span class='ocrx_word' id='word_1_201' title='bbox 277 1301 326 1335; x_wconf 91' lang='lat' dir='ltr'>velut</span> <span class='ocrx_word' id='word_1_202' title='bbox 338 1301 447 1345; x_wconf 88' lang='lat' dir='ltr'>quibusdam</span> <span class='ocrx_word' id='word_1_203' title='bbox 458 1300 543 1335; x_wconf 84' lang='lat' dir='ltr'>anchoris</span> <span class='ocrx_word' id='word_1_204' title='bbox 555 1300 621 1335; x_wconf 86' lang='lat' dir='ltr'>defixis</span> <span class='ocrx_word' id='word_1_205' title='bbox 632 1301 701 1345; x_wconf 85' lang='lat' dir='ltr'>scapha</span> <span class='ocrx_word' id='word_1_206' title='bbox 713 1306 762 1336; x_wconf 88' lang='lat' dir='ltr'>stare</span> 
     </span>
     <span class='ocr_line' id='line_1_23' title="bbox 60 1353 762 1397; baseline 0 -11"><span class='ocrx_word' id='word_1_207' title='bbox 60 1353 113 1396; x_wconf 85' lang='lat' dir='ltr'>cepit,</span> <span class='ocrx_word' id='word_1_208' title='bbox 122 1359 140 1386; x_wconf 91' lang='lat' dir='ltr'>et</span> <span class='ocrx_word' id='word_1_209' title='bbox 151 1354 174 1386; x_wconf 90' lang='lat' dir='ltr'>ad</span> <span class='ocrx_word' id='word_1_210' title='bbox 184 1358 256 1396; x_wconf 89' lang='lat' dir='ltr'>portum</span> <span class='ocrx_word' id='word_1_211' title='bbox 267 1358 321 1396; x_wconf 84' lang='lat' dir='ltr'>caput</span> <span class='ocrx_word' id='word_1_212' title='bbox 331 1353 397 1396; x_wconf 84' lang='lat' dir='ltr'>dirigit,</span> <span class='ocrx_word' id='word_1_213' title='bbox 406 1359 424 1387; x_wconf 88' lang='lat' dir='ltr'>ct</span> <span class='ocrx_word' id='word_1_214' title='bbox 434 1353 520 1386; x_wconf 83' lang='lat' dir='ltr'>custodes</span> <span class='ocrx_word' id='word_1_215' title='bbox 529 1363 565 1396; x_wconf 90' lang='lat' dir='ltr'>quo</span> <span class='ocrx_word' id='word_1_216' title='bbox 572 1353 627 1387; x_wconf 93' lang='lat' dir='ltr'>vellet</span> <span class='ocrx_word' id='word_1_217' title='bbox 636 1354 724 1397; x_wconf 87' lang='lat' dir='ltr'>scapham</span> <span class='ocrx_word' id='word_1_218' title='bbox 734 1354 762 1387; x_wconf 92' lang='lat' dir='ltr'>ire</span> 
     </span>
     <span class='ocr_line' id='line_1_24' title="bbox 61 1405 762 1450; baseline 0 -10"><span class='ocrx_word' id='word_1_219' title='bbox 61 1405 113 1440; x_wconf 91' lang='lat' dir='ltr'>inuiti</span> <span class='ocrx_word' id='word_1_220' title='bbox 124 1406 191 1442; x_wconf 91' lang='lat' dir='ltr'>sinunt.</span> <span class='ocrx_word' id='word_1_221' title='bbox 215 1405 306 1450; x_wconf 85' lang='lat' dir='ltr'>Egressus</span> <span class='ocrx_word' id='word_1_222' title='bbox 317 1416 360 1449; x_wconf 87' lang='lat' dir='ltr'>ergo</span> <span class='ocrx_word' id='word_1_223' title='bbox 368 1405 396 1439; x_wconf 86' lang='lat' dir='ltr'>vir</span> <span class='ocrx_word' id='word_1_224' title='bbox 404 1405 439 1447; x_wconf 90' lang='lat' dir='ltr'>dei,</span> <span class='ocrx_word' id='word_1_225' title='bbox 447 1407 470 1440; x_wconf 85' lang='lat' dir='ltr'>ad</span> <span class='ocrx_word' id='word_1_226' title='bbox 478 1406 596 1449; x_wconf 86' lang='lat' dir='ltr'>sepulchrum</span> <span class='ocrx_word' id='word_1_227' title='bbox 605 1405 679 1440; x_wconf 88' lang='lat' dir='ltr'>Martini</span> <span class='ocrx_word' id='word_1_228' title='bbox 687 1406 762 1448; x_wconf 91' lang='lat' dir='ltr'>accedit,</span> 
     </span>
     <span class='ocr_line' id='line_1_25' title="bbox 61 1458 763 1504; baseline 0.001 -11"><span class='ocrx_word' id='word_1_229' title='bbox 61 1464 78 1493; x_wconf 91' lang='lat' dir='ltr'>et</span> <span class='ocrx_word' id='word_1_230' title='bbox 94 1464 131 1493; x_wconf 89' lang='lat' dir='ltr'>tota</span> <span class='ocrx_word' id='word_1_231' title='bbox 145 1464 198 1493; x_wconf 87' lang='lat' dir='ltr'>nocte</span> <span class='ocrx_word' id='word_1_232' title='bbox 211 1458 230 1492; x_wconf 93' lang='lat' dir='ltr'>in</span> <span class='ocrx_word' id='word_1_233' title='bbox 243 1458 324 1493; x_wconf 83' lang='lat' dir='ltr'>oratione</span> <span class='ocrx_word' id='word_1_234' title='bbox 335 1458 360 1493; x_wconf 92' lang='lat' dir='ltr'>ibi</span> <span class='ocrx_word' id='word_1_235' title='bbox 373 1458 479 1503; x_wconf 90' lang='lat' dir='ltr'>permansit.</span> <span class='ocrx_word' id='word_1_236' title='bbox 503 1458 587 1493; x_wconf 84' lang='lat' dir='ltr'>Crastina</span> <span class='ocrx_word' id='word_1_237' title='bbox 599 1458 628 1493; x_wconf 91' lang='lat' dir='ltr'>die</span> <span class='ocrx_word' id='word_1_238' title='bbox 640 1459 763 1504; x_wconf 88' lang='lat' dir='ltr'>abepiscopo</span> 
     </span>
     <span class='ocr_line' id='line_1_26' title="bbox 61 1512 791 1557; baseline -0.003 -12"><span class='ocrx_word' id='word_1_239' title='bbox 61 1512 147 1546; x_wconf 88' lang='lat' dir='ltr'>inuitatus</span> <span class='ocrx_word' id='word_1_240' title='bbox 160 1523 201 1545; x_wconf 92' lang='lat' dir='ltr'>cum</span> <span class='ocrx_word' id='word_1_241' title='bbox 213 1512 232 1545; x_wconf 93' lang='lat' dir='ltr'>in</span> <span class='ocrx_word' id='word_1_242' title='bbox 245 1523 310 1546; x_wconf 87' lang='lat' dir='ltr'>mensa</span> <span class='ocrx_word' id='word_1_243' title='bbox 323 1513 402 1554; x_wconf 90' lang='lat' dir='ltr'>sederet,</span> <span class='ocrx_word' id='word_1_244' title='bbox 413 1512 535 1556; x_wconf 85' lang='lat' dir='ltr'>interrogatus</span> <span class='ocrx_word' id='word_1_245' title='bbox 547 1523 580 1546; x_wconf 90' lang='lat' dir='ltr'>cur</span> <span class='ocrx_word' id='word_1_246' title='bbox 590 1518 640 1546; x_wconf 92' lang='lat' dir='ltr'>retro</span> <span class='ocrx_word' id='word_1_247' title='bbox 651 1513 674 1546; x_wconf 88' lang='lat' dir='ltr'>ad</span> <span class='ocrx_word' id='word_1_248' title='bbox 685 1513 762 1557; x_wconf 88' lang='lat' dir='ltr'>patriam</span> <span class='ocrx_word' id='word_1_249' title='bbox 773 1523 791 1554; x_wconf 82' lang='lat'>²5</span> 
     </span>
     <span class='ocr_line' id='line_1_27' title="bbox 62 1564 763 1611; baseline 0 -11"><span class='ocrx_word' id='word_1_250' title='bbox 62 1565 135 1608; x_wconf 89' lang='lat' dir='ltr'>rediret,</span> <span class='ocrx_word' id='word_1_251' title='bbox 143 1565 248 1610; x_wconf 90' lang='lat' dir='ltr'>respondit:</span> <span class='ocrx_word' id='word_1_252' title='bbox 261 1565 326 1600; x_wconf 85' lang='lat' dir='ltr'>‘Canis</span> <span class='ocrx_word' id='word_1_253' title='bbox 337 1576 367 1601; x_wconf 93' lang='lat' dir='ltr'>me</span> <span class='ocrx_word' id='word_1_254' title='bbox 376 1565 501 1601; x_wconf 90' lang='lat' dir='ltr'>Theodericus</span> <span class='ocrx_word' id='word_1_255' title='bbox 513 1564 560 1601; x_wconf 89' lang='lat' dir='ltr'>meis</span> <span class='ocrx_word' id='word_1_256' title='bbox 571 1577 582 1601; x_wconf 89' lang='lat' dir='ltr'>a</span> <span class='ocrx_word' id='word_1_257' title='bbox 593 1564 680 1601; x_wconf 80' lang='lat' dir='ltr'>fratribus</span> <span class='ocrx_word' id='word_1_258' title='bbox 692 1566 763 1611; x_wconf 68' lang='lat' dir='ltr'>abegit?</span> 
     </span>
     <span class='ocr_line' id='line_1_28' title="bbox 61 1618 764 1663; baseline 0.001 -11"><span class='ocrx_word' id='word_1_259' title='bbox 61 1619 114 1653; x_wconf 90' lang='lat' dir='ltr'>Tunc</span> <span class='ocrx_word' id='word_1_260' title='bbox 125 1630 173 1653; x_wconf 89' lang='lat' dir='ltr'>vnus</span> <span class='ocrx_word' id='word_1_261' title='bbox 184 1619 298 1653; x_wconf 88' lang='lat' dir='ltr'>Crodoaldus</span> <span class='ocrx_word' id='word_1_262' title='bbox 310 1619 389 1661; x_wconf 89' lang='lat' dir='ltr'>nomine,</span> <span class='ocrx_word' id='word_1_263' title='bbox 401 1624 467 1663; x_wconf 90' lang='lat' dir='ltr'>potens</span> <span class='ocrx_word' id='word_1_264' title='bbox 478 1619 537 1660; x_wconf 87' lang='lat' dir='ltr'>valde,</span> <span class='ocrx_word' id='word_1_265' title='bbox 549 1619 589 1653; x_wconf 87' lang='lat' dir='ltr'>viro</span> <span class='ocrx_word' id='word_1_266' title='bbox 602 1619 631 1653; x_wconf 92' lang='lat' dir='ltr'>dei</span> <span class='ocrx_word' id='word_1_267' title='bbox 643 1618 707 1653; x_wconf 88' lang='lat' dir='ltr'>humili</span> <span class='ocrx_word' id='word_1_268' title='bbox 718 1630 764 1654; x_wconf 91' lang='lat' dir='ltr'>voce</span> 
     </span>
     <span class='ocr_line' id='line_1_29' title="bbox 62 1671 763 1716; baseline 0 -10"><span class='ocrx_word' id='word_1_269' title='bbox 62 1672 107 1706; x_wconf 87' lang='lat' dir='ltr'>dixit</span> <span class='ocrx_word' id='word_1_270' title='bbox 118 1683 139 1706; x_wconf 92' lang='lat' dir='ltr'>se</span> <span class='ocrx_word' id='word_1_271' title='bbox 149 1672 214 1706; x_wconf 92' lang='lat' dir='ltr'>melius</span> <span class='ocrx_word' id='word_1_272' title='bbox 226 1682 268 1706; x_wconf 91' lang='lat' dir='ltr'>esse</span> <span class='ocrx_word' id='word_1_273' title='bbox 279 1671 361 1706; x_wconf 85' lang='lat' dir='ltr'>arbitrari</span> <span class='ocrx_word' id='word_1_274' title='bbox 373 1671 401 1706; x_wconf 86' lang='lat' dir='ltr'>lac</span> <span class='ocrx_word' id='word_1_275' title='bbox 411 1677 474 1716; x_wconf 91' lang='lat' dir='ltr'>potare</span> <span class='ocrx_word' id='word_1_276' title='bbox 485 1682 539 1716; x_wconf 84' lang='lat' dir='ltr'>quam</span> <span class='ocrx_word' id='word_1_277' title='bbox 549 1671 665 1707; x_wconf 85' lang='lat' dir='ltr'>absinthium.</span> <span class='ocrx_word' id='word_1_278' title='bbox 689 1671 712 1706; x_wconf 89' lang='lat' dir='ltr'>Et</span> <span class='ocrx_word' id='word_1_279' title='bbox 722 1672 763 1707; x_wconf 89' lang='lat' dir='ltr'>ille:</span> 
     </span>
     <span class='ocr_line' id='line_1_30' title="bbox 63 1725 764 1768; baseline 0 -9"><span class='ocrx_word' id='word_1_280' title='bbox 63 1726 173 1768; x_wconf 56' lang='lat' dir='ltr'>‘Cognosce</span> <span class='ocrx_word' id='word_1_281' title='bbox 180 1726 210 1767; x_wconf 88' lang='lat' dir='ltr'>ait,</span> <span class='ocrx_word' id='word_1_282' title='bbox 218 1730 236 1758; x_wconf 91' lang='lat' dir='ltr'>te</span> <span class='ocrx_word' id='word_1_283' title='bbox 243 1725 293 1768; x_wconf 88' lang='lat' dir='ltr'>regis</span> <span class='ocrx_word' id='word_1_284' title='bbox 300 1725 420 1759; x_wconf 81' lang='lat' dir='ltr'>Theoderici⁷</span> <span class='ocrx_word' id='word_1_285' title='bbox 428 1725 496 1759; x_wconf 89' lang='lat' dir='ltr'>sederis</span> <span class='ocrx_word' id='word_1_286' title='bbox 503 1725 543 1758; x_wconf 89' lang='lat' dir='ltr'>iura</span> <span class='ocrx_word' id='word_1_287' title='bbox 550 1736 625 1759; x_wconf 91' lang='lat' dir='ltr'>seruare</span> <span class='ocrx_word' id='word_1_288' title='bbox 632 1725 688 1759; x_wconf 67' lang='lat' dir='ltr'>velle)</span> <span class='ocrx_word' id='word_1_289' title='bbox 711 1725 764 1767; x_wconf 80' lang='lat' dir='ltr'>Quod</span> 
     </span>
     <span class='ocr_line' id='line_1_31' title="bbox 62 1777 792 1823; baseline 0.001 -12"><span class='ocrx_word' id='word_1_290' title='bbox 62 1789 104 1812; x_wconf 91' lang='lat' dir='ltr'>curn</span> <span class='ocrx_word' id='word_1_291' title='bbox 115 1778 146 1812; x_wconf 92' lang='lat' dir='ltr'>ille</span> <span class='ocrx_word' id='word_1_292' title='bbox 157 1777 243 1822; x_wconf 90' lang='lat' dir='ltr'>quamdiu</span> <span class='ocrx_word' id='word_1_293' title='bbox 256 1777 324 1812; x_wconf 88' lang='lat' dir='ltr'>valeret</span> <span class='ocrx_word' id='word_1_294' title='bbox 337 1778 437 1812; x_wconf 89' lang='lat' dir='ltr'>obseruare</span> <span class='ocrx_word' id='word_1_295' title='bbox 447 1782 545 1820; x_wconf 85' lang='lat' dir='ltr'>assereret,</span> <span class='ocrx_word' id='word_1_296' title='bbox 557 1778 601 1812; x_wconf 86' lang='lat' dir='ltr'>‘sile</span> <span class='ocrx_word' id='word_1_297' title='bbox 606 1779 618 1821; x_wconf 75' lang='lat'>³,</span> <span class='ocrx_word' id='word_1_298' title='bbox 630 1777 659 1813; x_wconf 86' lang='lat' dir='ltr'>ait.</span> <span class='ocrx_word' id='word_1_299' title='bbox 682 1778 702 1814; x_wconf 88' lang='lat' dir='ltr'>Si</span> <span class='ocrx_word' id='word_1_300' title='bbox 714 1777 764 1823; x_wconf 83' lang='lat' dir='ltr'>regis</span> <span class='ocrx_word' id='word_1_301' title='bbox 772 1788 792 1819; x_wconf 74' lang='lat'>30</span> 
     </span>
     <span class='ocr_line' id='line_1_32' title="bbox 62 1830 764 1873; baseline 0.003 -9"><span class='ocrx_word' id='word_1_302' title='bbox 62 1831 171 1865; x_wconf 85' lang='lat' dir='ltr'>Theoderici</span> <span class='ocrx_word' id='word_1_303' title='bbox 179 1830 236 1865; x_wconf 86' lang='lat' dir='ltr'>sederi</span> <span class='ocrx_word' id='word_1_304' title='bbox 244 1831 328 1865; x_wconf 76' lang='lat' dir='ltr'>iunctus⁹</span> <span class='ocrx_word' id='word_1_305' title='bbox 336 1841 362 1873; x_wconf 92' lang='lat' dir='ltr'>es,</span> <span class='ocrx_word' id='word_1_306' title='bbox 368 1831 427 1864; x_wconf 93' lang='lat' dir='ltr'>amico</span> <span class='ocrx_word' id='word_1_307' title='bbox 433 1836 465 1864; x_wconf 91' lang='lat' dir='ltr'>tuo</span> <span class='ocrx_word' id='word_1_308' title='bbox 473 1836 490 1864; x_wconf 90' lang='lat' dir='ltr'>et</span> <span class='ocrx_word' id='word_1_309' title='bbox 498 1831 573 1864; x_wconf 91' lang='lat' dir='ltr'>domino</span> <span class='ocrx_word' id='word_1_310' title='bbox 578 1832 678 1865; x_wconf 84' lang='lat' dir='ltr'>letusame</span> <span class='ocrx_word' id='word_1_311' title='bbox 684 1831 764 1866; x_wconf 89' lang='lat' dir='ltr'>directus</span> 
     </span>
     <span class='ocr_line' id='line_1_33' title="bbox 63 1883 764 1927; baseline 0.001 -9"><span class='ocrx_word' id='word_1_312' title='bbox 63 1885 140 1919; x_wconf 89' lang='lat' dir='ltr'>nuncius</span> <span class='ocrx_word' id='word_1_313' title='bbox 149 1884 190 1918; x_wconf 92' lang='lat' dir='ltr'>eris.</span> <span class='ocrx_word' id='word_1_314' title='bbox 213 1884 254 1917; x_wconf 91' lang='lat' dir='ltr'>Hec</span> <span class='ocrx_word' id='word_1_315' title='bbox 262 1894 306 1927; x_wconf 88' lang='lat' dir='ltr'>ergo</span> <span class='ocrx_word' id='word_1_316' title='bbox 314 1883 353 1917; x_wconf 90' lang='lat' dir='ltr'>eius</span> <span class='ocrx_word' id='word_1_317' title='bbox 361 1885 436 1917; x_wconf 89' lang='lat' dir='ltr'>auribus</span> <span class='ocrx_word' id='word_1_318' title='bbox 445 1884 503 1918; x_wconf 85' lang='lat' dir='ltr'>inser:</span> <span class='ocrx_word' id='word_1_319' title='bbox 516 1888 534 1917; x_wconf 92' lang='lat' dir='ltr'>et</span> <span class='ocrx_word' id='word_1_320' title='bbox 544 1883 605 1927; x_wconf 92' lang='lat' dir='ltr'>ipsum</span> <span class='ocrx_word' id='word_1_321' title='bbox 613 1889 631 1918; x_wconf 92' lang='lat' dir='ltr'>et</span> <span class='ocrx_word' id='word_1_322' title='bbox 642 1894 685 1918; x_wconf 93' lang='lat' dir='ltr'>suos</span> <span class='ocrx_word' id='word_1_323' title='bbox 695 1884 764 1919; x_wconf 89' lang='lat' dir='ltr'>liberos</span> 
     </span>
     <span class='ocr_line' id='line_1_34' title="bbox 63 1936 763 1981; baseline 0 -10"><span class='ocrx_word' id='word_1_324' title='bbox 63 1937 110 1971; x_wconf 84' lang='lat' dir='ltr'>intra</span> <span class='ocrx_word' id='word_1_325' title='bbox 115 1937 129 1956; x_wconf 76' lang='lat'>¹⁰</span> <span class='ocrx_word' id='word_1_326' title='bbox 137 1936 236 1970; x_wconf 89' lang='lat' dir='ltr'>triennium</span> <span class='ocrx_word' id='word_1_327' title='bbox 248 1946 290 1969; x_wconf 91' lang='lat' dir='ltr'>esse</span> <span class='ocrx_word' id='word_1_328' title='bbox 297 1936 391 1978; x_wconf 88' lang='lat' dir='ltr'>delendos,</span> <span class='ocrx_word' id='word_1_329' title='bbox 400 1936 522 1980; x_wconf 89' lang='lat' dir='ltr'>radicitusque</span> <span class='ocrx_word' id='word_1_330' title='bbox 533 1936 609 1981; x_wconf 90' lang='lat' dir='ltr'>stirpem</span> <span class='ocrx_word' id='word_1_331' title='bbox 620 1936 659 1971; x_wconf 88' lang='lat' dir='ltr'>eius</span> <span class='ocrx_word' id='word_1_332' title='bbox 669 1937 763 1972; x_wconf 88' lang='lat' dir='ltr'>dominum</span> 
     </span>
     <span class='ocr_line' id='line_1_35' title="bbox 63 1989 763 2034; baseline -0.001 -9"><span class='ocrx_word' id='word_1_333' title='bbox 63 1991 206 2025; x_wconf 78' lang='lat' dir='ltr'>eradicaturum.¹</span> <span class='ocrx_word' id='word_1_334' title='bbox 230 1989 282 2031; x_wconf 89' lang='lat' dir='ltr'>‘Cur,</span> <span class='ocrx_word' id='word_1_335' title='bbox 294 1989 352 2033; x_wconf 92' lang='lat' dir='ltr'>inquit</span> <span class='ocrx_word' id='word_1_336' title='bbox 364 1989 400 2031; x_wconf 93' lang='lat' dir='ltr'>ille,</span> <span class='ocrx_word' id='word_1_337' title='bbox 412 1989 459 2031; x_wconf 90' lang='lat' dir='ltr'>talia,</span> <span class='ocrx_word' id='word_1_338' title='bbox 471 1989 539 2023; x_wconf 89' lang='lat' dir='ltr'>famule</span> <span class='ocrx_word' id='word_1_339' title='bbox 551 1990 585 2033; x_wconf 91' lang='lat' dir='ltr'>dei,</span> <span class='ocrx_word' id='word_1_340' title='bbox 597 1989 688 2034; x_wconf 76' lang='lat' dir='ltr'>promist’</span> <span class='ocrx_word' id='word_1_341' title='bbox 712 1991 763 2024; x_wconf 91' lang='lat' dir='ltr'>‘Non</span> 
     </span>
     <span class='ocr_line' id='line_1_36' title="bbox 63 2042 792 2087; baseline -0.001 -9"><span class='ocrx_word' id='word_1_342' title='bbox 63 2045 118 2086; x_wconf 88' lang='lat' dir='ltr'>enim,</span> <span class='ocrx_word' id='word_1_343' title='bbox 125 2044 183 2087; x_wconf 91' lang='lat' dir='ltr'>inquit</span> <span class='ocrx_word' id='word_1_344' title='bbox 188 2044 216 2078; x_wconf 93' lang='lat' dir='ltr'>vir</span> <span class='ocrx_word' id='word_1_345' title='bbox 223 2042 258 2084; x_wconf 90' lang='lat' dir='ltr'>dei,</span> <span class='ocrx_word' id='word_1_346' title='bbox 264 2042 318 2076; x_wconf 87' lang='lat' dir='ltr'>silere</span> <span class='ocrx_word' id='word_1_347' title='bbox 326 2053 374 2085; x_wconf 89' lang='lat' dir='ltr'>queo</span> <span class='ocrx_word' id='word_1_348' title='bbox 382 2053 417 2086; x_wconf 92' lang='lat' dir='ltr'>que</span> <span class='ocrx_word' id='word_1_349' title='bbox 425 2044 511 2076; x_wconf 91' lang='lat' dir='ltr'>dominus</span> <span class='ocrx_word' id='word_1_350' title='bbox 518 2044 609 2087; x_wconf 89' lang='lat' dir='ltr'>loquenda</span> <span class='ocrx_word' id='word_1_351' title='bbox 617 2043 689 2077; x_wconf 87' lang='lat' dir='ltr'>tradidit</span> <span class='ocrx_word' id='word_1_352' title='bbox 697 2043 763 2077; x_wconf 91' lang='lat' dir='ltr'>michi.¹</span> <span class='ocrx_word' id='word_1_353' title='bbox 773 2052 792 2083; x_wconf 80' lang='lat'>35</span> 
     </span>
     <span class='ocr_line' id='line_1_37' title="bbox 64 2094 763 2139; baseline -0.003 -8"><span class='ocrx_word' id='word_1_354' title='bbox 64 2097 146 2139; x_wconf 88' lang='lat' dir='ltr'>Surgens</span> <span class='ocrx_word' id='word_1_355' title='bbox 158 2106 213 2129; x_wconf 88' lang='lat' dir='ltr'>mane</span> <span class='ocrx_word' id='word_1_356' title='bbox 225 2095 253 2129; x_wconf 90' lang='lat' dir='ltr'>vir</span> <span class='ocrx_word' id='word_1_357' title='bbox 266 2094 301 2136; x_wconf 88' lang='lat' dir='ltr'>dei,</span> <span class='ocrx_word' id='word_1_358' title='bbox 314 2095 381 2137; x_wconf 91' lang='lat' dir='ltr'>quein</span> <span class='ocrx_word' id='word_1_359' title='bbox 394 2095 463 2137; x_wconf 78' lang='lat' dir='ltr'>scapha</span> <span class='ocrx_word' id='word_1_360' title='bbox 478 2095 565 2128; x_wconf 86' lang='lat' dir='ltr'>habuerat</span> <span class='ocrx_word' id='word_1_361' title='bbox 579 2095 650 2129; x_wconf 85' lang='lat' dir='ltr'>sublata</span> <span class='ocrx_word' id='word_1_362' title='bbox 662 2095 722 2130; x_wconf 86' lang='lat' dir='ltr'>audit:</span> <span class='ocrx_word' id='word_1_363' title='bbox 740 2095 763 2129; x_wconf 90' lang='lat' dir='ltr'>Et</span> 
     </span>
     <span class='ocr_line' id='line_1_38' title="bbox 63 2147 764 2192; baseline 0 -9"><span class='ocrx_word' id='word_1_364' title='bbox 63 2149 138 2183; x_wconf 89' lang='lat' dir='ltr'>rediens</span> <span class='ocrx_word' id='word_1_365' title='bbox 149 2149 172 2182; x_wconf 89' lang='lat' dir='ltr'>ad</span> <span class='ocrx_word' id='word_1_366' title='bbox 184 2148 300 2192; x_wconf 91' lang='lat' dir='ltr'>sepulchrum</span> <span class='ocrx_word' id='word_1_367' title='bbox 312 2147 360 2180; x_wconf 91' lang='lat' dir='ltr'>beati</span> <span class='ocrx_word' id='word_1_368' title='bbox 369 2147 448 2190; x_wconf 81' lang='lat' dir='ltr'>Martini,</span> <span class='ocrx_word' id='word_1_369' title='bbox 457 2153 568 2192; x_wconf 87' lang='lat' dir='ltr'>conquestus</span> <span class='ocrx_word' id='word_1_370' title='bbox 579 2153 607 2183; x_wconf 90' lang='lat' dir='ltr'>est</span> <span class='ocrx_word' id='word_1_371' title='bbox 619 2159 639 2183; x_wconf 90' lang='lat' dir='ltr'>se</span> <span class='ocrx_word' id='word_1_372' title='bbox 650 2158 687 2182; x_wconf 93' lang='lat' dir='ltr'>non</span> <span class='ocrx_word' id='word_1_373' title='bbox 696 2147 764 2183; x_wconf 89' lang='lat' dir='ltr'>idcirco</span> 
     </span>
     <span class='ocr_line' id='line_1_39' title="bbox 63 2200 764 2245; baseline -0.003 -8"><span class='ocrx_word' id='word_1_374' title='bbox 63 2203 106 2237; x_wconf 88' lang='lat' dir='ltr'>illuc</span> <span class='ocrx_word' id='word_1_375' title='bbox 114 2202 215 2236; x_wconf 82' lang='lat' dir='ltr'>excubasse</span> <span class='ocrx_word' id='word_1_376' title='bbox 222 2205 241 2235; x_wconf 91' lang='lat' dir='ltr'>vt</span> <span class='ocrx_word' id='word_1_377' title='bbox 251 2200 281 2234; x_wconf 87' lang='lat' dir='ltr'>ille</span> <span class='ocrx_word' id='word_1_378' title='bbox 289 2210 322 2234; x_wconf 89' lang='lat' dir='ltr'>sua</span> <span class='ocrx_word' id='word_1_379' title='bbox 330 2210 350 2234; x_wconf 86' lang='lat' dir='ltr'>ac</span> <span class='ocrx_word' id='word_1_380' title='bbox 358 2210 433 2234; x_wconf 90' lang='lat' dir='ltr'>suorum</span> <span class='ocrx_word' id='word_1_381' title='bbox 441 2200 510 2234; x_wconf 92' lang='lat' dir='ltr'>sineret</span> <span class='ocrx_word' id='word_1_382' title='bbox 518 2202 598 2245; x_wconf 84' lang='lat' dir='ltr'>dampna</span> <span class='ocrx_word' id='word_1_383' title='bbox 606 2200 674 2245; x_wconf 88' lang='lat' dir='ltr'>patrari</span> <span class='ocrx_word' id='word_1_384' title='bbox 682 2200 764 2235; x_wconf 78' lang='lat' dir='ltr'>fratrum.</span> 
     </span>
     <span class='ocr_line' id='line_1_40' title="bbox 65 2253 765 2299; baseline -0.001 -9"><span class='ocrx_word' id='word_1_385' title='bbox 65 2257 104 2290; x_wconf 90' lang='lat' dir='ltr'>Nec</span> <span class='ocrx_word' id='word_1_386' title='bbox 115 2266 172 2297; x_wconf 86' lang='lat' dir='ltr'>mora,</span> <span class='ocrx_word' id='word_1_387' title='bbox 180 2254 210 2299; x_wconf 88' lang='lat' dir='ltr'>qui</span> <span class='ocrx_word' id='word_1_388' title='bbox 222 2264 287 2287; x_wconf 90' lang='lat' dir='ltr'>aureos</span> <span class='ocrx_word' id='word_1_389' title='bbox 297 2253 368 2287; x_wconf 78' lang='lat' dir='ltr'>furatus</span> <span class='ocrx_word' id='word_1_390' title='bbox 378 2254 443 2295; x_wconf 85' lang='lat' dir='ltr'>fuerat,</span> <span class='ocrx_word' id='word_1_391' title='bbox 451 2254 499 2298; x_wconf 87' lang='lat' dir='ltr'>cepit</span> <span class='ocrx_word' id='word_1_392' title='bbox 511 2254 559 2287; x_wconf 91' lang='lat' dir='ltr'>inter</span> <span class='ocrx_word' id='word_1_393' title='bbox 570 2254 641 2297; x_wconf 82' lang='lat' dir='ltr'>flagella</span> <span class='ocrx_word' id='word_1_394' title='bbox 653 2255 736 2299; x_wconf 88' lang='lat' dir='ltr'>corporis</span> <span class='ocrx_word' id='word_1_395' title='bbox 747 2260 765 2289; x_wconf 87' lang='lat' dir='ltr'>et</span> 
     </span>
     <span class='ocr_line' id='line_1_41' title="bbox 64 2306 794 2354; baseline -0.001 -11"><span class='ocrx_word' id='word_1_396' title='bbox 64 2320 122 2354; x_wconf 89' lang='lat' dir='ltr'>penas</span> <span class='ocrx_word' id='word_1_397' title='bbox 134 2309 213 2343; x_wconf 83' lang='lat' dir='ltr'>clamare</span> <span class='ocrx_word' id='word_1_398' title='bbox 224 2313 241 2342; x_wconf 88' lang='lat' dir='ltr'>et</span> <span class='ocrx_word' id='word_1_399' title='bbox 252 2306 322 2341; x_wconf 88' lang='lat' dir='ltr'>dicere:</span> <span class='ocrx_word' id='word_1_400' title='bbox 334 2306 365 2340; x_wconf 92' lang='lat' dir='ltr'>illo</span> <span class='ocrx_word' id='word_1_401' title='bbox 377 2312 395 2340; x_wconf 90' lang='lat' dir='ltr'>et</span> <span class='ocrx_word' id='word_1_402' title='bbox 406 2306 437 2341; x_wconf 89' lang='lat' dir='ltr'>illo</span> <span class='ocrx_word' id='word_1_403' title='bbox 447 2306 465 2340; x_wconf 93' lang='lat' dir='ltr'>in</span> <span class='ocrx_word' id='word_1_404' title='bbox 476 2306 515 2341; x_wconf 88' lang='lat' dir='ltr'>loco</span> <span class='ocrx_word' id='word_1_405' title='bbox 527 2317 592 2341; x_wconf 88' lang='lat' dir='ltr'>aureos</span> <span class='ocrx_word' id='word_1_406' title='bbox 604 2307 685 2342; x_wconf 89' lang='lat' dir='ltr'>occultos</span> <span class='ocrx_word' id='word_1_407' title='bbox 696 2307 765 2343; x_wconf 91' lang='lat' dir='ltr'>haberi.</span> <span class='ocrx_word' id='word_1_408' title='bbox 774 2316 794 2347; x_wconf 77' lang='lat'>40</span> 
     </span>
     <span class='ocr_line' id='line_1_42' title="bbox 65 2359 767 2401; baseline -0.001 -5"><span class='ocrx_word' id='word_1_409' title='bbox 65 2363 88 2397; x_wconf 84' lang='lat' dir='ltr'>Et</span> <span class='ocrx_word' id='word_1_410' title='bbox 94 2366 189 2396; x_wconf 89' lang='lat' dir='ltr'>currentes</span> <span class='ocrx_word' id='word_1_411' title='bbox 196 2361 246 2395; x_wconf 83' lang='lat' dir='ltr'>sures</span> <span class='ocrx_word' id='word_1_412' title='bbox 253 2370 318 2394; x_wconf 91' lang='lat' dir='ltr'>omnes</span> <span class='ocrx_word' id='word_1_413' title='bbox 326 2360 396 2393; x_wconf 88' lang='lat' dir='ltr'>sublata</span> <span class='ocrx_word' id='word_1_414' title='bbox 402 2359 463 2393; x_wconf 89' lang='lat' dir='ltr'>omnia</span> <span class='ocrx_word' id='word_1_415' title='bbox 470 2360 554 2401; x_wconf 86' lang='lat' dir='ltr'>reddunt,</span> <span class='ocrx_word' id='word_1_416' title='bbox 558 2359 631 2394; x_wconf 86' lang='lat' dir='ltr'>veniam</span> <span class='ocrx_word' id='word_1_417' title='bbox 638 2360 682 2394; x_wconf 92' lang='lat' dir='ltr'>tanti</span> <span class='ocrx_word' id='word_1_418' title='bbox 691 2360 767 2396; x_wconf 92' lang='lat' dir='ltr'>sceleris</span> 
     </span>
     <span class='ocr_line' id='line_1_43' title="bbox 65 2406 766 2461; baseline 0.001 -11"><span class='ocrx_word' id='word_1_419' title='bbox 65 2417 191 2461; x_wconf 87' lang='lat' dir='ltr'>deprecantes.</span> <span class='ocrx_word' id='word_1_420' title='bbox 236 2406 353 2458; x_wconf 84' lang='lat' dir='ltr'>Nauigantes</span> <span class='ocrx_word' id='word_1_421' title='bbox 365 2423 410 2446; x_wconf 90' lang='lat' dir='ltr'>vero</span> <span class='ocrx_word' id='word_1_422' title='bbox 422 2413 445 2446; x_wconf 89' lang='lat' dir='ltr'>ad</span> <span class='ocrx_word' id='word_1_423' title='bbox 459 2413 585 2447; x_wconf 78' lang='lat' dir='ltr'>namutense¹¹</span> <span class='ocrx_word' id='word_1_424' title='bbox 599 2413 680 2458; x_wconf 88' lang='lat' dir='ltr'>opidum,</span> <span class='ocrx_word' id='word_1_425' title='bbox 694 2414 766 2450; x_wconf 86' lang='lat' dir='ltr'>cuidam</span> 
     </span>
    </p>
   </div>
   <div class='ocr_carea' id='block_1_3' title="bbox 65 2496 768 2617">
    <p class='ocr_par' dir='ltr' id='par_1_3' title="bbox 65 2496 768 2617">
     <span class='ocr_line' id='line_1_44' title="bbox 84 2496 767 2537; baseline -0.001 -8"><span class='ocrx_word' id='word_1_426' title='bbox 84 2499 292 2529; x_wconf 87' lang='lat' dir='ltr'>¹Vit.lustrantesurbcu1.</span> <span class='ocrx_word' id='word_1_427' title='bbox 331 2496 365 2527; x_wconf 79' lang='lat' dir='ltr'>²T.</span> <span class='ocrx_word' id='word_1_428' title='bbox 373 2497 390 2526; x_wconf 85' lang='lat' dir='ltr'>E.</span> <span class='ocrx_word' id='word_1_429' title='bbox 398 2497 501 2527; x_wconf 87' lang='lat' dir='ltr'>inuenissent.</span> <span class='ocrx_word' id='word_1_430' title='bbox 538 2496 649 2527; x_wconf 77' lang='lat' dir='ltr'>³0m.inVit.</span> <span class='ocrx_word' id='word_1_431' title='bbox 690 2498 767 2537; x_wconf 70' lang='lat' dir='ltr'>⁴Rper·</span> 
     </span>
     <span class='ocr_line' id='line_1_45' title="bbox 65 2536 767 2574; baseline 0.001 -5"><span class='ocrx_word' id='word_1_432' title='bbox 65 2539 169 2570; x_wconf 83' lang='lat' dir='ltr'>cussacorda.</span> <span class='ocrx_word' id='word_1_433' title='bbox 197 2538 288 2569; x_wconf 76' lang='lat' dir='ltr'>⁵Vit.non.</span> <span class='ocrx_word' id='word_1_434' title='bbox 315 2536 534 2574; x_wconf 78' lang='lat' dir='ltr'>⁰E.mestis;Vit.mestum.</span> <span class='ocrx_word' id='word_1_435' title='bbox 561 2536 695 2568; x_wconf 75' lang='lat' dir='ltr'>⁷T.theodorici.</span> <span class='ocrx_word' id='word_1_436' title='bbox 721 2539 767 2570; x_wconf 81' lang='lat' dir='ltr'>⁸om.</span> 
     </span>
     <span class='ocr_line' id='line_1_46' title="bbox 65 2576 768 2617; baseline 0 -8"><span class='ocrx_word' id='word_1_437' title='bbox 65 2579 120 2609; x_wconf 89' lang='lat' dir='ltr'>inVit.</span> <span class='ocrx_word' id='word_1_438' title='bbox 157 2577 406 2617; x_wconf 70' lang='lat' dir='ltr'>”Vit.regi..sederevinctus.</span> <span class='ocrx_word' id='word_1_439' title='bbox 443 2576 561 2608; x_wconf 64' lang='lat' dir='ltr'>uuninrra.</span> <span class='ocrx_word' id='word_1_440' title='bbox 600 2578 768 2610; x_wconf 69' lang='lat' dir='ltr'>”Vitllannetense</span> 
     </span>
    </p>
   </div>
   <div class='ocr_carea' id='block_1_4' title="bbox 0 0 896 2803">
    <p class='ocr_par' dir='ltr' id='par_1_4' title="bbox 0 0 896 2803">
     <span class='ocr_line' id='line_1_47' title="bbox 0 0 896 2803; baseline 0 0"><span class='ocrx_word' id='word_1_441' title='bbox 0 0 896 2803; x_wconf 95' lang='lat' dir='ltr'> </span> 
     </span>
    </p>
   </div>
  </div>
 </body>
</html>
