1762 2803
68 127 203 169 irs-auran
219 120 264 175 me
276 118 311 172 ὲ.
324 120 456 172 osmonte
469 130 526 182 tene
542 125 566 172 et
580 124 696 181 mature.
724 124 766 167 681

173 251 203 285 DE
215 259 297 292 QUODAM
309 260 375 287 Poeno
386 261 487 288 SUBMERSO
499 260 544 287 VITE
555 259 669 287 RESTITUTO.

68 324 148 398 ANno
160 331 261 366 memorato,
269 326 339 369 quidam
351 326 417 360 iuuenis
429 327 451 360 de
462 326 539 369 partibus
550 326 641 359 Lindcseie
652 331 709 365 natus,
720 325 770 359 etatis

128 375 176 417 quasi
195 375 233 418 viij⁰
245 387 334 417 annorum,
349 377 421 410 sedebat
433 377 451 409 in
462 387 498 410 vnn
511 383 579 410 carecta
594 382 667 419 quatuor
681 374 771 418 quarteriis

67 424 108 457 salis
116 431 191 466 onerata,
200 436 259 459 versus
270 432 328 469 partes
336 426 426 460 Lindeseie
434 426 536 460 deferendis.
559 427 636 469 Cumque
647 426 694 459 dicta
703 432 771 459 carecta

67 474 141 509 venisset
153 474 170 509 in
178 475 236 510 villam
248 477 270 510 de
283 476 323 519 lrby
334 487 385 519 super
396 488 448 510 vnum
460 488 532 520 paruum
544 483 619 520 pontem,
631 477 700 510 euoluta
710 476 741 511 suit
753 476 770 510 in

67 525 155 568 quandam
166 527 269 570 profundam
280 527 353 569 foueam,
362 535 379 561 et
388 538 431 571 puer
442 529 501 562 subtus
509 528 576 569 cecidit,
584 535 601 562 et
609 527 673 562 ibidem
680 527 732 562 iacuit
740 537 788 572 per5

67 576 144 618 spacium
152 577 201 611 vnius
209 580 255 612 hore.
279 578 386 613 Carectarius
393 588 434 612 vero
442 579 464 612 de
472 589 513 612 casu
520 578 616 612 huiusmodi
629 579 740 621 stupefactus,
747 579 771 612 ad

67 626 125 658 villam
137 628 210 662 cucurrit
221 638 253 670 pro
264 628 326 661 auxilio
337 628 436 662 obtinendo.
460 628 493 669 Qui
505 638 544 661 cnm
555 627 648 662 reuenisset
662 638 701 661 cum
714 628 771 661 homi-

67 676 118 710 nibus
125 677 171 716 ville,
180 684 266 711 carectam
273 679 373 712 leuauemnt
385 685 402 711 et
413 677 478 711 dictum
490 688 561 720 puerum
573 677 590 711 in
600 678 715 721 profunditate
722 679 771 711 iouee

67 732 153 760 mortuum
168 727 275 763 inuenerunt.
298 730 379 762 Parentes
394 739 434 761 vero
450 727 491 761 dicti
507 727 554 770 pueri
567 728 629 761 eodem
644 727 673 761 die
687 729 771 770 capellam

67 777 122 811 sancti
130 778 218 812 Edmundi
228 778 245 812 in
253 778 333 812 Wainilet
341 789 411 822 peregre
419 778 531 812 visitauerant
536 776 547 818 ¹,
555 785 572 812 et
580 778 650 811 domum
658 788 690 820 per
696 778 770 811 eandem
782 790 799 813 ro

67 826 113 860 viam
124 834 230 862 reuertentes
241 840 291 862 suum
303 829 356 863 filium
367 836 453 862 mortuum
465 829 571 862 inuenerunt.
594 829 633 870 Quo
644 827 692 860 viso:
708 827 771 861 clama·

67 882 128 910 uerunt
139 883 157 911 et
168 877 279 920 eiulauerunt,
287 879 372 922 deumque
383 884 401 913 et
411 885 491 912 sanctum
501 877 614 911 Edmunduru
622 888 653 920 pro
660 878 695 911 vita
707 877 737 910 tilii
744 877 771 910 sui

67 926 196 970 inuocauerunt,
211 935 228 961 et
243 935 284 962 vota
298 936 380 963 vouentes
395 930 418 962 ad
433 929 497 962 dictam
512 929 595 971 capellam
614 927 669 961 redire
687 938 771 971 spospon-

67 976 139 1013 derunt:
155 985 172 1013 et
183 979 241 1014 statim
250 980 305 1014 dictus
313 990 355 1024 puer
362 986 401 1023 post
408 986 467 1014 votum
478 977 592 1023 huins[modi]
603 979 665 1021 pedem
677 989 725 1012 suum
738 978 771 1012 sibi

67 1029 136 1063 attraxit
141 1030 230 1073 capudque
236 1031 322 1073 monebat,
328 1036 346 1063 et
353 1030 450 1074 aliqualiter
456 1036 549 1070 recreatus,
554 1029 624 1064 surrexit
632 1035 649 1064 et
656 1029 704 1073 quasi
713 1028 771 1063 illesus
782 1041 798 1074 15

67 1088 105 1113 cum
113 1080 212 1123 parentibus
221 1081 256 1115 suis
264 1082 286 1115 ad
294 1081 368 1115 eandem
376 1081 459 1125 capellam
467 1081 576 1124 properabat.

225 1195 226 1198 ’
256 1191 287 1223 DE
298 1197 368 1224 mortun
380 1197 402 1224 IN
413 1197 505 1224 GU'ITURE
516 1198 581 1224 PUERL

67 1262 113 1337 AN
116 1273 138 1294 no
146 1269 241 1304 prenotato,
250 1263 320 1306 quidam
327 1274 370 1305 puer
378 1265 399 1296 de
410 1265 504 1303 Tatersale,
512 1262 562 1297 vnius
573 1262 614 1296 anni
621 1268 672 1304 etate,
680 1262 771 1305 deglutiuit

127 1323 180 1345 vnum
191 1313 255 1346 monile
266 1314 288 1347 de
299 1315 380 1347 metallo:
395 1313 443 1357 quod
454 1313 524 1355 quidem
534 1312 598 1346 monile
611 1312 629 1346 in
642 1319 711 1354 gutture
722 1312 771 1355 pueri

67 1362 173 1395 consistebat
180 1373 211 1405 per
219 1363 262 1395 duas
270 1363 380 1405 septimanas,
388 1363 412 1395 ita
420 1363 466 1405 quod
477 1363 533 1396 nullus
544 1362 598 1405 potuit
607 1372 677 1396 mouere
688 1362 728 1395 illud
736 1363 770 1395 huc

67 1422 122 1455 neque
129 1413 173 1446 illuc.
196 1414 278 1446 Parentes
289 1423 330 1446 vero
341 1413 394 1456 ipsius
402 1413 424 1445 de
434 1412 469 1445 vita
478 1413 595 1455 desperantes,
603 1418 686 1446 venerunt
697 1422 737 1445 eum
747 1411 769 1444 ad
780 1422 799 1444 aa

66 1462 162 1505 predictam
173 1463 257 1505 capellam
269 1463 324 1496 sancti
337 1463 434 1496 Edmundi:
450 1468 467 1496 et
482 1462 540 1495 statim
555 1468 594 1505 post
609 1468 668 1495 votum
683 1461 770 1502 emissum,

66 1512 131 1547 dictum
143 1513 207 1548 monile
220 1514 371 1556 sanguinolentum
384 1525 395 1548 a
407 1519 476 1557 gutture
488 1513 535 1557 pueri
548 1512 618 1555 exiliuit,
630 1519 647 1547 et
660 1520 732 1547 sanatus
743 1519 769 1547 est

66 1574 108 1606 puer
115 1564 133 1598 in
141 1564 170 1598 illa
176 1565 224 1598 hora.

119 1677 211 1720 Incipiunt
217 1678 357 1722 nn'raculafacta
364 1678 384 1711 in
391 1678 458 1721 capella
465 1677 523 1711 sancti
529 1678 547 1711 E
547 1676 622 1711 (liniendi
627 1677 648 1711 de
654 1677 719 1720 Lynge.

305 1747 337 1778 Du
347 1754 412 1779 anano
424 1753 530 1779 sunuunso.

106 1820 143 1853 Uer
153 1818 225 1862 quidam
235 1820 253 1852 in
262 1820 303 1852 villa
312 1819 334 1852 de
346 1820 414 1853 Belawe
423 1827 479 1861 natus,
489 1820 507 1852 in
518 1819 604 1862 profundo
615 1819 705 1852 cuiusdam
717 1818 769 1861 putei,

135 1880 181 1903 anno
196 1870 262 1902 domini
277 1870 415 1911 n⁰.ccc⁰.lxxj⁰.,
430 1870 521 1902 casualiter
535 1879 601 1902 mersus
616 1869 652 1901 tuit.
686 1869 720 1900 Pro
735 1878 769 1910 quo
779 1879 798 1907 ³5

47 1936 49 1940 ·
66 1929 119 1962 puero
134 1918 159 1953 sic
174 1929 231 1953 merso
245 1925 262 1952 et
277 1926 345 1953 mortuo
359 1925 440 1962 parentes
453 1918 490 1953 eius
505 1918 576 1952 nimium
590 1919 668 1952 dolentes
681 1924 698 1952 et
711 1917 769 1952 tristes

65 1969 127 2013 effecti,
138 1969 161 2004 ad
173 1975 252 2017 sanctum
263 1976 346 2006 nonerunt
361 1970 478 2014 Edmundum,
490 1970 579 2014 ipsumque
593 1969 611 2004 in
623 1969 689 2013 capella
703 1980 735 2004 sna
748 1968 770 2004 de

66 2022 115 2062 Lyng
122 2021 204 2054 deuocius
211 2021 289 2054 venerari
297 2022 439 2064 sposponderunt,
446 2022 460 2054 si
465 2020 530 2054 meritis
536 2020 613 2054 eiusdem
618 2019 692 2054 martiris
698 2030 770 2063 puerum

66 2080 116 2103 suum
124 2071 158 2103 vite
168 2072 264 2103 restitutum
274 2071 350 2114 recipere
360 2077 470 2105 mererentur.
493 2071 532 2113 Quo
542 2077 583 2103 voto
591 2070 615 2103 sic
625 2070 699 2103 emisso:
711 2071 769 2103 statim

67 2120 156 2153 defunctus
167 2120 239 2162 reuixit3
255 2126 272 2154 et
283 2126 364 2163 parentes
375 2121 411 2154 eius
423 2126 462 2154 vota
476 2120 587 2163 complentes,
599 2119 651 2153 deum
662 2126 679 2154 et
690 2125 769 2153 sanctum
778 2132 798 2162 30

66 2170 178 2203 Edmundum
186 2170 204 2203 in
211 2170 277 2214 capella
285 2169 362 2213 predicta
369 2170 487 2204 laudauerunt.

203 2284 234 2316 DE
246 2290 328 2321 Quanam
339 2289 413 2315 PUELLA
424 2290 437 2315 A
448 2290 515 2316 MORTE
526 2290 635 2317 susclrnnn.

70 2355 139 2431 ITem,
156 2365 202 2388 anno
220 2356 285 2390 domini
302 2355 440 2400 n1⁰.coe³.lxrij⁰.‚
455 2355 472 2390 in
491 2355 532 2390 villa
549 2356 571 2391 de
590 2357 679 2400 spernam,
695 2355 769 2399 quedam

111 2406 168 2447 puella
176 2406 197 2439 de
202 2416 247 2448 equo
253 2407 280 2439 cui
285 2406 476 2440 insederat²casualiter
481 2407 542 2440 cecidit
549 2407 567 2439 in
575 2412 620 2440 terra
625 2417 677 2448 super
682 2407 744 2439 collum
750 2412 767 2438 et

65 2456 127 2498 capud,
135 2465 156 2488 ex
164 2455 211 2489 cuius
220 2466 270 2490 casus
278 2455 371 2490 infortunio
381 2457 468 2491 contracta
479 2463 497 2490 et
507 2456 549 2490 elisa
559 2462 626 2490 mortua
636 2461 690 2489 estet
700 2455 769 2498 penitus

65 2506 140 2540 extincta
152 2516 183 2549 per
194 2506 271 2549 spacium
283 2506 334 2540 trium
344 2507 424 2541 horarum
436 2506 520 2551 apparuit.
542 2507 593 2540 Vnde
604 2505 695 2550 propinqui
707 2504 744 2539 eius
752 2511 768 2539 et
777 2518 796 2548 35

208 2595 213 2612 ¹
224 2595 257 2625 MS.
265 2596 367 2626 visitauerunt.
490 2595 496 2615 ²
507 2596 540 2627 MS.
547 2594 623 2625 insiderat.
