1762 2803
82 162 84 167 ·
137 144 182 190 554
403 133 527 193 flssnttffll'l‘
544 135 575 179 H·

135 264 176 288 vere
184 254 238 289 credit
246 254 274 297 qui
282 261 349 289 exercet
356 255 445 297 operando
453 255 500 298 quod
508 255 573 288 credit!
596 254 636 287 Hiis
644 265 712 297 quoque
720 254 776 287 modis
784 261 839 299 quoad

137 304 176 338 fidei
184 315 215 338 seu
225 304 330 339 credulitatis
340 304 470 339 obseruanciam
481 306 577 339 monachus
588 305 620 339 iste
630 305 702 338 feliciter
709 304 756 339 vixit.
779 307 799 340 In
810 319 838 351 spe

136 366 177 390 vero
184 356 239 397 fortis,
246 356 322 399 paciens,
330 356 433 399 longanimis
441 362 458 390 et
466 367 580 400 perseuerans
587 356 620 390 iste
629 357 724 390 monachus
734 357 771 389 fuit.
794 358 838 395 Nam

136 417 179 440 sana
193 407 301 440 consciencia
314 407 359 440 intus
374 407 391 440 in
405 408 463 440 animo
476 409 520 441 adeo
533 408 608 441 munitus
623 406 682 446 extitit,
695 413 713 439 vt
728 408 775 439 nulla
786 411 838 449 potuit

119 456 242 495 5aduersitate
255 457 315 499 frangi,
329 456 376 490 nulla
390 461 458 491 terrena
472 457 552 491 felicitate
568 468 578 490 a
593 456 639 490 bono
656 461 740 499 concepto
755 458 839 500 proposito

136 506 199 548 seduci,
208 507 258 540 auelli
265 509 293 539 vel
301 508 368 550 mutari,
377 514 402 541 set
412 509 500 551 pacienter
511 514 528 541 et
539 508 657 550 longanimiter
668 508 685 541 in
696 507 785 550 proposito
795 510 839 543 bono

136 562 154 591 et
167 558 248 600 precipue
262 558 370 599 monachico,
382 560 429 602 quod
441 560 463 592 ab
477 558 528 592 inicio
539 560 624 602 professus
636 564 668 598 est,
680 557 839 593 incommutabiliter

136 617 189 651 vsque
199 609 222 641 ad
230 614 304 642 mortem
315 609 437 650 perseuerauit,
444 619 477 643 nec
484 610 519 643 vllo
530 609 582 642 modo
594 609 684 652 desperare
695 608 750 651 potuit
761 608 783 641 de
793 609 839 643 retri-

136 659 209 692 bucione
220 659 306 692 felicitatis
318 665 381 693 eterne.
405 659 498 693 Caritatem
505 671 546 693 vero
558 660 653 692 monachus
665 658 697 691 iste
709 669 750 699 erga
761 658 812 691 deum
823 667 839 693 et

110 722 129 743 10
136 709 197 741 fratres
205 718 245 741 suos
253 715 352 742 constanter
359 709 424 743 tenuit:
438 710 484 741 Nam
492 715 585 742 creatorem
594 719 642 741 suurn
652 708 669 741 in
680 714 747 741 tantum
755 707 839 750 dilexerat,

137 757 185 793 cuius
197 759 248 793 solius
260 759 314 793 amori
325 770 393 803 semper
405 760 482 793 inherere
494 760 605 802 cupiebatur
616 761 639 793 ob
650 759 687 793 eius
699 756 839 801 integer[r]imam

137 809 250 844 dileccionem
258 812 344 845 seculares
355 811 429 845 honores
440 812 525 854 quoslibet
537 812 606 854 penitus
617 811 701 851 deuitans,
710 821 795 853 nusquam
806 816 839 845 toto

137 868 215 903 tempore
221 861 256 894 vite
262 872 292 894 sue
300 862 344 895 curis
349 862 376 894 vel
381 862 439 895 officiis
448 861 587 895 interioribusve]
596 861 706 895 exterioribus
713 860 839 904 quomodolibet

138 912 191 945 uoluit
205 912 294 953 implicari,
306 919 332 944 set
343 906 462 944 tantummodo
474 923 513 944 cum
525 917 611 945 conuentu
623 917 639 945 et
651 911 668 944 in
681 917 767 944 conuentu
779 911 839 945 diuinis

112 977 129 1007 15
138 961 230 1004 obsequiis,
239 968 256 995 et
264 963 281 994 in
289 962 360 994 fratrum
369 972 438 995 suorum
446 962 527 995 oneribus
535 961 662 1005 subportandis,
671 961 752 995 continue
760 966 777 993 et
785 960 839 995 infati-

137 1013 216 1056 gabiliter
223 1013 318 1055 permansit
325 1018 424 1055 occupatus,
432 1013 462 1046 vbi
470 1013 550 1046 omnibus
558 1013 671 1046 confratribus
679 1011 714 1045 suis
722 1010 839 1053 humillimum,

137 1063 300 1103 mansuetissimum,
314 1062 366 1105 pium,
379 1063 483 1104 modestum,
498 1063 612 1106 tranquillum,
629 1062 722 1106 placidum,
739 1061 839 1104 pacientem,

138 1114 252 1154 obedientem,
271 1114 358 1154 deuotum,
377 1120 394 1147 et
410 1113 491 1155 precipue
512 1114 620 1146 caritatiuum
644 1113 755 1154 semetipsum
775 1122 840 1153 semper

137 1163 218 1196 exhibuit.
241 1162 312 1196 Solebat
320 1173 395 1205 namque
403 1164 498 1195 monachus
506 1163 539 1195 iste
546 1163 635 1196 noctumis
643 1162 723 1204 precipue
731 1161 840 1202 temporibus,

111 1228 130 1249 ro
138 1214 179 1247 dum
193 1219 287 1246 conuentus
300 1223 319 1246 se
331 1212 384 1256 quieti
397 1212 478 1254 dedisset,
492 1212 552 1247 relicto
565 1218 619 1246 stratu
633 1223 664 1245 suo
678 1213 699 1246 de
712 1210 811 1245 dormitorio
824 1211 840 1245 in

138 1263 229 1299 ecclesiam
237 1264 310 1297 latenter
318 1263 422 1297 descendere
430 1269 447 1296 et
455 1263 477 1297 ad
485 1264 538 1297 altare
544 1264 595 1297 beate
603 1262 659 1296 Marie
667 1268 684 1296 et
692 1267 751 1296 sancte
760 1261 840 1295 Katerine

138 1313 213 1348 martiris
224 1313 293 1347 caucius
305 1324 381 1357 pergere,
389 1324 411 1347 ne
423 1313 555 1356 inuestigaretur
565 1315 588 1347 ab
599 1314 661 1357 aliquo,
669 1319 686 1347 et
698 1312 726 1354 ibi,
734 1311 775 1356 quia
785 1313 840 1345 locum

139 1366 196 1408 ipsum
207 1365 297 1407 reputabat
309 1364 448 1405 secretissimum,
456 1365 474 1398 in
482 1365 590 1398 oracionibus
598 1374 617 1397 se
624 1370 715 1406 prostrare,
724 1369 741 1396 et
749 1368 840 1405 prostratus

138 1414 203 1448 orando
208 1414 283 1455 vigilare,
289 1424 376 1456 vsquequo
383 1414 458 1447 sonitum
465 1414 532 1447 audiret
540 1413 630 1447 cuiusdam
637 1413 748 1446 tintinnabuli
755 1413 773 1446 in
779 1411 840 1445 dormi-

112 1478 130 1509 25
139 1464 188 1506 torio,
196 1474 230 1506 quo
242 1464 302 1497 fratres
315 1464 370 1497 solent
382 1473 392 1497 a
404 1473 477 1506 sompno
488 1462 569 1504 excitari;
583 1474 616 1506 quo
628 1473 669 1497 vero
680 1462 739 1505 agnito
751 1467 767 1496 et
779 1461 840 1502 audito,

139 1516 202 1547 lectum
211 1513 295 1557 [repetere
300 1515 324 1554 et]
331 1513 337 1532 ¹
344 1514 392 1556 quasi
401 1524 440 1547 cum
447 1514 485 1547 aliis
493 1513 573 1547 fratribus
582 1520 623 1548 tunc
630 1514 685 1557 primo
694 1513 798 1554 surrexisset,
806 1510 841 1545 sict

139 1575 178 1598 cunr
185 1564 251 1597 eisdem
257 1570 327 1607 paratus
333 1565 356 1597 ad
362 1564 437 1597 officium
444 1564 521 1597 diuinum
526 1564 643 1606 peragendum
649 1564 667 1597 in
673 1563 764 1597 ecclesiam
770 1563 840 1596 descen-

140 1615 186 1656 dere,
194 1624 248 1658 vsque
258 1614 281 1648 ad
290 1613 407 1656 explecionem
415 1613 538 1648 matutinorum
546 1620 642 1649 moraturus
650 1614 720 1648 ibidem.
743 1616 766 1648 Et
774 1614 798 1647 sic
804 1624 840 1646 rara

139 1665 167 1698 vel
171 1664 218 1696 nulla
223 1664 299 1696 noctium
304 1671 383 1706 tempora
388 1665 523 1707 pertransierunt
528 1664 534 1682 ³
539 1676 572 1707 que
577 1676 611 1697 non
616 1665 664 1697 duxit
670 1665 741 1708 peruigil
747 1670 764 1697 et
768 1665 840 1704 insump-

112 1725 132 1754 30
139 1714 171 1747 nis.
185 1714 209 1746 Et
215 1713 335 1746 nichilominus
343 1715 361 1746 in
369 1714 456 1757 obsequiis
462 1714 524 1747 diuinis
530 1714 629 1747 exercendis
634 1719 670 1747 tam
676 1714 698 1748 de
704 1719 755 1748 nocte
761 1723 812 1758 quam
820 1713 840 1746 de

140 1765 172 1807 die,
178 1770 195 1798 et
200 1775 231 1808 pro
237 1775 256 1798 se
261 1765 298 1808 ipso
304 1771 321 1798 et
327 1774 358 1808 pro
362 1764 444 1798 fratribus
450 1765 490 1806 suis,
493 1770 588 1807 promptus,
593 1770 663 1808 paratus
669 1771 686 1800 et
691 1765 770 1799 assiduus
777 1773 841 1807 semper

138 1815 175 1849 suit.
199 1816 245 1847 Nam
253 1815 330 1857 quolibet
338 1814 366 1848 die
374 1820 403 1848 aut
413 1814 485 1848 missam
496 1815 570 1857 gloriose
578 1815 649 1857 virginis
662 1816 723 1856 Marie,
731 1822 761 1849 aut
772 1815 841 1847 missam

139 1865 262 1905 matutinalem,
276 1871 306 1897 aut
318 1875 403 1897 summam
416 1864 491 1905 missam,
504 1866 530 1898 vel
544 1866 605 1898 saltem
618 1865 689 1898 missam
701 1865 787 1907 priuatam
799 1863 841 1896 cele·

138 1916 207 1955 braret·,
219 1920 296 1956 preterea
307 1919 337 1946 aut
348 1914 439 1956 epistolam
447 1915 474 1947 vel
486 1913 595 1956 euangelium
605 1914 623 1947 in
635 1925 702 1947 summa
709 1915 763 1948 missa
769 1915 841 1957 legeret¹

112 1976 131 2005 35
140 1963 202 1998 cotidie
214 1964 310 1996 reuestitus.
338 1965 400 1997 Grauis
414 1975 489 2008 namque
501 1976 545 2007 pena
559 1966 591 1997 sibi
604 1966 641 2006 fuit,
653 1966 667 1998 si
681 1966 775 2007 cuiuspiam
787 1963 841 1998 fratris

139 2025 182 2048 onus
190 2020 226 2047 tarn
234 2014 271 2058 [de]
281 2015 308 2048 die
317 2025 369 2058 quam
376 2016 398 2048 de
406 2021 457 2048 nocte
465 2014 536 2048 minime
545 2014 602 2049 subire
612 2015 705 2058 potuisset;
718 2021 735 2049 et
743 2026 752 2049 e
761 2022 841 2048 conuerso

139 2076 221 2108 magnum
236 2066 325 2100 videbatur
341 2065 373 2099 sibi
392 2065 476 2099 solacium
490 2066 589 2109 contigisse,
606 2077 645 2100 curn
660 2078 671 2100 a
685 2076 772 2110 quoquam
792 2066 841 2099 fratre

139 2116 238 2157 regulariter
246 2117 263 2149 in
271 2117 347 2150 tabulata
355 2116 387 2150 sibi
396 2115 522 2159 iniungeretur⁶
530 2117 576 2150 vices
584 2127 624 2150 suas
632 2123 742 2159 supportare3
752 2116 777 2150 sic
785 2114 841 2159 procul

140 2167 198 2206 dubio,
213 2173 232 2199 vt
250 2167 265 2199 si
280 2166 362 2209 possibile
377 2167 441 2208 fuisset,
454 2172 509 2201 totum
524 2167 624 2209 obsequium
640 2167 717 2200 diuinum
732 2167 811 2200 diurnum
826 2169 841 2197 et

112 2229 132 2258 40
140 2222 242 2250 nocturnum
250 2217 296 2249 solus
304 2217 341 2258 ipse
348 2217 461 2250 libentissime
471 2228 502 2259 pro
510 2218 590 2250 fratribus
597 2218 632 2250 suis
640 2217 754 2251 sustinuisset.
771 2219 778 2257 ΙΙ
792 2217 841 2249 Nune

140 2276 182 2307 ergo
192 2266 233 2298 libet
243 2265 304 2298 intueri
314 2268 406 2308 quomodo,
414 2267 488 2310 qualiter
495 2274 513 2300 et
520 2267 549 2299 vbi
557 2269 653 2300 monachus
660 2268 693 2301 iste
701 2268 744 2301 cibis
751 2272 768 2301 et
776 2265 841 2310 potibus

140 2317 184 2351 solet
190 2316 269 2349 recreari.
281 2317 302 2349 In
308 2317 372 2359 primis,
377 2319 461 2351 veraciter
467 2317 500 2351 dici
507 2323 563 2360 potest
571 2318 725 2360 quoduprimitiua
733 2315 842 2351 conuersione

140 2378 172 2402 sua
179 2377 232 2409 usque
241 2367 301 2399 horam
308 2366 353 2399 illam
361 2378 395 2409 qua
403 2367 471 2410 interiit,
475 2379 560 2410 nusquam
566 2375 614 2401 extra
619 2369 727 2402 refectorium
733 2364 842 2402 manducauit

141 2419 167 2450 vel
175 2417 224 2457 bibit,
232 2423 257 2450 set
266 2427 333 2459 semper
340 2417 387 2450 horis
395 2418 490 2458 prandendi
498 2418 525 2450 vel
533 2418 603 2451 bibendi
611 2419 680 2451 statutis
689 2424 759 2460 paratus
766 2417 797 2450 fuit
805 2423 841 2448 curn

113 2475 132 2505 45
141 2473 226 2501 conuentu
237 2473 255 2500 et
265 2467 283 2500 in
293 2472 378 2500 conuentu
389 2468 457 2508 qualem
469 2467 501 2500 sibi
513 2467 576 2509 placuit
588 2474 697 2510 percepturus
708 2477 800 2501 annonam.
823 2464 841 2496 ln

141 2517 189 2552 cuius
201 2518 263 2551 haustu
277 2516 314 2550 siue
327 2523 378 2559 gustu
390 2516 422 2550 sibi
434 2516 467 2560 ipsi
479 2516 530 2551 nimis
542 2528 603 2560 parcus
616 2518 699 2552 extiterat.
722 2516 775 2552 Omni
786 2522 842 2550 tamen

151 2585 199 2617 ¹0m.
220 2584 269 2617 ²Ms,
277 2588 293 2616 et
300 2585 327 2616 sic.
348 2584 396 2617 ³MS.
404 2585 521 2624 pertransierat.
541 2585 660 2627 *Mslegerae
679 2585 842 2627 ⁵MS.perungeretur.
