1762 2803
62 120 197 162 assonaret
213 114 259 169 me
273 113 307 167 a.
321 116 453 167 uomuuoo
468 125 525 177 teuc
539 120 563 167 et
576 120 692 177 morture.
719 119 763 174 685

61 232 151 268 brachium
166 246 221 278 suum,
237 243 253 271 et
268 249 307 272 cnm
322 249 386 281 magno
400 237 464 273 lumine
479 249 514 282 quo
528 237 607 282 apparuit
622 237 645 272 ab
660 237 696 272 eius
711 237 765 273 oculis

62 282 191 328 discessi[sse]t.
211 289 251 321 Hoc
259 289 332 332 denique
340 289 408 331 signum
414 289 475 323 nutrici
484 300 525 333 puer
532 289 591 323 dedit:
602 288 698 330 ‘inuenies
705 288 765 332 inquit,

62 334 163 375 panniculos
176 345 193 371 et
205 349 306 382 quecunque
318 340 408 381 diligenter
419 341 490 374 brachio
501 351 540 374 meo
551 340 653 382 apposuisti,
666 340 683 373 in
695 340 765 382 profun-

62 383 131 428 dita[te]
144 386 201 421 lectuli
214 388 313 423 recondita.¹
337 390 375 431 Que
391 389 449 423 statim
464 401 536 431 surgens
550 395 568 423 et
583 388 642 423 omnia
657 395 708 432 prout
723 400 765 432 puer

62 432 169 469 indicauerat
180 437 275 479 inueniens,
287 450 382 482 sanumque
393 439 482 473 brachium
493 439 625 484 circumquaque
641 439 763 473 considerans:
773 446 782 476 5

62 485 130 525 gracias
142 488 176 529 egit
188 490 221 522 deo
232 495 249 522 et
261 490 297 522 eius
308 490 357 522 militi
369 497 430 522 sancto
441 491 545 532 Edmundo3
556 496 617 533 postea
628 497 687 524 votum
699 490 763 524 factum

62 536 140 571 soluebat
148 544 165 572 et
172 539 280 573 oblacionem
287 546 347 573 sancto
354 540 419 574 martiri
427 541 520 574 deferebat.

67 614 140 689 ERat
148 617 218 659 quidam
225 619 320 651 monachus
328 619 382 651 sancti
390 619 479 651 Edmundi
490 616 559 651 nomine
571 620 657 651 lohannes
667 620 689 652 de
697 621 764 652 Lauen·

126 666 176 708 ham;
192 673 233 701 tunc
244 675 334 712 susceptor
345 667 439 712 hospitum,
452 675 469 702 et
482 675 543 712 postea
556 667 626 702 sacrista
639 668 671 702 fuit
685 669 765 712 optimus.

64 715 95 748 Cui
104 716 149 750 circa
156 729 221 751 annum
230 719 294 752 domini
307 730 326 762 13
328 728 354 762 53,
362 726 438 763 tempore
446 726 505 753 sancte
513 719 648 763 quadragesime,
656 719 703 752 vicus
713 731 765 762 graue
776 732 794 752 ro

63 778 114 809 supra
122 769 192 801 modum
199 770 231 802 sub
238 776 297 803 mento
305 783 315 804 a
322 772 375 805 latere
383 771 455 813 gutturis
463 771 508 814 cepit
514 781 627 810 succrescere,
632 781 666 814 quo
671 770 706 803 vim
711 771 766 804 eciam

63 817 151 858 inferente,
159 831 170 852 a
178 820 265 854 dominica
273 821 300 863 iijt
309 822 386 855 eiusdem
395 821 526 864 quadragesime
533 832 585 863 vsque
595 820 612 854 in
619 821 695 862 vigiliam
703 823 767 863 pasche

63 877 119 909 neque
131 879 204 910 sompno
217 881 272 912 neque
285 870 323 903 cibo
336 871 388 903 libere
400 877 467 913 poterat
482 870 576 912 indulgere.
605 870 683 912 Cumque
697 871 767 903 morbus

64 916 188 960 intumesceret,
197 926 214 953 et
225 920 261 963 ipse
271 920 306 963 iugi
317 920 412 963 punccione
424 927 496 954 mortem
507 920 540 954 sibi
551 920 640 953 imminere
652 926 767 962 tremesceret,

63 969 126 1002 multos
137 969 214 1003 sanctos¹
227 970 318 1013 inuocauit,
326 977 351 1005 set
359 971 413 1005 sancti
424 971 513 1005 Edmundi
521 971 567 1014 regis
574 978 591 1004 et
598 970 673 1004 martiris
681 976 698 1005 et
709 977 767 1006 sancte
777 980 794 1011 ¹5

64 1018 134 1061 virginis
140 1021 245 1055 Etheldrede
252 1032 271 1055 se
279 1022 358 1065 precibus
369 1023 435 1065 plenius
444 1021 593 1065 com[m]endauit.
617 1023 670 1055 Porro
677 1022 735 1056 aferia
742 1023 767 1065 vjr

63 1075 104 1102 ante
109 1070 214 1104 dominicam
222 1072 317 1115 palmarum
324 1083 377 1116 vsque
385 1071 403 1105 in
409 1072 454 1106 diem
462 1083 564 1115 parasceues
572 1071 596 1105 ita
603 1071 638 1105 iam
645 1071 701 1105 dictus
708 1083 766 1106 mona·

64 1121 106 1153 chus
114 1120 212 1155 infirmitate
221 1123 313 1164 depressus
320 1123 387 1156 iacebat
393 1129 412 1156 ut
419 1133 450 1164 per
457 1123 512 1164 ipsam
520 1122 635 1155 ebdomadam
643 1122 727 1163 integram
735 1134 767 1156 nec

64 1170 135 1202 verbum
143 1171 244 1213 exprimeret
252 1183 308 1215 neque
316 1167 376 1205 dentes
384 1178 410 1205 set
417 1172 446 1204 vix
456 1172 501 1204 labia
512 1183 543 1215 pro
552 1182 658 1215 quacumque
665 1172 767 1205 necessitate

64 1220 87 1253 ab
98 1220 172 1256 inuicem
184 1221 281 1265 disiungere
293 1222 380 1266 potuisset,
392 1223 437 1257 vnde
448 1222 571 1266 desperacione
583 1222 617 1257 vite
629 1230 719 1266 concepta,
726 1224 767 1267 quia
776 1234 795 1257 ro

64 1272 110 1313 loqui
118 1283 153 1305 non
161 1279 228 1315 poterat
236 1284 318 1307 manuum
324 1273 383 1315 signis,
389 1284 436 1307 more
444 1274 568 1307 monachorum
576 1273 592 1306 in
601 1273 629 1307 die
636 1284 767 1316 parasceues,se

64 1328 150 1355 mortuum
159 1323 245 1365 signabat.
268 1325 307 1357 Hoc
319 1325 390 1357 tandem
398 1324 426 1357 die
437 1324 455 1356 in
467 1334 534 1357 summa
545 1334 590 1366 pena
601 1323 623 1356 ab
633 1323 671 1367 ipso
681 1325 767 1358 monacho

64 1379 168 1414 exspectato,
180 1374 225 1406 circa
236 1375 296 1406 horam
308 1374 342 1407 diei
355 1384 419 1406 nonam
431 1374 518 1416 paululum
530 1374 622 1406 dormitare
636 1374 691 1416 cepit3
704 1374 721 1407 in
733 1385 767 1417 qua

65 1421 188 1456 donnitacione
202 1434 243 1456 mox
257 1423 289 1457 sibi
304 1424 360 1457 visum
374 1424 405 1457 fait
420 1424 467 1467 quod
481 1424 498 1457 in
514 1423 586 1457 ecclesia
604 1424 660 1457 sancti
679 1424 767 1457 Edmundi

64 1472 134 1514 gloriosi
142 1473 167 1507 sui
175 1473 242 1516 patroni
250 1473 295 1508 iuxta
303 1474 386 1517 capellam
394 1474 471 1508 eiusdem
479 1473 496 1508 in
504 1473 598 1517 aquilonari
606 1480 654 1517 parte
662 1474 708 1508 chori
717 1474 767 1509 sitam
777 1484 795 1514 ²5

65 1533 84 1556 se
95 1523 151 1566 sopori
163 1524 244 1558 dedisset.
267 1525 305 1568 Quo
313 1524 347 1558 illic
354 1531 372 1558 vt
381 1523 428 1568 [sibi]
436 1524 493 1558 visum
500 1531 526 1559 est
533 1524 552 1558 in
559 1524 612 1558 extasi
620 1531 738 1568 permanente,
745 1526 768 1559 de

65 1575 131 1616 capella
140 1575 217 1616 proxima
226 1574 292 1608 sancti²
302 1576 348 1608 Sabe
355 1574 423 1608 abbatis
430 1575 470 1608 exiit
478 1575 553 1617 quedam
560 1574 696 1608 sanctimonialis
704 1576 769 1608 femina

65 1634 117 1667 supra
127 1625 198 1658 modum
206 1625 273 1665 decora,
281 1635 314 1668 que
322 1625 345 1659 ad
353 1625 409 1658 locum
421 1624 438 1658 in
448 1635 483 1668 quo
493 1624 544 1658 iacuit
553 1624 617 1659 directe
628 1625 705 1668 profecta
714 1631 741 1659 est
751 1631 769 1659 et

65 1675 126 1709 leniter
133 1675 170 1710 eius
177 1675 268 1719 pollicibus
278 1675 315 1710 eius
325 1676 371 1710 labia
378 1683 451 1719 tangens
459 1682 476 1710 et
484 1675 563 1720 aperiens
574 1675 642 1720 orisque
652 1674 697 1710 illius
708 1675 769 1711 intima

66 1727 183 1766 considerans,
191 1727 247 1760 crucis
254 1728 323 1769 signum
330 1727 413 1770 apposuit,
421 1732 439 1760 et
446 1736 505 1760 versus
512 1736 594 1769 magnum
602 1727 656 1760 altare
664 1733 681 1760 et
688 1727 768 1760 feretrum
776 1735 796 1764 30

66 1777 120 1810 sancti
127 1777 214 1810 Edmundi
220 1777 265 1820 cepit
273 1777 302 1811 ire.
325 1778 354 1811 Set
363 1788 403 1810 mox
408 1777 431 1810 ad
437 1777 523 1810 infirmum
528 1777 632 1810 monachum
639 1788 713 1818 reuersa,
721 1788 767 1811 eum·

66 1838 99 1869 que
107 1828 170 1860 blande
178 1829 274 1867 consolans,
283 1827 340 1860 taliter
347 1827 421 1860 allocuta
429 1833 465 1860 est:
477 1827 513 1860 ‘Tu
520 1827 563 1860 duos
571 1827 632 1860 anulos
642 1838 703 1860 aureos
713 1828 768 1861 habes

66 1876 83 1909 in
89 1876 154 1910 cistella
159 1883 193 1918 tua,
198 1877 286 1919 dequibus
291 1877 337 1918 apud
343 1876 465 1909 monasterium
470 1876 492 1909 de
497 1876 530 1917 Ely
535 1886 587 1909 vnum
593 1876 645 1909 facies
651 1876 704 1909 michi
710 1877 767 1916 ferri3'

66 1938 98 1959 nec
106 1927 134 1960 vix
141 1928 194 1960 verba
202 1927 321 1970 compleuerat,
329 1937 369 1959 ecce
376 1926 424 1969 quasi
432 1927 455 1959 ab
462 1926 543 1968 ymagine
551 1925 605 1960 sancti
614 1926 702 1959 Edmundi
709 1937 742 1970 que
750 1927 768 1960 in

66 1978 183 2022 dictacapella
189 1978 222 2012 sita
230 1984 272 2020 erat,
280 1989 313 2011 vox
320 1978 358 2011 talis
366 1978 423 2012 exibat
431 1989 435 2011 :
448 1977 482 2011 ‘Et
489 1978 561 2011 alterum
570 1977 620 2011 dabis
626 1977 690 2011 michi!
701 1978 768 2020 Quibus
777 1990 795 2021 35

66 2029 159 2069 bannitis,
173 2029 217 2062 visio
228 2030 274 2062 facta
285 2029 373 2070 disparuit.
396 2029 419 2061 Et
431 2028 489 2061 statim
500 2029 596 2061 monachus
608 2028 690 2068 infirmus,
699 2029 726 2061 cui
738 2040 769 2071 per

66 2079 181 2113 ebdomadam
188 2079 308 2122 precedentem
318 2089 350 2112 nec
359 2078 439 2121 loquendi
447 2089 480 2112 nec
487 2077 556 2112 viuendi
568 2089 607 2121 spes
615 2078 648 2111 vlla
658 2085 769 2121 remanserat,

66 2129 149 2163 excitatus
156 2141 167 2162 a
175 2139 247 2171 sompno
255 2135 272 2162 et
279 2139 290 2161 a
297 2138 370 2171 sompno
378 2128 460 2167 turbatus,
467 2128 524 2161 multis
536 2128 571 2161 illic
581 2128 677 2161 astantibus
684 2139 719 2161 vna
726 2139 769 2163 voce

66 2180 161 2214 clamabat:
174 2178 290 2219 ‘Benedicite,
298 2179 358 2212 fratres
366 2178 399 2211 mei
406 2190 411 2219 ς
422 2177 459 2222 quis
467 2177 515 2211 affuit
522 2177 550 2211 hic
558 2177 669 2211 uobiscum?’
688 2178 722 2222 Qui
730 2190 769 2213 cum

66 2231 148 2264 mirantes
155 2231 284 2274 respondissent
292 2230 338 2273 quod
348 2231 403 2263 nullus
413 2230 445 2262 nisi
454 2229 486 2272 ipsi
495 2230 537 2263 soti:
548 2235 609 2273 aperto
620 2230 679 2263 statim
689 2240 718 2264 ore
727 2231 768 2272 eius,
775 2242 796 2273 40

66 2287 118 2314 cunta
126 2292 157 2324 per
163 2282 240 2315 ordinem
248 2281 272 2314 eis
280 2281 370 2314 enarrabat
378 2290 411 2323 que
419 2281 462 2313 deus
469 2281 534 2314 meritis
541 2281 588 2314 beati
597 2281 685 2313 Edmundi
693 2286 710 2313 et
717 2281 768 2314 beate

67 2331 172 2363 Etheldrede
183 2331 229 2363 circa
240 2342 280 2363 eum
292 2331 356 2363 fecerat
367 2329 439 2362 mirifica
449 2329 519 2372 pietate.
542 2331 583 2363 Post
593 2330 625 2363 hec
635 2330 682 2363 febre
693 2330 768 2373 quadam

67 2388 154 2424 correptus
162 2382 184 2414 de
192 2382 291 2414 infirmitate
303 2380 394 2421 conualuit,
402 2381 469 2423 deoque
480 2391 547 2413 summo
556 2387 573 2414 et
583 2380 647 2414 sanctis
656 2380 692 2413 eius
702 2380 768 2422 gracias

67 2431 106 2475 egit.
117 2432 119 2473 Ι
130 2431 205 2475 Quidam
212 2431 284 2464 forsitan
293 2431 325 2464 hec
332 2431 421 2464 audientes
429 2431 450 2464 de
458 2431 526 2472 sanctis,
532 2430 579 2464 varie
586 2430 685 2463 iudicabunt
693 2440 714 2462 eo
722 2430 768 2473 quod

88 2511 91 2529 ¹
104 2511 137 2541 MS.
144 2511 200 2541 socios.
300 2510 306 2528 ²
316 2510 349 2540 MS.
357 2514 412 2540 sancte.
433 2511 471 2540 This
478 2510 532 2549 chapel
539 2510 569 2539 had
577 2510 615 2539 been
622 2509 687 2539 founded
694 2509 715 2548 by
722 2510 769 2540 abbot

67 2551 152 2630 ffiiililii
156 2559 179 2620 1110
177 2551 228 2627 ις’-138),
235 2551 271 2580 who
276 2550 307 2580 had
314 2550 400 2589 previously
406 2551 443 2581 been
451 2551 498 2580 abbot
504 2550 522 2580 of
526 2550 550 2580 St.
555 2549 604 2580 Sabas
609 2553 625 2579 nt
631 2550 689 2586 itone,
699 2549 719 2579 ef.
726 2549 769 2580 Mon.
