1762 2803
71 157 239 198 ussonia-r]
261 147 383 208 mouentia
399 146 589 210 &taurinati
731 157 772 204 731

73 266 136 302 Christi
145 277 196 301 uoces
203 273 264 303 tonant
272 280 303 312 per
309 270 373 304 nubila.
392 270 488 303 Edwardus
496 279 526 301 rex
534 268 571 311 ipse
577 272 593 300 et
601 277 662 310 regum
668 265 776 306 iustissimus,

71 324 121 351 tanta
135 317 216 352 uirtutum
232 319 319 353 celestium
334 319 412 353 nouitate
424 325 517 363 permotus,
530 319 587 352 locum
600 317 647 351 illum
660 316 776 360 multipliciter

72 368 167 409 honorauit,
175 376 193 402 et
201 369 274 403 diuersis
282 370 397 404 oblationibus
405 369 472 403 ditauit.
495 371 523 403 lta
530 369 617 412 gaudente
625 375 674 407 terra,
682 368 776 401 resultante

73 420 118 462 polo,
125 420 143 453 fit
151 420 191 453 cleri
199 428 216 453 et
224 422 279 464 plebis
287 432 380 454 concursus
387 421 447 460 maior,
452 421 520 455 diuersa
527 420 592 455 martiri
600 420 693 454 offeruntur
698 419 776 459 donaria,

73 470 109 502 auri
125 471 225 512 argentique
240 481 308 503 necnon
321 477 339 503 et
353 472 425 504 aliarum
438 472 533 512 specierum
547 472 626 511 ingentes
639 470 701 502 cumuli
714 480 794 511 conge-5

73 525 143 560 runtur·,
155 526 243 562 gestorum
249 520 296 552 sarna
303 520 346 553 fines
354 521 402 562 regni
412 526 496 563 penetrat,
507 526 524 554 et
536 531 567 563 per
576 525 631 553 totum
640 529 703 561 corpus
713 518 776 561 anglici

74 569 120 602 orbis
127 570 148 602 de
154 581 199 603 noua
205 569 304 602 inuentione
309 570 384 603 martiris
390 570 447 604 suauis
454 572 497 604 odor
502 570 566 604 Christi
572 569 676 603 diffunditur.
696 569 776 612 Denique

73 631 108 654 non
116 621 172 653 solum
179 620 201 653 de
212 619 255 652 locis
266 619 282 653 ei
293 620 385 662 contiguis,
393 620 424 654 sed
432 626 449 653 et
457 622 479 654 de
486 621 556 654 remotis
565 621 629 662 Anglie
640 621 717 663 partibus
729 621 776 654 omni

74 681 120 703 anno
133 670 179 703 circa
193 670 255 702 testum
270 671 388 712 apostolorum
400 670 446 703 Petri
461 677 479 704 et
490 671 538 703 Pauli
553 671 635 712 languidi,
648 670 746 704 moribundi
759 678 776 705 et

18 757 20 762 Ι
75 720 140 753 debiles
150 719 234 753 innumeri
242 720 294 753 carris
304 721 380 763 impositi
390 721 413 754 ad
423 722 480 754 locum
487 720 561 754 martiris
569 720 703 761 adducebantur,
711 727 728 753 et
737 732 777 754 mox
787 733 805 753 ro

75 769 112 803 sani
120 774 172 812 atque
180 769 274 802 incolumes
281 770 408 804 reddebantur:
417 770 467 813 Quia,
474 770 559 812 largiente
567 769 640 808 Christo,
648 769 710 802 ‘uirtus
718 770 740 802 de
749 769 778 803 illo

75 819 137 860 exibat,
143 826 160 854 et
168 819 241 854 sanabat
247 820 318 854 omnes!
332 820 411 863 Aeligiua
417 831 484 865 quoque
492 820 521 854 illa
528 831 580 864 quam
586 819 664 863 primitus
672 820 695 854 ad
701 820 777 855 tumbam

76 870 130 904 sancti
136 870 239 913 prediximus
244 870 297 904 fuisse
303 877 384 912 curatam,
390 877 429 914 post
435 871 541 914 aliquantum
546 871 627 913 temporis
633 870 704 904 robusta
708 880 779 913 corpore

76 927 93 954 et
104 921 166 954 nobilis
178 921 239 953 effecta
250 926 277 954 est
288 927 377 954 matrona:
389 927 511 964 assumptoque
520 920 607 962 religionis
617 920 677 953 habitu
689 920 706 953 in
718 921 778 954 eodem

76 970 114 1002 loco
121 970 169 1011 uirgo
177 970 276 1011 permansit,
284 970 301 1002 in
313 977 372 1003 sancta
382 972 513 1003 conuersatione
522 970 618 1009 consenuit,
626 977 643 1003 et
654 980 708 1012 usque
718 971 741 1003 ad
749 972 779 1004 tle·
788 981 807 1010 15

77 1019 159 1060 crepitam
171 1024 234 1051 etatem
246 1019 292 1051 uixit.
315 1021 371 1051 Tante
382 1031 423 1052 uero
434 1020 530 1053 sanctitatis
543 1026 560 1053 et
572 1020 619 1061 apud
631 1020 677 1062 ipsas
688 1021 780 1061 populares

77 1070 121 1101 bone
131 1068 216 1111 opinionis
227 1075 269 1109 erat,
277 1074 295 1101 ut
306 1069 359 1101 etiam
369 1070 420 1112 uulgo
428 1071 497 1103 ‘sancta
508 1070 677 1103 nonna’uocaretur.
700 1069 779 1104 Tandem

77 1129 123 1162 erge,
135 1119 182 1153 iussu
193 1119 262 1161 gloriosi
274 1119 323 1161 regis,
335 1131 356 1153 ex
368 1120 444 1153 maxima
456 1121 485 1154 illa
496 1120 603 1154 oblationum
614 1120 664 1163 copia
675 1120 740 1154 factum
753 1126 779 1154 est

77 1171 158 1204 feretrum
170 1169 256 1213 quoddam
271 1180 353 1213 magnum
364 1176 381 1204 et
394 1172 484 1214 pulchrum
497 1171 547 1204 ualde
561 1171 582 1204 de
594 1181 635 1204 auro
649 1177 666 1204 et
680 1177 750 1214 argento
763 1177 780 1205 et

78 1220 163 1262 lapidibus
174 1219 260 1262 preciosis,
268 1219 285 1252 in
293 1230 327 1262 quo
335 1220 379 1253 sacri
387 1220 460 1254 martiris
467 1232 506 1254 cum
514 1231 577 1262 magna
584 1221 683 1254 reuerencia
690 1221 781 1263 diligenter
789 1235 809 1255 ro

78 1276 95 1304 et
114 1270 207 1304 honorifice
225 1269 295 1313 reliquie
313 1270 395 1305 collocate
412 1276 456 1311 sunt,
472 1272 563 1313 Regnante
578 1270 648 1304 domino
663 1278 722 1305 nostro
741 1271 781 1305 lesu

80 1320 148 1354 Christo
156 1331 195 1353 cum
202 1325 250 1361 patre
258 1326 275 1353 et
283 1320 343 1362 spiritu
351 1327 416 1361 sancto,
422 1320 439 1353 in
447 1322 504 1354 secula
512 1322 613 1360 seculorum,
621 1323 684 1354 Arnen.
697 1324 704 1361 ΙΙ
718 1322 782 1354 Passus

79 1377 105 1404 est
115 1376 172 1403 autem
183 1370 300 1404 sanctissimus
310 1371 376 1414 deoque
386 1377 466 1413 acceptus
474 1371 589 1404 Eadmundus
599 1382 629 1405 rex
639 1371 685 1404 anrio
694 1370 782 1405 dominice

79 1421 201 1455 incarnationis
215 1420 373 1464 octinge[nte]simo
386 1421 518 1465 septuagesimo,
528 1421 597 1465 quando
609 1421 662 1455 etiam
675 1421 782 1464 Ragenerius

80 1477 149 1505 sanctus
164 1471 276 1513 supradictus,
288 1482 342 1514 nepos
356 1472 398 1513 eius,
412 1473 472 1505 martir
487 1473 551 1506 Christi
566 1474 654 1515 preciosus
668 1484 730 1515 passus
744 1484 782 1506 esse
792 1484 810 1513 ²5

80 1520 167 1553 conicitur.
189 1522 267 1562 Septimo
278 1521 342 1554 deinde
352 1532 399 1554 anno
411 1523 475 1562 inguar
485 1528 584 1563 persecutor
594 1522 635 1561 eius,
647 1532 686 1554 cum
696 1523 731 1554 alio
741 1532 782 1563 rege

80 1579 148 1612 pagano
163 1570 230 1602 occisus
244 1576 276 1603 est.
303 1571 356 1603 Porro
373 1571 411 1603 Rex
428 1570 482 1603 iustus
497 1570 599 1611 Edwardus,
615 1571 662 1604 cuius
677 1570 783 1614 temporibus

80 1620 161 1653 reuelatio
168 1621 215 1653 sacta
222 1625 254 1662 est,
262 1620 304 1653 obiit
312 1631 357 1653 anno
366 1621 430 1654 Christi
438 1620 529 1654 millesimo
536 1621 643 1662 sexagesimo
651 1628 703 1655 sexto.

182 1712 256 1755 Explicit
264 1712 341 1747 inuentio
348 1713 403 1747 sancti
411 1713 504 1755 Ragenerii
512 1713 570 1747 militis
578 1719 595 1746 et
603 1712 683 1748 martiris.
