1762 2803
119 80 221 164 '482‘
334 100 414 152 mona
429 96 545 160 trenna
561 97 653 160 aneta.
724 99 845 145 [trama.

144 221 210 255 deuota
221 220 280 261 valde,
293 230 335 254 cum
351 218 445 254 sororibus
461 218 544 253 Eudonia
558 224 577 254 et
589 218 672 263 Eugenia
682 218 789 263 virginibus,
803 229 846 262 pre-

145 274 234 308 dictarum
239 273 330 318 virginum
335 273 425 318 cognate¹.
438 271 482 307 Filie
488 284 532 307 vero
539 273 631 317 quondam
636 272 686 317 regis
692 273 846 315 Normannorum,

145 328 175 371 qui
187 337 235 361 nunc
247 337 308 361 comes
319 327 422 370 appellatur
432 326 456 360 de
468 326 586 368 Normandia,
598 327 650 361 beata
660 326 753 360 Dorothea
764 332 782 360 et
794 335 847 359 soror

145 380 184 414 eius
197 379 258 422 Lucia,
269 390 310 413 cum
322 390 355 413 suo
365 379 456 413 affuerunt
467 378 552 413 comitatu
563 379 681 413 nobilissimo.
705 379 750 413 Filie
761 383 846 423 preterea

128 433 237 476 ¹,quondam
252 432 301 475 regis
317 431 463 473 Flaudrensium,
475 432 507 475 qui
520 442 569 465 nunc
583 442 645 465 comes
660 432 731 474 dicitur,
747 432 803 465 Lucia
817 432 847 464 etl

146 486 243 526 Germana,
258 495 300 518 cum
315 489 373 518 matre
388 484 487 518 Theodora
501 484 637 528 preclarissima
651 488 739 525 matrona,
754 484 846 518 affuerunt

145 536 284 582 peregrinantes
295 547 329 581 pro
341 536 419 571 Christo.
443 536 488 571 Filia
499 548 544 571 sane
556 537 607 570 ducis
619 536 723 570 brabantini
734 536 847 570 louaniensis

145 590 225 635 Gyaua³,
238 596 292 635 atque
307 597 383 634 cognata
399 589 457 634 ipsius
470 589 553 624 Ywana⁴
566 589 603 625 iilia
618 589 702 624 auunculi
718 590 763 633 eius,
779 595 797 624 et
812 590 847 624 due

145 645 182 678 filie
193 644 265 677 comitis
276 644 383 687 ywanensis
391 642 466 677 Ysamia
478 649 496 678 et
509 643 598 684 Herdara,
606 654 648 678 cum
659 642 696 677 illis
703 643 848 686 proficiscuntur.

119 712 137 732 ιο
147 697 193 731 Filia
204 696 259 730 etiam
271 697 322 730 ducis
334 697 431 730 Frisonum
446 696 540 730 Elizabeth
552 702 628 737 cognata
642 696 705 738 regine
718 696 818 737 Danorum,
831 701 848 729 et

146 759 199 784 soror
209 747 267 792 ipsius
279 747 362 782 similiter
370 752 449 793 pergunt
457 759 498 782 cum
506 747 547 781 illis.
571 747 613 782 Dux
624 758 669 782 vero
680 747 788 782 Alexander
795 747 849 782 cum³

146 812 204 838 uxore
216 812 250 836 sua
261 807 279 836 et
290 802 362 836 filiabus
373 802 459 845 quinque,
471 803 508 836 dux
521 801 570 835 Leo⁰
579 812 621 835 cum
629 812 688 836 uxore
699 807 717 836 et
729 802 788 836 tribus
798 812 849 835 soro·

146 855 202 895 ribus¹
211 855 248 889 dux
256 854 312 889 ver0⁰
321 854 409 889 Sincerus
418 853 483 888 lwari⁷
491 854 539 897 regis
549 854 597 888 filius
608 865 650 889 cum
658 864 715 889 uxore
723 860 740 889 et
748 855 784 889 filia
792 854 849 898 Taysi

147 915 165 943 et
173 909 244 943 duabus
255 908 348 943 sororibus
356 908 391 943 illis
399 907 471 942 adhesit
476 908 487 942 ⁸.
510 908 596 942 Preterea
606 919 647 943 cum
656 907 721 942 ceteris
729 907 847 952 principibus,

120 974 137 1003 15
148 961 236 996 ducibus²
246 966 264 995 et
275 960 371 995 comitibus
383 961 433 994 affuit
446 960 560 995 Hardericus
571 971 633 995 comes
644 961 721 995 illustris
726 962 737 1004 ⁹,
748 961 849 995 auunculus

147 1013 211 1059 regine
222 1013 298 1058 virginis
309 1012 376 1048 Vrsule
387 1013 456 1056 matris,
468 1023 509 1048 cum
520 1023 577 1048 uxore
584 1013 652 1048 Vrsula
664 1013 741 1048 muliere
755 1014 820 1048 deuota
832 1017 850 1048 et

147 1074 222 1103 strenua
234 1067 347 1110 multumque
358 1066 449 1101 laudabili.
472 1067 502 1101 Ab
513 1067 548 1101 ista
556 1067 623 1102 Vrsula
634 1066 726 1102 comitissa
738 1067 788 1111 regia
798 1067 848 1111 virgo

147 1122 214 1155 Vrsula
226 1132 294 1154 nomen
305 1121 380 1164 accepit.
403 1121 501 1154 Habebant
512 1131 556 1154 sane
567 1131 630 1155 secum
639 1126 677 1154 tres
688 1120 746 1155 filias:
760 1120 849 1154 lulianam

147 1180 166 1208 et
174 1172 264 1208 Ebbinam
272 1173 353 1217 virgines
361 1173 458 1217 preclaras,
466 1178 520 1217 atque
528 1172 637 1217 Adewigem
643 1173 656 1191 ¹⁰
663 1172 762 1215 ducissam,
770 1171 849 1206 Cordule

121 1239 139 1260 ao
147 1225 223 1270 virginis
235 1231 318 1260 matrem.
342 1225 436 1259 Elizabeth
444 1225 495 1269 virgo
507 1224 622 1259 sanctissima
633 1224 720 1258 lobannis
730 1224 791 1269 magni
799 1224 850 1268 prin-

148 1278 193 1324 cipis
205 1278 246 1322 filia,
258 1278 309 1311 cuius
321 1283 380 1311 mater
392 1278 486 1311 Elizabeth
498 1278 591 1311 dicebatur
602 1283 620 1311 et
631 1282 671 1310 erat
681 1287 734 1310 soror
745 1277 802 1311 sancti
815 1277 848 1310 Ce-

147 1332 191 1367 sarii
205 1332 288 1376 episcopi
301 1332 407 1373 meldensis,
419 1331 467 1365 inter
479 1337 540 1365 cetera
554 1342 590 1375 que
604 1332 682 1375 agebant
698 1331 762 1374 [opera
775 1330 830 1373 bona]
837 1330 849 1350 ¹¹

148 1391 207 1421 mater
215 1386 249 1420 hec
257 1391 275 1420 et
283 1386 319 1419 filia
327 1386 420 1419 dominam
428 1390 510 1419 nostram
518 1384 582 1418 intimo
590 1385 656 1419 affectu
664 1384 773 1418 dilexerunt.
795 1384 849 1418 Vnde

148 1440 189 1482 ipsa
200 1440 264 1481 regina
275 1439 361 1480 celorum,
369 1438 464 1472 materiam
472 1439 518 1471 dans
529 1437 579 1471 fratri
591 1437 727 1481 expeditionem
736 1448 798 1471 earum
806 1436 850 1471 scri-

122 1500 140 1529 25
149 1490 205 1533 benti,
217 1490 296 1524 iniunxit
307 1494 326 1524 vt
338 1500 379 1523 eam
391 1489 490 1532 scriberet;
507 1494 535 1523 est
547 1488 596 1523 enim
608 1488 666 1524 series
678 1489 800 1533 expeditionis
811 1488 851 1523 eius

149 1544 231 1589 pulchra.
258 1544 326 1576 Sancta
344 1543 399 1577 etiam
418 1542 503 1576 Nestoria
519 1542 571 1585 virgo
589 1542 640 1576 affuit
658 1541 784 1582 illustrissima,
800 1542 851 1576 cuius

149 1601 210 1631 mater
225 1595 290 1640 Egidia
305 1595 342 1629 filia
356 1595 390 1629 fuit
406 1594 499 1629 Henrici¹²
513 1595 576 1639 magni
595 1595 645 1639 regis
659 1595 774 1630 Walliorum.
797 1596 851 1629 Pater

150 1648 241 1693 siquidem
252 1648 336 1682 Nestorie
348 1647 424 1692 virginis
434 1648 472 1682 dux
483 1653 522 1682 erat
533 1647 629 1692 Eusebius,
638 1653 656 1683 et
668 1650 718 1683 erat²
726 1650 790 1683 eadem
801 1648 851 1693 virgo

150 1712 203 1735 soror
216 1701 321 1734 Eleutherie
333 1705 351 1733 et
362 1701 436 1743 Iosippe
450 1700 542 1743 virginum
557 1712 581 1733 ex
596 1706 648 1744 parte
661 1701 722 1744 patris.
746 1702 799 1743 Ecce,
811 1712 852 1744 pre·

122 1768 141 1799 30
150 1755 239 1790 dictorum
250 1764 315 1798 regum
327 1757 345 1788 et
355 1753 466 1798 reginarum,
474 1755 546 1795 ducum,
557 1754 643 1789 comitum
655 1758 674 1789 et
684 1754 794 1800 principum,
802 1754 852 1789 illus-

149 1806 270 1842 trissimarum
279 1806 370 1850 virginum
381 1812 400 1841 et
410 1812 534 1841 matronarum
547 1807 684 1851 expeditionum
692 1808 760 1843 seriem
769 1808 852 1852 pulcher-

148 1862 214 1895 rimam
220 1860 233 1879 ¹³
244 1859 349 1904 singillatim
357 1859 488 1905 descripsimus
496 1861 515 1895 in
523 1860 557 1895 alio
565 1860 658 1896 volumine
663 1860 681 1902 ¹⁴,
691 1865 709 1895 et
717 1861 826 1905 pleniorem,
833 1859 851 1894 in

149 1915 216 1960 quibus
230 1915 288 1949 lector
302 1913 325 1958 (si
340 1924 381 1949 eam
393 1925 451 1958 usque
466 1915 489 1949 ad
505 1914 561 1949 finem
576 1914 681 1959 perlegerit)
693 1914 784 1959 virginum
797 1913 852 1959 pluri·

150 1978 221 2001 marum
236 1967 324 2000 nobilium
343 1973 361 2000 et
378 1967 515 2001 domicellamm
531 1967 640 2001 laudabilem
655 1967 711 2001 vitam
726 1967 820 2001 mirabitur
835 1970 853 1999 et

122 2034 141 2064 35
150 2020 255 2064 religiosam
263 2020 421 2054 conuersationem
428 2029 492 2054 earum
500 2020 627 2064 et²pudica1n

237 2138 252 2174 u
264 2138 317 2179 Quod
325 2148 377 2173 sacre
385 2137 465 2183 virgines
474 2138 538 2173 celitus
545 2137 630 2172 iubentur
638 2138 672 2171 iter
680 2137 767 2182 arripere.

174 2203 261 2253 Cumque
267 2211 281 2230 ¹⁵
291 2210 383 2254 virginum
394 2212 495 2245 earundem
508 2213 566 2244 adeo
580 2211 688 2255 dispositum
701 2210 853 2256 peregrinationis

151 2268 226 2305 tempus
241 2263 317 2296 instaret
331 2273 419 2307 sacreque
434 2263 556 2307 expeditionis
572 2263 611 2298 dies
626 2264 712 2306 affuisset,
724 2264 810 2299 diuinitus
823 2262 854 2297 ad-

151 2318 250 2351 mouentur
262 2314 298 2349 iter
310 2314 391 2360 arripere
405 2320 459 2360 atque
471 2317 494 2350 ad
508 2326 566 2351 naues
579 2316 681 2362 confugere.
704 2317 755 2353 Tunc
769 2325 853 2352 surrexe·

173 2432 207 2462 1Β.
215 2433 291 2470 cognatis.
324 2431 370 2464 lom,
379 2432 395 2461 in
403 2432 421 2463 B.
452 2432 555 2470 ³B.Gyana,
586 2434 707 2472 ⁴B.Hywana.
746 2435 853 2465 ⁵·lcumm

152 2474 186 2503 Leo
195 2473 249 2502 omin
257 2472 276 2503 Β.
327 2470 423 2503 ⁶B.etiam.
470 2471 569 2504 ⁷B.Iwani.
619 2474 762 2505 ⁸B.adheserunt.
818 2471 853 2502 νΒ·

152 2513 272 2543 illustrissimus.
356 2513 367 2529 ¹⁰
379 2513 397 2541 E,
404 2512 508 2548 Aldewigem.
588 2513 599 2530 ¹¹
610 2524 640 2545 om,
721 2514 733 2531 Π
744 2516 762 2544 Β.
772 2510 853 2543 Hunerici.

151 2552 163 2570 ¹³
175 2552 192 2582 E.
201 2551 319 2589 expeditionem
327 2551 369 2581 serie
375 2552 485 2590 pulcherrima.
525 2551 537 2570 ¹⁴
547 2562 569 2582 sc⁴
576 2553 602 2584 lib.
609 2554 630 2585 ll.
671 2553 683 2571 ¹⁵
693 2554 712 2583 Β,
720 2554 799 2592 Dumque.
