1762 2803
88 199 90 204 ,
117 153 162 197 520
307 139 387 191 tuctu
402 136 518 199 tuumne
534 134 627 198 uncte.

117 269 182 295 uersus
197 259 239 293 est*
267 258 391 292 Erubescebat
406 257 423 292 ei
439 256 501 292 dicere
516 257 565 301 quod
580 266 645 291 uerum
660 260 703 298 erat,
719 260 747 290 set
762 255 818 292 dixit:

117 311 199 347 ‘Caritas
214 316 245 345 tua
259 311 302 345 fecit
315 322 345 345 me
358 310 431 352 reuerti,
445 310 488 354 quia
501 310 628 344 desiderabam
639 315 659 343 te
672 310 747 352 uidere,’
760 315 778 343 et
791 321 818 345 re·

117 364 185 401 mansit
189 364 219 399 ihi.
232 364 255 399 Et
261 368 303 408 pust
309 363 402 409 paululum
409 362 428 397 in
434 362 575 399 fornicacionem
581 362 650 406 cecidit,
657 369 675 398 et
681 362 818 408 peniten[ciam]

117 430 155 453 non
162 429 219 462 agens
227 419 246 452 in
254 418 316 452 seculo
324 416 425 461 remansit]

213 522 228 559 ii
241 514 274 556 DE
285 531 356 556 salicto
372 521 452 556 WLsnto
463 531 550 557 Et’lscot’o
561 531 584 557 ΕΤ
595 519 729 556 CONFESSORE1.

89 598 109 639 ,5
151 593 233 630 Anctum
246 595 296 629 enim
308 595 401 629 Wisinum
414 594 468 629 claris
479 595 569 629 natalibus
583 595 684 629 Londoniis
696 599 764 636 natum,
778 599 796 629 et
809 605 820 630 a

173 649 281 692 parentibus
293 648 390 693 diligenter
398 649 499 691 educatum,
508 649 526 682 in
536 648 626 692 puerilem
636 648 701 682 florem
713 653 820 691 prouectum

118 701 193 737 domino
209 701 265 736 ihesu
280 702 353 736 Christo
367 707 454 746 parentes
467 707 548 736 statuunt
559 701 678 735 offerendum.
701 701 759 734 Lucet
771 701 819 735 enim

119 756 153 787 sub
165 754 223 798 ipsius
231 755 282 788 vrbis
294 754 379 788 menibus
390 755 448 788 sancti
461 754 510 787 Petri
522 753 624 795 cenobium,
635 764 684 787 nunc
691 752 820 788 Westmonas-

119 807 186 842 terium
198 807 270 849 dictum,
283 807 301 841 in
310 818 346 850 quo
358 818 401 840 eum
412 806 521 841 monachum
532 805 598 840 sactum
609 812 699 850 perpetuo
707 807 781 840 tradunt
789 808 820 841 do·

93 874 111 898 10
120 860 170 896 mino
178 860 307 895 famulandum.
327 861 410 895 Eucursa
418 865 479 894 autem
487 859 565 904 pueritia
572 860 595 893 ad
603 860 680 904 gradum
688 861 820 895 sacerdotalem

120 918 222 957 susceptus,
230 918 301 947 maturo
311 923 346 947 euo
357 919 376 947 et
386 913 468 947 moribus
479 913 548 946 clarum
556 913 657 947 sanctitatis
666 913 761 956 speculum
769 913 821 947 efful-

120 967 149 1001 sit.
172 966 240 999 Contra
251 965 326 999 humani
337 966 411 1008 generis
422 966 516 999 inimicum
523 965 590 1008 vigiliis
598 966 702 999 decertabat
712 971 730 998 et
738 965 821 999 orationi·

120 1018 165 1060 bus;
177 1028 244 1060 corpus
251 1018 323 1051 ieiuniis
331 1018 427 1060 castigans,
435 1017 543 1060 cupiditates
555 1018 611 1051 seculi
619 1017 718 1051 celestibus
725 1017 821 1053 desideriis

120 1069 235 1114 contempsit,
243 1075 261 1103 et
269 1081 334 1104 omnes
342 1070 397 1104 animi
407 1075 468 1104 motus
478 1076 496 1105 et
504 1070 584 1113 eorporis
595 1070 645 1104 omni
653 1069 745 1113 vigilantia
753 1074 771 1103 et
779 1081 822 1105 cura

94 1133 112 1164 15
120 1123 206 1157 seruauit.
229 1122 337 1158 Humilitate
350 1123 438 1165 deiectus,
449 1122 529 1157 fraterna
540 1123 627 1157 seruitute
640 1124 723 1165 deuotus,
735 1123 821 1158 charitate

121 1176 207 1219 repletus,
216 1176 324 1209 lectionibus
331 1186 368 1209 non
376 1176 435 1209 solum
443 1175 536 1218 insistere,
544 1176 577 1209 sed
585 1176 640 1209 etiam
648 1176 694 1209 lecta
701 1175 822 1210 confratribus

120 1238 219 1271 exponere,
228 1228 294 1271 piaque
305 1229 431 1262 exhortatione
443 1229 466 1261 ad
473 1237 547 1261 omnem
557 1227 643 1262 virtutem
652 1237 685 1262 eos
694 1228 795 1262 accendere
804 1232 822 1262 et

121 1280 194 1314 Christo
205 1280 311 1316 lucrifacere
322 1281 422 1315 consueuit.
445 1280 515 1315 Fauore
526 1281 600 1315 tandem
611 1280 669 1315 sancti
681 1280 773 1315 Dunstani
784 1280 822 1325 epi-

121 1332 172 1378 scopi
186 1344 218 1368 rex
231 1333 314 1378 Edgarus
327 1333 421 1368 Wisinum
432 1333 509 1378 prefecit
520 1333 580 1368 eidem
592 1334 707 1368 monasterio.
730 1334 823 1376 Quantum

94 1387 170 1423 eoenim
185 1397 218 1431 pro
234 1387 291 1421 salute
306 1387 405 1422 multorum
420 1386 541 1432 inuigilauerit
556 1393 575 1422 et
590 1393 653 1422 contra
664 1387 750 1421 dominici
761 1387 822 1431 gregis

122 1440 247 1473 aduersarium
266 1440 392 1481 insurrexerit,
407 1441 460 1482 quale
479 1441 586 1482 exemplum
601 1439 684 1472 doctrine
699 1450 732 1473 suc
751 1445 770 1472 et
786 1439 822 1472 vite

122 1490 218 1525 omnibust
233 1491 341 1531 exhibuerit,
356 1492 397 1534 quis
411 1492 466 1534 digne
481 1492 574 1536 explicare
590 1491 668 1526 sufficit?
691 1491 734 1526 Rex
748 1492 823 1525 tandem

123 1542 238 1585 Ethelredus,
255 1543 323 1588 Edgari
337 1544 390 1587 filius,
405 1544 482 1578 ecclesie
496 1544 638 1586 scierburnensi,
651 1544 713 1579 sauore
727 1544 790 1589 populi
806 1549 823 1579 et

122 1596 211 1631 electione
222 1596 272 1639 cleri,
283 1608 325 1631 eum
336 1597 400 1641 prefici
412 1597 454 1631 fecit
465 1598 484 1631 in
495 1604 594 1641 pastorem.
617 1597 661 1632 Erat
672 1597 721 1631 enim
733 1598 823 1641 retugium

96 1664 103 1685 ι
106 1665 114 1695 5
122 1659 231 1693 pauperum,
239 1650 302 1684 oculus
313 1660 403 1691 cecorum,
411 1661 445 1694 pes
456 1650 548 1690 debilium,
558 1650 633 1684 baculus
644 1650 764 1692 infirmorum,
773 1650 823 1683 cibus

123 1702 247 1743 esurientium,
255 1702 312 1735 vestis
323 1703 419 1743 nudorum,
427 1708 446 1736 et
453 1703 555 1747 redemptio
565 1713 644 1737 reorum.
667 1701 824 1746 Quadragesimati

122 1759 206 1797 tempore
221 1755 302 1788 inclusus
318 1755 406 1789 cenobiali
417 1756 501 1797 claustro,
513 1760 531 1789 et
542 1755 605 1789 mundi
617 1755 694 1789 tumultu
707 1760 768 1796 exuto,
781 1754 824 1789 sim-

122 1806 194 1851 pliciter
203 1818 243 1842 cum
257 1807 351 1842 monachis
364 1808 436 1852 mansit,
450 1808 527 1851 ieiuniis
540 1807 688 1853 contemplationi
700 1813 719 1844 et
731 1808 824 1843 lachrimis

122 1871 195 1895 vacans.
214 1860 235 1894 In
244 1872 289 1894 cena
297 1872 341 1895 vero
349 1862 418 1895 domini
427 1862 505 1906 [quasi]³
513 1864 536 1897 de
541 1863 623 1896 cubiculo
629 1861 711 1904 [domini]
718 1861 725 1880 ⁴
732 1871 824 1905 egressus

95 1926 114 1954 30
123 1913 189 1947 crisma
194 1912 275 1956 confecit,
281 1915 349 1948 docens
355 1919 373 1948 et
377 1914 489 1949 benedicens
494 1915 592 1958 populum
601 1919 675 1957 peracto
680 1914 760 1956 paschali
765 1923 824 1947 sacra·

123 1971 185 1998 mento
198 1965 285 2000 diocesim
297 1975 350 1999 suam
362 1966 504 2009 euangelizando
517 1966 603 2000 uisitauit.
626 1965 713 2000 Solicitus
723 1976 768 2000 vero
781 1964 824 1998 illud

123 2017 222 2061 antiquitus
230 2018 291 2052 nobile
297 2018 400 2062 [tempium]
405 2019 412 2038 ⁵
418 2019 554 2061 Schireburnie,
560 2030 597 2052 non
604 2020 663 2053 solum
670 2019 773 2059 emendare,
782 2028 825 2060 aug·

124 2077 212 2111 mentare,
226 2071 330 2114 prouehere
345 2072 419 2115 studuit,
432 2082 497 2106 verum
512 2071 567 2106 etiam
580 2076 669 2115 perpetua
682 2081 727 2116 pace
740 2070 826 2105 stabilire.

124 2123 188 2158 Eterni
198 2133 277 2167 namque
287 2125 407 2159 anathematis
419 2136 506 2159 mucrone
515 2124 606 2168 percussit
614 2135 688 2158 omnem
695 2124 759 2167 lupum
767 2123 825 2167 ipsius

97 2186 115 2216 35
124 2177 190 2210 domus
205 2175 298 2210 inimicum
314 2177 361 2211 nuile
376 2177 444 2212 Christi
459 2178 576 2221 lacerantem,
590 2182 694 2220 vexantem,
709 2182 740 2211 aut
755 2177 825 2220 disper·

125 2234 204 2272 gentem.
227 2228 306 2270 Quinto³
315 2241 360 2264 uero
372 2231 487 2274 episcopatus
500 2231 529 2265 sui
540 2241 594 2272 anno,
602 2236 666 2264 exacto
676 2230 719 2264 boni
730 2230 825 2273 dispensa·

125 2280 170 2314 toris
180 2280 286 2322 ministerio,
295 2283 361 2315 decidit
371 2283 389 2316 in
399 2283 515 2326 languorem,
526 2287 545 2316 et
555 2293 596 2316 cum
608 2293 629 2316 eo
638 2282 691 2316 miles
699 2282 773 2325 quidam
781 2290 825 2315 suus

125 2333 201 2367 nomme
215 2331 342 2376 Egelwi[n]us‚
354 2334 389 2368 sibi
402 2345 476 2380 semper
487 2334 593 2369 fidissimus.
616 2334 635 2369 ls
646 2334 706 2369 audita
718 2334 786 2369 domini
797 2332 825 2367 sui

125 2385 237 2428 infirmitate,
256 2387 318 2421 dolore
335 2387 446 2423 intrinsecus
465 2393 523 2423 tactus
541 2387 628 2423 nuncium
647 2388 701 2422 mittit
716 2388 747 2431 qui
762 2390 826 2431 querat

145 2460 151 2479 ¹
162 2460 191 2491 Ed.
201 2460 217 2489 in
226 2460 261 2490 Aet.
272 2460 301 2490 SS.
311 2460 352 2492 Boii.
360 2461 369 2490 Β
378 2461 413 2497 Jan.
424 2462 436 2492 1.
446 2471 462 2499 p.
470 2470 505 2499 547.
524 2462 605 2498 Abridged
615 2462 655 2492 from
667 2463 694 2492 the
700 2462 738 2491 Vita
749 2462 767 2490 os
774 2459 825 2490 which

125 2501 193 2530 another
200 2501 299 2536 abridgrnent
306 2501 320 2529 is
327 2502 413 2537 preserved
420 2502 436 2529 in
444 2501 477 2530 MS.
486 2501 544 2530 Lansd.
553 2501 605 2537 436,f.
614 2503 638 2538 48,
705 2501 712 2520 ²
723 2501 740 2530 L.
748 2501 789 2530 doct.
797 2506 826 2527 sue

126 2540 199 2578 seipsum.
247 2538 356 2575 ³soT.;orn.
366 2540 382 2568 in
390 2539 408 2570 E.
453 2538 636 2577 *soL.;om.inT.E.
683 2539 825 2578 ⁵E.triumphum.

126 2580 132 2598 ⁶
142 2579 160 2609 In
169 2581 186 2611 L,
193 2579 214 2610 he
221 2579 235 2610 is
242 2586 261 2617 25
268 2588 315 2617 years
322 2579 387 2617 Bishop.
