1762 2803
128 108 171 163 318
318 107 397 159 munt
413 104 529 167 {termut
545 104 637 167 anglia

127 239 161 263 sue
174 228 244 263 solebat
256 229 362 273 frequenter
374 228 478 263 insultando
490 229 562 263 dicere:
575 228 614 262 ‘Eo
627 228 686 271 magis
697 228 828 269 humiliaberis,

127 293 164 325 quo
170 282 228 325 magis
236 282 307 325 appetis
315 282 420 325 superbire.¹
438 281 541 317 Electuaria
549 288 567 317 et
575 281 690 317 medicinalia
698 293 735 316 non
743 283 817 317 curabat
824 295 828 322 3

127 345 188 379 genua
202 345 226 367 ex
241 334 332 377 frequenti
348 334 481 377 geniculatione
499 335 577 368 habebat
594 334 665 368 callosa.
689 334 733 368 Post
748 335 828 378 primum

128 396 218 428 somnum,
233 396 287 430 quem
302 386 364 430 potius
379 387 461 421 sedendo
477 397 531 430 quam
546 387 622 422 iacendo
638 387 721 430 sumpsit,
737 388 760 421 de
776 393 829 421 nocte

111 450 206 484 5surgens
223 438 308 484 synaxim
325 438 401 483 dicebat,
416 439 447 473 vix
466 445 508 485 post
527 440 561 474 hec
578 450 663 474 somnum
679 439 777 475 subiturus.
808 439 828 474 Si

128 494 201 537 quando
212 493 329 527 detractionis
338 495 415 528 verbum
424 494 495 528 veniret
507 494 526 527 in
538 494 625 535 medium,
636 499 705 527 mutato
716 493 778 528 statim
789 494 829 528 the-

127 551 176 580 mate
194 546 217 579 ad
236 546 331 580 materiam
349 545 420 579 transiit
439 546 536 580 saniorem.
564 546 717 581 Ventilationibus
732 557 828 581 causarum

128 599 218 633 interesse
234 598 301 642 noluit;
317 598 400 633 officinas
415 609 458 633 suas
474 609 568 643 nunquam
581 598 669 642 uisitauit3
685 604 791 643 compotum
806 600 829 633 de

128 652 216 687 ministris
231 663 268 686 non
284 651 362 695 audiuit3
378 652 420 695 plus
433 663 508 695 semper
519 652 636 695 expendebat
651 663 707 696 quam
717 653 789 695 habuit.
812 652 830 685 A

102 715 121 737 ιο
129 704 201 739 famulis
213 704 251 738 suis
263 704 323 738 carnis
335 703 447 738 mundiciam
458 705 504 739 adeo
516 705 582 748 exegit,
592 709 611 739 vt
623 715 647 739 ex
658 709 711 748 pacto
722 704 830 749 prescripto,

129 757 232 800 quicunque
245 756 264 790 in
277 756 414 791 immundiciam
432 757 527 798 incideret,
538 762 613 801 accepta
628 759 714 791 mercede
729 759 829 792 recederet.

129 809 220 849 Decimas,
228 808 329 843 oblationes
344 819 365 843 ac
377 814 494 852 peccatorum
506 808 567 852 precia
578 809 597 842 in
607 808 648 851 pios
658 809 774 843 solummodo
785 820 829 843 vsus

129 859 251 905 expendebat.
296 852 320 894 ln
328 860 387 893 studio
395 870 428 893 suo
437 870 498 893 coram
506 870 526 894 se
535 858 633 904 imaginem
641 859 694 893 beate
707 859 764 893 Marie
774 860 829 893 habe·

129 913 170 948 bat¹
179 914 284 954 eburneam,
291 919 309 948 et
318 913 337 946 in
345 913 422 947 circuitu
430 913 532 946 misterium
540 918 603 947 nostre
611 913 743 956 redemptionis
751 914 829 948 habebat

103 982 121 1011 15
130 966 233 1009 depictum:
246 966 313 1008 Sicque
325 967 348 999 de
360 966 422 999 codice
432 966 542 1008 procedebat
550 965 609 1007 lectio,
617 967 640 999 ad
650 965 760 1009 ychoniam¹
767 965 830 999 oratio.

130 1016 830 1061 Comestionis¹‚dormitationis,etequitationistempora,quibusstudio⁴ne-

129 1071 188 1115 quiuit
195 1070 295 1113 intendere,
304 1071 399 1114 deperdita
406 1070 498 1105 iudicauit¹
520 1071 600 1105 Tantum
608 1071 698 1115 scripture
706 1082 758 1104 sacre
766 1072 830 1105 detulit

129 1124 233 1166 honorem⁵,
242 1125 291 1167 quod
304 1123 390 1167 quotiens
403 1123 478 1157 bibliam
491 1123 567 1168 aperuit,
578 1123 640 1157 osculo
654 1124 755 1157 honorauit.
776 1125 830 1158 Corn-

130 1176 186 1211 missa
201 1176 235 1210 sibi
250 1177 308 1210 crucis
320 1177 415 1220 legatione,
430 1177 567 1221 procurationes
579 1187 677 1211 concessas
693 1187 730 1211 non
746 1178 830 1221 sumpsit,

103 1247 121 1267 20
129 1229 209 1273 propriis
217 1230 314 1273 stipendiis
322 1235 384 1263 contra
393 1240 464 1263 morem
472 1229 561 1277 militauit.
606 1222 696 1273 Contigit,
704 1230 734 1262 illo
743 1230 761 1262 in
770 1231 830 1264 studio

130 1282 244 1323 dormitante,
256 1283 351 1316 candelam
365 1283 460 1316 ardentem
476 1293 532 1326 super
546 1281 621 1316 bibliam
636 1293 689 1316 suam
704 1283 775 1324 cadere,
790 1284 829 1325 sed,

130 1346 152 1368 eo
159 1335 272 1378 [e]vigilante
280 1341 298 1368 et
306 1335 416 1378 suspirante,
426 1335 496 1368 nullam
505 1341 587 1369 usturam
599 1346 693 1377 apparere.
717 1336 762 1369 Eius
774 1336 831 1370 cilicia

129 1387 235 1428 inueterata,
248 1387 285 1430 igni
297 1387 363 1421 tradita
375 1387 457 1421 comburi
469 1398 506 1420 non
518 1392 628 1430 potuerunt;
643 1398 676 1421 nec
689 1387 708 1421 in
720 1387 778 1421 cilicio
789 1388 829 1422 eius

130 1445 161 1474 aut
169 1439 233 1474 ceteris
245 1440 327 1474 vestibus
338 1440 370 1474 vix
379 1451 459 1484 vnquam
469 1439 538 1474 vermis
550 1439 626 1484 reperiri
638 1439 701 1484 potuit.
724 1440 787 1475 Missis
799 1441 831 1475 ali·

103 1511 121 1541 25
130 1495 203 1537 quando
216 1495 239 1528 de
251 1493 349 1528 Cantuaria
361 1495 410 1538 apud
424 1494 490 1528 Sarum
502 1492 573 1527 nunciis
585 1504 618 1537 pro
631 1493 728 1527 Edmundo
739 1493 759 1527 in
770 1494 829 1528 archi-

131 1545 238 1589 episcopum
253 1547 384 1589 promouendo,
400 1546 424 1579 ait
439 1547 462 1579 ad
478 1556 510 1580 eos
525 1546 614 1578 decanus:
629 1546 690 1579 ‘Bene
703 1546 796 1588 veneritis,
811 1552 830 1581 et

131 1598 179 1632 male
186 1598 285 1633 veneritis:
296 1599 347 1633 Bene
355 1598 429 1642 quidem
434 1598 445 1640 ¹,
453 1599 501 1642 quod
509 1598 585 1632 ecclesie
594 1603 657 1632 nostre
665 1598 754 1633 honorem
762 1599 820 1634 facitis
827 1612 831 1642 ;

131 1653 164 1685 sed
170 1652 266 1695 male,quia
271 1651 378 1685 thesaurum
383 1662 424 1684 cum
430 1651 542 1685 thesaurario
549 1656 612 1684 nostro
620 1651 705 1685 aufertis!
719 1652 830 1686 Edmundus

131 1714 180 1745 vero,
189 1703 224 1737 nisi
236 1704 291 1738 deum
303 1703 397 1737 offendere
409 1703 505 1746 timuisset,
516 1702 601 1737 electioni
612 1704 635 1737 de
647 1714 668 1737 se
679 1703 726 1738 facte
737 1714 831 1749 nunquam

103 1756 261 1802 30consensisset.
284 1755 325 1789 Hoc
341 1755 396 1799 igitur
410 1757 506 1788 aduertant
521 1755 620 1795 ambiciosi,
635 1756 716 1790 honores
731 1762 832 1799 captantes,

131 1819 165 1853 per
173 1808 219 1852 phas
225 1808 333 1852 nephasque
341 1807 360 1842 in
368 1808 441 1842 vineam
447 1807 517 1841 domini
526 1808 574 1842 vltro
582 1818 602 1841 se
610 1807 720 1852 ingerentes,
729 1808 832 1854 irrumpere

130 1862 214 1895 volentes
227 1872 261 1905 per
272 1861 313 1895 lites
327 1865 345 1894 et
357 1860 420 1905 iurgia,
432 1871 466 1905 per
479 1860 570 1904 promissa
585 1866 603 1895 et
616 1871 698 1901 munera,
714 1872 748 1905 per
760 1863 832 1907 conspi-

131 1915 211 1949 rationes
230 1920 248 1949 et
267 1915 429 1957 confederationes,
444 1925 478 1958 per
493 1913 592 1948 amfractus
607 1919 626 1948 et
643 1913 797 1950 dissimulationes
813 1916 832 1949 in

131 1968 178 2002 ouile
194 1966 263 2001 domini
278 1968 405 2002 ascendentes.
451 1960 551 2001 Promotus
566 1967 621 2012 igitur
637 1968 751 2009 Edmundus,
764 1969 783 2003 in
796 1969 832 2003 vir·

103 2026 190 2068 35tutum
208 2020 299 2056 exercitiis
317 2021 373 2055 creuit
379 2032 384 2063 ;
407 2021 526 2055 calciamenta
544 2021 619 2065 propria
634 2021 730 2056 detrahere
746 2022 780 2056 sibi
795 2033 832 2057 non

131 2074 208 2108 erubuit.
236 2073 354 2117 Cuicunque¹
365 2074 423 2107 obiter
436 2074 504 2107 volenti
518 2074 606 2115 confiteri,
619 2075 643 2107 de
657 2085 704 2117 equo
716 2075 832 2109 descendens

131 2127 210 2161 libenter
226 2125 295 2160 audiuit
300 2127 311 2169 ¹,
323 2126 373 2160 nulla
384 2126 432 2160 aeris
443 2125 552 2170 intemperie
565 2131 596 2159 aut
610 2126 683 2170 hospitii
696 2126 832 2171 propinquitate

131 2180 240 2213 retardatus.
263 2179 323 2213 Instar
330 2190 403 2222 quoque
415 2179 468 2220 cline,
477 2190 512 2222 que
524 2178 558 2212 sibi
568 2179 641 2213 corticis
651 2180 792 2214 amaritudinem
804 2192 833 2215 re·

132 2233 177 2266 tinet
185 2238 203 2266 et
211 2232 277 2266 ceteris
285 2232 361 2276 liquoris
369 2232 485 2266 dulcedinem
493 2232 572 2266 infundit
577 2232 588 2273 ⁹,
597 2232 623 2266 sic
632 2233 672 2276 ipse
681 2232 714 2266 sibi
723 2234 780 2268 durus
788 2240 833 2275 erat,

104 2301 124 2330 40
133 2285 198 2318 ceteris
213 2285 326 2328 compatiens
341 2290 359 2318 et
375 2285 470 2328 benignus.
493 2286 560 2317 Pectus
575 2295 628 2317 suum
642 2285 749 2326 frequenter
762 2287 834 2327 tutudit,

132 2348 193 2382 genua
202 2342 250 2371 terre
257 2337 268 2356 ¹⁰
276 2337 346 2379 collisit,
355 2338 380 2372 ita
387 2343 406 2372 vt
418 2337 478 2372 elerici
488 2337 507 2371 in
517 2337 595 2371 cellariis
604 2338 637 2371 sub
646 2337 686 2381 ipso
692 2337 703 2356 ¹¹
711 2337 742 2371 vix
751 2338 830 2372 dormire

132 2395 213 2434 possent.
242 2390 312 2424 Sexum
328 2401 400 2433 quoque
415 2390 520 2432 femineum,
536 2390 559 2423 ob
574 2390 663 2423 honorem
683 2390 736 2424 beate
751 2391 833 2434 virginis,

152 2475 272 2513 ¹ominHigd.
292 2475 444 2513 ¹E,ychonomiam.
472 2475 636 2507 ³E.Commestionis.
663 2473 761 2505 ¹E.stnde0.
788 2476 834 2506 ¹om.

133 2516 174 2545 inT.
201 2515 302 2552 ¹E.quidam.
330 2515 362 2546 ⁷E,
371 2516 469 2553 Quicunque.
497 2514 707 2551 ¹alaudientiamprebuit.
736 2515 769 2546 lai.
777 2516 832 2546 fundit.

133 2555 144 2572 ¹¹¹
152 2555 169 2585 Τ,
178 2555 196 2584 E.
204 2558 250 2585 terra.
292 2555 303 2573 ¹¹
314 2555 333 2585 al.
343 2557 373 2585 add
381 2560 471 2592 pausantes.
