<?xml version="1.0" encoding="UTF-8"?>
<!DOCTYPE html PUBLIC "-//W3C//DTD XHTML 1.0 Transitional//EN"
    "http://www.w3.org/TR/xhtml1/DTD/xhtml1-transitional.dtd">
<html xmlns="http://www.w3.org/1999/xhtml" xml:lang="en" lang="en">
 <head>
  <title>
</title>
<meta http-equiv="Content-Type" content="text/html;charset=utf-8" />
  <meta name='ocr-system' content='tesseract 3.04.00' />
  <meta name='ocr-capabilities' content='ocr_page ocr_carea ocr_par ocr_line ocrx_word'/>
</head>
<body>
  <div class='ocr_page' id='page_1' title='image "./MN5111ucmf_0/MN5111ucmf_0_0559.png"; bbox 0 0 1762 2803; ppageno 0'>
   <div class='ocr_carea' id='block_1_1' title="bbox 284 105 764 164">
    <p class='ocr_par' dir='ltr' id='par_1_1' title="bbox 284 105 764 164">
     <span class='ocr_line' id='line_1_1' title="bbox 284 105 764 164; baseline 0.002 -3"><span class='ocrx_word' id='word_1_1' title='bbox 284 106 330 162; x_wconf 67' lang='lat' dir='ltr'><strong>Dc</strong></span> <span class='ocrx_word' id='word_1_2' title='bbox 345 105 444 159; x_wconf 55' lang='lat' dir='ltr'><strong>&amp;autu</strong></span> <span class='ocrx_word' id='word_1_3' title='bbox 461 107 544 159; x_wconf 75' lang='lat' dir='ltr'><strong>oliuu.</strong></span> <span class='ocrx_word' id='word_1_4' title='bbox 719 111 764 164; x_wconf 78' lang='lat'><strong>469</strong></span> 
     </span>
    </p>
   </div>
   <div class='ocr_carea' id='block_1_2' title="bbox 62 227 792 1645">
    <p class='ocr_par' dir='ltr' id='par_1_2' title="bbox 62 227 792 1645">
     <span class='ocr_line' id='line_1_2' title="bbox 63 227 763 274; baseline 0.004 -15"><span class='ocrx_word' id='word_1_5' title='bbox 63 230 139 270; x_wconf 92' lang='lat' dir='ltr'><strong>propter</strong></span> <span class='ocrx_word' id='word_1_6' title='bbox 146 227 260 261; x_wconf 81' lang='lat' dir='ltr'><strong>sanctitatem</strong></span> <span class='ocrx_word' id='word_1_7' title='bbox 270 238 322 261; x_wconf 89' lang='lat' dir='ltr'><strong>suam</strong></span> <span class='ocrx_word' id='word_1_8' title='bbox 331 228 444 273; x_wconf 84' lang='lat' dir='ltr'><strong>principibus</strong></span> <span class='ocrx_word' id='word_1_9' title='bbox 454 235 472 264; x_wconf 93' lang='lat' dir='ltr'><strong>et</strong></span> <span class='ocrx_word' id='word_1_10' title='bbox 480 229 534 273; x_wconf 86' lang='lat' dir='ltr'><strong>clero,</strong></span> <span class='ocrx_word' id='word_1_11' title='bbox 543 230 581 274; x_wconf 87' lang='lat' dir='ltr'><strong>regi</strong></span> <span class='ocrx_word' id='word_1_12' title='bbox 589 228 662 264; x_wconf 90' lang='lat' dir='ltr'><strong>veniam</strong></span> <span class='ocrx_word' id='word_1_13' title='bbox 671 228 763 262; x_wconf 88' lang='lat' dir='ltr'><strong>humiliter</strong></span> 
     </span>
     <span class='ocr_line' id='line_1_3' title="bbox 63 275 763 328; baseline 0.004 -15"><span class='ocrx_word' id='word_1_14' title='bbox 63 280 132 323; x_wconf 89' lang='lat' dir='ltr'><strong>petenti</strong></span> <span class='ocrx_word' id='word_1_15' title='bbox 146 280 228 314; x_wconf 93' lang='lat' dir='ltr'><strong>osculum</strong></span> <span class='ocrx_word' id='word_1_16' title='bbox 241 280 296 323; x_wconf 84' lang='lat' dir='ltr'>dedit,</span> <span class='ocrx_word' id='word_1_17' title='bbox 309 287 327 316; x_wconf 91' lang='lat' dir='ltr'><strong>et</strong></span> <span class='ocrx_word' id='word_1_18' title='bbox 340 282 413 317; x_wconf 91' lang='lat' dir='ltr'><strong>inimico</strong></span> <span class='ocrx_word' id='word_1_19' title='bbox 426 283 523 328; x_wconf 84' lang='lat' dir='ltr'>indulgens</span> <span class='ocrx_word' id='word_1_20' title='bbox 537 283 635 318; x_wconf 84' lang='lat' dir='ltr'>benedixit.</span> <span class='ocrx_word' id='word_1_21' title='bbox 682 275 763 317; x_wconf 86' lang='lat' dir='ltr'><strong>Romam</strong></span> 
     </span>
     <span class='ocr_line' id='line_1_4' title="bbox 63 333 764 379; baseline 0.004 -13"><span class='ocrx_word' id='word_1_22' title='bbox 63 338 137 367; x_wconf 87' lang='lat' dir='ltr'><strong>sanctus</strong></span> <span class='ocrx_word' id='word_1_23' title='bbox 146 333 208 367; x_wconf 86' lang='lat' dir='ltr'><strong>Gildas</strong></span> <span class='ocrx_word' id='word_1_24' title='bbox 216 340 257 377; x_wconf 90' lang='lat' dir='ltr'><strong>post</strong></span> <span class='ocrx_word' id='word_1_25' title='bbox 268 334 302 368; x_wconf 86' lang='lat' dir='ltr'><strong>hec</strong></span> <span class='ocrx_word' id='word_1_26' title='bbox 311 334 355 368; x_wconf 88' lang='lat' dir='ltr'><strong>adiit</strong></span> <span class='ocrx_word' id='word_1_27' title='bbox 363 341 386 377; x_wconf 91' lang='lat' dir='ltr'><strong>et,</strong></span> <span class='ocrx_word' id='word_1_28' title='bbox 394 341 413 369; x_wconf 91' lang='lat' dir='ltr'><strong>vt</strong></span> <span class='ocrx_word' id='word_1_29' title='bbox 425 335 443 369; x_wconf 93' lang='lat' dir='ltr'><strong>in</strong></span> <span class='ocrx_word' id='word_1_30' title='bbox 454 336 492 370; x_wconf 85' lang='lat' dir='ltr'><strong>vita</strong></span> <span class='ocrx_word' id='word_1_31' title='bbox 501 337 559 371; x_wconf 85' lang='lat' dir='ltr'><strong>sancti</strong></span> <span class='ocrx_word' id='word_1_32' title='bbox 570 336 637 371; x_wconf 88' lang='lat' dir='ltr'><strong>Cadoci</strong></span> <span class='ocrx_word' id='word_1_33' title='bbox 649 335 764 379; x_wconf 84' lang='lat' dir='ltr'><strong>exprimitur,</strong></span> 
     </span>
     <span class='ocr_line' id='line_1_5' title="bbox 63 380 764 433; baseline 0.006 -15"><span class='ocrx_word' id='word_1_34' title='bbox 63 385 124 418; x_wconf 89' lang='lat' dir='ltr'><strong>nolam</strong></span> <span class='ocrx_word' id='word_1_35' title='bbox 130 397 178 429; x_wconf 86' lang='lat' dir='ltr'><strong>pape</strong></span> <span class='ocrx_word' id='word_1_36' title='bbox 183 386 290 420; x_wconf 86' lang='lat' dir='ltr'><strong>Alexandro</strong></span> <span class='ocrx_word' id='word_1_37' title='bbox 298 387 366 421; x_wconf 87' lang='lat' dir='ltr'><strong>obtulit.</strong></span> <span class='ocrx_word' id='word_1_38' title='bbox 383 380 463 431; x_wconf 83' lang='lat' dir='ltr'><strong>Scripsit</strong></span> <span class='ocrx_word' id='word_1_39' title='bbox 470 389 520 423; x_wconf 92' lang='lat' dir='ltr'><strong>enim</strong></span> <span class='ocrx_word' id='word_1_40' title='bbox 526 396 604 433; x_wconf 87' lang='lat' dir='ltr'><strong>quatuor</strong></span> <span class='ocrx_word' id='word_1_41' title='bbox 609 388 764 432; x_wconf 86' lang='lat' dir='ltr'><strong>euangelistarum</strong></span> 
     </span>
     <span class='ocr_line' id='line_1_6' title="bbox 63 437 781 485; baseline 0.006 -16"><span class='ocrx_word' id='word_1_42' title='bbox 63 437 135 478; x_wconf 91' lang='lat' dir='ltr'><strong>librum,</strong></span> <span class='ocrx_word' id='word_1_43' title='bbox 149 438 168 470; x_wconf 92' lang='lat' dir='ltr'><strong>in</strong></span> <span class='ocrx_word' id='word_1_44' title='bbox 184 438 241 471; x_wconf 90' lang='lat' dir='ltr'><strong>multa</strong></span> <span class='ocrx_word' id='word_1_45' title='bbox 255 440 374 472; x_wconf 89' lang='lat' dir='ltr'><strong>veneratione</strong></span> <span class='ocrx_word' id='word_1_46' title='bbox 390 440 413 472; x_wconf 89' lang='lat' dir='ltr'><strong>ab</strong></span> <span class='ocrx_word' id='word_1_47' title='bbox 428 440 493 474; x_wconf 92' lang='lat' dir='ltr'><strong>ineolis</strong></span> <span class='ocrx_word' id='word_1_48' title='bbox 506 441 593 483; x_wconf 85' lang='lat' dir='ltr'><strong>habitum,</strong></span> <span class='ocrx_word' id='word_1_49' title='bbox 609 440 676 485; x_wconf 91' lang='lat' dir='ltr'><strong>quem¹</strong></span> <span class='ocrx_word' id='word_1_50' title='bbox 691 440 781 484; x_wconf 73' lang='lat' dir='ltr'><strong>aperires</strong></span> 
     </span>
     <span class='ocr_line' id='line_1_7' title="bbox 63 491 763 538; baseline 0.006 -16"><span class='ocrx_word' id='word_1_51' title='bbox 63 500 99 522; x_wconf 87' lang='lat' dir='ltr'><strong>non</strong></span> <span class='ocrx_word' id='word_1_52' title='bbox 108 491 175 524; x_wconf 87' lang='lat' dir='ltr'><strong>audent</strong></span> <span class='ocrx_word' id='word_1_53' title='bbox 184 492 206 524; x_wconf 89' lang='lat' dir='ltr'><strong>ad</strong></span> <span class='ocrx_word' id='word_1_54' title='bbox 215 492 324 533; x_wconf 91' lang='lat' dir='ltr'><strong>videndum;</strong></span> <span class='ocrx_word' id='word_1_55' title='bbox 336 497 353 525; x_wconf 85' lang='lat' dir='ltr'><strong>et</strong></span> <span class='ocrx_word' id='word_1_56' title='bbox 362 492 397 525; x_wconf 90' lang='lat' dir='ltr'><strong>nisi</strong></span> <span class='ocrx_word' id='word_1_57' title='bbox 403 493 489 527; x_wconf 91' lang='lat' dir='ltr'><strong>volumen</strong></span> <span class='ocrx_word' id='word_1_58' title='bbox 495 495 513 527; x_wconf 92' lang='lat' dir='ltr'><strong>in</strong></span> <span class='ocrx_word' id='word_1_59' title='bbox 522 494 587 538; x_wconf 90' lang='lat' dir='ltr'><strong>primis</strong></span> <span class='ocrx_word' id='word_1_60' title='bbox 594 494 647 528; x_wconf 83' lang='lat' dir='ltr'><strong>suerit</strong></span> <span class='ocrx_word' id='word_1_61' title='bbox 654 495 763 538; x_wconf 85' lang='lat' dir='ltr'><strong>appositum¹</strong></span> 
     </span>
     <span class='ocr_line' id='line_1_8' title="bbox 63 543 763 593; baseline 0.009 -17"><span class='ocrx_word' id='word_1_62' title='bbox 63 553 127 586; x_wconf 85' lang='lat' dir='ltr'><strong>pacem</strong></span> <span class='ocrx_word' id='word_1_63' title='bbox 142 543 190 577; x_wconf 93' lang='lat' dir='ltr'><strong>inter</strong></span> <span class='ocrx_word' id='word_1_64' title='bbox 205 543 289 578; x_wconf 87' lang='lat' dir='ltr'><strong>inimicos</strong></span> <span class='ocrx_word' id='word_1_65' title='bbox 304 549 323 578; x_wconf 90' lang='lat' dir='ltr'><strong>et</strong></span> <span class='ocrx_word' id='word_1_66' title='bbox 338 545 454 593; x_wconf 72' lang='lat' dir='ltr'><strong>concordiam</strong></span> <span class='ocrx_word' id='word_1_67' title='bbox 474 556 511 581; x_wconf 91' lang='lat' dir='ltr'><strong>non</strong></span> <span class='ocrx_word' id='word_1_68' title='bbox 530 552 614 592; x_wconf 90' lang='lat' dir='ltr'><strong>reputant</strong></span> <span class='ocrx_word' id='word_1_69' title='bbox 630 546 763 582; x_wconf 60' lang='lat' dir='ltr'><strong>reformataml.</strong></span> 
     </span>
     <span class='ocr_line' id='line_1_9' title="bbox 64 589 763 643; baseline 0.006 -13"><span class='ocrx_word' id='word_1_70' title='bbox 64 589 163 631; x_wconf 86' lang='lat' dir='ltr'><strong>Habitauit</strong></span> <span class='ocrx_word' id='word_1_71' title='bbox 171 598 244 632; x_wconf 90' lang='lat' dir='ltr'><strong>demum</strong></span> <span class='ocrx_word' id='word_1_72' title='bbox 253 599 281 632; x_wconf 90' lang='lat' dir='ltr'><strong>vir</strong></span> <span class='ocrx_word' id='word_1_73' title='bbox 289 598 318 632; x_wconf 93' lang='lat' dir='ltr'><strong>dei</strong></span> <span class='ocrx_word' id='word_1_74' title='bbox 326 598 344 632; x_wconf 91' lang='lat' dir='ltr'><strong>in</strong></span> <span class='ocrx_word' id='word_1_75' title='bbox 352 599 412 633; x_wconf 87' lang='lat' dir='ltr'><strong>insula</strong></span> <span class='ocrx_word' id='word_1_76' title='bbox 420 601 498 643; x_wconf 90' lang='lat' dir='ltr'><strong>quadam</strong></span> <span class='ocrx_word' id='word_1_77' title='bbox 506 600 556 634; x_wconf 89' lang='lat' dir='ltr'><strong>fluuii</strong></span> <span class='ocrx_word' id='word_1_78' title='bbox 565 601 648 643; x_wconf 82' lang='lat' dir='ltr'><strong>Sabrine,</strong></span> <span class='ocrx_word' id='word_1_79' title='bbox 657 606 680 643; x_wconf 89' lang='lat' dir='ltr'><strong>et,</strong></span> <span class='ocrx_word' id='word_1_80' title='bbox 689 601 763 634; x_wconf 83' lang='lat' dir='ltr'><strong>lundata</strong></span> 
     </span>
     <span class='ocr_line' id='line_1_10' title="bbox 62 649 763 697; baseline 0.006 -14"><span class='ocrx_word' id='word_1_81' title='bbox 62 649 86 683; x_wconf 92' lang='lat' dir='ltr'><strong>ibi</strong></span> <span class='ocrx_word' id='word_1_82' title='bbox 103 650 180 684; x_wconf 86' lang='lat' dir='ltr'><strong>ecclesia</strong></span> <span class='ocrx_word' id='word_1_83' title='bbox 195 651 213 684; x_wconf 91' lang='lat' dir='ltr'><strong>in</strong></span> <span class='ocrx_word' id='word_1_84' title='bbox 230 661 275 695; x_wconf 92' lang='lat' dir='ltr'><strong>rupe</strong></span> <span class='ocrx_word' id='word_1_85' title='bbox 291 652 376 695; x_wconf 89' lang='lat' dir='ltr'><strong>quadam,</strong></span> <span class='ocrx_word' id='word_1_86' title='bbox 391 652 461 686; x_wconf 88' lang='lat' dir='ltr'><strong>orando</strong></span> <span class='ocrx_word' id='word_1_87' title='bbox 476 658 539 687; x_wconf 91' lang='lat' dir='ltr'><strong>noctes</strong></span> <span class='ocrx_word' id='word_1_88' title='bbox 554 653 631 687; x_wconf 89' lang='lat' dir='ltr'><strong>ducebat</strong></span> <span class='ocrx_word' id='word_1_89' title='bbox 650 653 763 697; x_wconf 87' lang='lat' dir='ltr'><strong>insompnes.</strong></span> 
     </span>
     <span class='ocr_line' id='line_1_11' title="bbox 63 702 792 751; baseline 0.005 -15"><span class='ocrx_word' id='word_1_90' title='bbox 63 702 146 747; x_wconf 87' lang='lat' dir='ltr'><strong>Cumque</strong></span> <span class='ocrx_word' id='word_1_91' title='bbox 157 714 223 747; x_wconf 89' lang='lat' dir='ltr'><strong>aquam</strong></span> <span class='ocrx_word' id='word_1_92' title='bbox 234 704 306 738; x_wconf 88' lang='lat' dir='ltr'><strong>dulcem</strong></span> <span class='ocrx_word' id='word_1_93' title='bbox 316 710 379 748; x_wconf 91' lang='lat' dir='ltr'><strong>preter</strong></span> <span class='ocrx_word' id='word_1_94' title='bbox 388 710 449 749; x_wconf 86' lang='lat' dir='ltr'><strong>guttas</strong></span> <span class='ocrx_word' id='word_1_95' title='bbox 461 705 550 749; x_wconf 89' lang='lat' dir='ltr'><strong>pluuiales</strong></span> <span class='ocrx_word' id='word_1_96' title='bbox 561 717 617 751; x_wconf 90' lang='lat' dir='ltr'><strong>super</strong></span> <span class='ocrx_word' id='word_1_97' title='bbox 628 717 673 741; x_wconf 84' lang='lat' dir='ltr'><strong>saxa</strong></span> <span class='ocrx_word' id='word_1_98' title='bbox 682 712 763 740; x_wconf 88' lang='lat' dir='ltr'><strong>retentas</strong></span> <span class='ocrx_word' id='word_1_99' title='bbox 772 716 792 740; x_wconf 78' lang='grc' dir='ltr'><strong>ιο</strong></span> 
     </span>
     <span class='ocr_line' id='line_1_12' title="bbox 62 756 763 802; baseline 0.006 -14"><span class='ocrx_word' id='word_1_100' title='bbox 62 766 99 788; x_wconf 95' lang='lat' dir='ltr'><strong>non</strong></span> <span class='ocrx_word' id='word_1_101' title='bbox 110 756 191 797; x_wconf 88' lang='lat' dir='ltr'><strong>haberet,</strong></span> <span class='ocrx_word' id='word_1_102' title='bbox 199 757 273 797; x_wconf 82' lang='lat' dir='ltr'><strong>iontem,</strong></span> <span class='ocrx_word' id='word_1_103' title='bbox 281 758 299 790; x_wconf 93' lang='lat' dir='ltr'><strong>in</strong></span> <span class='ocrx_word' id='word_1_104' title='bbox 310 762 394 790; x_wconf 90' lang='lat' dir='ltr'><strong>eternum</strong></span> <span class='ocrx_word' id='word_1_105' title='bbox 404 763 509 791; x_wconf 85' lang='lat' dir='ltr'><strong>manantem</strong></span> <span class='ocrx_word' id='word_1_106' title='bbox 516 758 528 798; x_wconf 80' lang='lat'><strong>³,</strong></span> <span class='ocrx_word' id='word_1_107' title='bbox 536 758 575 791; x_wconf 89' lang='lat' dir='ltr'><strong>suis</strong></span> <span class='ocrx_word' id='word_1_108' title='bbox 586 759 671 801; x_wconf 88' lang='lat' dir='ltr'><strong>precibus</strong></span> <span class='ocrx_word' id='word_1_109' title='bbox 683 759 706 792; x_wconf 92' lang='lat' dir='ltr'><strong>de</strong></span> <span class='ocrx_word' id='word_1_110' title='bbox 717 769 763 802; x_wconf 86' lang='lat' dir='ltr'><strong>rupe</strong></span> 
     </span>
     <span class='ocr_line' id='line_1_13' title="bbox 62 808 763 854; baseline 0.006 -14"><span class='ocrx_word' id='word_1_111' title='bbox 62 808 154 851; x_wconf 87' lang='lat' dir='ltr'><strong>produxit.</strong></span> <span class='ocrx_word' id='word_1_112' title='bbox 183 808 268 843; x_wconf 83' lang='lat' dir='ltr'><strong>Astlictus</strong></span> <span class='ocrx_word' id='word_1_113' title='bbox 280 810 356 842; x_wconf 91' lang='lat' dir='ltr'><strong>nimium</strong></span> <span class='ocrx_word' id='word_1_114' title='bbox 368 811 443 843; x_wconf 90' lang='lat' dir='ltr'><strong>tandem</strong></span> <span class='ocrx_word' id='word_1_115' title='bbox 455 821 465 843; x_wconf 90' lang='lat' dir='ltr'><strong>a</strong></span> <span class='ocrx_word' id='word_1_116' title='bbox 476 810 545 854; x_wconf 88' lang='lat' dir='ltr'><strong>piratis,</strong></span> <span class='ocrx_word' id='word_1_117' title='bbox 557 816 576 844; x_wconf 92' lang='lat' dir='ltr'><strong>et</strong></span> <span class='ocrx_word' id='word_1_118' title='bbox 587 811 660 844; x_wconf 80' lang='lat' dir='ltr'><strong>famulis</strong></span> <span class='ocrx_word' id='word_1_119' title='bbox 671 810 710 844; x_wconf 88' lang='lat' dir='ltr'><strong>suis</strong></span> <span class='ocrx_word' id='word_1_120' title='bbox 721 821 763 844; x_wconf 92' lang='lat' dir='ltr'><strong>cum</strong></span> 
     </span>
     <span class='ocr_line' id='line_1_14' title="bbox 62 861 764 904; baseline 0.006 -11"><span class='ocrx_word' id='word_1_121' title='bbox 62 861 125 904; x_wconf 91' lang='lat' dir='ltr'><strong>spoliis</strong></span> <span class='ocrx_word' id='word_1_122' title='bbox 133 862 218 895; x_wconf 90' lang='lat' dir='ltr'><strong>omnibus</strong></span> <span class='ocrx_word' id='word_1_123' title='bbox 226 862 245 894; x_wconf 93' lang='lat' dir='ltr'><strong>in</strong></span> <span class='ocrx_word' id='word_1_124' title='bbox 254 863 328 895; x_wconf 89' lang='lat' dir='ltr'><strong>exilium</strong></span> <span class='ocrx_word' id='word_1_125' title='bbox 335 862 386 903; x_wconf 87' lang='lat' dir='ltr'><strong>actis,</strong></span> <span class='ocrx_word' id='word_1_126' title='bbox 394 864 456 896; x_wconf 89' lang='lat' dir='ltr'><strong>relicta</strong></span> <span class='ocrx_word' id='word_1_127' title='bbox 464 864 523 896; x_wconf 89' lang='lat' dir='ltr'><strong>insula</strong></span> <span class='ocrx_word' id='word_1_128' title='bbox 532 863 643 897; x_wconf 85' lang='lat' dir='ltr'><strong>Glastoniam</strong></span> <span class='ocrx_word' id='word_1_129' title='bbox 652 864 707 904; x_wconf 87' lang='lat' dir='ltr'><strong>venit,</strong></span> <span class='ocrx_word' id='word_1_130' title='bbox 714 869 733 897; x_wconf 89' lang='lat' dir='ltr'><strong>et</strong></span> <span class='ocrx_word' id='word_1_131' title='bbox 740 865 764 897; x_wconf 91' lang='lat' dir='ltr'><strong>ab</strong></span> 
     </span>
     <span class='ocr_line' id='line_1_15' title="bbox 62 913 764 959; baseline 0.004 -13"><span class='ocrx_word' id='word_1_132' title='bbox 62 913 127 947; x_wconf 86' lang='lat' dir='ltr'><strong>abbate</strong></span> <span class='ocrx_word' id='word_1_133' title='bbox 134 913 234 947; x_wconf 87' lang='lat' dir='ltr'><strong>honorifice</strong></span> <span class='ocrx_word' id='word_1_134' title='bbox 242 920 346 957; x_wconf 87' lang='lat' dir='ltr'><strong>susceptus,</strong></span> <span class='ocrx_word' id='word_1_135' title='bbox 354 914 421 949; x_wconf 84' lang='lat' dir='ltr'><strong>fratres</strong></span> <span class='ocrx_word' id='word_1_136' title='bbox 429 921 447 949; x_wconf 90' lang='lat' dir='ltr'><strong>et</strong></span> <span class='ocrx_word' id='word_1_137' title='bbox 454 915 528 959; x_wconf 92' lang='lat' dir='ltr'><strong>plebem</strong></span> <span class='ocrx_word' id='word_1_138' title='bbox 538 915 630 957; x_wconf 84' lang='lat' dir='ltr'><strong>instruxit,</strong></span> <span class='ocrx_word' id='word_1_139' title='bbox 638 916 732 949; x_wconf 86' lang='lat' dir='ltr'><strong>historiam</strong></span> <span class='ocrx_word' id='word_1_140' title='bbox 740 917 764 950; x_wconf 92' lang='lat' dir='ltr'><strong>de</strong></span> 
     </span>
     <span class='ocr_line' id='line_1_16' title="bbox 63 966 791 1013; baseline 0.001 -13"><span class='ocrx_word' id='word_1_141' title='bbox 63 967 139 1010; x_wconf 87' lang='lat' dir='ltr'><strong>regibus</strong></span> <span class='ocrx_word' id='word_1_142' title='bbox 148 966 242 1001; x_wconf 86' lang='lat' dir='ltr'><strong>Britannie</strong></span> <span class='ocrx_word' id='word_1_143' title='bbox 250 967 331 1002; x_wconf 90' lang='lat' dir='ltr'><strong>breuiter</strong></span> <span class='ocrx_word' id='word_1_144' title='bbox 340 967 441 1012; x_wconf 87' lang='lat' dir='ltr'><strong>descripsit.</strong></span> <span class='ocrx_word' id='word_1_145' title='bbox 466 967 507 1002; x_wconf 89' lang='lat' dir='ltr'><strong>Non</strong></span> <span class='ocrx_word' id='word_1_146' title='bbox 519 968 573 1012; x_wconf 88' lang='lat' dir='ltr'><strong>longe</strong></span> <span class='ocrx_word' id='word_1_147' title='bbox 583 979 594 1003; x_wconf 84' lang='lat' dir='ltr'><strong>a</strong></span> <span class='ocrx_word' id='word_1_148' title='bbox 606 968 699 1003; x_wconf 85' lang='lat' dir='ltr'><strong>Glastonia</strong></span> <span class='ocrx_word' id='word_1_149' title='bbox 708 979 765 1013; x_wconf 92' lang='lat' dir='ltr'><strong>super</strong></span> <span class='ocrx_word' id='word_1_150' title='bbox 774 980 779 1001; x_wconf 85' lang='lat' dir='ltr'><strong>r</strong></span> <span class='ocrx_word' id='word_1_151' title='bbox 782 981 791 1011; x_wconf 82' lang='lat'>5</span> 
     </span>
     <span class='ocr_line' id='line_1_17' title="bbox 63 1019 763 1063; baseline 0.006 -11"><span class='ocrx_word' id='word_1_152' title='bbox 63 1019 140 1053; x_wconf 94' lang='lat' dir='ltr'><strong>ssuuium</strong></span> <span class='ocrx_word' id='word_1_153' title='bbox 150 1020 234 1053; x_wconf 85' lang='lat' dir='ltr'><strong>edificata</strong></span> <span class='ocrx_word' id='word_1_154' title='bbox 242 1020 324 1062; x_wconf 88' lang='lat' dir='ltr'><strong>ecclesia,</strong></span> <span class='ocrx_word' id='word_1_155' title='bbox 332 1022 387 1054; x_wconf 88' lang='lat' dir='ltr'><strong>vitam</strong></span> <span class='ocrx_word' id='word_1_156' title='bbox 396 1021 521 1055; x_wconf 85' lang='lat' dir='ltr'><strong>heremiticam</strong></span> <span class='ocrx_word' id='word_1_157' title='bbox 530 1021 587 1055; x_wconf 88' lang='lat' dir='ltr'><strong>cilicio</strong></span> <span class='ocrx_word' id='word_1_158' title='bbox 594 1022 668 1055; x_wconf 89' lang='lat' dir='ltr'><strong>indutus</strong></span> <span class='ocrx_word' id='word_1_159' title='bbox 676 1022 733 1063; x_wconf 90' lang='lat' dir='ltr'><strong>duxit,</strong></span> <span class='ocrx_word' id='word_1_160' title='bbox 741 1023 763 1056; x_wconf 86' lang='lat' dir='ltr'><strong>ad</strong></span> 
     </span>
     <span class='ocr_line' id='line_1_18' title="bbox 63 1072 764 1118; baseline 0.004 -13"><span class='ocrx_word' id='word_1_161' title='bbox 63 1083 118 1115; x_wconf 93' lang='lat' dir='ltr'><strong>quem</strong></span> <span class='ocrx_word' id='word_1_162' title='bbox 126 1073 149 1106; x_wconf 92' lang='lat' dir='ltr'><strong>de</strong></span> <span class='ocrx_word' id='word_1_163' title='bbox 158 1072 263 1116; x_wconf 85' lang='lat' dir='ltr'><strong>longinquis</strong></span> <span class='ocrx_word' id='word_1_164' title='bbox 271 1072 365 1107; x_wconf 88' lang='lat' dir='ltr'><strong>Britannie</strong></span> <span class='ocrx_word' id='word_1_165' title='bbox 373 1073 456 1117; x_wconf 86' lang='lat' dir='ltr'><strong>partibus</strong></span> <span class='ocrx_word' id='word_1_166' title='bbox 465 1073 499 1107; x_wconf 91' lang='lat' dir='ltr'><strong>viri</strong></span> <span class='ocrx_word' id='word_1_167' title='bbox 511 1074 574 1116; x_wconf 87' lang='lat' dir='ltr'><strong>saneti,</strong></span> <span class='ocrx_word' id='word_1_168' title='bbox 582 1075 690 1118; x_wconf 84' lang='lat' dir='ltr'><strong>sapientiam</strong></span> <span class='ocrx_word' id='word_1_169' title='bbox 698 1074 738 1108; x_wconf 89' lang='lat' dir='ltr'><strong>eius</strong></span> <span class='ocrx_word' id='word_1_170' title='bbox 746 1081 764 1109; x_wconf 88' lang='lat' dir='ltr'><strong>et</strong></span> 
     </span>
     <span class='ocr_line' id='line_1_19' title="bbox 63 1126 763 1171; baseline 0.004 -13"><span class='ocrx_word' id='word_1_171' title='bbox 63 1126 165 1159; x_wconf 88' lang='lat' dir='ltr'><strong>doctrinam</strong></span> <span class='ocrx_word' id='word_1_172' title='bbox 173 1126 251 1159; x_wconf 87' lang='lat' dir='ltr'><strong>audituri</strong></span> <span class='ocrx_word' id='word_1_173' title='bbox 259 1127 375 1159; x_wconf 88' lang='lat' dir='ltr'><strong>accedebant.</strong></span> <span class='ocrx_word' id='word_1_174' title='bbox 393 1126 457 1169; x_wconf 85' lang='lat' dir='ltr'><strong>⁴(Post</strong></span> <span class='ocrx_word' id='word_1_175' title='bbox 465 1127 577 1170; x_wconf 89' lang='lat' dir='ltr'><strong>aliquantum</strong></span> <span class='ocrx_word' id='word_1_176' title='bbox 585 1128 674 1170; x_wconf 88' lang='lat' dir='ltr'><strong>temporis</strong></span> <span class='ocrx_word' id='word_1_177' title='bbox 681 1127 763 1171; x_wconf 88' lang='lat' dir='ltr'><strong>spacium</strong></span> 
     </span>
     <span class='ocr_line' id='line_1_20' title="bbox 63 1177 763 1224; baseline 0.004 -13"><span class='ocrx_word' id='word_1_178' title='bbox 63 1177 130 1211; x_wconf 88' lang='lat' dir='ltr'><strong>decidit</strong></span> <span class='ocrx_word' id='word_1_179' title='bbox 141 1178 160 1211; x_wconf 92' lang='lat' dir='ltr'><strong>in</strong></span> <span class='ocrx_word' id='word_1_180' title='bbox 174 1178 301 1222; x_wconf 84' lang='lat' dir='ltr'><strong>egritudinem,</strong></span> <span class='ocrx_word' id='word_1_181' title='bbox 313 1184 330 1212; x_wconf 90' lang='lat' dir='ltr'><strong>et</strong></span> <span class='ocrx_word' id='word_1_182' title='bbox 344 1179 405 1213; x_wconf 89' lang='lat' dir='ltr'><strong>sciens</strong></span> <span class='ocrx_word' id='word_1_183' title='bbox 418 1179 515 1213; x_wconf 92' lang='lat' dir='ltr'><strong>imminere</strong></span> <span class='ocrx_word' id='word_1_184' title='bbox 529 1180 577 1214; x_wconf 90' lang='lat' dir='ltr'><strong>diem</strong></span> <span class='ocrx_word' id='word_1_185' title='bbox 592 1179 711 1224; x_wconf 88' lang='lat' dir='ltr'><strong>depositionis</strong></span> <span class='ocrx_word' id='word_1_186' title='bbox 725 1191 763 1223; x_wconf 83' lang='lat' dir='ltr'><strong>sue,</strong></span> 
     </span>
     <span class='ocr_line' id='line_1_21' title="bbox 63 1232 792 1277; baseline 0.003 -13"><span class='ocrx_word' id='word_1_187' title='bbox 63 1232 170 1264; x_wconf 85' lang='lat' dir='ltr'><strong>conuocauit</strong></span> <span class='ocrx_word' id='word_1_188' title='bbox 181 1232 265 1265; x_wconf 87' lang='lat' dir='ltr'><strong>abbatem</strong></span> <span class='ocrx_word' id='word_1_189' title='bbox 277 1232 376 1274; x_wconf 88' lang='lat' dir='ltr'><strong>Giastonie,</strong></span> <span class='ocrx_word' id='word_1_190' title='bbox 384 1243 452 1276; x_wconf 87' lang='lat' dir='ltr'><strong>rogans</strong></span> <span class='ocrx_word' id='word_1_191' title='bbox 464 1243 506 1266; x_wconf 90' lang='lat' dir='ltr'><strong>eum</strong></span> <span class='ocrx_word' id='word_1_192' title='bbox 515 1238 534 1266; x_wconf 92' lang='lat' dir='ltr'><strong>vt</strong></span> <span class='ocrx_word' id='word_1_193' title='bbox 543 1233 594 1266; x_wconf 89' lang='lat' dir='ltr'><strong>finito</strong></span> <span class='ocrx_word' id='word_1_194' title='bbox 605 1244 659 1266; x_wconf 92' lang='lat' dir='ltr'><strong>cursu</strong></span> <span class='ocrx_word' id='word_1_195' title='bbox 671 1233 763 1277; x_wconf 89' lang='lat' dir='ltr'><strong>presentis</strong></span> <span class='ocrx_word' id='word_1_196' title='bbox 773 1246 792 1266; x_wconf 82' lang='lat'><strong>20</strong></span> 
     </span>
     <span class='ocr_line' id='line_1_22' title="bbox 62 1283 763 1330; baseline 0.004 -13"><span class='ocrx_word' id='word_1_197' title='bbox 62 1283 99 1317; x_wconf 91' lang='lat' dir='ltr'><strong>vite</strong></span> <span class='ocrx_word' id='word_1_198' title='bbox 111 1284 178 1318; x_wconf 86' lang='lat' dir='ltr'><strong>deferri</strong></span> <span class='ocrx_word' id='word_1_199' title='bbox 190 1284 258 1318; x_wconf 81' lang='lat' dir='ltr'><strong>laceret</strong></span> <span class='ocrx_word' id='word_1_200' title='bbox 270 1295 336 1327; x_wconf 90' lang='lat' dir='ltr'><strong>corpus</strong></span> <span class='ocrx_word' id='word_1_201' title='bbox 348 1295 402 1318; x_wconf 90' lang='lat' dir='ltr'><strong>suum</strong></span> <span class='ocrx_word' id='word_1_202' title='bbox 414 1286 436 1318; x_wconf 85' lang='lat' dir='ltr'><strong>ad</strong></span> <span class='ocrx_word' id='word_1_203' title='bbox 449 1285 580 1319; x_wconf 89' lang='lat' dir='ltr'><strong>monasterium</strong></span> <span class='ocrx_word' id='word_1_204' title='bbox 594 1286 661 1319; x_wconf 89' lang='lat' dir='ltr'><strong>ibidem</strong></span> <span class='ocrx_word' id='word_1_205' title='bbox 673 1285 763 1330; x_wconf 88' lang='lat' dir='ltr'><strong>sepelien-</strong></span> 
     </span>
     <span class='ocr_line' id='line_1_23' title="bbox 63 1337 764 1381; baseline 0.004 -12"><span class='ocrx_word' id='word_1_206' title='bbox 63 1337 112 1370; x_wconf 91' lang='lat' dir='ltr'><strong>dum.</strong></span> <span class='ocrx_word' id='word_1_207' title='bbox 135 1337 205 1370; x_wconf 90' lang='lat' dir='ltr'><strong>Annuit</strong></span> <span class='ocrx_word' id='word_1_208' title='bbox 217 1337 278 1370; x_wconf 87' lang='lat' dir='ltr'><strong>abbas.</strong></span> <span class='ocrx_word' id='word_1_209' title='bbox 302 1337 324 1370; x_wconf 88' lang='lat' dir='ltr'><strong>Et</strong></span> <span class='ocrx_word' id='word_1_210' title='bbox 336 1338 426 1380; x_wconf 80' lang='lat' dir='ltr'><strong>migrante</strong></span> <span class='ocrx_word' id='word_1_211' title='bbox 438 1343 506 1379; x_wconf 86' lang='lat' dir='ltr'><strong>sancto,</strong></span> <span class='ocrx_word' id='word_1_212' title='bbox 518 1343 582 1381; x_wconf 90' lang='lat' dir='ltr'><strong>quarto</strong></span> <span class='ocrx_word' id='word_1_213' title='bbox 594 1338 681 1372; x_wconf 87' lang='lat' dir='ltr'><strong>kalendas</strong></span> <span class='ocrx_word' id='word_1_214' title='bbox 694 1338 764 1372; x_wconf 85' lang='lat' dir='ltr'><strong>Febru-</strong></span> 
     </span>
     <span class='ocr_line' id='line_1_24' title="bbox 63 1388 763 1435; baseline 0.004 -13"><span class='ocrx_word' id='word_1_215' title='bbox 63 1388 101 1431; x_wconf 86' lang='lat' dir='ltr'><strong>arii,</strong></span> <span class='ocrx_word' id='word_1_216' title='bbox 109 1389 161 1422; x_wconf 92' lang='lat' dir='ltr'><strong>multi</strong></span> <span class='ocrx_word' id='word_1_217' title='bbox 170 1390 255 1423; x_wconf 90' lang='lat' dir='ltr'><strong>viderunt</strong></span> <span class='ocrx_word' id='word_1_218' title='bbox 267 1389 384 1433; x_wconf 89' lang='lat' dir='ltr'><strong>splendorem</strong></span> <span class='ocrx_word' id='word_1_219' title='bbox 396 1390 498 1434; x_wconf 81' lang='lat' dir='ltr'><strong>angelicum</strong></span> <span class='ocrx_word' id='word_1_220' title='bbox 511 1391 558 1425; x_wconf 88' lang='lat' dir='ltr'><strong>circa</strong></span> <span class='ocrx_word' id='word_1_221' title='bbox 569 1402 635 1435; x_wconf 89' lang='lat' dir='ltr'><strong>eorpus</strong></span> <span class='ocrx_word' id='word_1_222' title='bbox 647 1391 763 1426; x_wconf 80' lang='lat' dir='ltr'><strong>odoriferum.</strong></span> 
     </span>
     <span class='ocr_line' id='line_1_25' title="bbox 64 1441 763 1485; baseline 0.006 -11"><span class='ocrx_word' id='word_1_223' title='bbox 64 1441 107 1475; x_wconf 91' lang='lat' dir='ltr'><strong>Post</strong></span> <span class='ocrx_word' id='word_1_224' title='bbox 119 1442 229 1485; x_wconf 89' lang='lat' dir='ltr'><strong>completam</strong></span> <span class='ocrx_word' id='word_1_225' title='bbox 241 1442 419 1476; x_wconf 82' lang='lat' dir='ltr'><strong>commendationem</strong></span> <span class='ocrx_word' id='word_1_226' title='bbox 432 1442 579 1485; x_wconf 81' lang='lat' dir='ltr'><strong>lachrimabilem,</strong></span> <span class='ocrx_word' id='word_1_227' title='bbox 588 1443 668 1477; x_wconf 84' lang='lat' dir='ltr'><strong>defertur</strong></span> <span class='ocrx_word' id='word_1_228' title='bbox 680 1449 763 1478; x_wconf 88' lang='lat' dir='ltr'><strong>sanctum</strong></span> 
     </span>
     <span class='ocr_line' id='line_1_26' title="bbox 63 1495 792 1540; baseline 0.005 -14"><span class='ocrx_word' id='word_1_229' title='bbox 63 1506 129 1538; x_wconf 88' lang='lat' dir='ltr'><strong>corpus</strong></span> <span class='ocrx_word' id='word_1_230' title='bbox 136 1506 147 1527; x_wconf 84' lang='lat' dir='ltr'><strong>a</strong></span> <span class='ocrx_word' id='word_1_231' title='bbox 155 1495 240 1528; x_wconf 88' lang='lat' dir='ltr'><strong>iratribus</strong></span> <span class='ocrx_word' id='word_1_232' title='bbox 248 1496 271 1527; x_wconf 88' lang='lat' dir='ltr'><strong>ad</strong></span> <span class='ocrx_word' id='word_1_233' title='bbox 279 1496 417 1537; x_wconf 84' lang='lat' dir='ltr'><strong>monasterium,</strong></span> <span class='ocrx_word' id='word_1_234' title='bbox 426 1501 444 1528; x_wconf 91' lang='lat' dir='ltr'><strong>et</strong></span> <span class='ocrx_word' id='word_1_235' title='bbox 455 1506 497 1529; x_wconf 90' lang='lat' dir='ltr'><strong>cum</strong></span> <span class='ocrx_word' id='word_1_236' title='bbox 508 1496 582 1539; x_wconf 90' lang='lat' dir='ltr'><strong>planctu</strong></span> <span class='ocrx_word' id='word_1_237' title='bbox 593 1507 660 1540; x_wconf 85' lang='lat' dir='ltr'><strong>magno</strong></span> <span class='ocrx_word' id='word_1_238' title='bbox 667 1503 685 1530; x_wconf 91' lang='lat' dir='ltr'><strong>et</strong></span> <span class='ocrx_word' id='word_1_239' title='bbox 694 1497 763 1531; x_wconf 89' lang='lat' dir='ltr'><strong>honore</strong></span> <span class='ocrx_word' id='word_1_240' title='bbox 773 1507 792 1536; x_wconf 80' lang='lat'><strong>²5</strong></span> 
     </span>
     <span class='ocr_line' id='line_1_27' title="bbox 63 1547 764 1593; baseline 0.004 -12"><span class='ocrx_word' id='word_1_241' title='bbox 63 1547 170 1591; x_wconf 87' lang='lat' dir='ltr'><strong>dignissimo</strong></span> <span class='ocrx_word' id='word_1_242' title='bbox 185 1547 274 1592; x_wconf 90' lang='lat' dir='ltr'><strong>sepelitur</strong></span> <span class='ocrx_word' id='word_1_243' title='bbox 288 1547 307 1582; x_wconf 94' lang='lat' dir='ltr'><strong>in</strong></span> <span class='ocrx_word' id='word_1_244' title='bbox 323 1548 384 1582; x_wconf 88' lang='lat' dir='ltr'><strong>medio</strong></span> <span class='ocrx_word' id='word_1_245' title='bbox 399 1553 470 1583; x_wconf 87' lang='lat' dir='ltr'><strong>vetuste</strong></span> <span class='ocrx_word' id='word_1_246' title='bbox 486 1549 563 1584; x_wconf 87' lang='lat' dir='ltr'><strong>ecclesie</strong></span> <span class='ocrx_word' id='word_1_247' title='bbox 582 1549 693 1593; x_wconf 85' lang='lat' dir='ltr'><strong>pauimento,</strong></span> <span class='ocrx_word' id='word_1_248' title='bbox 709 1550 764 1584; x_wconf 86' lang='lat' dir='ltr'><strong>Anno</strong></span> 
     </span>
     <span class='ocr_line' id='line_1_28' title="bbox 63 1601 428 1645; baseline 0.003 -11"><span class='ocrx_word' id='word_1_249' title='bbox 63 1601 132 1635; x_wconf 90' lang='lat' dir='ltr'><strong>domini</strong></span> <span class='ocrx_word' id='word_1_250' title='bbox 140 1601 287 1645; x_wconf 83' lang='lat' dir='ltr'><strong>quingentesimo</strong></span> <span class='ocrx_word' id='word_1_251' title='bbox 295 1602 428 1644; x_wconf 84' lang='lat' dir='ltr'><strong>duodecimo.)⁴</strong></span> 
     </span>
    </p>
   </div>
   <div class='ocr_carea' id='block_1_3' title="bbox 354 1691 476 1727">
    <p class='ocr_par' dir='ltr' id='par_1_3' title="bbox 354 1691 476 1727">
     <span class='ocr_line' id='line_1_29' title="bbox 354 1691 476 1727; baseline -0.016 0"><span class='ocrx_word' id='word_1_252' title='bbox 354 1691 369 1727; x_wconf 77' lang='lat' dir='ltr'><strong>‘il</strong></span> <span class='ocrx_word' id='word_1_253' title='bbox 376 1691 476 1725; x_wconf 68' lang='grc' dir='ltr'><strong>Νιιννιι1ι“ο“Ι</strong></span> 
     </span>
    </p>
   </div>
   <div class='ocr_carea' id='block_1_4' title="bbox 62 1747 793 2521">
    <p class='ocr_par' dir='ltr' id='par_1_4' title="bbox 62 1747 793 2378">
     <span class='ocr_line' id='line_1_30' title="bbox 86 1747 764 1799; baseline 0.004 -13"><span class='ocrx_word' id='word_1_254' title='bbox 86 1747 126 1786; x_wconf 89' lang='lat' dir='ltr'><strong>Illis</strong></span> <span class='ocrx_word' id='word_1_255' title='bbox 134 1753 198 1787; x_wconf 93' lang='lat' dir='ltr'><strong>diebus</strong></span> <span class='ocrx_word' id='word_1_256' title='bbox 206 1754 268 1796; x_wconf 88' lang='lat' dir='ltr'><strong>regina</strong></span> <span class='ocrx_word' id='word_1_257' title='bbox 276 1754 381 1797; x_wconf 86' lang='lat' dir='ltr'><strong>Altrogodis</strong></span> <span class='ocrx_word' id='word_1_258' title='bbox 389 1759 472 1787; x_wconf 87' lang='lat' dir='ltr'><strong>sanctum</strong></span> <span class='ocrx_word' id='word_1_259' title='bbox 481 1754 580 1788; x_wconf 87' lang='lat' dir='ltr'><strong>Carilefum</strong></span> <span class='ocrx_word' id='word_1_260' title='bbox 588 1761 664 1799; x_wconf 91' lang='lat' dir='ltr'><strong>propter</strong></span> <span class='ocrx_word' id='word_1_261' title='bbox 671 1755 764 1789; x_wconf 87' lang='lat' dir='ltr'><strong>abstinen-</strong></span> 
     </span>
     <span class='ocr_line' id='line_1_31' title="bbox 63 1805 764 1850; baseline 0.004 -13"><span class='ocrx_word' id='word_1_262' title='bbox 63 1806 106 1838; x_wconf 89' lang='lat' dir='ltr'><strong>tiam</strong></span> <span class='ocrx_word' id='word_1_263' title='bbox 114 1805 154 1838; x_wconf 91' lang='lat' dir='ltr'><strong>eius</strong></span> <span class='ocrx_word' id='word_1_264' title='bbox 162 1811 179 1837; x_wconf 84' lang='lat' dir='ltr'><strong>et</strong></span> <span class='ocrx_word' id='word_1_265' title='bbox 187 1805 302 1838; x_wconf 87' lang='lat' dir='ltr'><strong>sanctitatem</strong></span> <span class='ocrx_word' id='word_1_266' title='bbox 310 1806 378 1847; x_wconf 85' lang='lat' dir='ltr'><strong>videre,</strong></span> <span class='ocrx_word' id='word_1_267' title='bbox 387 1811 405 1838; x_wconf 91' lang='lat' dir='ltr'><strong>et</strong></span> <span class='ocrx_word' id='word_1_268' title='bbox 413 1806 548 1839; x_wconf 84' lang='lat' dir='ltr'><strong>edificationum</strong></span> <span class='ocrx_word' id='word_1_269' title='bbox 556 1808 612 1840; x_wconf 87' lang='lat' dir='ltr'><strong>verba</strong></span> <span class='ocrx_word' id='word_1_270' title='bbox 620 1808 643 1840; x_wconf 90' lang='lat' dir='ltr'><strong>ab</strong></span> <span class='ocrx_word' id='word_1_271' title='bbox 651 1809 691 1850; x_wconf 89' lang='lat' dir='ltr'><strong>ipso</strong></span> <span class='ocrx_word' id='word_1_272' title='bbox 700 1807 764 1841; x_wconf 89' lang='lat' dir='ltr'><strong>audire</strong></span> 
     </span>
     <span class='ocr_line' id='line_1_32' title="bbox 62 1857 793 1904; baseline 0 -12"><span class='ocrx_word' id='word_1_273' title='bbox 62 1858 155 1900; x_wconf 84' lang='lat' dir='ltr'><strong>affectans,</strong></span> <span class='ocrx_word' id='word_1_274' title='bbox 164 1857 226 1891; x_wconf 91' lang='lat' dir='ltr'><strong>missis</strong></span> <span class='ocrx_word' id='word_1_275' title='bbox 235 1858 258 1891; x_wconf 86' lang='lat' dir='ltr'><strong>ad</strong></span> <span class='ocrx_word' id='word_1_276' title='bbox 269 1869 311 1891; x_wconf 89' lang='lat' dir='ltr'><strong>eum</strong></span> <span class='ocrx_word' id='word_1_277' title='bbox 322 1858 394 1892; x_wconf 87' lang='lat' dir='ltr'><strong>nunciis</strong></span> <span class='ocrx_word' id='word_1_278' title='bbox 405 1859 466 1891; x_wconf 88' lang='lat' dir='ltr'><strong>omnia</strong></span> <span class='ocrx_word' id='word_1_279' title='bbox 474 1858 513 1892; x_wconf 89' lang='lat' dir='ltr'><strong>fisci</strong></span> <span class='ocrx_word' id='word_1_280' title='bbox 524 1859 573 1893; x_wconf 92' lang='lat' dir='ltr'><strong>iilius</strong></span> <span class='ocrx_word' id='word_1_281' title='bbox 583 1859 601 1893; x_wconf 88' lang='lat' dir='ltr'><strong>in</strong></span> <span class='ocrx_word' id='word_1_282' title='bbox 614 1860 665 1894; x_wconf 91' lang='lat' dir='ltr'><strong>cuius</strong></span> <span class='ocrx_word' id='word_1_283' title='bbox 675 1865 726 1904; x_wconf 86' lang='lat' dir='ltr'><strong>parte</strong></span> <span class='ocrx_word' id='word_1_284' title='bbox 733 1862 764 1894; x_wconf 85' lang='lat' dir='ltr'><strong>re·</strong></span> <span class='ocrx_word' id='word_1_285' title='bbox 773 1872 793 1902; x_wconf 81' lang='lat'><strong>30</strong></span> 
     </span>
     <span class='ocr_line' id='line_1_33' title="bbox 63 1911 764 1956; baseline 0.003 -11"><span class='ocrx_word' id='word_1_286' title='bbox 63 1911 115 1953; x_wconf 86' lang='lat' dir='ltr'><strong>sedit,</strong></span> <span class='ocrx_word' id='word_1_287' title='bbox 122 1911 138 1945; x_wconf 86' lang='lat' dir='ltr'><strong>si</strong></span> <span class='ocrx_word' id='word_1_288' title='bbox 145 1911 231 1955; x_wconf 89' lang='lat' dir='ltr'><strong>precibus</strong></span> <span class='ocrx_word' id='word_1_289' title='bbox 239 1912 278 1945; x_wconf 88' lang='lat' dir='ltr'><strong>eius</strong></span> <span class='ocrx_word' id='word_1_290' title='bbox 286 1921 370 1945; x_wconf 90' lang='lat' dir='ltr'><strong>annuens</strong></span> <span class='ocrx_word' id='word_1_291' title='bbox 379 1912 402 1945; x_wconf 88' lang='lat' dir='ltr'><strong>ad</strong></span> <span class='ocrx_word' id='word_1_292' title='bbox 408 1921 448 1946; x_wconf 89' lang='lat' dir='ltr'><strong>eam</strong></span> <span class='ocrx_word' id='word_1_293' title='bbox 454 1911 530 1953; x_wconf 91' lang='lat' dir='ltr'><strong>veniret,</strong></span> <span class='ocrx_word' id='word_1_294' title='bbox 537 1912 614 1956; x_wconf 88' lang='lat' dir='ltr'><strong>[predia]</strong></span> <span class='ocrx_word' id='word_1_295' title='bbox 620 1912 626 1930; x_wconf 75' lang='lat'>⁸</span> <span class='ocrx_word' id='word_1_296' title='bbox 632 1923 653 1947; x_wconf 92' lang='lat' dir='ltr'><strong>se</strong></span> <span class='ocrx_word' id='word_1_297' title='bbox 658 1912 675 1947; x_wconf 94' lang='lat' dir='ltr'><strong>ei</strong></span> <span class='ocrx_word' id='word_1_298' title='bbox 680 1913 764 1947; x_wconf 85' lang='lat' dir='ltr'><strong>daturam</strong></span> 
     </span>
     <span class='ocr_line' id='line_1_34' title="bbox 63 1964 764 2010; baseline 0.004 -13"><span class='ocrx_word' id='word_1_299' title='bbox 63 1964 152 2007; x_wconf 87' lang='lat' dir='ltr'><strong>promisit.</strong></span> <span class='ocrx_word' id='word_1_300' title='bbox 174 1964 207 1997; x_wconf 94' lang='lat' dir='ltr'><strong>Vir</strong></span> <span class='ocrx_word' id='word_1_301' title='bbox 218 1969 279 1998; x_wconf 88' lang='lat' dir='ltr'><strong>autem</strong></span> <span class='ocrx_word' id='word_1_302' title='bbox 290 1965 319 1998; x_wconf 93' lang='lat' dir='ltr'><strong>dei</strong></span> <span class='ocrx_word' id='word_1_303' title='bbox 329 1965 435 2008; x_wconf 90' lang='lat' dir='ltr'><strong>respoudit:</strong></span> <span class='ocrx_word' id='word_1_304' title='bbox 448 1964 518 1999; x_wconf 86' lang='lat' dir='ltr'><strong>‘Dicite</strong></span> <span class='ocrx_word' id='word_1_305' title='bbox 528 1965 602 1999; x_wconf 87' lang='lat' dir='ltr'><strong>domine</strong></span> <span class='ocrx_word' id='word_1_306' title='bbox 612 1971 684 2000; x_wconf 87' lang='lat' dir='ltr'><strong>vestre:</strong></span> <span class='ocrx_word' id='word_1_307' title='bbox 697 1967 712 2000; x_wconf 91' lang='lat' dir='ltr'><strong>si</strong></span> <span class='ocrx_word' id='word_1_308' title='bbox 721 1966 764 2010; x_wconf 90' lang='lat' dir='ltr'><strong>quid</strong></span> 
     </span>
     <span class='ocr_line' id='line_1_35' title="bbox 63 2017 764 2062; baseline 0.003 -11"><span class='ocrx_word' id='word_1_309' title='bbox 63 2017 154 2060; x_wconf 89' lang='lat' dir='ltr'><strong>preuale0‚</strong></span> <span class='ocrx_word' id='word_1_310' title='bbox 163 2028 196 2061; x_wconf 90' lang='lat' dir='ltr'><strong>pro</strong></span> <span class='ocrx_word' id='word_1_311' title='bbox 208 2029 230 2051; x_wconf 86' lang='lat' dir='ltr'><strong>ea</strong></span> <span class='ocrx_word' id='word_1_312' title='bbox 242 2018 327 2051; x_wconf 86' lang='lat' dir='ltr'><strong>exorabo.</strong></span> <span class='ocrx_word' id='word_1_313' title='bbox 350 2017 424 2051; x_wconf 87' lang='lat' dir='ltr'><strong>Certum</strong></span> <span class='ocrx_word' id='word_1_314' title='bbox 436 2023 498 2051; x_wconf 90' lang='lat' dir='ltr'><strong>tamen</strong></span> <span class='ocrx_word' id='word_1_315' title='bbox 510 2017 588 2052; x_wconf 88' lang='lat' dir='ltr'><strong>habeat:</strong></span> <span class='ocrx_word' id='word_1_316' title='bbox 600 2019 686 2062; x_wconf 88' lang='lat' dir='ltr'><strong>quamdiu</strong></span> <span class='ocrx_word' id='word_1_317' title='bbox 694 2020 764 2061; x_wconf 70' lang='lat' dir='ltr'><strong>vixero,</strong></span> 
     </span>
     <span class='ocr_line' id='line_1_36' title="bbox 63 2070 764 2115; baseline 0.003 -11"><span class='ocrx_word' id='word_1_318' title='bbox 63 2070 127 2104; x_wconf 82' lang='lat' dir='ltr'><strong>faciem</strong></span> <span class='ocrx_word' id='word_1_319' title='bbox 139 2070 221 2104; x_wconf 91' lang='lat' dir='ltr'><strong>mulieris</strong></span> <span class='ocrx_word' id='word_1_320' title='bbox 232 2081 269 2104; x_wconf 89' lang='lat' dir='ltr'><strong>non</strong></span> <span class='ocrx_word' id='word_1_321' title='bbox 280 2070 357 2111; x_wconf 90' lang='lat' dir='ltr'><strong>videbo;</strong></span> <span class='ocrx_word' id='word_1_322' title='bbox 368 2081 428 2114; x_wconf 89' lang='lat' dir='ltr'><strong>neque</strong></span> <span class='ocrx_word' id='word_1_323' title='bbox 438 2071 472 2104; x_wconf 91' lang='lat' dir='ltr'><strong>hoc</strong></span> <span class='ocrx_word' id='word_1_324' title='bbox 483 2071 585 2112; x_wconf 88' lang='lat' dir='ltr'><strong>cenobium,</strong></span> <span class='ocrx_word' id='word_1_325' title='bbox 593 2073 642 2114; x_wconf 88' lang='lat' dir='ltr'><strong>qnod</strong></span> <span class='ocrx_word' id='word_1_326' title='bbox 651 2072 764 2115; x_wconf 88' lang='lat' dir='ltr'><strong>precipiente</strong></span> 
     </span>
     <span class='ocr_line' id='line_1_37' title="bbox 63 2122 791 2166; baseline 0.004 -11"><span class='ocrx_word' id='word_1_327' title='bbox 63 2123 137 2155; x_wconf 92' lang='lat' dir='ltr'><strong>domino</strong></span> <span class='ocrx_word' id='word_1_328' title='bbox 149 2122 249 2164; x_wconf 79' lang='lat' dir='ltr'><strong>construxi,</strong></span> <span class='ocrx_word' id='word_1_329' title='bbox 257 2133 333 2166; x_wconf 88' lang='lat' dir='ltr'><strong>gressus</strong></span> <span class='ocrx_word' id='word_1_330' title='bbox 345 2122 427 2156; x_wconf 91' lang='lat' dir='ltr'><strong>mulieris</strong></span> <span class='ocrx_word' id='word_1_331' title='bbox 438 2122 513 2156; x_wconf 88' lang='lat' dir='ltr'><strong>calcabit</strong></span> <span class='ocrx_word' id='word_1_332' title='bbox 520 2122 530 2156; x_wconf 85' lang='lat'><strong>⁷.</strong></span> <span class='ocrx_word' id='word_1_333' title='bbox 554 2123 595 2156; x_wconf 91' lang='lat' dir='ltr'><strong>Non</strong></span> <span class='ocrx_word' id='word_1_334' title='bbox 607 2124 657 2157; x_wconf 90' lang='lat' dir='ltr'><strong>enim</strong></span> <span class='ocrx_word' id='word_1_335' title='bbox 667 2124 719 2157; x_wconf 89' lang='lat' dir='ltr'><strong>decet</strong></span> <span class='ocrx_word' id='word_1_336' title='bbox 729 2135 764 2158; x_wconf 86' lang='lat' dir='ltr'><strong>nos</strong></span> <span class='ocrx_word' id='word_1_337' title='bbox 773 2135 791 2165; x_wconf 77' lang='lat'><strong>35</strong></span> 
     </span>
     <span class='ocr_line' id='line_1_38' title="bbox 63 2174 764 2220; baseline 0.004 -13"><span class='ocrx_word' id='word_1_338' title='bbox 63 2175 94 2217; x_wconf 91' lang='lat' dir='ltr'><strong>qui</strong></span> <span class='ocrx_word' id='word_1_339' title='bbox 102 2176 125 2207; x_wconf 88' lang='lat' dir='ltr'><strong>de</strong></span> <span class='ocrx_word' id='word_1_340' title='bbox 134 2174 201 2208; x_wconf 89' lang='lat' dir='ltr'><strong>Christi</strong></span> <span class='ocrx_word' id='word_1_341' title='bbox 209 2176 317 2209; x_wconf 81' lang='lat' dir='ltr'><strong>censemur⁸</strong></span> <span class='ocrx_word' id='word_1_342' title='bbox 324 2175 397 2217; x_wconf 77' lang='lat' dir='ltr'><strong>familia,</strong></span> <span class='ocrx_word' id='word_1_343' title='bbox 405 2181 488 2208; x_wconf 89' lang='lat' dir='ltr'><strong>nostrum</strong></span> <span class='ocrx_word' id='word_1_344' title='bbox 498 2175 604 2208; x_wconf 90' lang='lat' dir='ltr'><strong>mulieribus</strong></span> <span class='ocrx_word' id='word_1_345' title='bbox 612 2177 692 2210; x_wconf 88' lang='lat' dir='ltr'><strong>vendere</strong></span> <span class='ocrx_word' id='word_1_346' title='bbox 700 2187 764 2220; x_wconf 85' lang='lat' dir='ltr'><strong>aspec-</strong></span> 
     </span>
     <span class='ocr_line' id='line_1_39' title="bbox 63 2228 763 2271; baseline 0.004 -10"><span class='ocrx_word' id='word_1_347' title='bbox 63 2233 107 2269; x_wconf 87' lang='lat' dir='ltr'><strong>tum,</strong></span> <span class='ocrx_word' id='word_1_348' title='bbox 123 2233 154 2261; x_wconf 87' lang='lat' dir='ltr'><strong>aut</strong></span> <span class='ocrx_word' id='word_1_349' title='bbox 169 2237 203 2271; x_wconf 93' lang='lat' dir='ltr'><strong>pro</strong></span> <span class='ocrx_word' id='word_1_350' title='bbox 218 2229 332 2271; x_wconf 87' lang='lat' dir='ltr'><strong>capescenda</strong></span> <span class='ocrx_word' id='word_1_351' title='bbox 346 2234 395 2262; x_wconf 85' lang='lat' dir='ltr'><strong>terra</strong></span> <span class='ocrx_word' id='word_1_352' title='bbox 410 2228 484 2262; x_wconf 89' lang='lat' dir='ltr'><strong>humani</strong></span> <span class='ocrx_word' id='word_1_353' title='bbox 500 2228 574 2271; x_wconf 86' lang='lat' dir='ltr'><strong>generis</strong></span> <span class='ocrx_word' id='word_1_354' title='bbox 591 2228 664 2262; x_wconf 90' lang='lat' dir='ltr'><strong>inimico</strong></span> <span class='ocrx_word' id='word_1_355' title='bbox 683 2229 763 2264; x_wconf 87' lang='lat' dir='ltr'><strong>animam</strong></span> 
     </span>
     <span class='ocr_line' id='line_1_40' title="bbox 63 2280 764 2325; baseline 0.004 -11"><span class='ocrx_word' id='word_1_356' title='bbox 63 2286 146 2314; x_wconf 90' lang='lat' dir='ltr'><strong>nostram</strong></span> <span class='ocrx_word' id='word_1_357' title='bbox 164 2281 281 2325; x_wconf 88' lang='lat' dir='ltr'><strong>prostituere.</strong></span> <span class='ocrx_word' id='word_1_358' title='bbox 304 2280 384 2325; x_wconf 88' lang='lat' dir='ltr'><strong>ideoque</strong></span> <span class='ocrx_word' id='word_1_359' title='bbox 403 2280 484 2315; x_wconf 90' lang='lat' dir='ltr'><strong>animum</strong></span> <span class='ocrx_word' id='word_1_360' title='bbox 503 2292 557 2315; x_wconf 89' lang='lat' dir='ltr'><strong>suum</strong></span> <span class='ocrx_word' id='word_1_361' title='bbox 576 2281 599 2315; x_wconf 86' lang='lat' dir='ltr'><strong>ab</strong></span> <span class='ocrx_word' id='word_1_362' title='bbox 614 2281 648 2316; x_wconf 89' lang='lat' dir='ltr'><strong>hac</strong></span> <span class='ocrx_word' id='word_1_363' title='bbox 663 2281 764 2318; x_wconf 86' lang='lat' dir='ltr'><strong>intentione</strong></span> 
     </span>
     <span class='ocr_line' id='line_1_41' title="bbox 63 2335 562 2378; baseline 0 -10"><span class='ocrx_word' id='word_1_364' title='bbox 63 2335 176 2376; x_wconf 86' lang='lat' dir='ltr'><strong>submoneat‚</strong></span> <span class='ocrx_word' id='word_1_365' title='bbox 185 2339 202 2368; x_wconf 92' lang='lat' dir='ltr'><strong>et</strong></span> <span class='ocrx_word' id='word_1_366' title='bbox 211 2339 282 2378; x_wconf 89' lang='lat' dir='ltr'><strong>partem</strong></span> <span class='ocrx_word' id='word_1_367' title='bbox 290 2335 318 2368; x_wconf 89' lang='lat' dir='ltr'><strong>sui</strong></span> <span class='ocrx_word' id='word_1_368' title='bbox 327 2335 366 2368; x_wconf 90' lang='lat' dir='ltr'><strong>fisci</strong></span> <span class='ocrx_word' id='word_1_369' title='bbox 374 2336 402 2368; x_wconf 90' lang='lat' dir='ltr'><strong>cui</strong></span> <span class='ocrx_word' id='word_1_370' title='bbox 410 2335 486 2369; x_wconf 90' lang='lat' dir='ltr'><strong>voluerit</strong></span> <span class='ocrx_word' id='word_1_371' title='bbox 494 2336 562 2368; x_wconf 65' lang='lat' dir='ltr'><strong>tradat!</strong></span> 
     </span>
    </p>

    <p class='ocr_par' dir='ltr' id='par_1_5' title="bbox 63 2402 765 2521">
     <span class='ocr_line' id='line_1_42' title="bbox 83 2402 765 2440; baseline 0.007 -8"><span class='ocrx_word' id='word_1_372' title='bbox 83 2402 88 2419; x_wconf 77' lang='lat'><em>¹</em></span> <span class='ocrx_word' id='word_1_373' title='bbox 99 2413 129 2432; x_wconf 92' lang='lat' dir='ltr'><strong>om.</strong></span> <span class='ocrx_word' id='word_1_374' title='bbox 137 2403 152 2432; x_wconf 89' lang='lat' dir='ltr'><strong>in</strong></span> <span class='ocrx_word' id='word_1_375' title='bbox 160 2403 178 2432; x_wconf 87' lang='lat' dir='ltr'><strong>T.</strong></span> <span class='ocrx_word' id='word_1_376' title='bbox 249 2403 255 2420; x_wconf 72' lang='lat'><strong>²</strong></span> <span class='ocrx_word' id='word_1_377' title='bbox 266 2404 284 2433; x_wconf 91' lang='lat' dir='ltr'><strong>T.</strong></span> <span class='ocrx_word' id='word_1_378' title='bbox 292 2404 420 2434; x_wconf 79' lang='lat' dir='ltr'><strong>reformortatam.</strong></span> <span class='ocrx_word' id='word_1_379' title='bbox 491 2403 497 2420; x_wconf 77' lang='lat'>³</span> <span class='ocrx_word' id='word_1_380' title='bbox 509 2404 526 2433; x_wconf 88' lang='lat' dir='ltr'><strong>E.</strong></span> <span class='ocrx_word' id='word_1_381' title='bbox 534 2409 632 2440; x_wconf 64' lang='lat' dir='ltr'><strong>manentem</strong></span> <span class='ocrx_word' id='word_1_382' title='bbox 643 2405 661 2435; x_wconf 91' lang='lat' dir='ltr'><strong>T.</strong></span> <span class='ocrx_word' id='word_1_383' title='bbox 670 2411 765 2438; x_wconf 86' lang='lat' dir='ltr'><strong>manantem.</strong></span> 
     </span>
     <span class='ocr_line' id='line_1_43' title="bbox 63 2442 765 2482; baseline 0.007 -10"><span class='ocrx_word' id='word_1_384' title='bbox 63 2442 87 2460; x_wconf 58' lang='grc' dir='ltr'><strong><em>Μ</em></strong></span> <span class='ocrx_word' id='word_1_385' title='bbox 94 2443 112 2473; x_wconf 92' lang='lat' dir='ltr'><strong>T.</strong></span> <span class='ocrx_word' id='word_1_386' title='bbox 118 2444 164 2472; x_wconf 91' lang='lat' dir='ltr'><strong>reads</strong></span> <span class='ocrx_word' id='word_1_387' title='bbox 170 2444 231 2472; x_wconf 88' lang='lat' dir='ltr'><strong>instead</strong></span> <span class='ocrx_word' id='word_1_388' title='bbox 237 2454 240 2473; x_wconf 94' lang='lat'><strong>:</strong></span> <span class='ocrx_word' id='word_1_389' title='bbox 250 2443 323 2473; x_wconf 83' lang='lat' dir='ltr'><strong>Animam</strong></span> <span class='ocrx_word' id='word_1_390' title='bbox 329 2445 392 2474; x_wconf 83' lang='lat' dir='ltr'><strong>tandem</strong></span> <span class='ocrx_word' id='word_1_391' title='bbox 398 2454 442 2473; x_wconf 82' lang='lat' dir='ltr'><strong>suam</strong></span> <span class='ocrx_word' id='word_1_392' title='bbox 447 2444 463 2473; x_wconf 93' lang='lat' dir='ltr'><strong>in</strong></span> <span class='ocrx_word' id='word_1_393' title='bbox 469 2454 524 2473; x_wconf 83' lang='lat' dir='ltr'><strong>manus</strong></span> <span class='ocrx_word' id='word_1_394' title='bbox 530 2445 593 2481; x_wconf 89' lang='lat' dir='ltr'><strong>domini,</strong></span> <span class='ocrx_word' id='word_1_395' title='bbox 598 2450 653 2482; x_wconf 87' lang='lat' dir='ltr'><strong>quarto</strong></span> <span class='ocrx_word' id='word_1_396' title='bbox 658 2445 687 2475; x_wconf 87' lang='lat' dir='ltr'><strong>kal.</strong></span> <span class='ocrx_word' id='word_1_397' title='bbox 691 2446 765 2477; x_wconf 82' lang='lat' dir='ltr'><strong>februarii</strong></span> 
     </span>
     <span class='ocr_line' id='line_1_44' title="bbox 64 2483 765 2521; baseline 0.007 -11"><span class='ocrx_word' id='word_1_398' title='bbox 64 2483 181 2517; x_wconf 83' lang='lat' dir='ltr'><strong>commendans,</strong></span> <span class='ocrx_word' id='word_1_399' title='bbox 189 2484 205 2510; x_wconf 91' lang='lat' dir='ltr'><strong>in</strong></span> <span class='ocrx_word' id='word_1_400' title='bbox 212 2483 265 2511; x_wconf 89' lang='lat' dir='ltr'><strong>medio</strong></span> <span class='ocrx_word' id='word_1_401' title='bbox 273 2484 363 2519; x_wconf 87' lang='lat' dir='ltr'><strong>pauimento</strong></span> <span class='ocrx_word' id='word_1_402' title='bbox 369 2484 436 2512; x_wconf 91' lang='lat' dir='ltr'><strong>ecclesie</strong></span> <span class='ocrx_word' id='word_1_403' title='bbox 442 2488 497 2512; x_wconf 84' lang='lat' dir='ltr'><strong>sancte</strong></span> <span class='ocrx_word' id='word_1_404' title='bbox 505 2484 554 2512; x_wconf 87' lang='lat' dir='ltr'><strong>iliarie</strong></span> <span class='ocrx_word' id='word_1_405' title='bbox 560 2484 643 2513; x_wconf 88' lang='lat' dir='ltr'><strong>Glastonic</strong></span> <span class='ocrx_word' id='word_1_406' title='bbox 650 2486 731 2521; x_wconf 86' lang='lat' dir='ltr'><strong>sepelitur,</strong></span> <span class='ocrx_word' id='word_1_407' title='bbox 739 2488 765 2515; x_wconf 89' lang='lat' dir='ltr'><strong>ubi</strong></span> 
     </span>
    </p>
   </div>
   <div class='ocr_carea' id='block_1_5' title="bbox 63 2521 765 2592">
    <p class='ocr_par' dir='ltr' id='par_1_6' title="bbox 63 2521 765 2592">
     <span class='ocr_line' id='line_1_45' title="bbox 64 2521 765 2563; baseline 0.009 -13"><span class='ocrx_word' id='word_1_408' title='bbox 64 2526 79 2551; x_wconf 90' lang='lat' dir='ltr'><strong>et</strong></span> <span class='ocrx_word' id='word_1_409' title='bbox 85 2521 141 2551; x_wconf 78' lang='lat' dir='ltr'><strong>testum</strong></span> <span class='ocrx_word' id='word_1_410' title='bbox 147 2522 180 2551; x_wconf 86' lang='lat' dir='ltr'><strong>eius</strong></span> <span class='ocrx_word' id='word_1_411' title='bbox 186 2522 243 2551; x_wconf 87' lang='lat' dir='ltr'><strong>deuote</strong></span> <span class='ocrx_word' id='word_1_412' title='bbox 247 2522 351 2560; x_wconf 71' lang='lat' dir='ltr'><strong>recoliturtso</strong></span> <span class='ocrx_word' id='word_1_413' title='bbox 357 2522 391 2552; x_wconf 84' lang='lat' dir='ltr'><strong>also</strong></span> <span class='ocrx_word' id='word_1_414' title='bbox 396 2522 429 2552; x_wconf 85' lang='lat' dir='ltr'><strong>MS.</strong></span> <span class='ocrx_word' id='word_1_415' title='bbox 433 2522 509 2553; x_wconf 72' lang='lat' dir='ltr'><strong>Tannerl.</strong></span> <span class='ocrx_word' id='word_1_416' title='bbox 550 2522 556 2540; x_wconf 78' lang='lat'>⁵</span> <span class='ocrx_word' id='word_1_417' title='bbox 566 2523 591 2553; x_wconf 87' lang='lat' dir='ltr'><strong>Ex</strong></span> <span class='ocrx_word' id='word_1_418' title='bbox 595 2523 640 2555; x_wconf 87' lang='lat' dir='ltr'><strong>Vinc.</strong></span> <span class='ocrx_word' id='word_1_419' title='bbox 645 2524 685 2555; x_wconf 82' lang='lat' dir='ltr'><strong>Bell.</strong></span> <span class='ocrx_word' id='word_1_420' title='bbox 690 2525 735 2555; x_wconf 81' lang='lat' dir='ltr'><strong>xxi.</strong></span> <span class='ocrx_word' id='word_1_421' title='bbox 740 2536 765 2563; x_wconf 76' lang='lat'><strong>44.</strong></span> 
     </span>
     <span class='ocr_line' id='line_1_46' title="bbox 63 2560 506 2592; baseline 0.005 -2"><span class='ocrx_word' id='word_1_422' title='bbox 63 2560 107 2591; x_wconf 71' lang='lat' dir='ltr'><strong>lom.</strong></span> <span class='ocrx_word' id='word_1_423' title='bbox 167 2560 172 2579; x_wconf 85' lang='lat'>⁷</span> <span class='ocrx_word' id='word_1_424' title='bbox 182 2561 200 2591; x_wconf 84' lang='lat' dir='ltr'><strong>T.</strong></span> <span class='ocrx_word' id='word_1_425' title='bbox 207 2571 240 2590; x_wconf 89' lang='lat' dir='ltr'><strong>non</strong></span> <span class='ocrx_word' id='word_1_426' title='bbox 247 2562 317 2591; x_wconf 86' lang='lat' dir='ltr'><strong>calcabit.</strong></span> <span class='ocrx_word' id='word_1_427' title='bbox 376 2562 382 2580; x_wconf 74' lang='lat'><strong>⁸</strong></span> <span class='ocrx_word' id='word_1_428' title='bbox 392 2562 410 2591; x_wconf 83' lang='lat' dir='ltr'><strong>E.</strong></span> <span class='ocrx_word' id='word_1_429' title='bbox 418 2572 506 2592; x_wconf 87' lang='lat' dir='ltr'><strong>ceneemur.</strong></span> 
     </span>
    </p>
   </div>
   <div class='ocr_carea' id='block_1_6' title="bbox 0 0 886 2803">
    <p class='ocr_par' dir='ltr' id='par_1_7' title="bbox 0 0 886 2803">
     <span class='ocr_line' id='line_1_47' title="bbox 0 0 886 2803; baseline 0 0"><span class='ocrx_word' id='word_1_430' title='bbox 0 0 886 2803; x_wconf 95' lang='lat' dir='ltr'><strong> </strong></span> 
     </span>
    </p>
   </div>
  </div>
 </body>
</html>
