1762 2803
138 113 181 188 302
246 193 248 198 ‚
327 124 407 177 tituta
422 121 539 186 leutitia
554 122 647 186 aneta
755 134 838 200 [usna.

137 255 184 276 nemo
190 246 227 285 nisi)
232 245 292 276 electus
297 246 365 276 transire
372 250 439 284 poterat
461 247 486 276 De
491 247 574 285 hocponte
579 247 618 277 uidit
622 246 674 276 anima
679 246 706 276 illa
711 246 769 277 multos
776 249 838 284 eadere,

138 293 169 334 [et]
179 303 227 323 unum
234 293 284 323 solum
291 293 394 332 presbiterum
403 293 465 324 illesum
475 294 574 332 pertransire,
586 293 612 332 qui
623 297 657 324 erat
667 293 765 331 peregrinus,
773 298 839 331 portans
859 300 860 303 ’

138 342 206 379 palmam
217 345 233 371 et
243 342 307 371 indutus
317 341 392 377 sclauina,
403 346 419 371 et
430 342 490 379 primus
500 347 537 372 ante
548 342 618 380 [omnes]
629 341 717 378 intrepidus
728 343 838 379 pertransibat.

137 389 209 426 Angelus
220 393 272 418 autem
281 389 362 418 timentem
373 389 458 419 consolans
468 390 535 419 animam
546 390 594 419 dixit:
610 389 645 418 ‘Ne
655 389 715 425 timeas,
726 389 746 419 ab
756 389 786 418 uae
796 390 839 420 enim

121 441 130 470 5
139 446 180 474 pena
187 436 287 470 liberaberis;
297 440 322 466 set
329 436 374 466 aliam
381 437 458 473 pacieris.'
474 438 494 466 Et
503 436 601 475 procedens¹
608 437 697 466 tenuiteam
705 440 721 465 et
728 436 768 466 ultre
775 442 839 474 pontem

138 484 183 513 duxit
191 482 256 518 illesam,
264 483 328 514 dicens:
340 483 386 513 ‘liec
393 488 423 519 est,
431 484 486 521 inquit,
494 485 539 513 uallis
546 484 625 512 horribilis
631 483 662 522 [in]
668 482 674 500 ²
681 492 722 520 pena
726 483 839 521 superborum?

140 521 210 558 Profecti
217 533 253 558 sunt
259 532 311 559 autem
318 530 396 567 peruiam
405 531 505 559 tenebrosam
515 535 530 560 et
540 534 626 559 tortuosam
636 533 653 558 et
662 529 740 558 difficilem
747 529 798 558 ualde.
819 531 840 560 Et

138 585 173 606 cum
185 576 250 605 multum
261 576 350 606 laborarent
359 577 376 606 in
387 577 439 607 eundo
449 586 478 615 per
488 577 566 612 tenebras,
576 577 615 606 uidit
626 576 678 605 anima
687 576 707 605 α’
717 576 765 614 longe
773 577 839 606 bestiam

138 622 225 653 incredibili
232 623 340 661 magnitudine
347 628 364 654 et
369 623 435 655 horrore
441 624 546 660 intollerabili,
551 632 582 661 que
587 623 636 653 maior
643 627 677 653 erat
683 623 755 653 omnibus
762 624 840 654 montibus

112 675 131 697 10
138 681 178 710 quos
190 671 234 709 prius
244 671 310 702 uiderat
338 671 383 701 Oculi
395 672 429 701 eius
441 671 486 710 quasi
497 671 546 701 eolles
557 671 608 709 igniti,
619 680 638 700 os
649 671 683 700 eius
695 670 742 700 ualde
755 674 812 709 patens
824 675 840 701 et

138 724 210 757 apertum
217 719 300 749 uidebatur
306 718 332 749 ei¹
339 729 387 757 posse
394 729 450 757 capere
460 729 517 749 nouem
526 719 569 748 milia
577 718 657 748 hominum
666 721 764 748 nnnatorumr
787 718 840 749 Habe·

138 766 166 794 bat
171 770 224 794 autem
229 766 246 793 in
253 775 281 793 ore
288 776 317 794 suo
324 767 365 795 duos
370 766 452 802 gigantes⁵
458 766 508 794 uersis
515 766 592 801 capitibus
599 765 645 794 ualde
651 765 770 801 incompositos,
775 774 840 800 quorum

139 822 181 842 unus
194 813 261 842 habebat
275 817 321 851 caput
337 822 399 842 sursum
412 812 432 841 ad
445 811 535 850 superiores
551 812 607 841 dentes
620 811 681 849 prefate
694 811 744 841 bestie
761 814 777 840 et
790 812 840 849 pedes

140 861 213 889 deorsum
229 861 250 889 ad
265 860 353 895 interiores,
367 860 407 889 alter
420 868 518 895 econuerso;
533 863 550 888 et
565 862 611 888 erant
627 859 670 896 quasi
686 859 769 896 columpne
782 859 798 886 in
813 869 841 888 ore

114 912 132 942 15
140 907 179 945 cius,
191 907 217 944 qui
227 916 245 936 os
256 906 294 936 illud
303 907 320 935 in
330 907 448 935 similitudinem
458 907 504 935 trium
514 911 593 944 portarum
602 906 697 935 diuidebant.
720 905 789 934 Flamma
797 905 841 935 inex·

140 953 225 991 tinguibilis
232 962 253 982 ex
260 962 288 983 ore
295 953 322 982 illo
329 953 387 990 exibat,
395 963 426 991 que
434 954 449 982 in
457 957 489 982 tres
497 957 550 990 partes
557 962 586 990 per
592 953 626 982 illas
633 956 665 982 tres
672 956 726 990 portas
733 950 841 983 diuidebatur:

140 1005 156 1030 et
166 1004 222 1030 contra
229 1001 279 1037 ipsam
290 1002 366 1030 flammam
376 1001 428 1029 anime
439 1001 523 1036 dampnate
533 1000 591 1029 intrare
600 1000 699 1036 cogebantur.
721 999 768 1029 Fetor
778 1008 841 1037 quoque

139 1046 246 1077 intollerabilis
257 1055 279 1075 ex
290 1055 318 1075 ore
328 1046 363 1083 ipso
374 1046 431 1081 exibat,
443 1050 459 1075 et
470 1046 543 1083 planctus
554 1045 658 1075 multitudinis
670 1046 690 1075 de
701 1049 757 1074 uentre
768 1045 802 1075 eius
813 1054 842 1082 per

140 1093 182 1123 idem
192 1102 210 1123 os
220 1093 315 1124 audiebatur.
337 1093 381 1124 Intus
391 1093 433 1123 enirn
443 1096 488 1123 erant
498 1093 546 1123 multa
556 1092 599 1123 milia
609 1092 678 1123 uirorum
688 1102 707 1122 ac
717 1092 799 1123 mulierum
809 1092 842 1122 dira

114 1148 133 1169 ²0
140 1144 218 1171 tormenta
228 1141 311 1171 lueneium.
335 1141 378 1171 Ante
390 1140 423 1170 eius
435 1150 453 1171 os
466 1140 515 1170 eciam
529 1140 644 1170 immundorum
657 1139 739 1178 spirituum
753 1139 841 1177 multitudo,

140 1189 200 1218 animas
214 1188 272 1217 intrare
286 1189 382 1227 cogencium,
397 1188 453 1224 stabat,
468 1197 496 1218 eas
509 1192 593 1225 antequam
607 1188 684 1217 intrarent
697 1187 750 1216 multis
763 1186 813 1224 plagis
827 1190 843 1216 et

140 1234 231 1265 uerberibus
242 1235 328 1265 afficientes
333 1233 343 1265 ⁵.
365 1236 436 1273 Cumque
448 1235 499 1265 anima
509 1234 576 1264 Tundali
588 1235 614 1264 diu
625 1235 714 1272 aspexisset
726 1238 757 1264 tam
768 1233 842 1263 horribile

140 1287 233 1317 monstrum,
243 1283 289 1312 nimis
300 1282 375 1312 exterrita
385 1283 425 1311 dixit
434 1283 455 1311 ad
464 1282 547 1319 angelum:
559 1282 641 1318 ‘Dominer
652 1291 701 1319 quare
711 1281 748 1310 illue
758 1282 842 1318 appropin·

141 1326 200 1365 quast'
221 1328 241 1358 Et
253 1328 327 1364 angelus:
340 1328 381 1357 ‘lter
392 1332 463 1357 nostrum
475 1328 521 1358 aliter
530 1328 595 1365 explere
606 1337 638 1357 non
649 1337 737 1365 possumus.
763 1327 800 1357 Hoc
812 1331 843 1357 tor-

115 1383 133 1414 25
141 1379 211 1405 mentum
223 1385 256 1405 non
268 1379 335 1413 possunt
345 1374 406 1405 uitare⁷
418 1374 448 1405 nisi
462 1374 512 1406 electi.
539 1374 575 1404 Hec
588 1374 638 1405 bestia
651 1378 717 1405 uocatur
727 1374 815 1410 Acherons,
828 1377 843 1404 et

141 1424 208 1453 deuocat
218 1432 273 1452 omnes
285 1432 346 1453 auaros.
367 1423 392 1452 De
403 1423 433 1452 hac
445 1422 520 1460 seriptum
530 1426 567 1453 estz
582 1422 692 1452 “Absorbebit
703 1422 767 1452 fluuium
781 1425 797 1451 et
811 1430 843 1451 non

142 1470 231 1503 mirabitur;
242 1474 258 1499 et
264 1466 312 1499 habet
318 1470 391 1499 fiduciam
398 1471 440 1507 quod
447 1470 501 1499 iniluat
512 1469 583 1500 Iordanis
590 1470 607 1499 in
616 1479 635 1499 os
642 1468 691 1500 eius.''
712 1469 740 1500 Hii
747 1479 786 1499 uero
793 1470 819 1507 qui
827 1469 843 1498 in

142 1527 170 1547 ore
177 1518 211 1547 eius
218 1522 235 1547 et
241 1517 283 1546 inter
290 1518 346 1547 dentes
353 1521 428 1556 apparent
436 1517 544 1555 contrapositi,
552 1517 624 1555 gigantes
633 1521 675 1554 sunt,
682 1521 699 1547 et
708 1517 740 1547 suis
747 1517 844 1555 temporibus

142 1565 159 1594 in
166 1568 210 1593 secta
216 1574 245 1593 sua
254 1564 292 1593 nulli
300 1569 332 1594 tarn
341 1564 397 1594 fideles
406 1563 488 1593 iueruntb'
509 1565 529 1594 Et
538 1575 573 1594 cum
580 1566 610 1594 hec
617 1565 683 1595 dixisset
689 1566 759 1601 angelus,
766 1566 844 1594 accedens

116 1618 135 1647 30
143 1611 207 1649 propius
219 1611 322 1640 antecedebat
333 1610 401 1639 animam
411 1614 427 1639 et
437 1611 481 1639 stetit
493 1615 531 1640 ante
542 1611 613 1647 bestiam,
624 1611 677 1640 anima
690 1620 728 1639 uero
738 1612 775 1640 licet
787 1611 844 1640 nolens

142 1659 242 1696 sequebatur.
268 1658 289 1688 Et
301 1668 336 1688 eum
346 1658 393 1687 simul
403 1662 464 1687 starent
474 1662 510 1688 ante
522 1658 594 1695 bestiam,
604 1659 670 1696 angelus
681 1659 757 1696 disparuit
767 1663 783 1687 et
793 1658 845 1688 anima

89 1703 92 1710 '
142 1706 199 1735 misera
210 1706 244 1735 sola
254 1705 333 1735 remansit.
355 1704 436 1735 Demones
446 1709 499 1735 autem
510 1705 645 1736 circumdederunt
656 1716 691 1736 eam
702 1710 719 1736 ut
731 1715 779 1736 canes
789 1705 844 1743 rabidi,

143 1757 159 1782 et
169 1753 262 1789 flagellatam
272 1756 354 1782 traxerunt
364 1761 418 1782 secum
428 1753 445 1782 in
455 1756 526 1782 uentrem
536 1753 590 1783 bestie.
611 1753 673 1790 Quanta
682 1763 720 1783 uero
731 1754 751 1783 ibi
761 1762 809 1791 passa
818 1753 844 1788 sit,

142 1800 195 1829 uultus
202 1800 235 1829 eius
242 1804 258 1829 et
265 1809 324 1829 morum
332 1799 415 1828 conuersio
422 1803 477 1836 postea
483 1799 563 1829 indicauit.
584 1800 633 1829 Passa
639 1805 663 1830 est
670 1801 690 1830 ibi
698 1810 758 1830 morsus
765 1803 781 1830 et
787 1799 845 1830 lacera·

116 1856 134 1887 35
142 1847 202 1883 aiones,
210 1856 269 1881 canum,
281 1856 358 1881 ursorum,
369 1847 438 1881 leonum,
448 1847 547 1883 serpencium
557 1850 573 1876 et
583 1847 672 1877 animalium
682 1848 747 1877 aliorum
757 1848 845 1876 innumera·

142 1894 195 1923 bilium
210 1893 324 1930 incognitorum
339 1897 355 1922 et
368 1897 504 1922 monstruosorum
519 1893 601 1930 feritatem,
616 1895 700 1924 demonum
713 1894 759 1930 ictus,
773 1894 845 1923 ardorem

142 1941 187 1978 ignis,
194 1941 295 1979 asperitatem
304 1939 371 1978 frigoris,
379 1940 446 1970 fetorem
455 1939 539 1977 sulphuris,
547 1940 629 1978 caliginem
640 1941 726 1978 oculorum,
733 1941 792 1971 ilunum
802 1940 846 1971 lacri-

142 1997 203 2020 marum
214 1988 309 2026 ardencium,
321 1987 404 2019 stridorem
416 1987 493 2024 dencium,
505 1988 565 2026 copiam
576 1989 699 2020 tribulacionum.
725 1989 748 2019 lbi
759 1998 777 2019 se
788 1989 845 2019 misera

143 2037 194 2066 anima
208 2037 228 2065 de
241 2036 321 2074 preteritis
334 2036 417 2065 accusabat
433 2039 449 2065 et
463 2044 491 2073 pre
505 2036 553 2065 nimia
564 2037 677 2074 desperacione
690 2041 707 2067 et
720 2037 785 2066 tristicia
797 2045 846 2074 genas

116 2095 136 2124 40
143 2083 214 2121 proprias
225 2083 307 2113 lacerabat.
329 2083 349 2112 Et
359 2093 394 2113 cum
404 2092 422 2112 se
433 2086 495 2121 putaret
505 2083 526 2111 ibi
537 2084 628 2113 eternaliter
638 2084 742 2122 dampnatum,
750 2084 804 2113 nescia
814 2092 846 2121 quo

143 2131 205 2168 ordine,
213 2134 259 2158 extra
265 2131 330 2159 bestiam
338 2140 356 2158 se
367 2140 404 2159 esse
414 2130 469 2158 sensit.
491 2129 511 2159 Et
521 2139 556 2159 cum
567 2129 630 2168 longius
640 2141 649 2160 a
659 2131 710 2161 bestia
720 2131 779 2162 iaceret
786 2131 846 2165 debilis,

144 2177 217 2215 aperiens
224 2177 278 2206 oeulos
285 2178 325 2207 uidit
331 2186 381 2216 prope
389 2176 421 2216 [se]
428 2177 472 2206 iilum
479 2176 505 2213 qui
512 2177 615 2207 antecedebat
622 2179 695 2215 angelum
702 2179 745 2210 lueis.
767 2180 813 2208 Tunc
820 2177 846 2206 illa

144 2225 220 2262 gaudens,
227 2224 264 2253 licet
270 2224 328 2254 afflicta
334 2225 404 2260 multum,
412 2223 481 2254 laudauit
490 2224 570 2253 dominum
581 2226 601 2255 de
608 2234 636 2255 sua
642 2226 753 2257 misericordia.
776 2225 847 2264 Angelus

144 2275 197 2302 autem
208 2271 259 2308 tetigit
269 2271 310 2301 illam
321 2275 337 2301 et
346 2271 445 2302 contortauit.
487 2264 550 2302 Euntes
564 2272 601 2302 inde
615 2273 677 2310 longius
689 2274 763 2304 uiderunt
774 2278 846 2311 stagnum

117 2329 136 2360 45
145 2319 212 2356 amplum
225 2319 271 2347 ualde
284 2323 300 2348 et
312 2322 445 2355 tempestuosum
460 2318 494 2347 eius
504 2320 560 2347 fluctus
571 2319 607 2348 elati
618 2329 650 2349 non
660 2321 770 2358 permittebant
782 2327 847 2350 eernere

145 2366 201 2395 celum.
209 2365 232 2394 lbi
239 2365 305 2403 [ia]erat
309 2365 375 2402 plurima
380 2365 462 2395 multitudo
467 2364 551 2395 bestiarum
556 2367 651 2403 terribilium,
656 2367 760 2405 mugiencium
766 2372 783 2397 ut
788 2367 848 2397 animas

144 2414 244 2442 deuorarent.
272 2411 304 2441 Per
314 2412 362 2441 latum
372 2412 424 2448 stagni
435 2421 476 2449 pons
487 2413 551 2441 multum
562 2418 638 2451 angustus
650 2418 689 2451 erat,
702 2418 718 2444 et
729 2415 786 2451 longus
797 2421 847 2450 usque

144 2461 165 2489 ad
176 2460 207 2488 duo
219 2458 295 2495 miliaria3
307 2459 373 2488 latitudo
384 2459 418 2488 eius
430 2463 464 2488 erat
476 2459 522 2489 unius
532 2460 589 2496 palme.
611 2461 681 2498 Longior
693 2465 727 2491 erat
739 2466 756 2491 et
766 2460 848 2498 angustior

165 2534 202 2567 ¹al.
210 2534 302 2574 precedens.
338 2534 371 2567 1Τ.
379 2534 440 2574 et,VB.
448 2535 469 2566 in,
500 2534 598 2569 ³Schmon.
628 2536 691 2569 ¹T.et‚
722 2535 758 2569 ³al.
766 2536 847 2576 parasitos.

145 2579 151 2597 ⁰
158 2578 178 2608 al.
182 2577 275 2614 affligentes.
293 2576 323 2607 ⁷T.
331 2576 395 2607 intrare.
413 2576 419 2593 ⁸
426 2576 463 2608 Sch.
470 2577 519 2608 adds:
526 2577 607 2608 Vocantur
612 2578 653 2608 enim
658 2578 742 2616 Fergusius
747 2583 763 2609 et
768 2578 847 2609 Conallus.
