1762 2803
258 119 303 176 Dc
319 117 418 172 &anuo
434 119 563 173 mittiue.
716 134 760 180 435

59 242 142 285 infidelis,
153 246 173 276 vt
183 241 229 276 salso
240 241 275 275 deo
287 251 321 275 suo
332 240 381 274 fidus
392 239 485 282 existeret,
493 240 547 275 sedus
558 250 645 286 rumpere
656 239 719 282 noluit,
726 251 762 285 ego

59 296 116 342 gratia
127 293 195 329 Christi
206 293 271 335 fidelis,
282 293 339 326 fidem
351 303 407 336 quam
417 303 463 327 vero
474 294 509 327 deo
520 292 603 338 promisi,
614 292 686 327 violabo
697 292 761 327 ullius¹

58 347 127 384 terreni
137 345 243 391 com[m]odi
252 348 319 380 causat
341 345 406 380 Absit:
419 345 476 380 immo
484 346 503 379 in
514 345 559 380 sua‘
567 345 603 380 fide
613 350 631 380 te
641 344 732 391 suscipio;
743 350 762 380 et

59 402 75 438 si
83 400 126 447 quid
134 400 153 435 in
161 398 209 435 meis
216 397 333 434 affectuosius
340 409 397 443 amas,
405 399 489 444 accipias,
496 399 558 443 vtaris,
566 399 671 444 possideas.¹
708 391 763 434 Tan-

59 458 102 491 dem
117 454 197 488 Romam
211 454 369 495 veniens,coran1
385 462 433 497 papa
447 452 546 496 Agathone
558 453 675 497 presentibus
688 458 779 489 accusa-5

59 508 127 544 toribus
143 516 217 540 causam
231 515 284 539 suam
298 504 324 539 ita
342 506 425 539 modeste
440 505 538 549 promouit,
552 511 572 539 vt
591 516 626 539 nec
644 504 762 539 Theodorum

59 558 216 604 archiepiscopum
228 563 328 600 accusaret,
338 568 372 593 nec
382 557 505 593 innocentiam
518 558 612 603 propriam
622 556 711 593 fluctuare
721 568 762 602 per·

59 615 144 650 mitteret.
167 612 218 646 Dixit
230 610 280 646 enim
293 610 367 646 domino
379 621 438 656 pape:
450 610 509 654 ‘Quid
522 616 551 647 est
564 611 613 656 quod
624 610 733 646 Theodorus
743 610 762 646 in

60 676 101 704 mea
112 665 157 701 sede
170 675 205 700 sua
217 663 329 708 auctoritate,
342 675 372 699 me
386 664 485 710 superstite
499 669 517 700 et
528 675 566 699 non
579 663 711 708 consentiente,
724 670 762 700 tres

60 720 157 765 episcopos
164 718 267 753 ordinauit?
287 718 353 761 Quem,
361 720 404 763 quia
413 719 437 753 ab
446 718 480 752 hac
489 718 534 753 sede
544 717 624 753 directus
634 723 668 759 est,
675 728 762 753 accusare
771 724 790 747 1⁰

60 772 172 816 supersedeo
176 771 193 805 ’Β
222 771 244 804 In
255 770 332 804 coneilio
339 770 429 814 [autem]⁵
439 776 502 804 contra
511 780 544 804 eos
553 770 584 814 qui
592 781 647 805 vnam
661 770 679 804 in
689 770 762 806 Christo

59 825 171 860 voluntatem
184 829 239 867 atque
252 824 378 868 operationem
390 823 541 868 dogmatizabant,
553 823 609 858 fidem
623 833 676 859 suam
690 827 708 859 et
720 833 762 867 pro·

60 877 119 914 uincie
131 888 165 913 sue
176 876 280 913 declarauit.
303 876 386 922 Cumque
398 876 497 912 catholicus
510 875 596 912 inuentus
608 876 679 920 suisset,
690 882 710 912 et
722 877 763 912 sine

60 941 114 967 causa
129 929 237 966 sacerdotali
252 929 340 975 dignitate
358 929 447 976 priuatus,
464 929 532 975 placuit
546 935 566 965 vt
583 935 602 965 et
617 940 693 965 romane
712 931 763 966 sedis

60 986 133 1018 decreto
141 983 160 1017 in
168 983 295 1027 episcopatum
303 983 436 1024 restitueretur,
441 988 459 1016 et
466 983 486 1016 in
493 983 627 1016 monimentum
633 993 667 1017 sue
675 983 763 1018 catholice
771 988 789 1020 ¹5

60 1035 102 1071 fidei
114 1035 198 1070 eiusdem
211 1035 278 1080 synodi
290 1035 347 1080 gestis
359 1036 393 1070 hoc
407 1036 496 1080 scriptum
509 1035 632 1071 insereretur:
645 1035 763 1071 ‘Wiltiidusl

60 1090 94 1123 deo
102 1088 186 1123 amabilis
197 1088 296 1134 episcopus
307 1088 389 1124 Eborace
401 1088 484 1132 ciuitatis,
492 1088 610 1134 apostolicam
621 1088 686 1124 sedem
697 1089 762 1125 desua

60 1153 114 1177 causa
126 1142 236 1187 appellans⁸
248 1147 266 1177 et
279 1142 302 1176 ab
317 1142 352 1176 hac
367 1147 457 1187 potestate
472 1143 496 1177 de
510 1143 565 1177 certis
580 1142 692 1187 incertisque
706 1144 762 1178 rebus

24 1200 26 1203 ·
60 1195 158 1238 absolutus,
167 1201 185 1230 et
195 1205 237 1230 cum
246 1195 286 1230 aliis
297 1200 369 1230 centum
380 1194 443 1240 viginti
455 1196 536 1240 quinque
547 1195 662 1239 coepiscopis
669 1195 688 1229 in
695 1195 762 1240 synodi

60 1247 152 1282 iudiciaria
164 1249 209 1283 sede
220 1248 335 1290 constitutus,
346 1259 381 1293 pro
392 1248 441 1282 omni
452 1247 564 1292 aquilonari⁷
576 1252 627 1292 parte
639 1248 733 1283 Britannie
744 1254 763 1283 et
771 1258 791 1280 eo

61 1300 156 1343 Hibernie,
171 1311 207 1346 que
222 1301 246 1336 ab
260 1301 363 1346 Anglorum
381 1311 402 1335 ac
422 1300 518 1335 Britonum
536 1310 609 1335 necnon
628 1300 726 1336 Scotorum
744 1307 763 1336 et

61 1353 152 1388 Pictorum
163 1353 250 1399 gentibus
261 1353 371 1396 incoluntur,
377 1364 440 1390 veram
452 1359 470 1389 et
481 1353 588 1389 catholicam
599 1353 656 1388 fidem
667 1354 762 1391 consessus

61 1412 94 1450 est,
108 1412 127 1442 et
142 1418 184 1442 cum
199 1408 333 1453 subscriptione
348 1417 382 1443 sua
396 1407 531 1442 corroborauit’
557 1406 665 1452 Apostolioo
677 1406 733 1452 igitur
744 1414 763 1443 et

60 1460 145 1503 synodali
152 1462 227 1495 decreto
234 1460 253 1495 in
260 1461 385 1507 episcopatum
390 1461 396 1481 ⁸
402 1460 502 1504 restitutus,
510 1460 628 1505 acceptisque
635 1461 658 1495 ab
664 1462 763 1505 apostolica

61 1513 104 1546 sede
118 1512 183 1548 litteris
194 1514 233 1558 regi
245 1514 321 1558 Egirido
334 1520 353 1548 et
364 1513 503 1558 archiepiscopo
515 1513 614 1548 Theodoro
629 1513 653 1549 de
664 1513 693 1549 sui
704 1519 763 1550 status
772 1525 791 1556 ²5

60 1564 214 1612 redintegratione
226 1566 305 1611 directis,
314 1567 385 1612 (versus
396 1566 483 1611 Angliam
495 1576 592 1611 regressus
603 1566 657 1609 estl.)
679 1566 763 1612 Cumque

61 1619 83 1652 ad
93 1618 169 1654 Galliam
177 1620 264 1663 venisset,
272 1630 315 1656 ecce
324 1619 414 1655 latronum
425 1630 492 1655 manus
503 1620 526 1654 ad
537 1618 684 1655 interficiendum
695 1627 764 1666 parata,

60 1670 99 1706 viro
107 1672 136 1707 dei
144 1683 181 1708 non
187 1672 200 1693 ¹⁰
206 1678 258 1718 grata
268 1673 386 1719 processione
394 1674 484 1710 occurrit:
496 1678 548 1709 erant
556 1672 605 1710 enim
613 1674 644 1719 qui
652 1674 691 1719 regi
703 1674 764 1720 Dago-

63 1725 131 1759 berto¹¹
139 1726 216 1761 insidias
225 1729 346 1770 tetenderant,
354 1737 433 1772 eumque
444 1738 504 1772 nuper
514 1726 575 1772 gladio
586 1727 605 1762 in
616 1728 691 1772 inguine
702 1738 764 1763 merso

62 1779 197 1814 necaueruntffl.
226 1780 350 1815 Occurrentes
364 1790 409 1824 ergo
421 1780 462 1814 viro
480 1780 515 1821 dei,
529 1780 579 1814 inter
593 1785 654 1814 cetera
667 1779 763 1816 dixerunt:
772 1791 792 1821 30

62 1829 151 1874 ‘Delaton
162 1831 253 1877 inquiunt,
264 1832 329 1877 patrie,
339 1833 424 1878 petulans
436 1837 454 1869 et
465 1833 574 1868 moribunde
585 1832 649 1877 viator,
657 1839 677 1868 tu
688 1834 763 1879 quidem

61 1882 97 1917 iam
104 1884 177 1929 pridem
184 1886 248 1930 gallica
259 1891 332 1931 sceptra
339 1886 417 1929 violasti,
425 1887 508 1931 gallicam
518 1887 619 1921 libertatem
628 1886 647 1920 in
655 1886 763 1922 seruitutem

62 1937 153 1982 redegisti,
165 1950 207 1974 cum
223 1939 320 1981 tirannum,
334 1938 382 1974 iuste
399 1950 410 1974 a
424 1939 478 1974 nobis
492 1939 529 1974 iam
544 1938 587 1974 olim
602 1938 719 1983 exiliatum¹³,
732 1946 763 1976 tua

61 1987 146 2025 instantia
157 1992 176 2026 in
190 2002 267 2036 regnum
279 1992 379 2026 restituisti.
405 1993 432 2026 At
444 1992 502 2036 ipsius
517 1991 591 2035 quidem
606 1993 705 2026 crudelitas
716 1994 764 2029 iusta

62 2047 120 2076 morte
132 2043 201 2087 punita,
212 2049 231 2078 te
243 2055 320 2089 quoque,
333 2044 433 2079 maximum
442 2045 491 2079 illius
503 2044 617 2087 lautorem¹⁴,
628 2045 693 2080 eadem
704 2051 764 2082 morte
773 2054 792 2086 35

62 2094 174 2136 puniendum
184 2096 223 2133 iore
235 2097 356 2134 decreuimus.
379 2098 482 2134 Procumbe
494 2097 554 2144 igitur,
565 2097 647 2143 pestifer,
657 2101 765 2144 procumbe,

63 2151 80 2181 et
92 2148 148 2194 digna
159 2151 228 2187 vltione
241 2153 333 2195 multatus,
346 2152 412 2195 eidem,
424 2162 480 2197 quam
491 2158 555 2187 contra
566 2163 601 2187 nos
613 2152 679 2194 iouisti,
691 2154 745 2189 morti
751 2154 765 2175 ¹¹

62 2204 170 2238 succumbet
186 2204 283 2240 Wilfridus
288 2204 296 2224 ³
301 2205 337 2240 ait:
346 2205 420 2240 ‘Sinon
426 2205 471 2247 iure,
477 2205 540 2250 inquit,
546 2205 700 2251 ieci,cumregem
707 2218 765 2251 regno

62 2251 129 2289 iniuste
140 2257 244 2301 expulsum,
253 2263 341 2302 quantum
352 2257 371 2292 in
383 2268 414 2293 me
425 2257 463 2300 iuit,
474 2258 585 2293 hereditarie
596 2258 678 2303 dignitati
689 2260 765 2304 preseci‚

63 2309 81 2338 et
92 2305 126 2341 hoc
137 2308 162 2345 ita
172 2321 232 2355 penes
237 2311 251 2331 ¹⁶
258 2321 279 2346 se
288 2321 331 2346 esse
340 2309 453 2346 iustissimi¹¹
461 2310 526 2346 iudicis
538 2311 610 2356 equitas
622 2312 688 2356 habet;
701 2312 765 2358 fateor,
773 2322 794 2353 40

83 2435 189 2472 ¹E.nullius.
235 2440 355 2472 ¹Eadmmea.
403 2441 526 2473 seil-leddius.
574 2443 683 2474 ⁸T.E.enim.
731 2442 765 2473 ιΤ.

63 2471 146 2508 Vuliridus.
217 2479 223 2498 ¹
233 2481 252 2511 E.
259 2482 336 2519 apellens.
409 2480 416 2498 ⁷
426 2482 446 2511 at.
454 2482 543 2520 aquilonali.
625 2483 631 2501 ⁸
641 2482 659 2513 E.
666 2482 765 2520 episcopatu.

63 2511 291 2552 ”versus...estom.inT.
341 2520 457 2552 ¹⁰Ead.haud.
508 2521 648 2560 llRelatguberto.
688 2521 764 2552 earum.

64 2560 163 2589 necauerant,
204 2559 215 2579 ¹³
226 2560 245 2591 E.
253 2561 341 2598 exulatum3
351 2560 370 2591 T.
377 2561 463 2592 exiliatum.
483 2560 494 2580 ¹¹
519 2561 574 2593 Eadm.
581 2571 610 2592 sue
616 2562 672 2592 mortis
678 2565 765 2591 auctorem.

63 2589 75 2609 ¹⁵
85 2592 103 2625 E.
110 2602 166 2629 morte.
207 2599 220 2617 ¹⁶
230 2600 249 2632 E.
256 2610 302 2639 pene.
343 2599 355 2619 ¹⁷
365 2600 383 2631 E.
390 2601 480 2632 iustissime.

392 2647 420 2683 af
424 2659 436 2683 a
