1762 2803
128 155 176 237 'aa
227 238 229 244 ἢ
337 181 417 233 mona
433 175 549 240 termut
564 177 657 240 anuto

146 309 180 344 tus,
192 303 266 347 putabat
278 313 299 337 se
310 313 344 347 pre
356 303 425 337 foribus
439 302 583 346 splendidissimi
596 303 692 339 habitaculi
708 303 800 344 assistere,
812 312 848 346 quo

146 357 264 392 sacerdotalis
277 356 349 390 habitus
363 362 381 390 et
396 356 466 390 ordinis
481 357 576 391 multitudo
590 363 706 391 conuenerat.
729 357 757 391 De
771 365 848 400 quorum

146 411 246 445 consessu1
255 410 284 444 vir
295 410 355 444 clarus
369 421 469 454 assurgens
481 411 532 444 venit
545 412 568 445 ad
580 422 622 445 eum
638 411 711 454 ictuque
724 409 761 444 leui
772 408 849 444 virentis

106 489 108 491 .
146 464 197 507 virge
205 467 268 505 pectus
277 462 311 495 sibi
319 462 381 505 tetigit,
389 468 408 496 et
418 463 453 497 ait:
466 462 524 505 ‘Quid
532 468 560 498 est
569 464 618 507 quod
628 463 715 506 languore
727 460 849 506 deprimeris?

129 510 198 552 §Vade
210 516 233 549 de
244 520 305 549 cetero
317 520 335 550 et
347 526 403 549 sanus
414 516 464 549 esto'
487 516 540 549 Tunc
552 514 692 559 expergefactus
702 513 735 555 vir,
743 513 796 549 saluti
808 514 849 547 red·

146 569 204 603 ditum
212 579 233 603 se
241 569 335 603 sentiebat.
379 562 400 603 A
408 569 487 613 quodam
495 568 597 613 presbitero
607 568 680 602 infirmo
691 567 785 602 inuocatus
797 577 849 601 sanc-

147 628 176 656 tus
195 621 319 656 Ythamarus²
335 632 370 666 per
387 622 448 656 visum
467 622 555 666 apparuit,
574 632 667 665 manuque
686 627 778 664 protensa,
797 618 849 665 quasi

147 673 213 708 medici
221 674 293 707 functus
301 674 365 715 officio,
371 685 413 708 eum
421 675 484 718 tetigit,
490 679 508 708 et
515 674 550 707 ait:
563 674 620 707 ‘Vide
628 674 674 707 hanc
683 674 752 707 nemini
759 673 849 707 visionem

148 726 222 769 dixeris,
236 727 294 761 donec
307 728 330 762 ad
342 727 402 761 locum
416 728 504 761 memorie
519 737 560 760 mee
574 726 683 770 peruenias'
707 726 745 761 Nec
759 725 806 760 visio
819 725 850 759 illa

121 789 139 810 10
147 779 207 814 inanis
222 779 260 821 fuit,
276 791 331 823 quam
346 780 396 814 salus
410 781 465 814 velox
482 784 544 813 secuta
563 784 596 814 est.
642 773 748 823 Episcopus
764 778 850 812 roffensis

148 833 246 873 lohannes
258 844 292 877 per
306 838 389 868 sanctum
402 832 522 867 Ythamarum
538 831 560 866 ab
574 831 663 867 acerrimo
678 833 772 867 oculorum
787 831 850 866 dolore

148 891 227 928 curatus,
242 887 266 920 de
283 886 345 930 priore
360 886 413 921 theca
430 885 524 930 preciosas
541 885 599 920 sancti
614 885 709 920 Ythamari
726 885 813 929 reliquias
831 885 850 918 in

148 944 216 973 ‘nouam
231 944 250 972 et
265 940 394 980 decentiorem,
409 949 443 982 per
460 949 526 972 manus
543 939 670 981 religiosorum
689 939 771 979 fratrum,
787 943 850 982 quarto

149 992 194 1026 Idus
205 991 255 1032 iunii,
269 1002 310 1025 cum
324 991 411 1034 hympnis
425 997 443 1025 et
458 990 517 1025 leticia
532 990 635 1032 transtulit3
654 991 731 1035 ipsoque
746 990 775 1024 die
790 1000 851 1024 annua

123 1054 140 1083 15
149 1045 189 1078 eius
197 1044 320 1086 solempnitas,
328 1049 367 1077 tum
375 1044 452 1077 aliorum
462 1049 501 1076 tum
512 1044 566 1077 huius
577 1044 680 1087 specialiter
690 1044 785 1077 occasione
796 1043 851 1076 mira·

149 1095 190 1138 culi,
202 1095 267 1130 festiue
280 1097 354 1131 decreta
367 1101 395 1130 est
408 1095 501 1130 celebrari,
547 1089 625 1130 Plurimi
637 1107 681 1131 vero
693 1096 772 1131 febrium
785 1096 851 1129 ardore

148 1149 214 1191 vexati,
226 1149 256 1184 vel
268 1148 324 1184 oculis
336 1148 401 1190 afflicti,
413 1154 431 1183 et
443 1148 499 1184 variis
512 1148 647 1184 infirmitatibus
660 1149 769 1191 laborantes,
780 1148 851 1183 meritis

149 1202 207 1236 sancti
214 1202 309 1236 Ythamari
321 1202 403 1236 sanitatis
413 1203 502 1236 beneficio
514 1203 612 1246 potiuntur.
636 1203 715 1244 Quidam
724 1203 780 1236 frater
791 1202 852 1236 valida

148 1254 254 1290 infirmitate
263 1266 344 1298 pressus,
353 1266 395 1289 cum
403 1260 486 1289 sanctum
495 1255 615 1289 Ythamarum
623 1255 694 1289 deuotis
704 1255 789 1299 precibus
800 1255 851 1288 inuo-

121 1323 140 1344 2o
149 1308 226 1350 cassett,
233 1309 252 1341 in
260 1308 344 1352 sompnis
351 1308 396 1341 vidit
403 1308 463 1341 virum
471 1308 533 1351 ignota
541 1308 587 1341 facie
595 1309 618 1342 ad
626 1308 687 1351 ipsum
694 1308 775 1349 introire,
780 1308 851 1351 virgam

148 1370 204 1395 manu
217 1361 326 1403 habentem
344 1371 421 1404 eamque
434 1371 468 1404 per
481 1361 542 1405 spacia
555 1362 621 1394 domus
633 1361 668 1394 huc
680 1361 759 1403 illucque
775 1360 851 1394 circum-

148 1413 229 1454 ferendo,
245 1413 379 1447 multitudinem
395 1414 500 1455 demonum,
514 1412 592 1447 diuersis
608 1413 671 1448 formis
687 1413 753 1447 minaci
767 1413 818 1446 vultu
834 1419 852 1446 et

148 1465 195 1501 truci
203 1470 279 1510 aspectu
287 1466 380 1500 infirmum
388 1470 510 1507 contuentem,
518 1465 636 1510 perturbauit.
654 1466 721 1510 Sicque
732 1465 819 1500 liberatus
829 1465 852 1499 ab

149 1519 194 1554 hora
204 1518 234 1552 illa
243 1519 302 1553 leuius
313 1519 381 1553 habere
393 1519 446 1563 cepit.
469 1519 508 1553 Sed
519 1520 579 1553 denuo
591 1520 666 1553 rediens
677 1519 743 1554 infesta
752 1519 782 1553 illa
792 1519 852 1553 multi·

122 1587 140 1618 ²5
148 1573 192 1606 tudo
204 1572 260 1611 irruit,
272 1573 337 1606 domus
348 1572 411 1616 spacia
422 1572 526 1616 compleuit,
541 1572 586 1606 rictu
599 1577 617 1606 et
630 1577 706 1616 aspectu
721 1572 796 1606 terribili
809 1572 852 1606 hor-

149 1626 227 1660 rendum
238 1625 328 1668 impetum
339 1625 432 1658 iacientes.
450 1625 536 1659 inuocato
548 1625 605 1659 sancti
617 1625 712 1659 Ythamari
723 1625 803 1667 nomine,
815 1635 852 1659 non

150 1678 215 1711 eodem
222 1678 273 1711 vultu
281 1688 317 1720 quo
324 1679 382 1720 prtus,
389 1678 422 1711 sed
429 1677 553 1720 pontificalem
562 1678 624 1711 habitu
632 1688 732 1721 personam
740 1679 852 1721 pretendens

149 1731 223 1774 [rediit],
234 1730 280 1764 albis
289 1730 363 1764 indutus
375 1736 393 1764 et
404 1729 469 1764 nitenti
481 1731 562 1774 desuper
569 1729 625 1775 pallio
637 1735 723 1774 opertus:
736 1730 783 1765 oculi
795 1731 852 1765 nitore

150 1783 217 1824 eximii,
225 1784 281 1818 facies
289 1783 375 1817 candida:
388 1788 406 1817 et
416 1783 502 1827 quicquid
511 1785 615 1818 intuebatur
625 1784 715 1826 infirmus,
723 1783 780 1829 gratie
790 1783 853 1818 inesti-

122 1848 142 1877 30
150 1836 221 1871 matins
235 1841 279 1870 erat.
302 1836 332 1870 Ad
344 1836 395 1870 cuius
408 1837 522 1881 presentiam
534 1848 577 1870 mox
591 1837 666 1880 spiritus
678 1837 768 1871 immundi
779 1836 853 1871 timide⁴

150 1889 259 1933 profugiunt.
274 1889 299 1923 At
307 1889 338 1922 ille
345 1895 387 1933 post
395 1899 427 1923 eos
434 1890 519 1923 baculum
526 1890 605 1930 vibrans,
614 1890 736 1925 habitaculum
744 1890 854 1924 intrinsecus

149 1941 203 1977 tertio
212 1941 280 1985 circuit,
288 1947 306 1975 et
314 1943 337 1975 ab
345 1942 395 1976 omni
403 1943 501 1975 demonum
510 1942 597 1986 spurcitia
607 1954 694 1987 purgans,
702 1943 797 1987 disparuit.
815 1943 853 1977 Nec

150 1995 207 2031 multo
222 2000 265 2040 post
277 1995 331 2029 tertia
343 1994 383 2030 vice
395 1995 482 2029 terribilis
495 1996 594 2030 demonum
610 1996 705 2030 multitudo
720 1996 814 2031 infirmum
827 1996 854 2031 in·

150 2049 220 2082 festans
233 2049 317 2081 aduenit:
337 2054 356 2081 et
371 2059 413 2081 ecce
429 2049 508 2091 quidam,
524 2049 575 2082 cuius
590 2061 624 2083 nec
639 2050 710 2084 vultum
725 2060 759 2083 nce
772 2049 854 2083 habitum

124 2109 143 2141 35
151 2101 213 2134 videre
227 2110 261 2133 nec
273 2099 379 2133 discernere
393 2105 470 2143 poterat,
484 2111 557 2134 crucem
573 2100 662 2142 baiulans,
678 2112 743 2134 omnes
758 2101 777 2134 in
793 2102 854 2144 sugam

151 2157 202 2187 actos
220 2154 332 2186 tumultuoso
350 2151 419 2197 impetu
438 2153 570 2198 precipitanter
589 2154 640 2188 exire
656 2153 720 2198 coegit.
748 2153 765 2187 A
781 2152 810 2188 die
825 2153 855 2188 illa

152 2206 242 2246 infirmus,
253 2206 327 2248 plenam
339 2207 435 2239 sanitatem
447 2207 529 2250 adeptus,
541 2207 564 2240 ab
576 2207 680 2241 illusoribus
692 2207 717 2241 nil
729 2207 855 2251 incom[mlodi

151 2258 198 2292 vltra
210 2268 310 2301 perpessus
322 2262 355 2292 est.
406 2251 458 2292 Puer
468 2259 542 2302 quidam
550 2259 673 2294 debilitatem⁶
684 2260 785 2303 incurrens,
794 2266 854 2294 mutus

152 2315 171 2345 et
184 2312 251 2344 surdus
262 2311 348 2351 effectum
364 2311 387 2344 ad
398 2312 480 2344 tumbam
493 2313 551 2346 sancti
563 2312 657 2346 Ythamari
669 2313 763 2353 deductus,
775 2313 855 2357 perfecte

124 2379 145 2408 40
153 2363 206 2397 saluti
221 2363 303 2395 redditus
318 2367 351 2396 est.
395 2356 478 2407 Quidam
490 2365 550 2397 ualida
562 2365 664 2407 egritudine
676 2372 759 2408 vexatus,
772 2366 855 2400 inuocato

153 2421 215 2450 sancto
229 2414 334 2455 Ythamaro‚
348 2414 366 2448 in
379 2425 457 2449 excessu
473 2417 539 2450 mentis
551 2416 596 2451 vidit
611 2416 662 2451 illum
677 2418 810 2462 precipientem
822 2415 855 2452 sibi

152 2474 171 2504 vt
186 2473 273 2513 pergeret
288 2469 311 2502 ad
327 2468 423 2501 ecclesiam
438 2469 486 2503 beati
501 2470 577 2504 Andree
593 2470 675 2515 apostoli,
690 2470 721 2506 vbi
736 2472 753 2505 ei
769 2478 787 2505 et
802 2470 855 2505 sedes

172 2594 206 2625 1Ε,
217 2604 299 2625 concessu.
357 2593 483 2626 emmaus.
539 2596 674 2626 ³E.inuacasset.
729 2596 763 2628 ⁴T.
771 2598 829 2634 timide,
837 2594 855 2624 Ε.

152 2634 207 2666 timidi¹
269 2635 302 2665 ⁵13.
310 2630 396 2665 debilitate.
