1762 2803
214 135 260 189 Bo
275 133 375 186 &anon
391 132 513 187 hamato
528 141 592 195 tout.
711 135 754 190 265

55 255 106 291 ribus
117 256 210 291 sexdecim
218 261 319 300 separatur.
342 255 364 290 In
372 265 408 300 quo
416 254 489 299 quidem
497 265 562 299 campo
570 253 652 295 ecclesia,
660 264 696 297 que
704 256 756 289 ‘can-

55 308 97 343 dida
112 309 199 344 ecclesia'
211 309 281 351 dicitur,
294 309 314 344 in
329 308 387 343 sancti
399 307 482 342 Oswaldi
497 307 567 342 honore
582 306 672 349 fundatur,
686 312 704 340 et
719 317 757 341 non

54 363 118 405 procul
130 363 173 396 inde
184 363 226 396 sons
237 361 338 406 perhennis
350 361 436 403 exoritur,
443 361 475 405 qui
486 361 509 394 ab
520 360 585 394 incolis
595 360 646 394 ‘fons
657 359 715 393 sancti
723 360 757 393 Os-

54 414 118 448 waldi’
130 415 240 450 nominatur.
263 415 326 449 Penda
336 424 381 449 vero
392 423 426 448 rex
437 418 492 458 caput
503 413 561 448 sancti
572 411 653 447 Oswaldi
664 412 756 447 abscisum

54 478 96 502 cum
107 467 185 502 brachiis
196 479 309 513 perannum
320 466 339 501 in
351 466 442 512 stipitibus
453 467 542 511 suspendi
551 465 609 501 iussit.
654 457 757 501 Oswaldus
766 473 774 504 5

54 530 134 565 namque
146 532 179 556 rex
191 532 248 566 regno
257 522 367 556 Merciorum
378 521 463 565 primitus
474 520 570 564 subiugato
581 525 599 554 et
610 530 654 564 rege
663 519 726 553 Penda
737 518 757 553 in

55 572 141 610 Walliam
156 575 222 620 fugato,
235 575 349 620 congregatis
364 585 478 619 paganorum
494 573 552 618 copiis
566 573 586 607 in
601 573 641 607 loco
655 577 757 607 memorato

55 633 139 663 sanctum
152 639 215 673 regem
229 628 336 663 Oswaldum
344 627 434 664 interfecit
440 628 451 663 ¹.
481 627 570 672 'Sepulto
582 637 626 661 vero
638 626 656 661 in
668 624 757 661 cimiterio

54 680 193 715 lindisfarnensi
201 681 265 727 capite,
273 682 379 726 frequenter
386 682 405 715 in
413 681 453 715 loco
461 681 491 714 illo
499 681 551 725 quasi
559 681 639 722 lucerna,
647 680 757 724 quandoque

54 737 74 766 vt
84 735 161 767 candida
169 734 227 768 sonna
237 734 308 777 aliqua;
320 744 369 768 nuno
380 735 426 768 sicut
438 733 519 775 candela,
528 733 582 767 modo
592 732 649 766 nitida
656 731 705 765 velut
715 731 757 772 tela,
766 742 785 763 ro

54 786 86 819 lux
98 787 162 820 celitus
174 787 242 821 emissa
253 787 329 821 refulsit.
352 786 439 821 Extracto
450 785 528 831 proinde
539 784 603 830 capite,
615 785 634 819 in
644 785 690 818 vrbe
702 784 757 818 Bam-

54 839 126 883 burgh⁵
138 839 238 875 honorifice
253 839 328 875 locatur.
371 832 504 885 ⁴Tepescente
519 839 594 874 demum
606 849 650 883 erga
661 837 719 873 sancti
727 847 756 872 re-

54 891 120 936 liquias
132 893 195 937 populi
207 893 309 936 deuotione,
321 905 355 928 nec
367 899 406 929 erat
417 894 448 939 qui
460 894 515 938 digne
527 893 614 937 reliquias
626 892 687 937 (huius
698 891 757 927 sancti

53 946 154 990 preciosas)
160 946 167 965 ⁶
174 947 273 997 excoleret,
281 948 310 982 vel
319 947 401 982 custodie
409 947 521 991 diligentiam
530 947 630 982 exhiberet.
654 946 756 980 Monachus

53 998 108 1041 igitur
118 999 192 1043 quidam
204 1001 227 1033 de
239 1000 296 1044 burgo
309 1000 368 1033 sancti
381 1000 431 1034 Petri
443 1000 462 1034 in
475 1000 558 1046 partibus
570 999 606 1033 illis
619 998 726 1041 adueniens,
738 1004 756 1032 et
765 1008 784 1040 ¹5

54 1058 125 1086 secreta
133 1053 210 1087 ecclesie
215 1053 246 1088 vbi
254 1053 330 1097 reliquie
336 1059 388 1088 erant
395 1054 475 1098 reposite
482 1054 579 1098 diligenter
584 1053 689 1097 explorans,
695 1051 757 1086 hahita

53 1105 176 1148 oportunitate
187 1106 281 1141 brachium
296 1106 354 1141 sancti
366 1106 447 1141 Oswaldi
462 1108 486 1141 de
501 1107 566 1141 theca⁶
579 1106 679 1140 extrahens
692 1115 756 1139 secum

53 1157 136 1192 clanculo
146 1159 252 1202 asportant,
260 1165 278 1193 et
287 1159 306 1194 in
318 1170 351 1194 suo
359 1159 436 1195 cenobio
444 1172 484 1196 oum
493 1160 563 1195 honore
571 1158 669 1194 collocauit.
692 1157 756 1193 Maluit

53 1211 104 1245 enim
110 1213 152 1246 talis
158 1211 200 1246 furti
208 1212 309 1257 sacrilegus
314 1212 354 1248 sore
359 1214 476 1258 depredator,
482 1225 538 1257 quarn
543 1217 594 1247 tanto
600 1223 662 1247 carere
668 1212 756 1246 thezauro

54 1275 87 1299 sue
93 1265 204 1300 conscientie
209 1266 304 1309 improbus
310 1272 408 1300 accusator.
423 1267 452 1301 De
457 1266 527 1311 peccati
532 1267 582 1301 enim
587 1266 663 1300 crimine
668 1266 756 1308 quodam·
765 1276 784 1299 πο

54 1318 109 1352 modo
122 1318 195 1352 laudem
210 1318 267 1364 glorie
282 1319 383 1364 acquisiuit,
396 1320 440 1354 dum
452 1321 476 1354 de
489 1330 522 1354 sue
536 1325 579 1354 nota
593 1319 667 1353 insamle
680 1319 756 1353 honoris

54 1371 147 1405 cumulum
162 1381 196 1406 sue
211 1371 288 1407 ecclesie
303 1372 436 1416 eompensauit,
451 1377 469 1407 et
484 1377 548 1407 saneto
562 1371 633 1406 martiri
647 1376 756 1415 perpetuam

54 1423 191 1458 venerationem
205 1424 300 1469 acquirere
315 1426 386 1460 meruit.
437 1418 521 1470 'Elapso
533 1430 575 1470 post
586 1423 687 1460 martirium
698 1423 757 1459 sancti

55 1476 136 1512 Oswaldi
149 1488 197 1513 anno
209 1490 245 1513 vno
258 1480 343 1523 apparuit
354 1479 428 1523 quidam
440 1479 459 1514 in
470 1479 541 1515 visione
554 1479 593 1523 regi
605 1478 668 1514 Oswio
681 1478 756 1514 dicens:

53 1530 119 1573 ‘Vade‚
128 1531 191 1575 inquit,
199 1532 292 1575 citissime,
301 1537 319 1567 et
330 1538 384 1577 caput
394 1544 436 1567 cum
443 1533 524 1567 brachiis
534 1532 595 1567 fratris
605 1532 632 1566 tui
641 1543 676 1576 pro
684 1531 757 1566 Christo
765 1544 784 1574 ²5

54 1582 109 1616 occisi
117 1583 215 1626 diligenter
222 1584 300 1628 inquire.
324 1584 371 1619 Nam
380 1590 433 1628 caput
441 1585 509 1619 diutius
516 1585 535 1618 in
543 1584 604 1628 stipite
612 1584 685 1628 configi,
690 1584 757 1618 Christi

54 1635 151 1671 clementia
159 1635 255 1681 indignum
263 1637 325 1672 duxit:
338 1638 371 1672 sed
379 1644 397 1672 et
405 1638 480 1672 brachia
487 1648 528 1672 cum
536 1636 620 1672 manibus
628 1636 658 1671 dei
667 1636 758 1671 honorare

54 1688 125 1723 bonitas
139 1689 234 1733 disposuit,
247 1694 265 1723 et
278 1701 289 1724 a
301 1690 405 1724 volatilibus
417 1690 451 1725 celi
464 1701 486 1726 ea
498 1690 534 1725 ledi
547 1701 584 1724 non
597 1689 686 1734 permisit,
698 1701 732 1725 nec
746 1700 757 1724 a

55 1741 191 1786 pulchritudine
203 1754 237 1778 sua
247 1749 298 1778 tanto
309 1750 393 1789 tempore
404 1744 496 1780 maculari.
519 1745 620 1779 Dexteram
631 1755 673 1779 cum
683 1743 758 1778 brachio

54 1806 92 1829 non
100 1795 162 1830 iamin
170 1796 238 1841 stipite,
246 1798 279 1831 sed
290 1798 309 1831 in
317 1798 370 1842 aquis
376 1798 481 1833 uiuentibus
489 1798 575 1842 reperies,
582 1798 613 1832 vbi
622 1797 691 1832 meritis
699 1798 758 1842 ipsius
766 1805 786 1836 30

54 1848 78 1883 de
89 1860 135 1883 saxo
146 1849 246 1884 durissimo
256 1850 297 1885 sons
304 1849 358 1885 viuus
369 1862 456 1885 emanare
467 1850 525 1896 cepit!
553 1850 588 1886 His
598 1851 651 1886 dictis
661 1850 717 1886 heros
726 1851 757 1886 ille

55 1902 151 1946 disparuit,
162 1908 180 1937 et
191 1914 225 1938 rex
236 1903 272 1937 iter
281 1914 322 1938 cum
334 1903 450 1939 festinatione
461 1910 560 1945 maturans,
567 1904 618 1939 iussa
629 1905 728 1948 compleuit
739 1910 758 1939 et

55 1961 109 1998 caput
122 1955 141 1988 in
153 1954 240 1989 cimiterio
252 1955 388 1991 lindisfarnensi
402 1957 492 2000 sepeliuit,
504 1962 522 1991 et
534 1957 629 1991 brachium
641 1957 690 2001 apud
702 1957 758 1991 Bam-

54 2008 115 2053 burgh
130 2008 237 2053 composuit.
259 2009 346 2055 ⁸Corpus
358 2020 431 2055 quoque
443 2016 461 2044 et
474 2020 516 2045 ossa
528 2010 604 2045 adduxit
616 2021 678 2046 secum
693 2011 757 2056 regina

55 2061 167 2097 Merciorum
179 2062 250 2103 Osrida,
258 2062 296 2097 filia
307 2062 356 2106 regis
368 2063 424 2104 Oswi‚
436 2064 466 2098 et'
477 2074 536 2107 vsque
549 2064 572 2098 ad
584 2063 716 2098 monasterium
734 2064 757 2098 de
766 2073 785 2104 35

55 2110 158 2146 Bardeneia
169 2112 188 2146 in
198 2113 297 2147 Lindeseia
308 2113 383 2149 detulit:
399 2114 433 2148 sed
443 2114 550 2157 repulerunt
561 2124 602 2148 eam
607 2114 621 2135 ¹⁰
631 2115 721 2156 monachi,
730 2115 758 2149 in·

53 2163 139 2199 uidentes
149 2171 226 2206 mortuo,
234 2166 276 2209 quia
287 2177 343 2211 super
353 2178 385 2201 eos
395 2166 460 2201 bellico
470 2167 510 2202 iure
520 2178 597 2211 regnum
606 2174 712 2211 acceperat;
724 2169 757 2203 sed

54 2222 108 2251 nocte
116 2218 229 2263 intempesta
239 2218 285 2253 lucis
291 2219 332 2254 visa
341 2219 438 2264 columpna
448 2230 504 2265 super
512 2230 581 2265 corpus
589 2220 677 2255 diuinitus
685 2220 758 2263 emissa,

53 2270 100 2305 vltro
110 2271 201 2315 petierunt
212 2273 261 2316 quod
272 2278 315 2308 ante
325 2272 431 2308 reiecerant.
456 2273 483 2307 Ibi
491 2273 541 2308 enim
550 2284 574 2308 ex
582 2275 658 2309 cadente
668 2275 758 2318 sanguine

54 2323 206 2370 reuiruitcespes.
236 2318 786 2371 ¹¹PostmultosmartiriieiusannossanctusCuthbertus40

54 2377 125 2413 cuidam
137 2379 155 2413 in
167 2378 260 2424 obsequiis
271 2380 312 2414 eius
323 2381 390 2414 deuoto
401 2390 499 2424 apparenS,
508 2380 564 2416 dixit:
577 2381 653 2426 'Surge
664 2380 728 2426 inquit,
739 2387 758 2416 et

54 2437 108 2476 caput
119 2431 177 2467 sancti
186 2432 271 2477 Oswaldi,
279 2433 298 2468 in
306 2434 384 2469 ecclesia
394 2434 417 2468 de
425 2433 533 2478 Bamburgh
544 2434 667 2479 negligentius
678 2434 758 2470 custodi-

73 2515 79 2533 ¹
86 2515 101 2545 A
108 2516 138 2546 bad
145 2517 263 2554 construetion3
273 2527 286 2547 r.
293 2517 384 2547 interiectus
391 2522 421 2547 est.
469 2518 539 2556 ²Regin.
548 2529 571 2558 13·
623 2519 629 2536 ³
636 2520 654 2550 E.
663 2520 756 2549 Bamburch.

54 2553 157 2593 ⁴Reginatl.
207 2557 458 2595 ⁵huiuss.preciosasom.inT.
519 2557 596 2589 ⁸T.teea.
656 2558 757 2596 'Reginis

56 2594 150 2632 ⁸Bedalll,
159 2605 182 2626 11.
228 2596 321 2628 ⁰om.in'l“.
368 2596 455 2628 ¹⁰E.eum.
502 2596 610 2637 ¹¹Reglu.49.
