<?xml version="1.0" encoding="UTF-8"?>
<!DOCTYPE html PUBLIC "-//W3C//DTD XHTML 1.0 Transitional//EN"
    "http://www.w3.org/TR/xhtml1/DTD/xhtml1-transitional.dtd">
<html xmlns="http://www.w3.org/1999/xhtml" xml:lang="en" lang="en">
 <head>
  <title>
</title>
<meta http-equiv="Content-Type" content="text/html;charset=utf-8" />
  <meta name='ocr-system' content='tesseract 3.04.00' />
  <meta name='ocr-capabilities' content='ocr_page ocr_carea ocr_par ocr_line ocrx_word'/>
</head>
<body>
  <div class='ocr_page' id='page_1' title='image "./MN5111ucmf_0/MN5111ucmf_0_0705.png"; bbox 0 0 1762 2803; ppageno 0'>
   <div class='ocr_carea' id='block_1_1' title="bbox 244 156 733 221">
    <p class='ocr_par' dir='ltr' id='par_1_1' title="bbox 244 156 733 221">
     <span class='ocr_line' id='line_1_1' title="bbox 244 156 733 221; baseline -0.018 -8"><span class='ocrx_word' id='word_1_1' title='bbox 244 157 290 213; x_wconf 62' lang='lat' dir='ltr'>be</span> <span class='ocrx_word' id='word_1_2' title='bbox 304 156 405 210; x_wconf 56' lang='lat' dir='ltr'>sanun</span> <span class='ocrx_word' id='word_1_3' title='bbox 421 162 516 221; x_wconf 58' lang='lat' dir='ltr'>nunna.</span> <span class='ocrx_word' id='word_1_4' title='bbox 703 161 733 215; x_wconf 80' lang='lat'>89</span> 
     </span>
    </p>
   </div>
   <div class='ocr_carea' id='block_1_2' title="bbox 30 278 767 2550">
    <p class='ocr_par' dir='ltr' id='par_1_2' title="bbox 30 278 767 2550">
     <span class='ocr_line' id='line_1_2' title="bbox 30 278 734 322; baseline -0.003 -7"><span class='ocrx_word' id='word_1_5' title='bbox 30 285 108 316; x_wconf 87' lang='lat' dir='ltr'>mortem</span> <span class='ocrx_word' id='word_1_6' title='bbox 119 279 142 314; x_wconf 91' lang='lat' dir='ltr'>ad</span> <span class='ocrx_word' id='word_1_7' title='bbox 153 278 284 313; x_wconf 88' lang='lat' dir='ltr'>ambulandum</span> <span class='ocrx_word' id='word_1_8' title='bbox 295 279 375 312; x_wconf 84' lang='lat' dir='ltr'>reddidit</span> <span class='ocrx_word' id='word_1_9' title='bbox 385 279 474 322; x_wconf 87' lang='lat' dir='ltr'>ineptum.</span> <span class='ocrx_word' id='word_1_10' title='bbox 497 278 587 312; x_wconf 88' lang='lat' dir='ltr'>Monacho</span> <span class='ocrx_word' id='word_1_11' title='bbox 599 278 678 313; x_wconf 86' lang='lat' dir='ltr'>famulos</span> <span class='ocrx_word' id='word_1_12' title='bbox 689 289 734 313; x_wconf 89' lang='lat' dir='ltr'>suos</span> 
     </span>
     <span class='ocr_line' id='line_1_3' title="bbox 30 330 734 376; baseline -0.001 -9"><span class='ocrx_word' id='word_1_13' title='bbox 30 335 48 367; x_wconf 90' lang='lat' dir='ltr'>in</span> <span class='ocrx_word' id='word_1_14' title='bbox 57 333 96 367; x_wconf 85' lang='lat' dir='ltr'>eius</span> <span class='ocrx_word' id='word_1_15' title='bbox 104 332 151 366; x_wconf 88' lang='lat' dir='ltr'>festo</span> <span class='ocrx_word' id='word_1_16' title='bbox 159 331 246 374; x_wconf 85' lang='lat' dir='ltr'>operibus</span> <span class='ocrx_word' id='word_1_17' title='bbox 256 331 354 365; x_wconf 88' lang='lat' dir='ltr'>semilibus</span> <span class='ocrx_word' id='word_1_18' title='bbox 362 330 448 364; x_wconf 82' lang='lat' dir='ltr'>insistere</span> <span class='ocrx_word' id='word_1_19' title='bbox 459 330 530 375; x_wconf 84' lang='lat' dir='ltr'>cogenti</span> <span class='ocrx_word' id='word_1_20' title='bbox 541 337 641 376; x_wconf 86' lang='lat' dir='ltr'>sanctoque</span> <span class='ocrx_word' id='word_1_21' title='bbox 652 331 734 366; x_wconf 86' lang='lat' dir='ltr'>conuicia</span> 
     </span>
     <span class='ocr_line' id='line_1_4' title="bbox 30 383 735 429; baseline -0.003 -9"><span class='ocrx_word' id='word_1_22' title='bbox 30 383 115 420; x_wconf 82' lang='lat' dir='ltr'>inferenti</span> <span class='ocrx_word' id='word_1_23' title='bbox 127 384 216 427; x_wconf 86' lang='lat' dir='ltr'>apparuit,</span> <span class='ocrx_word' id='word_1_24' title='bbox 227 383 301 418; x_wconf 90' lang='lat' dir='ltr'>dicens:</span> <span class='ocrx_word' id='word_1_25' title='bbox 318 384 362 426; x_wconf 88' lang='lat' dir='ltr'>‘Tu,</span> <span class='ocrx_word' id='word_1_26' title='bbox 370 385 453 429; x_wconf 87' lang='lat' dir='ltr'>nunquid</span> <span class='ocrx_word' id='word_1_27' title='bbox 463 394 494 418; x_wconf 92' lang='lat' dir='ltr'>me</span> <span class='ocrx_word' id='word_1_28' title='bbox 506 383 576 419; x_wconf 82' lang='lat' dir='ltr'>nostii’</span> <span class='ocrx_word' id='word_1_29' title='bbox 599 384 632 419; x_wconf 88' lang='lat' dir='ltr'>llle</span> <span class='ocrx_word' id='word_1_30' title='bbox 642 395 687 419; x_wconf 91' lang='lat' dir='ltr'>vero</span> <span class='ocrx_word' id='word_1_31' title='bbox 698 389 735 418; x_wconf 86' lang='lat' dir='ltr'>tre·</span> 
     </span>
     <span class='ocr_line' id='line_1_5' title="bbox 30 437 735 482; baseline -0.003 -9"><span class='ocrx_word' id='word_1_32' title='bbox 30 449 83 474; x_wconf 88' lang='lat' dir='ltr'>mens</span> <span class='ocrx_word' id='word_1_33' title='bbox 95 437 200 481; x_wconf 84' lang='lat' dir='ltr'>respondit:</span> <span class='ocrx_word' id='word_1_34' title='bbox 219 437 281 472; x_wconf 79' lang='lat' dir='ltr'>‘Nom&#39;</span> <span class='ocrx_word' id='word_1_35' title='bbox 304 437 353 482; x_wconf 78' lang='lat' dir='ltr'>&#39;Ego</span> <span class='ocrx_word' id='word_1_36' title='bbox 368 448 414 479; x_wconf 86' lang='lat' dir='ltr'>surn,</span> <span class='ocrx_word' id='word_1_37' title='bbox 430 437 494 482; x_wconf 89' lang='lat' dir='ltr'>inquit,</span> <span class='ocrx_word' id='word_1_38' title='bbox 509 437 556 479; x_wconf 90' lang='lat' dir='ltr'>Yuo,</span> <span class='ocrx_word' id='word_1_39' title='bbox 571 448 626 482; x_wconf 90' lang='lat' dir='ltr'>quern</span> <span class='ocrx_word' id='word_1_40' title='bbox 641 448 702 482; x_wconf 85' lang='lat' dir='ltr'>nuper</span> <span class='ocrx_word' id='word_1_41' title='bbox 717 442 735 472; x_wconf 89' lang='lat' dir='ltr'>te</span> 
     </span>
     <span class='ocr_line' id='line_1_6' title="bbox 30 490 753 534; baseline -0.001 -8"><span class='ocrx_word' id='word_1_42' title='bbox 30 492 102 526; x_wconf 89' lang='lat' dir='ltr'>nescire</span> <span class='ocrx_word' id='word_1_43' title='bbox 110 490 171 525; x_wconf 83' lang='lat' dir='ltr'>dixisti</span> <span class='ocrx_word' id='word_1_44' title='bbox 180 496 198 524; x_wconf 89' lang='lat' dir='ltr'>et</span> <span class='ocrx_word' id='word_1_45' title='bbox 206 491 273 525; x_wconf 90' lang='lat' dir='ltr'>festum</span> <span class='ocrx_word' id='word_1_46' title='bbox 282 501 345 524; x_wconf 90' lang='lat' dir='ltr'>meum</span> <span class='ocrx_word' id='word_1_47' title='bbox 354 491 414 524; x_wconf 85' lang='lat' dir='ltr'>coiere</span> <span class='ocrx_word' id='word_1_48' title='bbox 422 491 505 524; x_wconf 90' lang='lat' dir='ltr'>volentes</span> <span class='ocrx_word' id='word_1_49' title='bbox 515 490 624 534; x_wconf 82' lang='lat' dir='ltr'>prohibuisti</span> <span class='ocrx_word' id='word_1_50' title='bbox 631 493 645 525; x_wconf 87' lang='lat'>:&#39;</span> <span class='ocrx_word' id='word_1_51' title='bbox 656 496 675 525; x_wconf 90' lang='lat' dir='ltr'>et</span> <span class='ocrx_word' id='word_1_52' title='bbox 685 491 735 525; x_wconf 88' lang='lat' dir='ltr'>dedit</span> <span class='ocrx_word' id='word_1_53' title='bbox 743 501 753 533; x_wconf 85' lang='lat'><strong>5</strong></span> 
     </span>
     <span class='ocr_line' id='line_1_7' title="bbox 30 543 735 588; baseline -0.003 -9"><span class='ocrx_word' id='word_1_54' title='bbox 30 546 47 579; x_wconf 90' lang='lat' dir='ltr'>ei</span> <span class='ocrx_word' id='word_1_55' title='bbox 59 554 130 585; x_wconf 89' lang='lat' dir='ltr'>zonam,</span> <span class='ocrx_word' id='word_1_56' title='bbox 141 543 214 578; x_wconf 89' lang='lat' dir='ltr'>dicens:</span> <span class='ocrx_word' id='word_1_57' title='bbox 232 544 281 577; x_wconf 76' lang='lat' dir='ltr'>‘ista</span> <span class='ocrx_word' id='word_1_58' title='bbox 292 554 338 577; x_wconf 91' lang='lat' dir='ltr'>zona</span> <span class='ocrx_word' id='word_1_59' title='bbox 348 543 463 588; x_wconf 82' lang='lat' dir='ltr'>precingere,</span> <span class='ocrx_word' id='word_1_60' title='bbox 471 549 489 577; x_wconf 88' lang='lat' dir='ltr'>et</span> <span class='ocrx_word' id='word_1_61' title='bbox 500 544 536 577; x_wconf 91' lang='lat' dir='ltr'>mei</span> <span class='ocrx_word' id='word_1_62' title='bbox 544 543 630 577; x_wconf 82' lang='lat' dir='ltr'>noticiam</span> <span class='ocrx_word' id='word_1_63' title='bbox 638 543 672 577; x_wconf 94' lang='lat' dir='ltr'>hoc</span> <span class='ocrx_word' id='word_1_64' title='bbox 681 544 735 588; x_wconf 87' lang='lat' dir='ltr'>signo</span> 
     </span>
     <span class='ocr_line' id='line_1_8' title="bbox 30 595 736 641; baseline -0.001 -10"><span class='ocrx_word' id='word_1_65' title='bbox 30 596 96 632; x_wconf 90' lang='lat' dir='ltr'>amodo</span> <span class='ocrx_word' id='word_1_66' title='bbox 103 597 167 631; x_wconf 85' lang='lat' dir='ltr'>tene&#39;:</span> <span class='ocrx_word' id='word_1_67' title='bbox 180 602 198 630; x_wconf 90' lang='lat' dir='ltr'>et</span> <span class='ocrx_word' id='word_1_68' title='bbox 205 597 317 641; x_wconf 80' lang='lat' dir='ltr'>precingens</span> <span class='ocrx_word' id='word_1_69' title='bbox 327 607 375 638; x_wconf 89' lang='lat' dir='ltr'>eum,</span> <span class='ocrx_word' id='word_1_70' title='bbox 383 596 432 631; x_wconf 86' lang='lat' dir='ltr'>abiit.</span> <span class='ocrx_word' id='word_1_71' title='bbox 456 595 607 640; x_wconf 84' lang='lat' dir='ltr'>Expergefactus,</span> <span class='ocrx_word' id='word_1_72' title='bbox 615 596 667 640; x_wconf 88' lang='lat' dir='ltr'>quasi</span> <span class='ocrx_word' id='word_1_73' title='bbox 675 596 736 630; x_wconf 83' lang='lat' dir='ltr'>ferreo</span> 
     </span>
     <span class='ocr_line' id='line_1_9' title="bbox 31 648 736 693; baseline -0.003 -9"><span class='ocrx_word' id='word_1_74' title='bbox 31 650 102 684; x_wconf 87' lang='lat' dir='ltr'>vinculo</span> <span class='ocrx_word' id='word_1_75' title='bbox 115 649 207 683; x_wconf 85' lang='lat' dir='ltr'>artissime</span> <span class='ocrx_word' id='word_1_76' title='bbox 223 660 244 682; x_wconf 86' lang='lat' dir='ltr'>se</span> <span class='ocrx_word' id='word_1_77' title='bbox 259 649 403 693; x_wconf 85' lang='lat' dir='ltr'>circumligatum</span> <span class='ocrx_word' id='word_1_78' title='bbox 417 648 484 683; x_wconf 85' lang='lat' dir='ltr'>sentit:</span> <span class='ocrx_word' id='word_1_79' title='bbox 502 648 583 683; x_wconf 90' lang='lat' dir='ltr'>Interius</span> <span class='ocrx_word' id='word_1_80' title='bbox 593 648 675 683; x_wconf 84' lang='lat' dir='ltr'>vitalium</span> <span class='ocrx_word' id='word_1_81' title='bbox 691 648 736 683; x_wconf 88' lang='lat' dir='ltr'>inci-</span> 
     </span>
     <span class='ocr_line' id='line_1_10' title="bbox 31 699 736 746; baseline -0.001 -10"><span class='ocrx_word' id='word_1_82' title='bbox 31 701 94 737; x_wconf 90' lang='lat' dir='ltr'>sione¹</span> <span class='ocrx_word' id='word_1_83' title='bbox 102 699 225 745; x_wconf 86' lang='lat' dir='ltr'>torquebatur,</span> <span class='ocrx_word' id='word_1_84' title='bbox 230 702 317 745; x_wconf 89' lang='lat' dir='ltr'>exterius,</span> <span class='ocrx_word' id='word_1_85' title='bbox 324 712 380 737; x_wconf 89' lang='lat' dir='ltr'>carne</span> <span class='ocrx_word' id='word_1_86' title='bbox 387 702 405 736; x_wconf 92' lang='lat' dir='ltr'>in</span> <span class='ocrx_word' id='word_1_87' title='bbox 414 702 531 746; x_wconf 87' lang='lat' dir='ltr'>putredinem</span> <span class='ocrx_word' id='word_1_88' title='bbox 537 701 636 745; x_wconf 85' lang='lat' dir='ltr'>defluente,</span> <span class='ocrx_word' id='word_1_89' title='bbox 641 712 736 737; x_wconf 88' lang='lat' dir='ltr'>venenosa</span> 
     </span>
     <span class='ocr_line' id='line_1_11' title="bbox 30 755 764 799; baseline -0.003 -10"><span class='ocrx_word' id='word_1_90' title='bbox 30 758 72 790; x_wconf 90' lang='lat' dir='ltr'>tabe</span> <span class='ocrx_word' id='word_1_91' title='bbox 81 761 98 789; x_wconf 91' lang='lat' dir='ltr'>et</span> <span class='ocrx_word' id='word_1_92' title='bbox 106 755 200 789; x_wconf 80' lang='lat' dir='ltr'>inflatione</span> <span class='ocrx_word' id='word_1_93' title='bbox 207 756 313 790; x_wconf 82' lang='lat' dir='ltr'>vexabatur.</span> <span class='ocrx_word' id='word_1_94' title='bbox 335 755 425 797; x_wconf 85' lang='lat' dir='ltr'>Tandem,</span> <span class='ocrx_word' id='word_1_95' title='bbox 433 755 482 799; x_wconf 89' lang='lat' dir='ltr'>quod</span> <span class='ocrx_word' id='word_1_96' title='bbox 492 755 511 788; x_wconf 94' lang='lat' dir='ltr'>in</span> <span class='ocrx_word' id='word_1_97' title='bbox 522 761 605 789; x_wconf 86' lang='lat' dir='ltr'>sanctum</span> <span class='ocrx_word' id='word_1_98' title='bbox 613 755 736 798; x_wconf 84' lang='lat' dir='ltr'>commiserat,</span> <span class='ocrx_word' id='word_1_99' title='bbox 744 765 764 788; x_wconf 88' lang='lat' dir='ltr'>ro</span> 
     </span>
     <span class='ocr_line' id='line_1_12' title="bbox 32 808 735 853; baseline -0.001 -10"><span class='ocrx_word' id='word_1_100' title='bbox 32 808 180 843; x_wconf 83' lang='lat' dir='ltr'>lachrimabiliter</span> <span class='ocrx_word' id='word_1_101' title='bbox 189 809 291 851; x_wconf 84' lang='lat' dir='ltr'>confitetur,</span> <span class='ocrx_word' id='word_1_102' title='bbox 299 809 418 853; x_wconf 88' lang='lat' dir='ltr'>tumbamque</span> <span class='ocrx_word' id='word_1_103' title='bbox 429 809 469 843; x_wconf 88' lang='lat' dir='ltr'>eius</span> <span class='ocrx_word' id='word_1_104' title='bbox 478 810 544 842; x_wconf 88' lang='lat' dir='ltr'>deuote</span> <span class='ocrx_word' id='word_1_105' title='bbox 551 809 628 843; x_wconf 88' lang='lat' dir='ltr'>visitans</span> <span class='ocrx_word' id='word_1_106' title='bbox 639 808 735 842; x_wconf 86' lang='lat' dir='ltr'>sanitatem</span> 
     </span>
     <span class='ocr_line' id='line_1_13' title="bbox 31 855 736 906; baseline -0.001 -10"><span class='ocrx_word' id='word_1_107' title='bbox 31 861 135 904; x_wconf 88' lang='lat' dir='ltr'>reportauit.</span> <span class='ocrx_word' id='word_1_108' title='bbox 181 855 231 896; x_wconf 86' lang='lat' dir='ltr'>Cum</span> <span class='ocrx_word' id='word_1_109' title='bbox 242 861 344 895; x_wconf 90' lang='lat' dir='ltr'>monachus</span> <span class='ocrx_word' id='word_1_110' title='bbox 353 861 432 906; x_wconf 88' lang='lat' dir='ltr'>quidam,</span> <span class='ocrx_word' id='word_1_111' title='bbox 440 871 524 895; x_wconf 89' lang='lat' dir='ltr'>normam</span> <span class='ocrx_word' id='word_1_112' title='bbox 532 861 640 902; x_wconf 86' lang='lat' dir='ltr'>abhorrens,</span> <span class='ocrx_word' id='word_1_113' title='bbox 648 860 736 903; x_wconf 83' lang='lat' dir='ltr'>aufugere</span> 
     </span>
     <span class='ocr_line' id='line_1_14' title="bbox 31 913 736 959; baseline 0 -11"><span class='ocrx_word' id='word_1_114' title='bbox 31 920 107 948; x_wconf 90' lang='lat' dir='ltr'>conatus</span> <span class='ocrx_word' id='word_1_115' title='bbox 115 920 170 956; x_wconf 84' lang='lat' dir='ltr'>esset,</span> <span class='ocrx_word' id='word_1_116' title='bbox 177 915 252 959; x_wconf 89' lang='lat' dir='ltr'>spiritus</span> <span class='ocrx_word' id='word_1_117' title='bbox 261 925 341 958; x_wconf 87' lang='lat' dir='ltr'>nequam</span> <span class='ocrx_word' id='word_1_118' title='bbox 348 925 391 949; x_wconf 91' lang='lat' dir='ltr'>eum</span> <span class='ocrx_word' id='word_1_119' title='bbox 399 914 477 956; x_wconf 88' lang='lat' dir='ltr'>inuasit;</span> <span class='ocrx_word' id='word_1_120' title='bbox 489 919 507 949; x_wconf 89' lang='lat' dir='ltr'>et</span> <span class='ocrx_word' id='word_1_121' title='bbox 515 914 563 948; x_wconf 88' lang='lat' dir='ltr'>circa</span> <span class='ocrx_word' id='word_1_122' title='bbox 570 913 649 948; x_wconf 88' lang='lat' dir='ltr'>mediam</span> <span class='ocrx_word' id='word_1_123' title='bbox 657 921 736 956; x_wconf 89' lang='lat' dir='ltr'>noctem,</span> 
     </span>
     <span class='ocr_line' id='line_1_15' title="bbox 31 967 736 1012; baseline 0.001 -10"><span class='ocrx_word' id='word_1_124' title='bbox 31 978 72 1002; x_wconf 88' lang='lat' dir='ltr'>cum</span> <span class='ocrx_word' id='word_1_125' title='bbox 84 967 120 1001; x_wconf 92' lang='lat' dir='ltr'>iam</span> <span class='ocrx_word' id='word_1_126' title='bbox 131 967 197 1002; x_wconf 91' lang='lat' dir='ltr'>melius</span> <span class='ocrx_word' id='word_1_127' title='bbox 209 968 278 1003; x_wconf 87' lang='lat' dir='ltr'>habere</span> <span class='ocrx_word' id='word_1_128' title='bbox 289 967 375 1012; x_wconf 87' lang='lat' dir='ltr'>cepisset,</span> <span class='ocrx_word' id='word_1_129' title='bbox 386 968 433 1002; x_wconf 91' lang='lat' dir='ltr'>duos</span> <span class='ocrx_word' id='word_1_130' title='bbox 444 968 467 1002; x_wconf 92' lang='lat' dir='ltr'>ad</span> <span class='ocrx_word' id='word_1_131' title='bbox 478 978 499 1002; x_wconf 92' lang='lat' dir='ltr'>se</span> <span class='ocrx_word' id='word_1_132' title='bbox 509 973 566 1012; x_wconf 80' lang='lat' dir='ltr'>tetros</span> <span class='ocrx_word' id='word_1_133' title='bbox 578 967 663 1003; x_wconf 86' lang='lat' dir='ltr'>homines</span> <span class='ocrx_word' id='word_1_134' title='bbox 673 967 736 1003; x_wconf 89' lang='lat' dir='ltr'>venire</span> 
     </span>
     <span class='ocr_line' id='line_1_16' title="bbox 32 1020 763 1065; baseline 0 -10"><span class='ocrx_word' id='word_1_135' title='bbox 32 1020 134 1065; x_wconf 82' lang='lat' dir='ltr'>conspexit,</span> <span class='ocrx_word' id='word_1_136' title='bbox 142 1021 173 1065; x_wconf 88' lang='lat' dir='ltr'>qui</span> <span class='ocrx_word' id='word_1_137' title='bbox 183 1021 245 1056; x_wconf 92' lang='lat' dir='ltr'>dicunt</span> <span class='ocrx_word' id='word_1_138' title='bbox 254 1022 281 1057; x_wconf 88' lang='lat' dir='ltr'>ei:</span> <span class='ocrx_word' id='word_1_139' title='bbox 294 1021 351 1063; x_wconf 82' lang='lat' dir='ltr'>‘Quia</span> <span class='ocrx_word' id='word_1_140' title='bbox 358 1022 382 1056; x_wconf 91' lang='lat' dir='ltr'>de</span> <span class='ocrx_word' id='word_1_141' title='bbox 393 1022 433 1056; x_wconf 92' lang='lat' dir='ltr'>loco</span> <span class='ocrx_word' id='word_1_142' title='bbox 444 1022 479 1055; x_wconf 89' lang='lat' dir='ltr'>isto</span> <span class='ocrx_word' id='word_1_143' title='bbox 491 1021 554 1065; x_wconf 86' lang='lat' dir='ltr'>fugere</span> <span class='ocrx_word' id='word_1_144' title='bbox 561 1020 639 1061; x_wconf 89' lang='lat' dir='ltr'>voluisti,</span> <span class='ocrx_word' id='word_1_145' title='bbox 647 1026 665 1055; x_wconf 90' lang='lat' dir='ltr'>te</span> <span class='ocrx_word' id='word_1_146' title='bbox 674 1021 736 1055; x_wconf 89' lang='lat' dir='ltr'>nobis·</span> <span class='ocrx_word' id='word_1_147' title='bbox 745 1034 763 1064; x_wconf 83' lang='lat'>¹⁵</span> 
     </span>
     <span class='ocr_line' id='line_1_17' title="bbox 32 1073 736 1119; baseline 0.001 -12"><span class='ocrx_word' id='word_1_148' title='bbox 32 1084 73 1108; x_wconf 91' lang='lat' dir='ltr'>cum</span> <span class='ocrx_word' id='word_1_149' title='bbox 89 1074 112 1107; x_wconf 93' lang='lat' dir='ltr'>ad</span> <span class='ocrx_word' id='word_1_150' title='bbox 125 1073 192 1108; x_wconf 91' lang='lat' dir='ltr'>inferni</span> <span class='ocrx_word' id='word_1_151' title='bbox 205 1075 284 1108; x_wconf 86' lang='lat' dir='ltr'>claustra</span> <span class='ocrx_word' id='word_1_152' title='bbox 297 1076 391 1119; x_wconf 89' lang='lat' dir='ltr'>rapientes</span> <span class='ocrx_word' id='word_1_153' title='bbox 406 1075 529 1109; x_wconf 82' lang='lat' dir='ltr'>deducemus.¹</span> <span class='ocrx_word' id='word_1_154' title='bbox 557 1073 598 1116; x_wconf 82' lang='lat' dir='ltr'>Quo</span> <span class='ocrx_word' id='word_1_155' title='bbox 613 1073 679 1116; x_wconf 89' lang='lat' dir='ltr'>audito,</span> <span class='ocrx_word' id='word_1_156' title='bbox 693 1085 736 1108; x_wconf 90' lang='lat' dir='ltr'>con-</span> 
     </span>
     <span class='ocr_line' id='line_1_18' title="bbox 33 1127 736 1171; baseline -0.003 -10"><span class='ocrx_word' id='word_1_157' title='bbox 33 1127 78 1161; x_wconf 87' lang='lat' dir='ltr'>citus</span> <span class='ocrx_word' id='word_1_158' title='bbox 90 1129 153 1171; x_wconf 83' lang='lat' dir='ltr'>surgit,</span> <span class='ocrx_word' id='word_1_159' title='bbox 161 1134 179 1161; x_wconf 94' lang='lat' dir='ltr'>et</span> <span class='ocrx_word' id='word_1_160' title='bbox 191 1127 315 1171; x_wconf 86' lang='lat' dir='ltr'>Kyrieleyson</span> <span class='ocrx_word' id='word_1_161' title='bbox 327 1128 423 1161; x_wconf 91' lang='lat' dir='ltr'>clamando</span> <span class='ocrx_word' id='word_1_162' title='bbox 434 1128 457 1160; x_wconf 92' lang='lat' dir='ltr'>ad</span> <span class='ocrx_word' id='word_1_163' title='bbox 469 1127 600 1161; x_wconf 90' lang='lat' dir='ltr'>monasterium</span> <span class='ocrx_word' id='word_1_164' title='bbox 610 1127 695 1170; x_wconf 77' lang='lat' dir='ltr'>confugit.</span> <span class='ocrx_word' id='word_1_165' title='bbox 714 1127 736 1160; x_wconf 93' lang='lat' dir='ltr'>ln</span> 
     </span>
     <span class='ocr_line' id='line_1_19' title="bbox 33 1179 737 1222; baseline 0.001 -10"><span class='ocrx_word' id='word_1_166' title='bbox 33 1180 107 1212; x_wconf 90' lang='lat' dir='ltr'>domurn</span> <span class='ocrx_word' id='word_1_167' title='bbox 120 1180 235 1213; x_wconf 88' lang='lat' dir='ltr'>infirmorum</span> <span class='ocrx_word' id='word_1_168' title='bbox 248 1179 354 1213; x_wconf 90' lang='lat' dir='ltr'>deducitur:</span> <span class='ocrx_word' id='word_1_169' title='bbox 372 1185 390 1213; x_wconf 90' lang='lat' dir='ltr'>et</span> <span class='ocrx_word' id='word_1_170' title='bbox 402 1185 503 1222; x_wconf 85' lang='lat' dir='ltr'>apparente</span> <span class='ocrx_word' id='word_1_171' title='bbox 516 1179 551 1212; x_wconf 90' lang='lat' dir='ltr'>sibi</span> <span class='ocrx_word' id='word_1_172' title='bbox 564 1185 628 1212; x_wconf 89' lang='lat' dir='ltr'>sancto</span> <span class='ocrx_word' id='word_1_173' title='bbox 640 1179 705 1213; x_wconf 90' lang='lat' dir='ltr'>Yuone</span> <span class='ocrx_word' id='word_1_174' title='bbox 718 1184 737 1213; x_wconf 88' lang='lat' dir='ltr'>et</span> 
     </span>
     <span class='ocr_line' id='line_1_20' title="bbox 33 1224 737 1276; baseline 0.003 -11"><span class='ocrx_word' id='word_1_175' title='bbox 33 1232 105 1274; x_wconf 86' lang='lat' dir='ltr'>signum</span> <span class='ocrx_word' id='word_1_176' title='bbox 114 1232 173 1266; x_wconf 89' lang='lat' dir='ltr'>crucis</span> <span class='ocrx_word' id='word_1_177' title='bbox 181 1241 238 1276; x_wconf 89' lang='lat' dir='ltr'>super</span> <span class='ocrx_word' id='word_1_178' title='bbox 245 1231 307 1276; x_wconf 88' lang='lat' dir='ltr'>ipsum</span> <span class='ocrx_word' id='word_1_179' title='bbox 315 1230 398 1275; x_wconf 89' lang='lat' dir='ltr'>faciente,</span> <span class='ocrx_word' id='word_1_180' title='bbox 406 1243 463 1267; x_wconf 90' lang='lat' dir='ltr'>sanus</span> <span class='ocrx_word' id='word_1_181' title='bbox 471 1232 547 1267; x_wconf 84' lang='lat' dir='ltr'>effectus</span> <span class='ocrx_word' id='word_1_182' title='bbox 555 1238 588 1267; x_wconf 91' lang='lat' dir='ltr'>est.</span> <span class='ocrx_word' id='word_1_183' title='bbox 634 1224 667 1267; x_wconf 86' lang='lat' dir='ltr'>Ex</span> <span class='ocrx_word' id='word_1_184' title='bbox 674 1232 737 1267; x_wconf 86' lang='lat' dir='ltr'>tumba</span> 
     </span>
     <span class='ocr_line' id='line_1_21' title="bbox 33 1283 765 1330; baseline 0.004 -13"><span class='ocrx_word' id='word_1_185' title='bbox 33 1283 90 1318; x_wconf 85' lang='lat' dir='ltr'>sancti</span> <span class='ocrx_word' id='word_1_186' title='bbox 105 1283 175 1319; x_wconf 88' lang='lat' dir='ltr'>Yuonis</span> <span class='ocrx_word' id='word_1_187' title='bbox 190 1296 237 1329; x_wconf 93' lang='lat' dir='ltr'>aqua</span> <span class='ocrx_word' id='word_1_188' title='bbox 252 1286 356 1330; x_wconf 88' lang='lat' dir='ltr'>perspicua,</span> <span class='ocrx_word' id='word_1_189' title='bbox 368 1286 409 1320; x_wconf 91' lang='lat' dir='ltr'>visu</span> <span class='ocrx_word' id='word_1_190' title='bbox 424 1285 543 1327; x_wconf 89' lang='lat' dir='ltr'>delectabilis,</span> <span class='ocrx_word' id='word_1_191' title='bbox 556 1290 610 1330; x_wconf 84' lang='lat' dir='ltr'>gustu</span> <span class='ocrx_word' id='word_1_192' title='bbox 625 1286 693 1328; x_wconf 90' lang='lat' dir='ltr'>suauis,</span> <span class='ocrx_word' id='word_1_193' title='bbox 706 1296 737 1320; x_wconf 90' lang='lat' dir='ltr'>su·</span> <span class='ocrx_word' id='word_1_194' title='bbox 746 1300 765 1321; x_wconf 84' lang='lat' dir='ltr'>ro</span> 
     </span>
     <span class='ocr_line' id='line_1_22' title="bbox 33 1338 737 1383; baseline 0.003 -12"><span class='ocrx_word' id='word_1_195' title='bbox 33 1338 125 1372; x_wconf 88' lang='lat' dir='ltr'>mentibus</span> <span class='ocrx_word' id='word_1_196' title='bbox 137 1339 216 1373; x_wconf 90' lang='lat' dir='ltr'>salubris</span> <span class='ocrx_word' id='word_1_197' title='bbox 227 1339 329 1373; x_wconf 88' lang='lat' dir='ltr'>scaturiens</span> <span class='ocrx_word' id='word_1_198' title='bbox 343 1340 428 1383; x_wconf 88' lang='lat' dir='ltr'>erumpit,</span> <span class='ocrx_word' id='word_1_199' title='bbox 440 1338 501 1373; x_wconf 90' lang='lat' dir='ltr'>surdis</span> <span class='ocrx_word' id='word_1_200' title='bbox 514 1338 601 1381; x_wconf 91' lang='lat' dir='ltr'>auditum,</span> <span class='ocrx_word' id='word_1_201' title='bbox 613 1339 660 1373; x_wconf 89' lang='lat' dir='ltr'>cecis</span> <span class='ocrx_word' id='word_1_202' title='bbox 671 1339 737 1381; x_wconf 89' lang='lat' dir='ltr'>visum,</span> 
     </span>
     <span class='ocr_line' id='line_1_23' title="bbox 33 1384 739 1438; baseline 0.006 -14"><span class='ocrx_word' id='word_1_203' title='bbox 33 1391 135 1435; x_wconf 85' lang='lat' dir='ltr'>desperatis</span> <span class='ocrx_word' id='word_1_204' title='bbox 147 1398 165 1426; x_wconf 87' lang='lat' dir='ltr'>et</span> <span class='ocrx_word' id='word_1_205' title='bbox 178 1392 197 1427; x_wconf 93' lang='lat' dir='ltr'>in</span> <span class='ocrx_word' id='word_1_206' title='bbox 213 1393 301 1428; x_wconf 89' lang='lat' dir='ltr'>extremis</span> <span class='ocrx_word' id='word_1_207' title='bbox 314 1393 411 1438; x_wconf 84' lang='lat' dir='ltr'>agentibus</span> <span class='ocrx_word' id='word_1_208' title='bbox 426 1393 524 1428; x_wconf 88' lang='lat' dir='ltr'>conferens</span> <span class='ocrx_word' id='word_1_209' title='bbox 539 1392 640 1427; x_wconf 88' lang='lat' dir='ltr'>sanitatem.</span> <span class='ocrx_word' id='word_1_210' title='bbox 686 1384 739 1428; x_wconf 91' lang='lat' dir='ltr'>Puer</span> 
     </span>
     <span class='ocr_line' id='line_1_24' title="bbox 33 1444 738 1489; baseline 0.001 -11"><span class='ocrx_word' id='word_1_211' title='bbox 33 1444 112 1487; x_wconf 87' lang='lat' dir='ltr'>quidam,</span> <span class='ocrx_word' id='word_1_212' title='bbox 123 1456 134 1479; x_wconf 91' lang='lat' dir='ltr'>a</span> <span class='ocrx_word' id='word_1_213' title='bbox 145 1446 225 1480; x_wconf 89' lang='lat' dir='ltr'>dominis</span> <span class='ocrx_word' id='word_1_214' title='bbox 237 1447 275 1480; x_wconf 90' lang='lat' dir='ltr'>suis</span> <span class='ocrx_word' id='word_1_215' title='bbox 287 1446 419 1480; x_wconf 87' lang='lat' dir='ltr'>mercatoribus</span> <span class='ocrx_word' id='word_1_216' title='bbox 427 1446 485 1480; x_wconf 88' lang='lat' dir='ltr'>vicem</span> <span class='ocrx_word' id='word_1_217' title='bbox 497 1446 574 1489; x_wconf 88' lang='lat' dir='ltr'>coquine</span> <span class='ocrx_word' id='word_1_218' title='bbox 586 1446 621 1479; x_wconf 88' lang='lat' dir='ltr'>sibi</span> <span class='ocrx_word' id='word_1_219' title='bbox 632 1446 738 1488; x_wconf 85' lang='lat' dir='ltr'>deputatam</span> 
     </span>
     <span class='ocr_line' id='line_1_25' title="bbox 33 1496 738 1542; baseline 0.003 -13"><span class='ocrx_word' id='word_1_220' title='bbox 33 1497 113 1531; x_wconf 87' lang='lat' dir='ltr'>officiose</span> <span class='ocrx_word' id='word_1_221' title='bbox 124 1499 233 1542; x_wconf 80' lang='lat' dir='ltr'>adimplens,</span> <span class='ocrx_word' id='word_1_222' title='bbox 245 1509 311 1542; x_wconf 87' lang='lat' dir='ltr'>aquarn</span> <span class='ocrx_word' id='word_1_223' title='bbox 322 1499 346 1532; x_wconf 91' lang='lat' dir='ltr'>de</span> <span class='ocrx_word' id='word_1_224' title='bbox 354 1498 417 1532; x_wconf 88' lang='lat' dir='ltr'>tumba</span> <span class='ocrx_word' id='word_1_225' title='bbox 427 1497 484 1532; x_wconf 84' lang='lat' dir='ltr'>sancti</span> <span class='ocrx_word' id='word_1_226' title='bbox 495 1497 588 1537; x_wconf 85' lang='lat' dir='ltr'>hauriens,</span> <span class='ocrx_word' id='word_1_227' title='bbox 599 1497 634 1531; x_wconf 91' lang='lat' dir='ltr'>olle</span> <span class='ocrx_word' id='word_1_228' title='bbox 645 1496 738 1541; x_wconf 85' lang='lat' dir='ltr'>imposuit,</span> 
     </span>
     <span class='ocr_line' id='line_1_26' title="bbox 33 1549 765 1596; baseline 0.008 -15"><span class='ocrx_word' id='word_1_229' title='bbox 33 1554 51 1582; x_wconf 85' lang='lat' dir='ltr'>et</span> <span class='ocrx_word' id='word_1_230' title='bbox 58 1549 120 1593; x_wconf 83' lang='lat' dir='ltr'>ignem</span> <span class='ocrx_word' id='word_1_231' title='bbox 128 1551 223 1595; x_wconf 87' lang='lat' dir='ltr'>copiosum</span> <span class='ocrx_word' id='word_1_232' title='bbox 231 1551 325 1586; x_wconf 85' lang='lat' dir='ltr'>accendit:</span> <span class='ocrx_word' id='word_1_233' title='bbox 338 1561 402 1585; x_wconf 91' lang='lat' dir='ltr'>carnes</span> <span class='ocrx_word' id='word_1_234' title='bbox 410 1556 472 1585; x_wconf 89' lang='lat' dir='ltr'>tamen</span> <span class='ocrx_word' id='word_1_235' title='bbox 483 1550 640 1585; x_wconf 83' lang='lat' dir='ltr'>discumbentibus</span> <span class='ocrx_word' id='word_1_236' title='bbox 648 1551 738 1595; x_wconf 86' lang='lat' dir='ltr'>apposite,</span> <span class='ocrx_word' id='word_1_237' title='bbox 747 1565 765 1596; x_wconf 83' lang='lat'>²5</span> 
     </span>
     <span class='ocr_line' id='line_1_27' title="bbox 34 1598 738 1648; baseline 0.003 -13"><span class='ocrx_word' id='word_1_238' title='bbox 34 1604 89 1636; x_wconf 89' lang='lat' dir='ltr'>crude</span> <span class='ocrx_word' id='word_1_239' title='bbox 98 1598 119 1637; x_wconf 65' lang='lat' dir='ltr'>&#39;et</span> <span class='ocrx_word' id='word_1_240' title='bbox 132 1604 221 1647; x_wconf 84' lang='lat' dir='ltr'>sanguine</span> <span class='ocrx_word' id='word_1_241' title='bbox 232 1604 287 1648; x_wconf 91' lang='lat' dir='ltr'>plene</span> <span class='ocrx_word' id='word_1_242' title='bbox 299 1609 342 1639; x_wconf 88' lang='lat' dir='ltr'>sunt</span> <span class='ocrx_word' id='word_1_243' title='bbox 353 1610 431 1648; x_wconf 87' lang='lat' dir='ltr'>reperte.</span> <span class='ocrx_word' id='word_1_244' title='bbox 454 1604 494 1638; x_wconf 87' lang='lat' dir='ltr'>Res</span> <span class='ocrx_word' id='word_1_245' title='bbox 504 1609 523 1638; x_wconf 91' lang='lat' dir='ltr'>vt</span> <span class='ocrx_word' id='word_1_246' title='bbox 535 1609 573 1637; x_wconf 90' lang='lat' dir='ltr'>erat</span> <span class='ocrx_word' id='word_1_247' title='bbox 585 1603 677 1648; x_wconf 83' lang='lat' dir='ltr'>aperitur:</span> <span class='ocrx_word' id='word_1_248' title='bbox 690 1614 738 1648; x_wconf 91' lang='lat' dir='ltr'>aqua</span> 
     </span>
     <span class='ocr_line' id='line_1_28' title="bbox 35 1650 738 1709; baseline 0.006 -21"><span class='ocrx_word' id='word_1_249' title='bbox 35 1655 52 1689; x_wconf 92' lang='lat' dir='ltr'>in</span> <span class='ocrx_word' id='word_1_250' title='bbox 60 1656 95 1690; x_wconf 91' lang='lat' dir='ltr'>olla</span> <span class='ocrx_word' id='word_1_251' title='bbox 103 1656 178 1691; x_wconf 90' lang='lat' dir='ltr'>omnino</span> <span class='ocrx_word' id='word_1_252' title='bbox 186 1657 251 1702; x_wconf 83' lang='lat' dir='ltr'>frigida</span> <span class='ocrx_word' id='word_1_253' title='bbox 259 1657 356 1692; x_wconf 91' lang='lat' dir='ltr'>inuenitur.</span> <span class='ocrx_word' id='word_1_254' title='bbox 399 1650 457 1709; x_wconf 77' lang='lat' dir='ltr'>Aqua</span> <span class='ocrx_word' id='word_1_255' title='bbox 465 1656 514 1691; x_wconf 85' lang='lat' dir='ltr'>enirn</span> <span class='ocrx_word' id='word_1_256' title='bbox 523 1657 586 1691; x_wconf 92' lang='lat' dir='ltr'>tumbe</span> <span class='ocrx_word' id='word_1_257' title='bbox 597 1656 654 1691; x_wconf 86' lang='lat' dir='ltr'>sancti</span> <span class='ocrx_word' id='word_1_258' title='bbox 663 1656 738 1700; x_wconf 88' lang='lat' dir='ltr'>Yuonis,</span> 
     </span>
     <span class='ocr_line' id='line_1_29' title="bbox 35 1710 738 1755; baseline 0.004 -14"><span class='ocrx_word' id='word_1_259' title='bbox 35 1719 108 1753; x_wconf 89' lang='lat' dir='ltr'>semper</span> <span class='ocrx_word' id='word_1_260' title='bbox 119 1710 137 1744; x_wconf 94' lang='lat' dir='ltr'>in</span> <span class='ocrx_word' id='word_1_261' title='bbox 152 1711 217 1744; x_wconf 88' lang='lat' dir='ltr'>eodem</span> <span class='ocrx_word' id='word_1_262' title='bbox 229 1716 276 1744; x_wconf 90' lang='lat' dir='ltr'>statu</span> <span class='ocrx_word' id='word_1_263' title='bbox 289 1721 407 1755; x_wconf 90' lang='lat' dir='ltr'>permanens,</span> <span class='ocrx_word' id='word_1_264' title='bbox 420 1710 478 1744; x_wconf 89' lang='lat' dir='ltr'>nescit</span> <span class='ocrx_word' id='word_1_265' title='bbox 491 1720 581 1752; x_wconf 86' lang='lat' dir='ltr'>occasum,</span> <span class='ocrx_word' id='word_1_266' title='bbox 594 1720 628 1744; x_wconf 91' lang='lat' dir='ltr'>nec</span> <span class='ocrx_word' id='word_1_267' title='bbox 641 1710 738 1754; x_wconf 89' lang='lat' dir='ltr'>aliquando</span> 
     </span>
     <span class='ocr_line' id='line_1_30' title="bbox 34 1761 738 1806; baseline 0.001 -11"><span class='ocrx_word' id='word_1_268' title='bbox 34 1762 100 1804; x_wconf 88' lang='lat' dir='ltr'>patitur</span> <span class='ocrx_word' id='word_1_269' title='bbox 115 1763 202 1806; x_wconf 83' lang='lat' dir='ltr'>eclipsim.</span> <span class='ocrx_word' id='word_1_270' title='bbox 226 1763 249 1796; x_wconf 87' lang='lat' dir='ltr'>Et</span> <span class='ocrx_word' id='word_1_271' title='bbox 266 1764 282 1796; x_wconf 88' lang='lat' dir='ltr'>si</span> <span class='ocrx_word' id='word_1_272' title='bbox 299 1764 409 1806; x_wconf 88' lang='lat' dir='ltr'>quandoque</span> <span class='ocrx_word' id='word_1_273' title='bbox 427 1763 446 1796; x_wconf 92' lang='lat' dir='ltr'>in</span> <span class='ocrx_word' id='word_1_274' title='bbox 464 1763 564 1806; x_wconf 88' lang='lat' dir='ltr'>quantitate</span> <span class='ocrx_word' id='word_1_275' title='bbox 583 1773 649 1806; x_wconf 81' lang='lat' dir='ltr'>magna</span> <span class='ocrx_word' id='word_1_276' title='bbox 666 1761 738 1796; x_wconf 84' lang='lat' dir='ltr'>auidius</span> 
     </span>
     <span class='ocr_line' id='line_1_31' title="bbox 35 1814 767 1860; baseline 0.004 -14"><span class='ocrx_word' id='word_1_277' title='bbox 35 1820 121 1857; x_wconf 83' lang='lat' dir='ltr'>sumatur,</span> <span class='ocrx_word' id='word_1_278' title='bbox 136 1816 216 1851; x_wconf 85' lang='lat' dir='ltr'>sumenti</span> <span class='ocrx_word' id='word_1_279' title='bbox 232 1826 325 1860; x_wconf 89' lang='lat' dir='ltr'>nunquam</span> <span class='ocrx_word' id='word_1_280' title='bbox 343 1816 412 1850; x_wconf 92' lang='lat' dir='ltr'>malum</span> <span class='ocrx_word' id='word_1_281' title='bbox 430 1816 505 1858; x_wconf 89' lang='lat' dir='ltr'>inducit,</span> <span class='ocrx_word' id='word_1_282' title='bbox 520 1826 555 1851; x_wconf 88' lang='lat' dir='ltr'>nec</span> <span class='ocrx_word' id='word_1_283' title='bbox 572 1814 652 1851; x_wconf 85' lang='lat' dir='ltr'>bibentis</span> <span class='ocrx_word' id='word_1_284' title='bbox 666 1821 767 1856; x_wconf 71' lang='lat' dir='ltr'>vterumao</span> 
     </span>
     <span class='ocr_line' id='line_1_32' title="bbox 35 1861 739 1914; baseline 0.004 -13"><span class='ocrx_word' id='word_1_285' title='bbox 35 1867 90 1902; x_wconf 81' lang='lat' dir='ltr'>inflat.</span> <span class='ocrx_word' id='word_1_286' title='bbox 136 1861 207 1903; x_wconf 89' lang='lat' dir='ltr'>Mulier</span> <span class='ocrx_word' id='word_1_287' title='bbox 220 1870 299 1914; x_wconf 87' lang='lat' dir='ltr'>quedam</span> <span class='ocrx_word' id='word_1_288' title='bbox 312 1871 330 1903; x_wconf 92' lang='lat' dir='ltr'>in</span> <span class='ocrx_word' id='word_1_289' title='bbox 345 1875 415 1904; x_wconf 92' lang='lat' dir='ltr'>tanturn</span> <span class='ocrx_word' id='word_1_290' title='bbox 427 1870 462 1904; x_wconf 93' lang='lat' dir='ltr'>iuri</span> <span class='ocrx_word' id='word_1_291' title='bbox 474 1868 541 1903; x_wconf 88' lang='lat' dir='ltr'>diaboli</span> <span class='ocrx_word' id='word_1_292' title='bbox 554 1868 587 1904; x_wconf 81' lang='lat' dir='ltr'>fuit</span> <span class='ocrx_word' id='word_1_293' title='bbox 601 1869 708 1914; x_wconf 88' lang='lat' dir='ltr'>mancipata,</span> <span class='ocrx_word' id='word_1_294' title='bbox 719 1875 739 1904; x_wconf 87' lang='lat' dir='ltr'>vt</span> 
     </span>
     <span class='ocr_line' id='line_1_33' title="bbox 35 1921 739 1967; baseline 0.003 -13"><span class='ocrx_word' id='word_1_295' title='bbox 35 1921 82 1956; x_wconf 88' lang='lat' dir='ltr'>idem</span> <span class='ocrx_word' id='word_1_296' title='bbox 95 1923 187 1966; x_wconf 84' lang='lat' dir='ltr'>malignus</span> <span class='ocrx_word' id='word_1_297' title='bbox 199 1933 240 1956; x_wconf 93' lang='lat' dir='ltr'>cum</span> <span class='ocrx_word' id='word_1_298' title='bbox 252 1925 304 1956; x_wconf 90' lang='lat' dir='ltr'>eain</span> <span class='ocrx_word' id='word_1_299' title='bbox 316 1923 378 1967; x_wconf 89' lang='lat' dir='ltr'>specie</span> <span class='ocrx_word' id='word_1_300' title='bbox 389 1922 458 1967; x_wconf 92' lang='lat' dir='ltr'>leporis</span> <span class='ocrx_word' id='word_1_301' title='bbox 469 1922 617 1966; x_wconf 78' lang='lat' dir='ltr'>frequentissime</span> <span class='ocrx_word' id='word_1_302' title='bbox 629 1921 702 1964; x_wconf 81' lang='lat' dir='ltr'>coiret²,</span> <span class='ocrx_word' id='word_1_303' title='bbox 713 1923 739 1956; x_wconf 90' lang='lat' dir='ltr'>ita</span> 
     </span>
     <span class='ocr_line' id='line_1_34' title="bbox 35 1974 738 2020; baseline 0.003 -12"><span class='ocrx_word' id='word_1_304' title='bbox 35 1976 82 2017; x_wconf 88' lang='lat' dir='ltr'>quod</span> <span class='ocrx_word' id='word_1_305' title='bbox 95 1974 114 2009; x_wconf 93' lang='lat' dir='ltr'>in</span> <span class='ocrx_word' id='word_1_306' title='bbox 125 1975 166 2020; x_wconf 89' lang='lat' dir='ltr'>ipso</span> <span class='ocrx_word' id='word_1_307' title='bbox 178 1975 226 2010; x_wconf 92' lang='lat' dir='ltr'>coitu</span> <span class='ocrx_word' id='word_1_308' title='bbox 237 1975 301 2010; x_wconf 81' lang='lat' dir='ltr'>infelix</span> <span class='ocrx_word' id='word_1_309' title='bbox 314 1976 349 2018; x_wconf 89' lang='lat' dir='ltr'>illa,</span> <span class='ocrx_word' id='word_1_310' title='bbox 362 1976 411 2020; x_wconf 90' lang='lat' dir='ltr'>quod</span> <span class='ocrx_word' id='word_1_311' title='bbox 424 1975 486 2011; x_wconf 81' lang='lat' dir='ltr'>dictu³</span> <span class='ocrx_word' id='word_1_312' title='bbox 496 1976 609 2010; x_wconf 86' lang='lat' dir='ltr'>horrendum</span> <span class='ocrx_word' id='word_1_313' title='bbox 622 1981 656 2016; x_wconf 85' lang='lat' dir='ltr'>est,</span> <span class='ocrx_word' id='word_1_314' title='bbox 668 1976 738 2010; x_wconf 87' lang='lat' dir='ltr'>fluxum</span> 
     </span>
     <span class='ocr_line' id='line_1_35' title="bbox 35 2028 739 2072; baseline 0.001 -12"><span class='ocrx_word' id='word_1_315' title='bbox 35 2028 110 2063; x_wconf 88' lang='lat' dir='ltr'>seminis</span> <span class='ocrx_word' id='word_1_316' title='bbox 118 2039 152 2072; x_wconf 91' lang='lat' dir='ltr'>per</span> <span class='ocrx_word' id='word_1_317' title='bbox 160 2040 185 2068; x_wconf 86' lang='lat' dir='ltr'>os,</span> <span class='ocrx_word' id='word_1_318' title='bbox 194 2030 217 2062; x_wconf 87' lang='lat' dir='ltr'>ad</span> <span class='ocrx_word' id='word_1_319' title='bbox 225 2029 314 2062; x_wconf 88' lang='lat' dir='ltr'>maiorem</span> <span class='ocrx_word' id='word_1_320' title='bbox 322 2029 350 2063; x_wconf 90' lang='lat' dir='ltr'>sui</span> <span class='ocrx_word' id='word_1_321' title='bbox 358 2028 489 2070; x_wconf 88' lang='lat' dir='ltr'>confusionem,</span> <span class='ocrx_word' id='word_1_322' title='bbox 497 2034 596 2063; x_wconf 84' lang='lat' dir='ltr'>euomeret.</span> <span class='ocrx_word' id='word_1_323' title='bbox 613 2028 702 2062; x_wconf 83' lang='lat' dir='ltr'>Confessa</span> <span class='ocrx_word' id='word_1_324' title='bbox 710 2034 739 2062; x_wconf 92' lang='lat' dir='ltr'>est</span> 
     </span>
     <span class='ocr_line' id='line_1_36' title="bbox 35 2081 766 2123; baseline 0.001 -10"><span class='ocrx_word' id='word_1_325' title='bbox 35 2082 108 2115; x_wconf 88' lang='lat' dir='ltr'>taudem</span> <span class='ocrx_word' id='word_1_326' title='bbox 117 2092 158 2116; x_wconf 91' lang='lat' dir='ltr'>cum</span> <span class='ocrx_word' id='word_1_327' title='bbox 166 2082 259 2115; x_wconf 86' lang='lat' dir='ltr'>lachrimis</span> <span class='ocrx_word' id='word_1_328' title='bbox 267 2082 323 2123; x_wconf 93' lang='lat' dir='ltr'>priori</span> <span class='ocrx_word' id='word_1_329' title='bbox 331 2082 365 2114; x_wconf 89' lang='lat' dir='ltr'>loci</span> <span class='ocrx_word' id='word_1_330' title='bbox 377 2081 442 2114; x_wconf 90' lang='lat' dir='ltr'>delicta</span> <span class='ocrx_word' id='word_1_331' title='bbox 450 2091 493 2114; x_wconf 88' lang='lat' dir='ltr'>sua:</span> <span class='ocrx_word' id='word_1_332' title='bbox 506 2086 524 2114; x_wconf 93' lang='lat' dir='ltr'>et</span> <span class='ocrx_word' id='word_1_333' title='bbox 532 2082 554 2114; x_wconf 92' lang='lat' dir='ltr'>ab</span> <span class='ocrx_word' id='word_1_334' title='bbox 563 2091 586 2114; x_wconf 89' lang='lat' dir='ltr'>eo</span> <span class='ocrx_word' id='word_1_335' title='bbox 593 2081 689 2115; x_wconf 86' lang='lat' dir='ltr'>vasculum</span> <span class='ocrx_word' id='word_1_336' title='bbox 697 2090 739 2114; x_wconf 90' lang='lat' dir='ltr'>cum</span> <span class='ocrx_word' id='word_1_337' title='bbox 747 2093 766 2123; x_wconf 77' lang='lat'>35</span> 
     </span>
     <span class='ocr_line' id='line_1_37' title="bbox 35 2133 740 2179; baseline 0.001 -13"><span class='ocrx_word' id='word_1_338' title='bbox 35 2140 81 2175; x_wconf 88' lang='lat' dir='ltr'>aqua</span> <span class='ocrx_word' id='word_1_339' title='bbox 92 2134 150 2168; x_wconf 87' lang='lat' dir='ltr'>sancti</span> <span class='ocrx_word' id='word_1_340' title='bbox 159 2134 229 2168; x_wconf 87' lang='lat' dir='ltr'>Yuonis</span> <span class='ocrx_word' id='word_1_341' title='bbox 239 2134 337 2179; x_wconf 89' lang='lat' dir='ltr'>accipiens,</span> <span class='ocrx_word' id='word_1_342' title='bbox 345 2139 363 2167; x_wconf 86' lang='lat' dir='ltr'>et</span> <span class='ocrx_word' id='word_1_343' title='bbox 374 2134 398 2167; x_wconf 91' lang='lat' dir='ltr'>de</span> <span class='ocrx_word' id='word_1_344' title='bbox 408 2134 438 2168; x_wconf 92' lang='lat' dir='ltr'>dei</span> <span class='ocrx_word' id='word_1_345' title='bbox 447 2133 571 2168; x_wconf 85' lang='lat' dir='ltr'>misericordia</span> <span class='ocrx_word' id='word_1_346' title='bbox 581 2133 682 2175; x_wconf 84' lang='lat' dir='ltr'>conlidens,</span> <span class='ocrx_word' id='word_1_347' title='bbox 690 2133 740 2168; x_wconf 91' lang='lat' dir='ltr'>videt</span> 
     </span>
     <span class='ocr_line' id='line_1_38' title="bbox 36 2186 739 2232; baseline 0.004 -14"><span class='ocrx_word' id='word_1_348' title='bbox 36 2186 133 2221; x_wconf 88' lang='lat' dir='ltr'>demonem</span> <span class='ocrx_word' id='word_1_349' title='bbox 145 2188 164 2221; x_wconf 94' lang='lat' dir='ltr'>in</span> <span class='ocrx_word' id='word_1_350' title='bbox 178 2188 230 2221; x_wconf 85' lang='lat' dir='ltr'>solita</span> <span class='ocrx_word' id='word_1_351' title='bbox 243 2188 301 2221; x_wconf 89' lang='lat' dir='ltr'>forma</span> <span class='ocrx_word' id='word_1_352' title='bbox 316 2193 413 2229; x_wconf 89' lang='lat' dir='ltr'>astantem,</span> <span class='ocrx_word' id='word_1_353' title='bbox 426 2187 459 2221; x_wconf 91' lang='lat' dir='ltr'>sed</span> <span class='ocrx_word' id='word_1_354' title='bbox 475 2186 580 2221; x_wconf 87' lang='lat' dir='ltr'>nullatenus</span> <span class='ocrx_word' id='word_1_355' title='bbox 595 2187 683 2221; x_wconf 90' lang='lat' dir='ltr'>accedere</span> <span class='ocrx_word' id='word_1_356' title='bbox 697 2197 739 2232; x_wconf 91' lang='lat' dir='ltr'>pre·</span> 
     </span>
     <span class='ocr_line' id='line_1_39' title="bbox 36 2240 740 2286; baseline 0.003 -13"><span class='ocrx_word' id='word_1_357' title='bbox 36 2246 144 2283; x_wconf 83' lang='lat' dir='ltr'>sumentem,</span> <span class='ocrx_word' id='word_1_358' title='bbox 160 2240 303 2276; x_wconf 90' lang='lat' dir='ltr'>comminantem</span> <span class='ocrx_word' id='word_1_359' title='bbox 320 2246 382 2275; x_wconf 89' lang='lat' dir='ltr'>tamen</span> <span class='ocrx_word' id='word_1_360' title='bbox 398 2247 417 2275; x_wconf 89' lang='lat' dir='ltr'>et</span> <span class='ocrx_word' id='word_1_361' title='bbox 432 2241 564 2286; x_wconf 88' lang='lat' dir='ltr'>increpantem,</span> <span class='ocrx_word' id='word_1_362' title='bbox 579 2241 621 2286; x_wconf 91' lang='lat' dir='ltr'>quia</span> <span class='ocrx_word' id='word_1_363' title='bbox 639 2246 702 2275; x_wconf 86' lang='lat' dir='ltr'>eontra</span> <span class='ocrx_word' id='word_1_364' title='bbox 719 2251 740 2275; x_wconf 91' lang='lat' dir='ltr'>se</span> 
     </span>
     <span class='ocr_line' id='line_1_40' title="bbox 36 2294 739 2340; baseline 0.003 -14"><span class='ocrx_word' id='word_1_365' title='bbox 36 2302 108 2329; x_wconf 91' lang='lat' dir='ltr'>murum</span> <span class='ocrx_word' id='word_1_366' title='bbox 116 2306 195 2340; x_wconf 89' lang='lat' dir='ltr'>aqueum</span> <span class='ocrx_word' id='word_1_367' title='bbox 207 2295 278 2339; x_wconf 85' lang='lat' dir='ltr'>erigere</span> <span class='ocrx_word' id='word_1_368' title='bbox 287 2295 381 2330; x_wconf 86' lang='lat' dir='ltr'>voluisset.</span> <span class='ocrx_word' id='word_1_369' title='bbox 404 2294 472 2329; x_wconf 89' lang='lat' dir='ltr'>Mulier</span> <span class='ocrx_word' id='word_1_370' title='bbox 480 2306 529 2336; x_wconf 90' lang='lat' dir='ltr'>vero,</span> <span class='ocrx_word' id='word_1_371' title='bbox 540 2294 563 2328; x_wconf 91' lang='lat' dir='ltr'>de</span> <span class='ocrx_word' id='word_1_372' title='bbox 572 2300 663 2339; x_wconf 87' lang='lat' dir='ltr'>potestate</span> <span class='ocrx_word' id='word_1_373' title='bbox 673 2294 739 2329; x_wconf 89' lang='lat' dir='ltr'>diaboli</span> 
     </span>
     <span class='ocr_line' id='line_1_41' title="bbox 36 2347 767 2393; baseline 0.003 -14"><span class='ocrx_word' id='word_1_374' title='bbox 36 2353 97 2391; x_wconf 87' lang='lat' dir='ltr'>erepta</span> <span class='ocrx_word' id='word_1_375' title='bbox 108 2349 190 2393; x_wconf 91' lang='lat' dir='ltr'>nihilque</span> <span class='ocrx_word' id='word_1_376' title='bbox 201 2347 313 2382; x_wconf 81' lang='lat' dir='ltr'>contusionis</span> <span class='ocrx_word' id='word_1_377' title='bbox 326 2350 412 2392; x_wconf 81' lang='lat' dir='ltr'>preterito</span> <span class='ocrx_word' id='word_1_378' title='bbox 425 2354 508 2392; x_wconf 86' lang='lat' dir='ltr'>experta,</span> <span class='ocrx_word' id='word_1_379' title='bbox 518 2347 616 2382; x_wconf 87' lang='lat' dir='ltr'>incolumis</span> <span class='ocrx_word' id='word_1_380' title='bbox 627 2352 646 2381; x_wconf 88' lang='lat' dir='ltr'>et</span> <span class='ocrx_word' id='word_1_381' title='bbox 657 2348 740 2391; x_wconf 85' lang='lat' dir='ltr'>gaudens</span> <span class='ocrx_word' id='word_1_382' title='bbox 747 2361 767 2391; x_wconf 75' lang='lat'>4³</span> 
     </span>
     <span class='ocr_line' id='line_1_42' title="bbox 37 2393 739 2445; baseline -0.003 -12"><span class='ocrx_word' id='word_1_383' title='bbox 37 2400 58 2433; x_wconf 83' lang='lat' dir='ltr'>ad</span> <span class='ocrx_word' id='word_1_384' title='bbox 66 2401 139 2445; x_wconf 90' lang='lat' dir='ltr'>propria</span> <span class='ocrx_word' id='word_1_385' title='bbox 147 2401 241 2435; x_wconf 88' lang='lat' dir='ltr'>remeauit.</span> <span class='ocrx_word' id='word_1_386' title='bbox 286 2393 357 2435; x_wconf 88' lang='lat' dir='ltr'>Mulier</span> <span class='ocrx_word' id='word_1_387' title='bbox 365 2402 444 2444; x_wconf 90' lang='lat' dir='ltr'>quedam</span> <span class='ocrx_word' id='word_1_388' title='bbox 452 2412 463 2434; x_wconf 90' lang='lat' dir='ltr'>a</span> <span class='ocrx_word' id='word_1_389' title='bbox 473 2402 566 2434; x_wconf 86' lang='lat' dir='ltr'>natiuitate</span> <span class='ocrx_word' id='word_1_390' title='bbox 578 2411 627 2440; x_wconf 89' lang='lat' dir='ltr'>ceca,</span> <span class='ocrx_word' id='word_1_391' title='bbox 635 2406 739 2433; x_wconf 87' lang='lat' dir='ltr'>sanctorum</span> 
     </span>
     <span class='ocr_line' id='line_1_43' title="bbox 37 2452 739 2500; baseline -0.001 -14"><span class='ocrx_word' id='word_1_392' title='bbox 37 2461 69 2491; x_wconf 88' lang='lat' dir='ltr'>per</span> <span class='ocrx_word' id='word_1_393' title='bbox 80 2455 166 2497; x_wconf 87' lang='lat' dir='ltr'>Angliam</span> <span class='ocrx_word' id='word_1_394' title='bbox 180 2455 321 2500; x_wconf 87' lang='lat' dir='ltr'>circumquaque</span> <span class='ocrx_word' id='word_1_395' title='bbox 334 2457 397 2487; x_wconf 85' lang='lat' dir='ltr'>terens</span> <span class='ocrx_word' id='word_1_396' title='bbox 411 2452 479 2495; x_wconf 90' lang='lat' dir='ltr'>limina,</span> <span class='ocrx_word' id='word_1_397' title='bbox 491 2463 502 2485; x_wconf 91' lang='lat' dir='ltr'>a</span> <span class='ocrx_word' id='word_1_398' title='bbox 515 2454 568 2486; x_wconf 87' lang='lat' dir='ltr'>beato</span> <span class='ocrx_word' id='word_1_399' title='bbox 579 2452 651 2485; x_wconf 77' lang='lat' dir='ltr'>Thomu</span> <span class='ocrx_word' id='word_1_400' title='bbox 665 2453 739 2485; x_wconf 87' lang='lat' dir='ltr'>martire</span> 
     </span>
     <span class='ocr_line' id='line_1_44' title="bbox 37 2504 740 2550; baseline -0.001 -12"><span class='ocrx_word' id='word_1_401' title='bbox 37 2507 114 2549; x_wconf 85' lang='lat' dir='ltr'>rediens,</span> <span class='ocrx_word' id='word_1_402' title='bbox 128 2507 186 2541; x_wconf 87' lang='lat' dir='ltr'>sancti</span> <span class='ocrx_word' id='word_1_403' title='bbox 199 2506 270 2541; x_wconf 88' lang='lat' dir='ltr'>Yuonis</span> <span class='ocrx_word' id='word_1_404' title='bbox 283 2508 362 2550; x_wconf 85' lang='lat' dir='ltr'>petitura</span> <span class='ocrx_word' id='word_1_405' title='bbox 373 2506 459 2550; x_wconf 85' lang='lat' dir='ltr'>suffragia</span> <span class='ocrx_word' id='word_1_406' title='bbox 469 2505 512 2540; x_wconf 90' lang='lat' dir='ltr'>ville</span> <span class='ocrx_word' id='word_1_407' title='bbox 526 2505 608 2540; x_wconf 85' lang='lat' dir='ltr'>eiusdem</span> <span class='ocrx_word' id='word_1_408' title='bbox 623 2514 681 2549; x_wconf 89' lang='lat' dir='ltr'>prope</span> <span class='ocrx_word' id='word_1_409' title='bbox 694 2504 740 2538; x_wconf 67' lang='lat' dir='ltr'>site¹</span> 
     </span>
    </p>
   </div>
   <div class='ocr_carea' id='block_1_3' title="bbox 52 2616 684 2657">
    <p class='ocr_par' dir='ltr' id='par_1_3' title="bbox 52 2616 684 2657">
     <span class='ocr_line' id='line_1_45' title="bbox 52 2616 684 2657; baseline -0.003 -7"><span class='ocrx_word' id='word_1_410' title='bbox 52 2651 54 2657; x_wconf 19' lang='grc' dir='ltr'>χ</span> <span class='ocrx_word' id='word_1_411' title='bbox 89 2620 221 2651; x_wconf 83' lang='lat' dir='ltr'>¹E.inseisionc.</span> <span class='ocrx_word' id='word_1_412' title='bbox 282 2618 390 2648; x_wconf 81' lang='lat' dir='ltr'>²T.cohiret.</span> <span class='ocrx_word' id='word_1_413' title='bbox 450 2616 554 2647; x_wconf 77' lang='lat' dir='ltr'>³E.dietum.</span> <span class='ocrx_word' id='word_1_414' title='bbox 596 2616 684 2648; x_wconf 68' lang='lat' dir='ltr'>&#39;Esitlra</span> 
     </span>
    </p>
   </div>
   <div class='ocr_carea' id='block_1_4' title="bbox 0 0 895 2803">
    <p class='ocr_par' dir='ltr' id='par_1_4' title="bbox 0 0 895 2803">
     <span class='ocr_line' id='line_1_46' title="bbox 0 0 895 2803; baseline 0 0"><span class='ocrx_word' id='word_1_415' title='bbox 0 0 895 2803; x_wconf 95' lang='lat' dir='ltr'> </span> 
     </span>
    </p>
   </div>
  </div>
 </body>
</html>
