1762 2803
267 101 312 163 &De
327 106 428 161 &ancta
444 109 538 161 atrato.
711 120 754 166 215

53 229 120 263 ciatum
128 228 303 272 suissetpiseieulos¹
311 240 363 263 more
373 228 426 263 solito
431 229 450 263 in
457 228 507 263 sonte
513 229 682 265 natare²viuemes
703 228 756 263 Tune

53 283 121 315 unum³
129 282 190 315 denno
197 282 249 316 iussit
257 282 324 324 afferri,
335 287 352 316 et
360 288 443 325 paratum
451 283 469 316 in
481 293 534 317 esum
543 282 577 317 sibi
585 283 658 327 apponi.
681 282 704 316 Et
715 292 756 315 cum

53 345 77 368 ex
90 345 112 368 eo
126 335 218 368 modicum
230 340 329 378 gustasset,
342 335 390 369 illieo
402 346 459 370 sanus
472 336 548 370 effeetus
562 335 657 370 conualuit.
705 326 756 369 Cum

52 388 86 421 viri
98 388 156 421 sancti
166 389 223 421 boues
235 387 283 421 furto
296 388 361 421 sublati
372 395 440 429 essent,
452 394 471 421 et
482 400 516 431 pro
527 389 558 422 tali
570 389 647 431 penuria
656 388 722 421 fratres
733 389 756 420 ad

53 449 108 482 agros
115 439 185 482 egressi
194 438 286 473 laboribus
294 438 406 481 insisterent,
415 450 458 473 ecee
465 439 514 473 cerui
523 440 642 485 quamplures
650 439 673 474 de
680 449 757 474 nemore
766 449 774 480 5

53 492 141 536 gregatim
157 492 283 534 aduenientes,
298 493 321 526 ad
337 503 369 527 eos
384 493 527 527 mansuetissimi
543 493 672 537 applaudendo
691 502 757 536 prope·

53 546 123 579 rabant.
145 545 187 587 Quo
194 546 239 588 viso,
248 545 318 579 Neotus
326 545 371 579 eolla
379 556 442 580 eorum
450 545 492 589 iugo
500 546 582 581 submitti
590 552 608 581 et
616 545 681 581 aratris
689 545 757 590 apponi

53 597 117 632 iussit:
140 603 158 631 et
173 598 227 642 longo
242 602 325 642 tempore
340 599 394 632 boum
409 598 459 633 vices
474 598 534 633 inuiso
549 609 601 633 more
619 598 757 643 suppleuerunt.

55 650 112 683 Fures
125 656 186 683 autem
198 651 232 683 boe
246 651 347 692 audientes,
359 652 418 683 ablata
431 651 535 691 restituunt,
547 656 565 684 et
578 651 651 685 veniam
663 650 757 684 humiliter

53 702 178 746 implorantes,
192 704 277 736 decetero
290 704 329 735 eius
345 704 421 737 consilio
433 705 543 738 adherentes
558 706 614 738 vitam
630 705 786 738 emendaturam

53 756 156 789 Asserunt⁴
172 756 221 790 enim
236 756 319 790 nonnulli
335 766 400 790 ceruos
414 757 462 797 illos,
476 763 493 790 et
509 767 574 790 omnes
588 758 611 790 de
623 757 680 801 stirpe
693 766 756 790 eorum

54 808 171 852 prodeuntes,
179 809 197 843 in
206 810 260 843 huius
268 810 294 843 rei
302 810 409 843 memoriam
417 820 475 854 vsque
486 810 540 844 hodie
551 810 654 844 albedinem
662 809 710 843 circa
717 809 757 843 loca

53 862 84 896 vbi
91 862 130 895 lora
137 862 235 905 tetigerunt
243 868 363 905 apparentem
371 864 487 905 pretendere.
511 862 552 896 Hoc
560 862 622 897 enim*
630 873 664 896 nec
673 872 757 896 asserere

53 916 149 955 contendo,
156 926 190 948 nec
198 915 221 947 de
229 915 259 948 dei
267 915 347 956 potentia
353 915 438 947 diffidens
446 915 538 957 abnegare
546 925 638 958 presumo.
679 907 757 947 Factum

53 972 82 1000 est
93 972 154 1000 autem
164 972 184 1001 ut
194 965 243 1000 idem
255 966 325 1000 domini
334 978 401 1001 seruus
410 978 461 1001 more
472 966 525 1001 solito
536 974 593 1001 staret
603 967 621 1001 in
634 967 683 1001 sonte
691 966 710 1000 in
721 977 758 1010 quo
768 977 773 998 r
777 978 786 1007 5

54 1020 118 1053 solitus
129 1024 169 1054 erat
180 1024 238 1053 totum
250 1031 274 1053 ex
284 1020 355 1063 integro
362 1019 469 1063 psalterium
480 1020 598 1064 persoluere:
612 1030 666 1053 cerua
678 1019 757 1063 quedam

53 1084 87 1116 per
95 1085 191 1107 nemorum
202 1073 255 1107 deuia
265 1085 321 1108 canes
328 1073 447 1118 insequentes
458 1073 536 1118 fugiens,
544 1074 670 1108 immoderatis
680 1075 702 1107 ad
715 1084 757 1108 eum

54 1126 129 1159 saltibus
137 1127 259 1168 accelerabat;
271 1138 327 1169 supra
335 1127 404 1160 sontem
411 1137 465 1160 secus
473 1128 531 1170 pedes
538 1126 572 1161 viri
581 1127 610 1160 dei
618 1137 711 1167 corruens,
719 1131 756 1159 tam

54 1179 84 1213 diu
96 1184 186 1222 prostrata
198 1178 257 1219 iacuit,
270 1180 328 1214 donee
338 1178 414 1214 liberam
426 1180 469 1214 inde
481 1179 531 1213 abire
543 1180 600 1213 iussit.
623 1179 661 1213 Sed
673 1185 691 1213 et
702 1190 758 1213 canes

53 1232 105 1274 qnasi
121 1243 193 1265 morsus
206 1234 235 1265 vel
248 1232 294 1266 ictus
307 1232 368 1265 afflicti
380 1233 462 1273 vulnere,
474 1238 523 1265 retro
535 1233 605 1275 passim
618 1243 682 1265 ornnes
695 1232 757 1273 fugam
767 1243 786 1263 ιο

54 1283 127 1317 dedere.
149 1283 231 1317 Venator
245 1294 289 1317 vero
304 1283 338 1317 hoc
352 1283 424 1324 videns,
439 1283 458 1316 in
473 1289 541 1317 terram
557 1289 659 1328 prostratus
674 1289 758 1317 sanctum

55 1337 136 1370 adorauit
145 1337 229 1378 Neotum,
237 1341 255 1369 et
265 1347 334 1370 nouum
344 1336 438 1370 homiuem
446 1336 526 1379 indutus,
534 1346 606 1371 sacrum
615 1337 638 1370 ab
646 1346 669 1370 eo
677 1335 758 1370 habitum

54 1390 145 1433 suscepit;
161 1396 179 1424 et
190 1390 209 1423 in
221 1390 298 1424 ecclesia
309 1389 367 1423 sancti
379 1390 450 1423 Petroci
460 1390 501 1424 vice
512 1390 641 1433 reliquiaruml
651 1401 707 1424 cornu
719 1389 759 1423 eius

54 1442 155 1487 repositum
163 1448 196 1476 est,
235 1435 293 1475 Venit
301 1442 399 1486 aliquando
406 1443 429 1475 ad
437 1442 497 1476 virum
506 1442 535 1476 dei
543 1443 600 1478 frater
607 1441 664 1477 suus'
672 1441 759 1476 Allredus

54 1506 88 1528 rex
95 1496 246 1534 Westsaxonum,
254 1506 330 1538 corpore
342 1495 446 1529 humiliatus
458 1501 475 1528 et
487 1501 554 1536 mente,
560 1495 707 1529 benedictionem
720 1495 760 1528 eius
769 1506 787 1525 ε·

55 1548 179 1591 expostulans.
203 1547 262 1589 Quem
278 1548 394 1589 benedicens,
408 1548 479 1582 edocuit
495 1553 513 1582 et
526 1548 605 1582 erudiuit
620 1557 662 1581 eum
678 1547 759 1588 scientia,

54 1600 103 1634 viam
115 1600 211 1644 prudentie
222 1602 322 1635 osteudens
334 1600 370 1642 illi;
384 1610 452 1644 prauos
464 1601 504 1636 eius
515 1602 628 1644 redarguens
639 1605 696 1642 actus,
707 1600 760 1635 iussit

54 1653 73 1687 in
81 1653 147 1687 melius
155 1653 247 1694 conuerti;
260 1658 278 1687 et
285 1658 335 1687 tanto
343 1652 430 1693 securius,
436 1659 503 1698 quanto
511 1653 631 1698 propinquius
639 1654 662 1687 de
671 1652 760 1697 sanguine

55 1706 176 1740 eiustractus
220 1699 267 1739 Alio
281 1716 353 1749 quoque
367 1711 451 1749 tempore
464 1717 526 1750 regem
539 1707 618 1740 eundem
632 1707 655 1740 de
665 1705 760 1740 tirannidis

55 1759 176 1803 improbitate,
187 1759 210 1792 de
222 1760 302 1802 superba
314 1758 409 1803 regiminis
420 1759 526 1793 austeritate
537 1759 604 1794 acriter
615 1763 690 1793 sanctus
701 1759 759 1794 incre·
769 1768 789 1796 30

55 1812 106 1855 pauit
114 1812 190 1846 Neotus.
212 1812 324 1855 Apponebat
334 1811 351 1846 ei
362 1818 446 1846 sanctum
454 1812 520 1854 Dauid,
528 1823 583 1856 quern
594 1814 616 1847 ad
626 1814 727 1856 regendum
736 1813 760 1846 de

55 1869 96 1906 post
112 1864 201 1897 fetantes⁸
217 1864 302 1896 dominus
319 1870 419 1906 acceperat,
432 1876 495 1907 regem
511 1871 627 1898 mansuetum
641 1871 659 1898 et
674 1864 760 1897 omnibus

56 1916 162 1951 humilitatis
175 1916 275 1960 exemplar,
284 1916 385 1951 humilitate
398 1916 475 1951 electum
487 1922 505 1952 et
517 1918 648 1961 approbatum
665 1917 760 1951 asserebat

55 1976 73 2004 et
87 1970 162 2004 Saulem
175 1969 261 2013 superbia
273 1970 397 2013 reprobatum,
410 1970 441 2014 qui
455 1981 497 2004 cum
508 1971 596 2014 paruulus
609 1976 658 2004 esset
671 1970 690 2003 in
702 1970 760 2005 oculis

56 2024 100 2064 suis,
117 2030 171 2067 caput
184 2024 292 2057 constitutus
304 2022 363 2056 luerat
375 2022 394 2056 in
410 2023 494 2057 tribubus
510 2024 572 2058 lsrael.
596 2023 654 2065 ‘Quid
669 2023 760 2067 gloriaris,
768 2030 788 2061 35

56 2077 119 2121 inquit,
134 2076 153 2110 in
173 2076 249 2117 malicia,
264 2076 295 2119 qui
314 2081 381 2119 potens
396 2087 417 2110 es
432 2076 450 2110 in
469 2076 575 2119 iniquitate?
598 2076 685 2111 Eleuatus
700 2088 721 2111 es
736 2079 759 2112 ad

56 2128 152 2168 modicum,
158 2134 176 2162 et
184 2139 220 2161 non
229 2128 319 2162 subsistes
323 2136 329 2169 ῖς
340 2133 357 2162 et
365 2128 412 2162 sicut
420 2128 535 2162 summitates
542 2128 634 2172 spicarum
643 2129 743 2163 contereris
748 2130 760 2164 ⁰.

56 2180 92 2214 Vbi
107 2187 136 2215 est
150 2181 232 2225 gloriatio
244 2185 287 2214 tua?
310 2180 349 2214 Etsi
363 2182 445 2215 nondum
458 2182 533 2215 exclusa
545 2188 577 2222 est,
590 2182 687 2226 aliquando
698 2189 759 2217 tamen

56 2234 168 2270 excludetur.
191 2235 235 2279 Ipso
247 2234 296 2269 enim
309 2234 403 2278 regiminis
413 2234 522 2279 principatu,
530 2234 582 2270 cuius
591 2235 640 2269 inani
652 2235 760 2279 gloriatione

56 2288 136 2331 teipsum
144 2289 251 2322 excedendo
258 2288 354 2331 superbis;
362 2287 381 2321 in
390 2288 474 2331 proximo
482 2287 589 2331 priuaberis.
613 2287 759 2331 irrumpentibus
767 2300 787 2328 4⁰

57 2341 125 2385 quippe
137 2340 184 2375 intra
192 2340 286 2385 regionem
298 2339 351 2374 istam
362 2340 449 2382 barbaris,
460 2346 515 2385 atque
526 2341 555 2376 dei
563 2341 685 2386 permissione
697 2341 759 2376 trium·

57 2394 161 2435 phandbus,
169 2395 200 2427 vix
212 2396 263 2427 solus
274 2395 360 2432 euadenS,
368 2403 426 2436 vagus
438 2399 456 2427 et
468 2394 556 2436 profugus
566 2394 603 2428 eris
611 2404 668 2436 super
679 2399 758 2428 terram:

76 2466 110 2496 1Ε,
117 2466 190 2504 pisculos
242 2465 275 2496 ἐΕ.
283 2470 343 2498 nature.
395 2465 484 2497 ³E.enim.
538 2466 658 2498 ⁴E.Afierunt.
712 2465 759 2497 ³vn.

56 2510 115 2537 tamen.
162 2506 168 2522 ⁶
179 2507 196 2537 Ε,
205 2507 304 2544 reliquarum.
350 2504 356 2523 ¹
367 2506 415 2537 irater
421 2516 459 2537 suus
467 2516 498 2538 om,
505 2506 521 2536 in
528 2506 559 2538 Vit.
605 2507 611 2525 ³
620 2506 638 2538 T.
646 2506 760 2546 posttbtontes,

57 2547 75 2577 ci
84 2547 108 2577 Ps.
118 2557 141 2584 77.
150 2557 173 2584 70.
235 2548 241 2565 l
251 2547 270 2577 E.
278 2551 376 2577 contereres.
