<?xml version="1.0" encoding="UTF-8"?>
<!DOCTYPE html PUBLIC "-//W3C//DTD XHTML 1.0 Transitional//EN"
    "http://www.w3.org/TR/xhtml1/DTD/xhtml1-transitional.dtd">
<html xmlns="http://www.w3.org/1999/xhtml" xml:lang="en" lang="en">
 <head>
  <title>
</title>
<meta http-equiv="Content-Type" content="text/html;charset=utf-8" />
  <meta name='ocr-system' content='tesseract 3.04.00' />
  <meta name='ocr-capabilities' content='ocr_page ocr_carea ocr_par ocr_line ocrx_word'/>
</head>
<body>
  <div class='ocr_page' id='page_1' title='image "./MN5111ucmf_0/MN5111ucmf_0_0252.png"; bbox 0 0 1762 2803; ppageno 0'>
   <div class='ocr_carea' id='block_1_1' title="bbox 119 124 625 188">
    <p class='ocr_par' dir='ltr' id='par_1_1' title="bbox 119 124 625 188">
     <span class='ocr_line' id='line_1_1' title="bbox 119 124 625 188; baseline 0.016 -19"><span class='ocrx_word' id='word_1_1' title='bbox 119 131 159 170; x_wconf 85' lang='lat'><strong>162</strong></span> <span class='ocrx_word' id='word_1_2' title='bbox 306 128 386 180; x_wconf 72' lang='lat' dir='ltr'><strong>muna</strong></span> <span class='ocrx_word' id='word_1_3' title='bbox 401 125 517 188; x_wconf 72' lang='lat' dir='ltr'><strong>tramae</strong></span> <span class='ocrx_word' id='word_1_4' title='bbox 533 124 625 187; x_wconf 66' lang='lat' dir='ltr'><strong>anglia</strong></span> 
     </span>
    </p>
   </div>
   <div class='ocr_carea' id='block_1_2' title="bbox 101 247 820 557">
    <p class='ocr_par' dir='ltr' id='par_1_2' title="bbox 117 247 819 452">
     <span class='ocr_line' id='line_1_2' title="bbox 118 247 818 293; baseline -0.003 -10"><span class='ocrx_word' id='word_1_5' title='bbox 118 248 250 293; x_wconf 77' lang='lat' dir='ltr'><strong>(precepitque)</strong></span> <span class='ocrx_word' id='word_1_6' title='bbox 261 253 280 283; x_wconf 93' lang='lat' dir='ltr'><strong>ut</strong></span> <span class='ocrx_word' id='word_1_7' title='bbox 290 254 389 292; x_wconf 87' lang='lat' dir='ltr'><strong>quererent</strong></span> <span class='ocrx_word' id='word_1_8' title='bbox 400 248 485 292; x_wconf 89' lang='lat' dir='ltr'><strong>quisnam</strong></span> <span class='ocrx_word' id='word_1_9' title='bbox 497 253 547 282; x_wconf 88' lang='lat' dir='ltr'><strong>esset</strong></span> <span class='ocrx_word' id='word_1_10' title='bbox 558 248 588 282; x_wconf 88' lang='lat' dir='ltr'><strong>ille</strong></span> <span class='ocrx_word' id='word_1_11' title='bbox 597 248 634 291; x_wconf 89' lang='lat' dir='ltr'><strong>(qui</strong></span> <span class='ocrx_word' id='word_1_12' title='bbox 642 247 702 282; x_wconf 87' lang='lat' dir='ltr'><strong>iacere</strong></span> <span class='ocrx_word' id='word_1_13' title='bbox 713 248 739 291; x_wconf 83' lang='lat' dir='ltr'><strong>in)</strong></span> <span class='ocrx_word' id='word_1_14' title='bbox 749 248 818 293; x_wconf 89' lang='lat' dir='ltr'><strong>templo</strong></span> 
     </span>
     <span class='ocr_line' id='line_1_3' title="bbox 117 300 819 346; baseline -0.003 -10"><span class='ocrx_word' id='word_1_15' title='bbox 117 301 266 346; x_wconf 84' lang='lat' dir='ltr'><strong>presumpsisset.</strong></span> <span class='ocrx_word' id='word_1_16' title='bbox 288 301 334 335; x_wconf 90' lang='lat' dir='ltr'><strong>Cum</strong></span> <span class='ocrx_word' id='word_1_17' title='bbox 343 301 410 344; x_wconf 88' lang='lat' dir='ltr'><strong>(autern</strong></span> <span class='ocrx_word' id='word_1_18' title='bbox 421 300 473 335; x_wconf 91' lang='lat' dir='ltr'><strong>missi</strong></span> <span class='ocrx_word' id='word_1_19' title='bbox 485 300 566 345; x_wconf 88' lang='lat' dir='ltr'><strong>spiritus)</strong></span> <span class='ocrx_word' id='word_1_20' title='bbox 575 311 617 335; x_wconf 91' lang='lat' dir='ltr'><strong>eum</strong></span> <span class='ocrx_word' id='word_1_21' title='bbox 626 300 685 335; x_wconf 92' lang='lat' dir='ltr'><strong>crucis</strong></span> <span class='ocrx_word' id='word_1_22' title='bbox 693 300 774 335; x_wconf 91' lang='lat' dir='ltr'><strong>misterio</strong></span> <span class='ocrx_word' id='word_1_23' title='bbox 782 301 819 346; x_wconf 87' lang='lat' dir='ltr'><strong>sig-</strong></span> 
     </span>
     <span class='ocr_line' id='line_1_4' title="bbox 119 354 818 399; baseline -0.003 -9"><span class='ocrx_word' id='word_1_24' title='bbox 119 357 188 399; x_wconf 85' lang='lat' dir='ltr'><strong>[natum</strong></span> <span class='ocrx_word' id='word_1_25' title='bbox 195 356 282 396; x_wconf 87' lang='lat' dir='ltr'><strong>uiderent,</strong></span> <span class='ocrx_word' id='word_1_26' title='bbox 287 354 352 397; x_wconf 89' lang='lat' dir='ltr'><strong>terri)ti</strong></span> <span class='ocrx_word' id='word_1_27' title='bbox 360 355 463 388; x_wconf 88' lang='lat' dir='ltr'><strong>exclamare</strong></span> <span class='ocrx_word' id='word_1_28' title='bbox 469 359 568 398; x_wconf 85' lang='lat' dir='ltr'><strong>ceperunt:</strong></span> <span class='ocrx_word' id='word_1_29' title='bbox 580 355 584 371; x_wconf 87' lang='lat'><em>‘</em></span> <span class='ocrx_word' id='word_1_30' title='bbox 591 354 646 397; x_wconf 89' lang='lat' dir='ltr'><strong>(Vere</strong></span> <span class='ocrx_word' id='word_1_31' title='bbox 652 365 685 388; x_wconf 89' lang='lat' dir='ltr'><strong>uas</strong></span> <span class='ocrx_word' id='word_1_32' title='bbox 693 364 777 396; x_wconf 90' lang='lat' dir='ltr'><strong>uacuum,</strong></span> <span class='ocrx_word' id='word_1_33' title='bbox 783 355 818 397; x_wconf 87' lang='lat' dir='ltr'><strong>set)</strong></span> 
     </span>
     <span class='ocr_line' id='line_1_5' title="bbox 118 407 819 452; baseline -0.003 -10"><span class='ocrx_word' id='word_1_34' title='bbox 118 409 219 452; x_wconf 70' lang='lat' dir='ltr'><strong>signatum?</strong></span> <span class='ocrx_word' id='word_1_35' title='bbox 243 408 266 440; x_wconf 86' lang='lat' dir='ltr'><strong>Et</strong></span> <span class='ocrx_word' id='word_1_36' title='bbox 278 408 361 451; x_wconf 91' lang='lat' dir='ltr'><strong>protinus</strong></span> <span class='ocrx_word' id='word_1_37' title='bbox 375 407 412 450; x_wconf 89' lang='lat' dir='ltr'><strong>(illa</strong></span> <span class='ocrx_word' id='word_1_38' title='bbox 423 407 553 452; x_wconf 80' lang='lat' dir='ltr'><strong>malignorum)</strong></span> <span class='ocrx_word' id='word_1_39' title='bbox 565 408 619 440; x_wconf 92' lang='lat' dir='ltr'><strong>turba</strong></span> <span class='ocrx_word' id='word_1_40' title='bbox 634 408 728 450; x_wconf 81' lang='lat' dir='ltr'><strong>disparuit.</strong></span> <span class='ocrx_word' id='word_1_41' title='bbox 751 407 819 440; x_wconf 89' lang='lat' dir='ltr'><strong>Iudeus</strong></span> 
     </span>
    </p>

    <p class='ocr_par' dir='ltr' id='par_1_3' title="bbox 101 460 820 557">
     <span class='ocr_line' id='line_1_6' title="bbox 101 460 820 504; baseline -0.003 -8"><span class='ocrx_word' id='word_1_42' title='bbox 101 462 212 504; x_wconf 85' lang='lat' dir='ltr'><strong>5(episcopo</strong></span> <span class='ocrx_word' id='word_1_43' title='bbox 230 460 291 493; x_wconf 89' lang='lat' dir='ltr'><strong>omnia</strong></span> <span class='ocrx_word' id='word_1_44' title='bbox 306 460 410 502; x_wconf 75' lang='lat' dir='ltr'><strong>cnarrauh),</strong></span> <span class='ocrx_word' id='word_1_45' title='bbox 431 460 462 504; x_wconf 90' lang='lat' dir='ltr'><strong>qui</strong></span> <span class='ocrx_word' id='word_1_46' title='bbox 477 471 551 494; x_wconf 91' lang='lat' dir='ltr'><strong>omnem</strong></span> <span class='ocrx_word' id='word_1_47' title='bbox 571 460 666 494; x_wconf 89' lang='lat' dir='ltr'><strong>mulierem</strong></span> <span class='ocrx_word' id='word_1_48' title='bbox 683 471 694 494; x_wconf 92' lang='lat' dir='ltr'><strong>a</strong></span> <span class='ocrx_word' id='word_1_49' title='bbox 709 461 763 494; x_wconf 90' lang='lat' dir='ltr'><strong>domo</strong></span> <span class='ocrx_word' id='word_1_50' title='bbox 780 461 820 504; x_wconf 89' lang='lat' dir='ltr'><strong>(sua</strong></span> 
     </span>
     <span class='ocr_line' id='line_1_7' title="bbox 118 513 433 557; baseline -0.003 -10"><span class='ocrx_word' id='word_1_51' title='bbox 118 513 203 557; x_wconf 74' lang='lat' dir='ltr'><strong>remoluit</strong></span> <span class='ocrx_word' id='word_1_52' title='bbox 211 519 229 546; x_wconf 95' lang='lat' dir='ltr'><strong>et</strong></span> <span class='ocrx_word' id='word_1_53' title='bbox 238 513 314 546; x_wconf 89' lang='lat' dir='ltr'><strong>Iudeum</strong></span> <span class='ocrx_word' id='word_1_54' title='bbox 322 513 433 557; x_wconf 88' lang='lat' dir='ltr'><strong>baptizauit.]</strong></span> 
     </span>
    </p>
   </div>
   <div class='ocr_carea' id='block_1_3' title="bbox 187 614 751 659">
    <p class='ocr_par' dir='ltr' id='par_1_4' title="bbox 187 614 751 659">
     <span class='ocr_line' id='line_1_8' title="bbox 187 614 751 659; baseline -0.004 -1"><span class='ocrx_word' id='word_1_55' title='bbox 187 622 201 659; x_wconf 62' lang='lat' dir='ltr'><strong>ll</strong></span> <span class='ocrx_word' id='word_1_56' title='bbox 214 615 247 656; x_wconf 77' lang='lat' dir='ltr'><strong>DE</strong></span> <span class='ocrx_word' id='word_1_57' title='bbox 258 633 328 656; x_wconf 84' lang='lat' dir='ltr'>SANCTO</span> <span class='ocrx_word' id='word_1_58' title='bbox 341 614 463 656; x_wconf 84' lang='lat' dir='ltr'>BERTELLINO</span> <span class='ocrx_word' id='word_1_59' title='bbox 475 633 572 656; x_wconf 78' lang='lat' dir='ltr'>HEREMITA</span> <span class='ocrx_word' id='word_1_60' title='bbox 584 633 607 656; x_wconf 86' lang='lat' dir='ltr'><strong>ET</strong></span> <span class='ocrx_word' id='word_1_61' title='bbox 618 622 751 657; x_wconf 78' lang='lat' dir='ltr'><strong>CONFESSORE¹.</strong></span> 
     </span>
    </p>
   </div>
   <div class='ocr_carea' id='block_1_4' title="bbox 93 697 824 2435">
    <p class='ocr_par' dir='ltr' id='par_1_5' title="bbox 162 697 820 740">
     <span class='ocr_line' id='line_1_9' title="bbox 162 697 820 740; baseline 0 -10"><span class='ocrx_word' id='word_1_62' title='bbox 162 697 242 731; x_wconf 84' lang='lat' dir='ltr'><strong>Uoniam</strong></span> <span class='ocrx_word' id='word_1_63' title='bbox 250 702 317 739; x_wconf 89' lang='lat' dir='ltr'><strong>quanto</strong></span> <span class='ocrx_word' id='word_1_64' title='bbox 325 697 424 729; x_wconf 89' lang='lat' dir='ltr'><strong>intellectui</strong></span> <span class='ocrx_word' id='word_1_65' title='bbox 436 701 499 729; x_wconf 92' lang='lat' dir='ltr'><strong>nostro</strong></span> <span class='ocrx_word' id='word_1_66' title='bbox 511 697 661 729; x_wconf 77' lang='lat' dir='ltr'><strong>comniodiferum</strong></span> <span class='ocrx_word' id='word_1_67' title='bbox 673 697 727 730; x_wconf 85' lang='lat' dir='ltr'><strong>suerit</strong></span> <span class='ocrx_word' id='word_1_68' title='bbox 734 697 820 740; x_wconf 86' lang='lat' dir='ltr'><strong>ignotius,</strong></span> 
     </span>
    </p>

    <p class='ocr_par' dir='ltr' id='par_1_6' title="bbox 93 698 824 1906">
     <span class='ocr_line' id='line_1_10' title="bbox 121 698 820 791; baseline 0 -9"><span class='ocrx_word' id='word_1_69' title='bbox 121 698 160 788; x_wconf 72' lang='lat' dir='ltr'>Q</span> <span class='ocrx_word' id='word_1_70' title='bbox 183 749 234 783; x_wconf 88' lang='lat' dir='ltr'><strong>tanto</strong></span> <span class='ocrx_word' id='word_1_71' title='bbox 249 749 315 782; x_wconf 87' lang='lat' dir='ltr'><strong>noticia</strong></span> <span class='ocrx_word' id='word_1_72' title='bbox 330 750 369 782; x_wconf 87' lang='lat' dir='ltr'><strong>eius</strong></span> <span class='ocrx_word' id='word_1_73' title='bbox 384 749 462 781; x_wconf 88' lang='lat' dir='ltr'><strong>habetur</strong></span> <span class='ocrx_word' id='word_1_74' title='bbox 476 749 586 791; x_wconf 86' lang='lat' dir='ltr'><strong>preciosior:</strong></span> <span class='ocrx_word' id='word_1_75' title='bbox 603 749 654 783; x_wconf 81' lang='lat' dir='ltr'><strong>Beati</strong></span> <span class='ocrx_word' id='word_1_76' title='bbox 668 749 763 782; x_wconf 90' lang='lat' dir='ltr'><strong>Bertellini</strong></span> <span class='ocrx_word' id='word_1_77' title='bbox 777 760 820 782; x_wconf 93' lang='lat' dir='ltr'><strong>con-</strong></span> 
     </span>
     <span class='ocr_line' id='line_1_11' title="bbox 119 802 821 846; baseline -0.003 -8"><span class='ocrx_word' id='word_1_78' title='bbox 119 804 196 838; x_wconf 80' lang='lat' dir='ltr'><strong>fessoris</strong></span> <span class='ocrx_word' id='word_1_79' title='bbox 212 802 267 836; x_wconf 88' lang='lat' dir='ltr'><strong>vitam</strong></span> <span class='ocrx_word' id='word_1_80' title='bbox 284 813 308 835; x_wconf 87' lang='lat' dir='ltr'><strong>ex</strong></span> <span class='ocrx_word' id='word_1_81' title='bbox 325 802 404 845; x_wconf 78' lang='lat' dir='ltr'><strong>antiquis</strong></span> <span class='ocrx_word' id='word_1_82' title='bbox 420 802 505 842; x_wconf 87' lang='lat' dir='ltr'><strong>historiis,</strong></span> <span class='ocrx_word' id='word_1_83' title='bbox 521 803 582 835; x_wconf 91' lang='lat' dir='ltr'><strong>omnia</strong></span> <span class='ocrx_word' id='word_1_84' title='bbox 597 813 638 835; x_wconf 88' lang='lat' dir='ltr'><strong>cum</strong></span> <span class='ocrx_word' id='word_1_85' title='bbox 655 813 746 846; x_wconf 83' lang='lat' dir='ltr'><strong>nequeam</strong></span> <span class='ocrx_word' id='word_1_86' title='bbox 763 803 821 836; x_wconf 87' lang='lat' dir='ltr'><strong>sancti</strong></span> 
     </span>
     <span class='ocr_line' id='line_1_12' title="bbox 93 854 821 900; baseline -0.004 -8"><span class='ocrx_word' id='word_1_87' title='bbox 93 870 111 891; x_wconf 75' lang='grc' dir='ltr'><strong>ιο</strong></span> <span class='ocrx_word' id='word_1_88' title='bbox 121 856 226 891; x_wconf 90' lang='lat' dir='ltr'><strong>describere</strong></span> <span class='ocrx_word' id='word_1_89' title='bbox 241 861 298 900; x_wconf 87' lang='lat' dir='ltr'><strong>gesta,</strong></span> <span class='ocrx_word' id='word_1_90' title='bbox 314 865 372 899; x_wconf 88' lang='lat' dir='ltr'><strong>pauca</strong></span> <span class='ocrx_word' id='word_1_91' title='bbox 387 854 439 888; x_wconf 90' lang='lat' dir='ltr'><strong>breui</strong></span> <span class='ocrx_word' id='word_1_92' title='bbox 456 855 525 888; x_wconf 90' lang='lat' dir='ltr'><strong>calamo</strong></span> <span class='ocrx_word' id='word_1_93' title='bbox 544 855 626 889; x_wconf 88' lang='lat' dir='ltr'><strong>scribere</strong></span> <span class='ocrx_word' id='word_1_94' title='bbox 645 854 698 890; x_wconf 87' lang='lat' dir='ltr'><strong>nitor.</strong></span> <span class='ocrx_word' id='word_1_95' title='bbox 729 856 757 889; x_wconf 90' lang='lat' dir='ltr'><strong>Ne</strong></span> <span class='ocrx_word' id='word_1_96' title='bbox 777 866 821 900; x_wconf 88' lang='lat' dir='ltr'><strong>ergo</strong></span> 
     </span>
     <span class='ocr_line' id='line_1_13' title="bbox 120 908 820 952; baseline -0.004 -7"><span class='ocrx_word' id='word_1_97' title='bbox 120 912 219 945; x_wconf 91' lang='lat' dir='ltr'><strong>verborum</strong></span> <span class='ocrx_word' id='word_1_98' title='bbox 231 909 327 952; x_wconf 89' lang='lat' dir='ltr'><strong>prolixitas</strong></span> <span class='ocrx_word' id='word_1_99' title='bbox 339 908 462 942; x_wconf 80' lang='lat' dir='ltr'><strong>auditoribus²</strong></span> <span class='ocrx_word' id='word_1_100' title='bbox 473 914 549 951; x_wconf 83' lang='lat' dir='ltr'><strong>generet</strong></span> <span class='ocrx_word' id='word_1_101' title='bbox 561 908 659 950; x_wconf 79' lang='lat' dir='ltr'><strong>fastidium,</strong></span> <span class='ocrx_word' id='word_1_102' title='bbox 671 909 820 952; x_wconf 85' lang='lat' dir='ltr'><strong>compendiosam</strong></span> 
     </span>
     <span class='ocr_line' id='line_1_14' title="bbox 121 961 818 1005; baseline -0.001 -8"><span class='ocrx_word' id='word_1_103' title='bbox 121 963 240 998; x_wconf 78' lang='lat' dir='ltr'><strong>exaudiamus</strong></span> <span class='ocrx_word' id='word_1_104' title='bbox 252 962 332 995; x_wconf 89' lang='lat' dir='ltr'><strong>corditer</strong></span> <span class='ocrx_word' id='word_1_105' title='bbox 344 962 444 995; x_wconf 88' lang='lat' dir='ltr'><strong>veritatem.</strong></span> <span class='ocrx_word' id='word_1_106' title='bbox 472 961 582 995; x_wconf 85' lang='lat' dir='ltr'><strong>Bertellinus</strong></span> <span class='ocrx_word' id='word_1_107' title='bbox 597 962 699 1005; x_wconf 81' lang='lat' dir='ltr'><strong>angligena,</strong></span> <span class='ocrx_word' id='word_1_108' title='bbox 713 961 743 1005; x_wconf 93' lang='lat' dir='ltr'><strong>pia</strong></span> <span class='ocrx_word' id='word_1_109' title='bbox 756 962 818 1005; x_wconf 89' lang='lat' dir='ltr'><strong>proles</strong></span> 
     </span>
     <span class='ocr_line' id='line_1_15' title="bbox 121 1014 820 1059; baseline -0.001 -10"><span class='ocrx_word' id='word_1_110' title='bbox 121 1017 176 1059; x_wconf 85' lang='lat' dir='ltr'><strong>regia,</strong></span> <span class='ocrx_word' id='word_1_111' title='bbox 188 1025 290 1058; x_wconf 80' lang='lat' dir='ltr'><strong>generosus</strong></span> <span class='ocrx_word' id='word_1_112' title='bbox 303 1015 360 1057; x_wconf 87' lang='lat' dir='ltr'><strong>stirpe</strong></span> <span class='ocrx_word' id='word_1_113' title='bbox 375 1014 475 1056; x_wconf 78' lang='lat' dir='ltr'><strong>formaque,</strong></span> <span class='ocrx_word' id='word_1_114' title='bbox 488 1014 595 1057; x_wconf 79' lang='lat' dir='ltr'><strong>generosior</strong></span> <span class='ocrx_word' id='word_1_115' title='bbox 610 1015 647 1047; x_wconf 89' lang='lat' dir='ltr'><strong>fide</strong></span> <span class='ocrx_word' id='word_1_116' title='bbox 660 1014 753 1056; x_wconf 81' lang='lat' dir='ltr'><strong>catholica,</strong></span> <span class='ocrx_word' id='word_1_117' title='bbox 764 1015 820 1048; x_wconf 89' lang='lat' dir='ltr'><strong>vitam</strong></span> 
     </span>
     <span class='ocr_line' id='line_1_16' title="bbox 121 1067 821 1111; baseline 0 -9"><span class='ocrx_word' id='word_1_118' title='bbox 121 1080 174 1102; x_wconf 88' lang='lat' dir='ltr'><strong>suam</strong></span> <span class='ocrx_word' id='word_1_119' title='bbox 187 1067 250 1111; x_wconf 89' lang='lat' dir='ltr'><strong>patriis</strong></span> <span class='ocrx_word' id='word_1_120' title='bbox 266 1078 336 1110; x_wconf 84' lang='lat' dir='ltr'><strong>negans</strong></span> <span class='ocrx_word' id='word_1_121' title='bbox 351 1067 485 1100; x_wconf 86' lang='lat' dir='ltr'><strong>commaculare</strong></span> <span class='ocrx_word' id='word_1_122' title='bbox 497 1067 577 1101; x_wconf 90' lang='lat' dir='ltr'><strong>lasciuiis</strong></span> <span class='ocrx_word' id='word_1_123' title='bbox 592 1067 721 1102; x_wconf 88' lang='lat' dir='ltr'><strong>transfretauit.</strong></span> <span class='ocrx_word' id='word_1_124' title='bbox 745 1068 821 1102; x_wconf 89' lang='lat' dir='ltr'><strong>Etcum</strong></span> 
     </span>
     <span class='ocr_line' id='line_1_17' title="bbox 94 1120 821 1165; baseline -0.001 -9"><span class='ocrx_word' id='word_1_125' title='bbox 94 1134 111 1163; x_wconf 78' lang='lat'><strong>15</strong></span> <span class='ocrx_word' id='word_1_126' title='bbox 121 1123 201 1165; x_wconf 88' lang='lat' dir='ltr'><strong>quodam</strong></span> <span class='ocrx_word' id='word_1_127' title='bbox 216 1131 259 1164; x_wconf 83' lang='lat' dir='ltr'><strong>rege</strong></span> <span class='ocrx_word' id='word_1_128' title='bbox 275 1125 394 1154; x_wconf 86' lang='lat' dir='ltr'><strong>conuersatus</strong></span> <span class='ocrx_word' id='word_1_129' title='bbox 410 1120 509 1162; x_wconf 88' lang='lat' dir='ltr'><strong>hibernico,</strong></span> <span class='ocrx_word' id='word_1_130' title='bbox 525 1130 560 1163; x_wconf 89' lang='lat' dir='ltr'><strong>pre</strong></span> <span class='ocrx_word' id='word_1_131' title='bbox 577 1120 647 1155; x_wconf 91' lang='lat' dir='ltr'><strong>cunctis</strong></span> <span class='ocrx_word' id='word_1_132' title='bbox 662 1121 739 1164; x_wconf 86' lang='lat' dir='ltr'><strong>gratiam</strong></span> <span class='ocrx_word' id='word_1_133' title='bbox 755 1121 821 1155; x_wconf 89' lang='lat' dir='ltr'><strong>meruit</strong></span> 
     </span>
     <span class='ocr_line' id='line_1_18' title="bbox 121 1172 823 1218; baseline -0.001 -9"><span class='ocrx_word' id='word_1_134' title='bbox 121 1174 226 1209; x_wconf 84' lang='lat' dir='ltr'><strong>dilectionis.</strong></span> <span class='ocrx_word' id='word_1_135' title='bbox 250 1173 287 1207; x_wconf 89' lang='lat' dir='ltr'><strong>Sed</strong></span> <span class='ocrx_word' id='word_1_136' title='bbox 298 1174 345 1217; x_wconf 88' lang='lat' dir='ltr'><strong>quia,</strong></span> <span class='ocrx_word' id='word_1_137' title='bbox 356 1183 411 1207; x_wconf 87' lang='lat' dir='ltr'><strong>causa</strong></span> <span class='ocrx_word' id='word_1_138' title='bbox 422 1172 497 1207; x_wconf 89' lang='lat' dir='ltr'><strong>maioris</strong></span> <span class='ocrx_word' id='word_1_139' title='bbox 509 1172 610 1217; x_wconf 89' lang='lat' dir='ltr'><strong>penitentie</strong></span> <span class='ocrx_word' id='word_1_140' title='bbox 621 1173 685 1216; x_wconf 83' lang='lat' dir='ltr'><strong>future,</strong></span> <span class='ocrx_word' id='word_1_141' title='bbox 697 1180 749 1218; x_wconf 90' lang='lat' dir='ltr'><strong>pater</strong></span> <span class='ocrx_word' id='word_1_142' title='bbox 759 1179 823 1208; x_wconf 83' lang='lat' dir='ltr'><strong>noster</strong></span> 
     </span>
     <span class='ocr_line' id='line_1_19' title="bbox 121 1227 822 1271; baseline 0 -10"><span class='ocrx_word' id='word_1_143' title='bbox 121 1229 152 1271; x_wconf 91' lang='lat' dir='ltr'><strong>qui</strong></span> <span class='ocrx_word' id='word_1_144' title='bbox 160 1228 203 1269; x_wconf 90' lang='lat' dir='ltr'><strong>es[t]</strong></span> <span class='ocrx_word' id='word_1_145' title='bbox 212 1228 231 1260; x_wconf 91' lang='lat' dir='ltr'><strong>in</strong></span> <span class='ocrx_word' id='word_1_146' title='bbox 239 1227 288 1266; x_wconf 89' lang='lat' dir='ltr'><strong>celis,</strong></span> <span class='ocrx_word' id='word_1_147' title='bbox 296 1227 395 1269; x_wconf 85' lang='lat' dir='ltr'><strong>aliquando</strong></span> <span class='ocrx_word' id='word_1_148' title='bbox 403 1228 493 1268; x_wconf 87' lang='lat' dir='ltr'><strong>quosdam</strong></span> <span class='ocrx_word' id='word_1_149' title='bbox 502 1238 580 1268; x_wconf 88' lang='lat' dir='ltr'><strong>peccare</strong></span> <span class='ocrx_word' id='word_1_150' title='bbox 591 1238 627 1260; x_wconf 91' lang='lat' dir='ltr'><strong>non</strong></span> <span class='ocrx_word' id='word_1_151' title='bbox 638 1228 720 1270; x_wconf 88' lang='lat' dir='ltr'><strong>impedit,</strong></span> <span class='ocrx_word' id='word_1_152' title='bbox 728 1228 765 1261; x_wconf 88' lang='lat' dir='ltr'><strong>filie</strong></span> <span class='ocrx_word' id='word_1_153' title='bbox 773 1228 822 1271; x_wconf 86' lang='lat' dir='ltr'><strong>regis</strong></span> 
     </span>
     <span class='ocr_line' id='line_1_20' title="bbox 121 1279 822 1325; baseline 0 -11"><span class='ocrx_word' id='word_1_154' title='bbox 121 1290 220 1325; x_wconf 87' lang='lat' dir='ltr'><strong>percussus</strong></span> <span class='ocrx_word' id='word_1_155' title='bbox 233 1290 301 1321; x_wconf 90' lang='lat' dir='ltr'><strong>amore,</strong></span> <span class='ocrx_word' id='word_1_156' title='bbox 315 1280 374 1323; x_wconf 91' lang='lat' dir='ltr'><strong>ipsam</strong></span> <span class='ocrx_word' id='word_1_157' title='bbox 387 1279 406 1312; x_wconf 94' lang='lat' dir='ltr'><strong>in</strong></span> <span class='ocrx_word' id='word_1_158' title='bbox 420 1284 482 1322; x_wconf 85' lang='lat' dir='ltr'><strong>partes</strong></span> <span class='ocrx_word' id='word_1_159' title='bbox 495 1279 576 1322; x_wconf 82' lang='lat' dir='ltr'><strong>anglicas</strong></span> <span class='ocrx_word' id='word_1_160' title='bbox 590 1285 711 1323; x_wconf 84' lang='lat' dir='ltr'><strong>pregnantem</strong></span> <span class='ocrx_word' id='word_1_161' title='bbox 725 1281 822 1314; x_wconf 85' lang='lat' dir='ltr'><strong>abduxit-</strong></span> 
     </span>
     <span class='ocr_line' id='line_1_21' title="bbox 121 1332 822 1377; baseline 0 -9"><span class='ocrx_word' id='word_1_162' title='bbox 121 1335 175 1376; x_wconf 80' lang='lat' dir='ltr'><strong>Quod</strong></span> <span class='ocrx_word' id='word_1_163' title='bbox 183 1334 223 1367; x_wconf 92' lang='lat' dir='ltr'><strong>dico</strong></span> <span class='ocrx_word' id='word_1_164' title='bbox 234 1344 258 1366; x_wconf 92' lang='lat' dir='ltr'><strong>ne</strong></span> <span class='ocrx_word' id='word_1_165' title='bbox 268 1344 322 1366; x_wconf 88' lang='lat' dir='ltr'><strong>causa</strong></span> <span class='ocrx_word' id='word_1_166' title='bbox 332 1332 420 1366; x_wconf 89' lang='lat' dir='ltr'><strong>mirabilis</strong></span> <span class='ocrx_word' id='word_1_167' title='bbox 430 1333 531 1375; x_wconf 86' lang='lat' dir='ltr'><strong>penitentie</strong></span> <span class='ocrx_word' id='word_1_168' title='bbox 541 1343 575 1366; x_wconf 89' lang='lat' dir='ltr'><strong>sue</strong></span> <span class='ocrx_word' id='word_1_169' title='bbox 584 1334 711 1376; x_wconf 87' lang='lat' dir='ltr'><strong>peccatoribus</strong></span> <span class='ocrx_word' id='word_1_170' title='bbox 722 1333 822 1377; x_wconf 80' lang='lat' dir='ltr'><strong>ignoretur.</strong></span> 
     </span>
     <span class='ocr_line' id='line_1_22' title="bbox 94 1385 822 1430; baseline 0.003 -12"><span class='ocrx_word' id='word_1_171' title='bbox 94 1399 113 1419; x_wconf 61' lang='grc' dir='ltr'><strong>κο</strong></span> <span class='ocrx_word' id='word_1_172' title='bbox 122 1387 222 1421; x_wconf 87' lang='lat' dir='ltr'><strong>Nemorum</strong></span> <span class='ocrx_word' id='word_1_173' title='bbox 231 1385 299 1429; x_wconf 91' lang='lat' dir='ltr'><strong>quippe</strong></span> <span class='ocrx_word' id='word_1_174' title='bbox 307 1386 398 1418; x_wconf 87' lang='lat' dir='ltr'><strong>densitate</strong></span> <span class='ocrx_word' id='word_1_175' title='bbox 405 1386 509 1426; x_wconf 89' lang='lat' dir='ltr'><strong>latentibus,</strong></span> <span class='ocrx_word' id='word_1_176' title='bbox 518 1397 561 1419; x_wconf 93' lang='lat' dir='ltr'><strong>ecce</strong></span> <span class='ocrx_word' id='word_1_177' title='bbox 570 1391 645 1429; x_wconf 87' lang='lat' dir='ltr'><strong>tempus</strong></span> <span class='ocrx_word' id='word_1_178' title='bbox 655 1387 744 1430; x_wconf 71' lang='lat' dir='ltr'><strong>pariendi,</strong></span> <span class='ocrx_word' id='word_1_179' title='bbox 754 1387 822 1421; x_wconf 89' lang='lat' dir='ltr'><strong>doloris</strong></span> 
     </span>
     <span class='ocr_line' id='line_1_23' title="bbox 121 1437 822 1484; baseline -0.001 -10"><span class='ocrx_word' id='word_1_180' title='bbox 121 1440 215 1481; x_wconf 84' lang='lat' dir='ltr'><strong>terminus,</strong></span> <span class='ocrx_word' id='word_1_181' title='bbox 231 1438 346 1482; x_wconf 91' lang='lat' dir='ltr'><strong>merorisque</strong></span> <span class='ocrx_word' id='word_1_182' title='bbox 358 1437 425 1471; x_wconf 92' lang='lat' dir='ltr'><strong>ssuuius</strong></span> <span class='ocrx_word' id='word_1_183' title='bbox 437 1437 507 1472; x_wconf 88' lang='lat' dir='ltr'><strong>eisdem</strong></span> <span class='ocrx_word' id='word_1_184' title='bbox 519 1438 607 1483; x_wconf 85' lang='lat' dir='ltr'><strong>precipue</strong></span> <span class='ocrx_word' id='word_1_185' title='bbox 620 1439 714 1473; x_wconf 86' lang='lat' dir='ltr'><strong>successit.</strong></span> <span class='ocrx_word' id='word_1_186' title='bbox 737 1440 754 1473; x_wconf 90' lang='grc' dir='ltr'><strong>Ο</strong></span> <span class='ocrx_word' id='word_1_187' title='bbox 768 1451 822 1484; x_wconf 89' lang='lat' dir='ltr'><strong>quam</strong></span> 
     </span>
     <span class='ocr_line' id='line_1_24' title="bbox 122 1491 823 1536; baseline 0 -10"><span class='ocrx_word' id='word_1_188' title='bbox 122 1493 183 1526; x_wconf 86' lang='lat' dir='ltr'><strong>flebile</strong></span> <span class='ocrx_word' id='word_1_189' title='bbox 205 1491 335 1535; x_wconf 86' lang='lat' dir='ltr'><strong>puerperium!</strong></span> <span class='ocrx_word' id='word_1_190' title='bbox 366 1491 467 1524; x_wconf 87' lang='lat' dir='ltr'><strong>Bertellino</strong></span> <span class='ocrx_word' id='word_1_191' title='bbox 488 1491 592 1525; x_wconf 87' lang='lat' dir='ltr'><strong>obstetricis</strong></span> <span class='ocrx_word' id='word_1_192' title='bbox 612 1492 717 1526; x_wconf 87' lang='lat' dir='ltr'><strong>necessario</strong></span> <span class='ocrx_word' id='word_1_193' title='bbox 739 1493 823 1536; x_wconf 89' lang='lat' dir='ltr'><strong>querenti</strong></span> 
     </span>
     <span class='ocr_line' id='line_1_25' title="bbox 122 1543 822 1588; baseline 0.003 -10"><span class='ocrx_word' id='word_1_194' title='bbox 122 1545 234 1587; x_wconf 82' lang='lat' dir='ltr'><strong>suffragium,</strong></span> <span class='ocrx_word' id='word_1_195' title='bbox 248 1543 314 1576; x_wconf 92' lang='lat' dir='ltr'><strong>mulier</strong></span> <span class='ocrx_word' id='word_1_196' title='bbox 324 1554 361 1577; x_wconf 92' lang='lat' dir='ltr'><strong>vna</strong></span> <span class='ocrx_word' id='word_1_197' title='bbox 372 1554 413 1577; x_wconf 82' lang='lat' dir='ltr'><strong>cunr</strong></span> <span class='ocrx_word' id='word_1_198' title='bbox 425 1549 479 1586; x_wconf 89' lang='lat' dir='ltr'><strong>partu</strong></span> <span class='ocrx_word' id='word_1_199' title='bbox 490 1544 558 1587; x_wconf 89' lang='lat' dir='ltr'><strong>lupinis</strong></span> <span class='ocrx_word' id='word_1_200' title='bbox 570 1544 656 1578; x_wconf 87' lang='lat' dir='ltr'><strong>dentibus</strong></span> <span class='ocrx_word' id='word_1_201' title='bbox 668 1546 763 1588; x_wconf 85' lang='lat' dir='ltr'><strong>expirauit.</strong></span> <span class='ocrx_word' id='word_1_202' title='bbox 787 1546 822 1580; x_wconf 85' lang='lat' dir='ltr'><strong>Re·</strong></span> 
     </span>
     <span class='ocr_line' id='line_1_26' title="bbox 122 1595 823 1642; baseline 0.003 -11"><span class='ocrx_word' id='word_1_203' title='bbox 122 1607 188 1631; x_wconf 91' lang='lat' dir='ltr'><strong>uersus</strong></span> <span class='ocrx_word' id='word_1_204' title='bbox 204 1595 265 1640; x_wconf 89' lang='lat' dir='ltr'><strong>itaque</strong></span> <span class='ocrx_word' id='word_1_205' title='bbox 283 1595 399 1638; x_wconf 83' lang='lat' dir='ltr'><strong>Bertellinus,</strong></span> <span class='ocrx_word' id='word_1_206' title='bbox 414 1595 554 1640; x_wconf 88' lang='lat' dir='ltr'><strong>oppressionem</strong></span> <span class='ocrx_word' id='word_1_207' title='bbox 569 1596 619 1630; x_wconf 89' lang='lat' dir='ltr'><strong>illam</strong></span> <span class='ocrx_word' id='word_1_208' title='bbox 634 1597 704 1642; x_wconf 89' lang='lat' dir='ltr'><strong>peccati</strong></span> <span class='ocrx_word' id='word_1_209' title='bbox 723 1598 751 1632; x_wconf 93' lang='lat' dir='ltr'><strong>sui</strong></span> <span class='ocrx_word' id='word_1_210' title='bbox 768 1609 823 1633; x_wconf 86' lang='lat' dir='ltr'><strong>causa</strong></span> 
     </span>
     <span class='ocr_line' id='line_1_27' title="bbox 96 1649 824 1694; baseline 0.005 -12"><span class='ocrx_word' id='word_1_211' title='bbox 96 1662 113 1691; x_wconf 80' lang='lat'><strong>²5</strong></span> <span class='ocrx_word' id='word_1_212' title='bbox 123 1652 201 1686; x_wconf 88' lang='lat' dir='ltr'><strong>credens</strong></span> <span class='ocrx_word' id='word_1_213' title='bbox 215 1650 318 1683; x_wconf 85' lang='lat' dir='ltr'><strong>destinasse</strong></span> <span class='ocrx_word' id='word_1_214' title='bbox 324 1649 336 1691; x_wconf 72' lang='lat'><strong>³,</strong></span> <span class='ocrx_word' id='word_1_215' title='bbox 348 1649 427 1683; x_wconf 88' lang='lat' dir='ltr'><strong>triduum</strong></span> <span class='ocrx_word' id='word_1_216' title='bbox 443 1651 533 1693; x_wconf 84' lang='lat' dir='ltr'><strong>exequiali</strong></span> <span class='ocrx_word' id='word_1_217' title='bbox 546 1650 625 1694; x_wconf 84' lang='lat' dir='ltr'><strong>fungens</strong></span> <span class='ocrx_word' id='word_1_218' title='bbox 638 1651 702 1692; x_wconf 88' lang='lat' dir='ltr'><strong>officio,</strong></span> <span class='ocrx_word' id='word_1_219' title='bbox 715 1652 730 1685; x_wconf 91' lang='lat' dir='ltr'><strong>si</strong></span> <span class='ocrx_word' id='word_1_220' title='bbox 742 1653 824 1686; x_wconf 90' lang='lat' dir='ltr'><strong>tristetur</strong></span> 
     </span>
     <span class='ocr_line' id='line_1_28' title="bbox 124 1703 823 1749; baseline 0.003 -11"><span class='ocrx_word' id='word_1_221' title='bbox 124 1715 160 1738; x_wconf 92' lang='lat' dir='ltr'><strong>non</strong></span> <span class='ocrx_word' id='word_1_222' title='bbox 176 1708 267 1746; x_wconf 82' lang='lat' dir='ltr'><strong>queratur.</strong></span> <span class='ocrx_word' id='word_1_223' title='bbox 295 1703 349 1736; x_wconf 90' lang='lat' dir='ltr'><strong>Solus</strong></span> <span class='ocrx_word' id='word_1_224' title='bbox 366 1714 410 1736; x_wconf 90' lang='lat' dir='ltr'><strong>vero</strong></span> <span class='ocrx_word' id='word_1_225' title='bbox 427 1703 495 1736; x_wconf 90' lang='lat' dir='ltr'><strong>ibidem</strong></span> <span class='ocrx_word' id='word_1_226' title='bbox 514 1705 548 1737; x_wconf 86' lang='lat' dir='ltr'><strong>deo</strong></span> <span class='ocrx_word' id='word_1_227' title='bbox 567 1704 682 1746; x_wconf 89' lang='lat' dir='ltr'><strong>deseruiens,</strong></span> <span class='ocrx_word' id='word_1_228' title='bbox 699 1705 753 1748; x_wconf 88' lang='lat' dir='ltr'><strong>penis</strong></span> <span class='ocrx_word' id='word_1_229' title='bbox 772 1707 823 1749; x_wconf 91' lang='lat' dir='ltr'><strong>prius</strong></span> 
     </span>
     <span class='ocr_line' id='line_1_29' title="bbox 123 1756 823 1801; baseline 0.001 -10"><span class='ocrx_word' id='word_1_230' title='bbox 123 1756 213 1797; x_wconf 83' lang='lat' dir='ltr'><strong>inauditis,</strong></span> <span class='ocrx_word' id='word_1_231' title='bbox 227 1767 303 1798; x_wconf 85' lang='lat' dir='ltr'><strong>semper</strong></span> <span class='ocrx_word' id='word_1_232' title='bbox 313 1767 346 1789; x_wconf 91' lang='lat' dir='ltr'><strong>sua</strong></span> <span class='ocrx_word' id='word_1_233' title='bbox 358 1767 391 1799; x_wconf 91' lang='lat' dir='ltr'><strong>pre</strong></span> <span class='ocrx_word' id='word_1_234' title='bbox 403 1756 459 1790; x_wconf 91' lang='lat' dir='ltr'><strong>oculis</strong></span> <span class='ocrx_word' id='word_1_235' title='bbox 471 1756 556 1790; x_wconf 89' lang='lat' dir='ltr'><strong>habendo</strong></span> <span class='ocrx_word' id='word_1_236' title='bbox 568 1762 647 1800; x_wconf 86' lang='lat' dir='ltr'><strong>peccata,</strong></span> <span class='ocrx_word' id='word_1_237' title='bbox 659 1769 703 1791; x_wconf 87' lang='lat' dir='ltr'><strong>vere</strong></span> <span class='ocrx_word' id='word_1_238' title='bbox 718 1759 823 1801; x_wconf 89' lang='lat' dir='ltr'><strong>penitendo,</strong></span> 
     </span>
     <span class='ocr_line' id='line_1_30' title="bbox 123 1808 824 1853; baseline 0.003 -10"><span class='ocrx_word' id='word_1_239' title='bbox 123 1810 178 1844; x_wconf 87' lang='lat' dir='ltr'><strong>vitam</strong></span> <span class='ocrx_word' id='word_1_240' title='bbox 194 1809 245 1841; x_wconf 90' lang='lat' dir='ltr'><strong>duxit</strong></span> <span class='ocrx_word' id='word_1_241' title='bbox 260 1808 425 1851; x_wconf 85' lang='lat' dir='ltr'><strong>contemplatiuam.</strong></span> <span class='ocrx_word' id='word_1_242' title='bbox 453 1809 497 1843; x_wconf 91' lang='lat' dir='ltr'><strong>Pius</strong></span> <span class='ocrx_word' id='word_1_243' title='bbox 512 1820 556 1843; x_wconf 93' lang='lat' dir='ltr'><strong>vero</strong></span> <span class='ocrx_word' id='word_1_244' title='bbox 572 1815 590 1843; x_wconf 93' lang='lat' dir='ltr'><strong>et</strong></span> <span class='ocrx_word' id='word_1_245' title='bbox 605 1811 710 1844; x_wconf 88' lang='lat' dir='ltr'><strong>misericors</strong></span> <span class='ocrx_word' id='word_1_246' title='bbox 726 1812 776 1853; x_wconf 83' lang='lat' dir='ltr'><strong>deus,</strong></span> <span class='ocrx_word' id='word_1_247' title='bbox 792 1822 824 1845; x_wconf 91' lang='lat' dir='ltr'><strong>cor</strong></span> 
     </span>
     <span class='ocr_line' id='line_1_31' title="bbox 123 1861 823 1906; baseline 0.001 -9"><span class='ocrx_word' id='word_1_248' title='bbox 123 1862 219 1897; x_wconf 90' lang='lat' dir='ltr'><strong>contritum</strong></span> <span class='ocrx_word' id='word_1_249' title='bbox 225 1867 243 1895; x_wconf 90' lang='lat' dir='ltr'><strong>et</strong></span> <span class='ocrx_word' id='word_1_250' title='bbox 248 1861 361 1895; x_wconf 86' lang='lat' dir='ltr'><strong>humiliatum</strong></span> <span class='ocrx_word' id='word_1_251' title='bbox 368 1872 405 1895; x_wconf 95' lang='lat' dir='ltr'><strong>non</strong></span> <span class='ocrx_word' id='word_1_252' title='bbox 410 1862 515 1906; x_wconf 92' lang='lat' dir='ltr'><strong>despiciens</strong></span> <span class='ocrx_word' id='word_1_253' title='bbox 521 1862 532 1903; x_wconf 66' lang='lat'><strong>⁴,</strong></span> <span class='ocrx_word' id='word_1_254' title='bbox 539 1863 572 1897; x_wconf 90' lang='lat' dir='ltr'><strong>sed</strong></span> <span class='ocrx_word' id='word_1_255' title='bbox 578 1864 680 1897; x_wconf 85' lang='lat' dir='ltr'><strong>secundum</strong></span> <span class='ocrx_word' id='word_1_256' title='bbox 688 1863 823 1899; x_wconf 88' lang='lat' dir='ltr'><strong>multitudinem</strong></span> 
     </span>
    </p>

    <p class='ocr_par' dir='ltr' id='par_1_7' title="bbox 95 1915 824 2435">
     <span class='ocr_line' id='line_1_32' title="bbox 95 1915 823 1961; baseline 0.008 -14"><span class='ocrx_word' id='word_1_257' title='bbox 95 1926 114 1955; x_wconf 72' lang='lat'><strong>30</strong></span> <span class='ocrx_word' id='word_1_258' title='bbox 122 1916 259 1950; x_wconf 89' lang='lat' dir='ltr'><strong>miserationum</strong></span> <span class='ocrx_word' id='word_1_259' title='bbox 277 1926 351 1949; x_wconf 86' lang='lat' dir='ltr'><strong>suarum</strong></span> <span class='ocrx_word' id='word_1_260' title='bbox 368 1916 438 1949; x_wconf 87' lang='lat' dir='ltr'><strong>remisit</strong></span> <span class='ocrx_word' id='word_1_261' title='bbox 453 1915 470 1949; x_wconf 88' lang='lat' dir='ltr'><strong>ei</strong></span> <span class='ocrx_word' id='word_1_262' title='bbox 485 1921 560 1960; x_wconf 91' lang='lat' dir='ltr'><strong>peccata</strong></span> <span class='ocrx_word' id='word_1_263' title='bbox 576 1917 643 1960; x_wconf 83' lang='lat' dir='ltr'><strong>muita.;</strong></span> <span class='ocrx_word' id='word_1_264' title='bbox 659 1918 744 1961; x_wconf 89' lang='lat' dir='ltr'><strong>quoniam</strong></span> <span class='ocrx_word' id='word_1_265' title='bbox 760 1918 823 1953; x_wconf 85' lang='lat' dir='ltr'><strong>dilexit</strong></span> 
     </span>
     <span class='ocr_line' id='line_1_33' title="bbox 123 1968 823 2013; baseline 0.006 -12"><span class='ocrx_word' id='word_1_266' title='bbox 123 1970 204 2002; x_wconf 91' lang='lat' dir='ltr'><strong>multum.</strong></span> <span class='ocrx_word' id='word_1_267' title='bbox 229 1968 297 2001; x_wconf 88' lang='lat' dir='ltr'><strong>Dilexit</strong></span> <span class='ocrx_word' id='word_1_268' title='bbox 309 1969 369 2011; x_wconf 88' lang='lat' dir='ltr'><strong>deum,</strong></span> <span class='ocrx_word' id='word_1_269' title='bbox 380 1969 456 2002; x_wconf 89' lang='lat' dir='ltr'><strong>dilectus</strong></span> <span class='ocrx_word' id='word_1_270' title='bbox 467 1974 495 2002; x_wconf 88' lang='lat' dir='ltr'><strong>est</strong></span> <span class='ocrx_word' id='word_1_271' title='bbox 509 1981 520 2003; x_wconf 90' lang='lat' dir='ltr'><strong>a</strong></span> <span class='ocrx_word' id='word_1_272' title='bbox 531 1971 570 2003; x_wconf 91' lang='lat' dir='ltr'><strong>deo.</strong></span> <span class='ocrx_word' id='word_1_273' title='bbox 594 1970 718 2013; x_wconf 88' lang='lat' dir='ltr'><strong>Magnificauit</strong></span> <span class='ocrx_word' id='word_1_274' title='bbox 730 1970 823 2005; x_wconf 89' lang='lat' dir='ltr'><strong>Christum</strong></span> 
     </span>
     <span class='ocr_line' id='line_1_34' title="bbox 123 2017 824 2068; baseline 0.003 -12"><span class='ocrx_word' id='word_1_275' title='bbox 123 2023 176 2056; x_wconf 90' lang='lat' dir='ltr'><strong>bonis</strong></span> <span class='ocrx_word' id='word_1_276' title='bbox 184 2022 274 2065; x_wconf 87' lang='lat' dir='ltr'><strong>operibus,</strong></span> <span class='ocrx_word' id='word_1_277' title='bbox 281 2022 407 2065; x_wconf 86' lang='lat' dir='ltr'><strong>magnificatur</strong></span> <span class='ocrx_word' id='word_1_278' title='bbox 415 2033 425 2056; x_wconf 92' lang='lat' dir='ltr'><strong>a</strong></span> <span class='ocrx_word' id='word_1_279' title='bbox 433 2023 506 2057; x_wconf 91' lang='lat' dir='ltr'><strong>Christo</strong></span> <span class='ocrx_word' id='word_1_280' title='bbox 513 2023 574 2058; x_wconf 92' lang='lat' dir='ltr'><strong>multis</strong></span> <span class='ocrx_word' id='word_1_281' title='bbox 580 2023 678 2058; x_wconf 89' lang='lat' dir='ltr'><strong>miraculis.</strong></span> <span class='ocrx_word' id='word_1_282' title='bbox 713 2017 824 2068; x_wconf 85' lang='lat' dir='ltr'><strong>Temptauit</strong></span> 
     </span>
     <span class='ocr_line' id='line_1_35' title="bbox 123 2074 824 2121; baseline 0.003 -12"><span class='ocrx_word' id='word_1_283' title='bbox 123 2076 182 2109; x_wconf 86' lang='lat' dir='ltr'><strong>virum</strong></span> <span class='ocrx_word' id='word_1_284' title='bbox 194 2079 277 2107; x_wconf 87' lang='lat' dir='ltr'><strong>sanctum</strong></span> <span class='ocrx_word' id='word_1_285' title='bbox 288 2074 362 2117; x_wconf 90' lang='lat' dir='ltr'><strong>spiritus</strong></span> <span class='ocrx_word' id='word_1_286' title='bbox 372 2075 468 2118; x_wconf 86' lang='lat' dir='ltr'><strong>malignus,</strong></span> <span class='ocrx_word' id='word_1_287' title='bbox 479 2076 553 2110; x_wconf 84' lang='lat' dir='ltr'><strong>dicens:</strong></span> <span class='ocrx_word' id='word_1_288' title='bbox 566 2076 605 2109; x_wconf 85' lang='lat' dir='ltr'><strong>‘dic</strong></span> <span class='ocrx_word' id='word_1_289' title='bbox 614 2081 633 2110; x_wconf 94' lang='lat' dir='ltr'><strong>vt</strong></span> <span class='ocrx_word' id='word_1_290' title='bbox 644 2076 715 2120; x_wconf 87' lang='lat' dir='ltr'><strong>lapides</strong></span> <span class='ocrx_word' id='word_1_291' title='bbox 724 2077 754 2110; x_wconf 91' lang='lat' dir='ltr'><strong>isti</strong></span> <span class='ocrx_word' id='word_1_292' title='bbox 765 2089 824 2121; x_wconf 89' lang='lat' dir='ltr'><strong>panes</strong></span> 
     </span>
     <span class='ocr_line' id='line_1_36' title="bbox 123 2125 822 2173; baseline 0.006 -13"><span class='ocrx_word' id='word_1_293' title='bbox 123 2128 177 2161; x_wconf 64' lang='lat' dir='ltr'><strong>fiant!</strong></span> <span class='ocrx_word' id='word_1_294' title='bbox 201 2125 286 2160; x_wconf 83' lang='lat' dir='ltr'><strong>Consudit</strong></span> <span class='ocrx_word' id='word_1_295' title='bbox 297 2126 408 2160; x_wconf 90' lang='lat' dir='ltr'><strong>Bertellinus</strong></span> <span class='ocrx_word' id='word_1_296' title='bbox 420 2128 518 2171; x_wconf 88' lang='lat' dir='ltr'><strong>dyabolum</strong></span> <span class='ocrx_word' id='word_1_297' title='bbox 528 2140 563 2172; x_wconf 84' lang='lat' dir='ltr'><strong>per</strong></span> <span class='ocrx_word' id='word_1_298' title='bbox 573 2130 677 2172; x_wconf 89' lang='lat' dir='ltr'><strong>oppositum</strong></span> <span class='ocrx_word' id='word_1_299' title='bbox 687 2130 822 2173; x_wconf 81' lang='lat' dir='ltr'><strong>temptationis:</strong></span> 
     </span>
     <span class='ocr_line' id='line_1_37' title="bbox 96 2180 823 2226; baseline 0.006 -13"><span class='ocrx_word' id='word_1_300' title='bbox 96 2195 114 2225; x_wconf 78' lang='lat'><strong>35</strong></span> <span class='ocrx_word' id='word_1_301' title='bbox 123 2183 165 2224; x_wconf 86' lang='lat' dir='ltr'><strong>quia</strong></span> <span class='ocrx_word' id='word_1_302' title='bbox 177 2191 213 2214; x_wconf 93' lang='lat' dir='ltr'><strong>non</strong></span> <span class='ocrx_word' id='word_1_303' title='bbox 225 2185 297 2223; x_wconf 85' lang='lat' dir='ltr'><strong>petram</strong></span> <span class='ocrx_word' id='word_1_304' title='bbox 309 2180 342 2222; x_wconf 83' lang='lat' dir='ltr'><strong>[in]</strong></span> <span class='ocrx_word' id='word_1_305' title='bbox 354 2192 427 2223; x_wconf 68' lang='lat' dir='ltr'><strong>panem,</strong></span> <span class='ocrx_word' id='word_1_306' title='bbox 440 2183 473 2215; x_wconf 93' lang='lat' dir='ltr'><strong>sed</strong></span> <span class='ocrx_word' id='word_1_307' title='bbox 485 2193 586 2216; x_wconf 90' lang='lat' dir='ltr'><strong>econuerso</strong></span> <span class='ocrx_word' id='word_1_308' title='bbox 603 2193 670 2226; x_wconf 88' lang='lat' dir='ltr'><strong>panem</strong></span> <span class='ocrx_word' id='word_1_309' title='bbox 682 2183 700 2215; x_wconf 93' lang='lat' dir='ltr'><strong>in</strong></span> <span class='ocrx_word' id='word_1_310' title='bbox 712 2188 789 2226; x_wconf 85' lang='lat' dir='ltr'><strong>petram,</strong></span> <span class='ocrx_word' id='word_1_311' title='bbox 801 2185 823 2218; x_wconf 87' lang='lat' dir='ltr'><strong>ad</strong></span> 
     </span>
     <span class='ocr_line' id='line_1_38' title="bbox 124 2233 823 2280; baseline 0.004 -13"><span class='ocrx_word' id='word_1_312' title='bbox 124 2233 217 2276; x_wconf 86' lang='lat' dir='ltr'><strong>dyabolice</strong></span> <span class='ocrx_word' id='word_1_313' title='bbox 233 2233 356 2275; x_wconf 86' lang='lat' dir='ltr'><strong>temptationis</strong></span> <span class='ocrx_word' id='word_1_314' title='bbox 372 2235 496 2277; x_wconf 88' lang='lat' dir='ltr'><strong>opprobrium,</strong></span> <span class='ocrx_word' id='word_1_315' title='bbox 512 2235 593 2269; x_wconf 89' lang='lat' dir='ltr'><strong>mutauit.</strong></span> <span class='ocrx_word' id='word_1_316' title='bbox 617 2235 657 2277; x_wconf 82' lang='lat' dir='ltr'><strong>Que</strong></span> <span class='ocrx_word' id='word_1_317' title='bbox 671 2240 723 2278; x_wconf 87' lang='lat' dir='ltr'><strong>petra</strong></span> <span class='ocrx_word' id='word_1_318' title='bbox 738 2235 778 2269; x_wconf 88' lang='lat' dir='ltr'><strong>loco</strong></span> <span class='ocrx_word' id='word_1_319' title='bbox 793 2237 823 2280; x_wconf 89' lang='lat' dir='ltr'><strong>qui</strong></span> 
     </span>
     <span class='ocr_line' id='line_1_39' title="bbox 124 2285 824 2332; baseline 0.007 -14"><span class='ocrx_word' id='word_1_320' title='bbox 124 2296 172 2319; x_wconf 90' lang='lat' dir='ltr'><strong>nunc</strong></span> <span class='ocrx_word' id='word_1_321' title='bbox 185 2285 329 2330; x_wconf 77' lang='lat' dir='ltr'><strong>Bertetmesley⁵</strong></span> <span class='ocrx_word' id='word_1_322' title='bbox 341 2292 461 2330; x_wconf 86' lang='lat' dir='ltr'><strong>nuncupatur,</strong></span> <span class='ocrx_word' id='word_1_323' title='bbox 469 2288 550 2321; x_wconf 88' lang='lat' dir='ltr'><strong>miraculi</strong></span> <span class='ocrx_word' id='word_1_324' title='bbox 562 2287 619 2321; x_wconf 89' lang='lat' dir='ltr'><strong>scitur</strong></span> <span class='ocrx_word' id='word_1_325' title='bbox 630 2288 759 2322; x_wconf 88' lang='lat' dir='ltr'><strong>testimonium.</strong></span> <span class='ocrx_word' id='word_1_326' title='bbox 783 2289 824 2332; x_wconf 77' lang='lat' dir='ltr'><strong>Quo</strong></span> 
     </span>
     <span class='ocr_line' id='line_1_40' title="bbox 123 2339 824 2386; baseline 0.004 -13"><span class='ocrx_word' id='word_1_327' title='bbox 123 2344 211 2382; x_wconf 89' lang='lat' dir='ltr'><strong>percepto</strong></span> <span class='ocrx_word' id='word_1_328' title='bbox 219 2339 340 2382; x_wconf 85' lang='lat' dir='ltr'><strong>prouinciales</strong></span> <span class='ocrx_word' id='word_1_329' title='bbox 352 2340 472 2373; x_wconf 90' lang='lat' dir='ltr'><strong>Bertellinnm</strong></span> <span class='ocrx_word' id='word_1_330' title='bbox 484 2341 550 2374; x_wconf 88' lang='lat' dir='ltr'><strong>Christi</strong></span> <span class='ocrx_word' id='word_1_331' title='bbox 561 2342 642 2382; x_wconf 87' lang='lat' dir='ltr'><strong>charum,</strong></span> <span class='ocrx_word' id='word_1_332' title='bbox 652 2342 704 2383; x_wconf 89' lang='lat' dir='ltr'><strong>quasi</strong></span> <span class='ocrx_word' id='word_1_333' title='bbox 714 2343 824 2386; x_wconf 84' lang='lat' dir='ltr'><strong>prophetam</strong></span> 
     </span>
     <span class='ocr_line' id='line_1_41' title="bbox 123 2385 824 2435; baseline 0.006 -10"><span class='ocrx_word' id='word_1_334' title='bbox 123 2391 263 2425; x_wconf 87' lang='lat' dir='ltr'><strong>venerabantur.</strong></span> <span class='ocrx_word' id='word_1_335' title='bbox 299 2385 346 2425; x_wconf 82' lang='lat' dir='ltr'><strong>Erat</strong></span> <span class='ocrx_word' id='word_1_336' title='bbox 351 2392 425 2435; x_wconf 90' lang='lat' dir='ltr'><strong>quidem</strong></span> <span class='ocrx_word' id='word_1_337' title='bbox 430 2394 448 2425; x_wconf 96' lang='lat' dir='ltr'><strong>in</strong></span> <span class='ocrx_word' id='word_1_338' title='bbox 454 2393 518 2426; x_wconf 89' lang='lat' dir='ltr'><strong>diebus</strong></span> <span class='ocrx_word' id='word_1_339' title='bbox 526 2393 562 2426; x_wconf 91' lang='lat' dir='ltr'><strong>illis</strong></span> <span class='ocrx_word' id='word_1_340' title='bbox 568 2394 645 2426; x_wconf 91' lang='lat' dir='ltr'><strong>dilectus</strong></span> <span class='ocrx_word' id='word_1_341' title='bbox 653 2394 688 2426; x_wconf 88' lang='lat' dir='ltr'><strong>deo</strong></span> <span class='ocrx_word' id='word_1_342' title='bbox 694 2399 712 2427; x_wconf 89' lang='lat' dir='ltr'><strong>et</strong></span> <span class='ocrx_word' id='word_1_343' title='bbox 720 2394 824 2430; x_wconf 91' lang='lat' dir='ltr'><strong>hominibus</strong></span> 
     </span>
    </p>
   </div>
   <div class='ocr_carea' id='block_1_5' title="bbox 125 2464 825 2625">
    <p class='ocr_par' dir='ltr' id='par_1_8' title="bbox 125 2464 825 2625">
     <span class='ocr_line' id='line_1_42' title="bbox 143 2464 822 2505; baseline 0.01 -12"><span class='ocrx_word' id='word_1_344' title='bbox 143 2464 149 2482; x_wconf 84' lang='lat'>¹</span> <span class='ocrx_word' id='word_1_345' title='bbox 160 2474 189 2494; x_wconf 89' lang='lat' dir='ltr'><strong>om.</strong></span> <span class='ocrx_word' id='word_1_346' title='bbox 197 2465 213 2493; x_wconf 92' lang='lat' dir='ltr'><strong>in</strong></span> <span class='ocrx_word' id='word_1_347' title='bbox 220 2465 246 2497; x_wconf 83' lang='lat' dir='ltr'><strong>T.·.</strong></span> <span class='ocrx_word' id='word_1_348' title='bbox 257 2466 282 2496; x_wconf 83' lang='lat' dir='ltr'><strong>ed.</strong></span> <span class='ocrx_word' id='word_1_349' title='bbox 290 2465 329 2495; x_wconf 88' lang='lat' dir='ltr'><strong>srorn</strong></span> <span class='ocrx_word' id='word_1_350' title='bbox 338 2476 348 2495; x_wconf 86' lang='lat' dir='ltr'><strong>a</strong></span> <span class='ocrx_word' id='word_1_351' title='bbox 357 2466 390 2496; x_wconf 80' lang='lat' dir='ltr'><strong>MS.</strong></span> <span class='ocrx_word' id='word_1_352' title='bbox 399 2467 464 2496; x_wconf 89' lang='lat' dir='ltr'><strong>Rubeae</strong></span> <span class='ocrx_word' id='word_1_353' title='bbox 471 2467 521 2497; x_wconf 87' lang='lat' dir='ltr'><strong>Vallis</strong></span> <span class='ocrx_word' id='word_1_354' title='bbox 530 2467 597 2497; x_wconf 88' lang='lat' dir='ltr'><strong>collated</strong></span> <span class='ocrx_word' id='word_1_355' title='bbox 605 2467 644 2496; x_wconf 89' lang='lat' dir='ltr'><strong>with</strong></span> <span class='ocrx_word' id='word_1_356' title='bbox 654 2467 717 2505; x_wconf 59' lang='grc' dir='ltr'><strong>(ἱερεῖ.)</strong></span> <span class='ocrx_word' id='word_1_357' title='bbox 724 2468 740 2498; x_wconf 92' lang='lat' dir='ltr'><strong>in</strong></span> <span class='ocrx_word' id='word_1_358' title='bbox 749 2469 785 2500; x_wconf 86' lang='lat' dir='ltr'><strong>Act.</strong></span> <span class='ocrx_word' id='word_1_359' title='bbox 793 2470 822 2502; x_wconf 87' lang='lat' dir='ltr'><strong>SS.</strong></span> 
     </span>
     <span class='ocr_line' id='line_1_43' title="bbox 125 2504 825 2543; baseline 0.011 -11"><span class='ocrx_word' id='word_1_360' title='bbox 125 2504 165 2534; x_wconf 86' lang='lat' dir='ltr'><strong>Boll.</strong></span> <span class='ocrx_word' id='word_1_361' title='bbox 181 2504 223 2541; x_wconf 85' lang='lat' dir='ltr'><strong>Sept.</strong></span> <span class='ocrx_word' id='word_1_362' title='bbox 239 2505 261 2533; x_wconf 94' lang='lat' dir='ltr'><strong>lll</strong></span> <span class='ocrx_word' id='word_1_363' title='bbox 280 2516 294 2543; x_wconf 89' lang='lat' dir='ltr'><strong>p.</strong></span> <span class='ocrx_word' id='word_1_364' title='bbox 309 2516 342 2543; x_wconf 81' lang='lat'><strong>449.</strong></span> <span class='ocrx_word' id='word_1_365' title='bbox 363 2506 398 2535; x_wconf 90' lang='lat' dir='ltr'><strong>The</strong></span> <span class='ocrx_word' id='word_1_366' title='bbox 410 2508 467 2536; x_wconf 87' lang='lat' dir='ltr'><strong>author</strong></span> <span class='ocrx_word' id='word_1_367' title='bbox 481 2508 499 2536; x_wconf 87' lang='lat' dir='ltr'><strong>os</strong></span> <span class='ocrx_word' id='word_1_368' title='bbox 510 2508 541 2536; x_wconf 92' lang='lat' dir='ltr'><strong>this</strong></span> <span class='ocrx_word' id='word_1_369' title='bbox 554 2507 580 2535; x_wconf 84' lang='lat' dir='ltr'><strong>lise</strong></span> <span class='ocrx_word' id='word_1_370' title='bbox 594 2507 607 2536; x_wconf 89' lang='lat' dir='ltr'><strong>is</strong></span> <span class='ocrx_word' id='word_1_371' title='bbox 621 2507 655 2536; x_wconf 82' lang='lat' dir='ltr'><strong>said</strong></span> <span class='ocrx_word' id='word_1_372' title='bbox 670 2512 686 2538; x_wconf 87' lang='lat' dir='ltr'><strong>to</strong></span> <span class='ocrx_word' id='word_1_373' title='bbox 700 2509 719 2538; x_wconf 92' lang='lat' dir='ltr'><strong>be</strong></span> <span class='ocrx_word' id='word_1_374' title='bbox 732 2510 825 2540; x_wconf 83' lang='lat' dir='ltr'><strong>Alexander</strong></span> 
     </span>
     <span class='ocr_line' id='line_1_44' title="bbox 125 2543 823 2583; baseline 0.011 -11"><span class='ocrx_word' id='word_1_375' title='bbox 125 2543 220 2573; x_wconf 84' lang='lat' dir='ltr'><strong>Essibiensis</strong></span> <span class='ocrx_word' id='word_1_376' title='bbox 229 2544 280 2583; x_wconf 84' lang='lat' dir='ltr'><strong>(Pits).</strong></span> <span class='ocrx_word' id='word_1_377' title='bbox 302 2545 316 2574; x_wconf 93' lang='lat' dir='ltr'><strong>lt</strong></span> <span class='ocrx_word' id='word_1_378' title='bbox 324 2546 337 2575; x_wconf 93' lang='lat' dir='ltr'><strong>is</strong></span> <span class='ocrx_word' id='word_1_379' title='bbox 343 2546 391 2575; x_wconf 82' lang='lat' dir='ltr'><strong>based</strong></span> <span class='ocrx_word' id='word_1_380' title='bbox 399 2556 420 2575; x_wconf 89' lang='lat' dir='ltr'><strong>on</strong></span> <span class='ocrx_word' id='word_1_381' title='bbox 427 2548 454 2576; x_wconf 93' lang='lat' dir='ltr'><strong>the</strong></span> <span class='ocrx_word' id='word_1_382' title='bbox 461 2547 498 2577; x_wconf 88' lang='lat' dir='ltr'><strong>Vita</strong></span> <span class='ocrx_word' id='word_1_383' title='bbox 506 2548 521 2577; x_wconf 87' lang='lat' dir='ltr'><strong>S.</strong></span> <span class='ocrx_word' id='word_1_384' title='bbox 531 2547 607 2576; x_wconf 83' lang='lat' dir='ltr'><strong>Guthlaci.</strong></span> <span class='ocrx_word' id='word_1_385' title='bbox 665 2547 671 2564; x_wconf 60' lang='lat'><em>2</em></span> <span class='ocrx_word' id='word_1_386' title='bbox 682 2548 722 2579; x_wconf 92' lang='lat' dir='ltr'><strong>Boll.</strong></span> <span class='ocrx_word' id='word_1_387' title='bbox 731 2550 823 2581; x_wconf 87' lang='lat' dir='ltr'><strong>auditorum.</strong></span> 
     </span>
     <span class='ocr_line' id='line_1_45' title="bbox 125 2583 665 2625; baseline 0.011 -14"><span class='ocrx_word' id='word_1_388' title='bbox 125 2583 131 2600; x_wconf 80' lang='lat'>³</span> <span class='ocrx_word' id='word_1_389' title='bbox 141 2593 153 2613; x_wconf 91' lang='lat' dir='ltr'><strong>r.</strong></span> <span class='ocrx_word' id='word_1_390' title='bbox 161 2583 253 2612; x_wconf 83' lang='lat' dir='ltr'><strong>destinatam</strong></span> <span class='ocrx_word' id='word_1_391' title='bbox 261 2587 308 2615; x_wconf 85' lang='lat' dir='ltr'><strong>essel</strong></span> <span class='ocrx_word' id='word_1_392' title='bbox 348 2585 354 2603; x_wconf 60' lang='lat'><strong>4</strong></span> <span class='ocrx_word' id='word_1_393' title='bbox 364 2596 376 2615; x_wconf 90' lang='lat' dir='ltr'><strong>r.</strong></span> <span class='ocrx_word' id='word_1_394' title='bbox 384 2587 462 2623; x_wconf 82' lang='lat' dir='ltr'><strong>despexit.</strong></span> <span class='ocrx_word' id='word_1_395' title='bbox 503 2586 508 2604; x_wconf 77' lang='lat'>⁵</span> <span class='ocrx_word' id='word_1_396' title='bbox 519 2597 530 2615; x_wconf 95' lang='lat' dir='ltr'><strong>r.</strong></span> <span class='ocrx_word' id='word_1_397' title='bbox 538 2587 665 2625; x_wconf 75' lang='lat' dir='ltr'><strong>Bertelinesleyl</strong></span> 
     </span>
    </p>
   </div>
   <div class='ocr_carea' id='block_1_6' title="bbox 0 0 894 2803">
    <p class='ocr_par' dir='ltr' id='par_1_9' title="bbox 0 0 894 2803">
     <span class='ocr_line' id='line_1_46' title="bbox 0 0 894 2803; baseline 0 0"><span class='ocrx_word' id='word_1_398' title='bbox 0 0 894 2803; x_wconf 95' lang='lat' dir='ltr'><strong> </strong></span> 
     </span>
    </p>
   </div>
  </div>
 </body>
</html>
