1762 2803
244 116 289 173 bo
304 115 405 170 &enno
421 115 537 171 tumim.
699 123 744 176 269

39 237 164 272 constituistis.
188 238 236 271 Malo
250 238 312 282 itaque
325 249 367 271 eum
380 238 443 282 paucis
458 239 509 272 solus
521 238 602 279 exulare,
613 238 670 272 immo
682 240 744 283 potius

39 291 95 336 diligo
103 290 154 333 mori,
163 301 218 335 quarn
225 301 259 327 vos
270 291 306 327 mei
317 291 374 326 solius
385 301 440 326 causa
451 291 542 335 contingat
551 300 624 335 quoquo
632 291 687 326 modo
694 291 745 336 peri·

40 343 103 379 clitari.
126 343 197 389 Impius
208 343 257 379 enim
270 349 288 379 et
298 344 411 379 inhumanus
422 348 450 379 est
461 343 492 389 qui
504 355 546 380 cum
556 343 586 379 dei
597 343 683 379 iudicium
695 344 745 380 nullo

39 399 95 431 modo
106 398 164 440 possit
177 403 260 432 auertere
265 398 277 440 ¹,
289 399 351 442 plures
363 397 391 431 sui
404 397 488 441 (ipsius)²
499 407 554 432 causa
567 402 643 432 conatur
655 403 745 432 euertere.

40 450 102 492 Quare
117 450 198 484 diuinam
213 462 271 494 super
285 462 315 485 me
329 450 440 484 sententiam
455 450 547 495 pacificus,
562 461 599 484 non
614 450 763 494 belligerando,5

39 503 118 536 libenter
136 503 267 546 amplectens³,
285 503 383 547 presertim
399 513 440 536 cum
458 513 493 546 per
511 513 532 537 os
551 502 609 536 sancti
624 502 692 536 Aidani
711 513 746 546 per

40 554 116 589 martirii
123 555 203 598 palmam
214 556 237 589 ad
248 555 322 590 celestis
333 554 386 598 regni
397 554 462 599 gaudia
472 565 503 589 me
512 553 631 588 transiturum
641 554 746 599 agnosco⁴;

39 619 76 652 quo
88 607 152 644 ordine
165 613 183 644 et
196 614 279 654 tempore
292 608 376 644 Christus
390 607 474 650 voluerit,
489 607 545 644 vitam
559 607 678 652 temporalem
691 607 745 644 finire

39 673 77 695 non
93 663 169 696 recuso!
193 662 235 696 Hiis
250 662 309 705 dictis,
325 663 426 696 exercitum
442 662 517 695 domum
533 660 604 696 remisit
619 667 638 695 et
652 672 694 696 cum
708 673 745 696 vno

39 720 109 748 tantum
124 715 181 749 milite
192 715 303 750 Tondehere
316 714 392 749 nomine
404 714 423 748 in
436 714 547 759 Gedlingum
560 713 578 748 in
591 714 667 749 domum
680 714 745 749 Hune·
754 726 773 748 ro

39 767 95 802 waldi
103 767 181 810 comitis,
189 767 218 801 cui
225 768 286 802 vicum
294 768 345 802 illum
354 772 373 801 et
383 767 441 801 multa
452 767 553 802 contulerat
561 766 631 810 predia,
639 777 660 801 se
670 768 746 811 recepit.

41 819 168 855 Hunewaldus
184 826 245 856 autem
259 832 301 855 eum
317 820 336 855 in
349 819 438 862 conclaui,
449 819 502 865 quasi
514 819 609 855 decentius
623 819 745 855 habitaturum

39 874 146 917 introduxit,
158 874 225 918 deique
237 874 302 909 timore
314 873 421 919 postposito,
432 873 471 918 regi
484 872 616 916 Bemiciorum,
628 874 670 918 quia
682 884 745 918 regem

40 927 138 961 Oswinum
146 928 181 961 sibi
188 929 269 961 traderet
276 928 401 972 iugulandum,
407 927 497 960 scelestus
505 926 589 960 innotuit.
605 926 690 960 Audiens
696 927 745 960 eninr

40 979 75 1013 hoc
82 990 116 1013 rex
124 979 180 1021 Oswi,
190 979 313 1014 Ethelwinum
321 980 387 1013 domus
395 989 428 1013 sue
436 978 551 1023 prepositum
559 978 612 1013 illuc⁵
619 978 691 1020 direxit,
699 984 718 1013 et
725 984 745 1013 vt
754 989 772 1021 15

39 1042 103 1075 regem
116 1032 224 1067 oswinum⁰
235 1033 348 1068 intenmeret
361 1031 464 1076 imperauit.
487 1031 529 1074 Quo
540 1042 582 1067 curn
593 1031 715 1076 peruenisset,
726 1036 745 1067 et

40 1083 128 1118 Oswinus
138 1085 161 1118 ab
170 1085 286 1119 Hunewaldo
294 1084 329 1119 sibi
336 1084 413 1118 traditus
422 1084 492 1126 suisset,
501 1085 525 1118 ait
535 1096 580 1119 rex:
593 1084 650 1127 ‘Quia
660 1084 745 1129 nequiter

39 1138 122 1180 traditus,
130 1137 219 1173 innocens
230 1138 302 1174 avobis
312 1139 373 1174 iussus
383 1148 425 1173 sum
435 1138 497 1181 occidi,
505 1143 597 1183 precorvt
608 1138 657 1173 hunc
667 1138 743 1173 militem

39 1191 97 1226 libere
108 1192 217 1236 permittatis
229 1193 284 1235 abire,
293 1204 327 1228 nec
338 1192 375 1227 mei
385 1203 440 1227 causa
449 1192 519 1228 faciatis
529 1203 572 1227 eum
582 1198 661 1227 mortem
669 1193 743 1228 subire!

41 1244 106 1279 Maluit
117 1250 179 1279 tamen
191 1246 244 1280 miles
256 1246 310 1280 morti
321 1246 447 1287 succumbere,
456 1256 511 1290 quam
521 1250 594 1280 mortuo
601 1246 681 1287 domino,
689 1246 744 1281 etiam
753 1257 773 1280 zo

40 1296 56 1332 si
64 1297 116 1343 copia
124 1298 202 1341 daretur,
211 1299 336 1344 superuiuere.
360 1298 438 1343 Excepit
449 1298 511 1344 itaque
521 1309 555 1333 rex
563 1298 651 1333 Oswinus
658 1310 694 1333 vna
702 1310 744 1334 cum

40 1351 97 1383 milite
108 1361 142 1383 suo
152 1352 216 1383 mortis
226 1353 342 1392 sententiam,
352 1356 371 1384 et
382 1351 440 1384 effuso
452 1351 542 1394 sanguine
553 1361 593 1391 suo,
603 1357 713 1395 perpetuam
725 1353 745 1384 in

34 1402 80 1436 ‘celo
88 1402 150 1446 adepti
158 1408 201 1437 sunt
209 1403 330 1445 mansionem,
336 1402 390 1438 tertio
396 1403 467 1437 decimo
473 1403 508 1438 kal.
513 1403 630 1448 septembris,
636 1414 685 1438 anno
692 1404 745 1448 regni

41 1455 80 1490 eius
96 1467 150 1490 nono.
178 1449 225 1491 Erat
242 1455 330 1501 [autem]'
346 1468 380 1491 rex
393 1456 481 1491 Oswinus
496 1462 515 1491 et
530 1461 606 1501 aspectu
619 1462 714 1500 venustus,
727 1462 745 1492 et

40 1514 110 1544 statura
121 1510 205 1544 sublimis
210 1510 222 1552 ⁸,
230 1511 285 1545 affatu
296 1511 391 1550 iocundus,
399 1510 481 1544 moribus
492 1510 556 1550 ciuilis,
564 1515 582 1544 et
592 1521 648 1544 manu
659 1511 745 1545 omnibus
754 1521 773 1553 ²5

40 1562 131 1596 nobilibus
139 1562 194 1596 simul
202 1569 220 1597 et
227 1563 338 1607 ignobilibus
346 1563 414 1607 largus.
436 1563 490 1598 Vnde
498 1564 522 1597 ob
529 1563 599 1606 regiam
610 1563 666 1598 animi
676 1564 717 1598 eius
727 1569 745 1598 et

40 1615 101 1649 vultus
110 1619 128 1648 et
135 1615 242 1649 meritorum
251 1616 357 1660 dignitatem
365 1616 388 1649 ab
396 1615 481 1650 omnibus
488 1615 602 1660 diligebatur,
609 1620 627 1650 et
634 1615 714 1660 undique
722 1616 745 1650 ad

41 1666 81 1701 eius
92 1667 213 1702 ministerium
224 1670 248 1703 de
258 1669 328 1703 cunctis
338 1679 397 1713 prope
407 1668 507 1712 prouinciis
514 1668 549 1703 viri
559 1669 614 1702 etiam
622 1669 693 1703 nobiles
703 1680 746 1703 con·

41 1722 143 1755 currebant.
189 1714 299 1757 Donauerat
306 1727 367 1757 autem
375 1732 408 1756 rex
416 1721 504 1757 Oswinus
512 1732 580 1767 equum
586 1722 650 1757 suum³
656 1722 746 1767 optimum

40 1773 114 1807 Aidano
120 1774 211 1818 episcopo,
217 1786 239 1808 eo
245 1777 294 1819 quod
300 1775 358 1819 magis
364 1775 443 1819 pedibus
450 1786 534 1819 pergere,
539 1786 594 1818 quam
600 1786 648 1819 equo
653 1776 696 1810 vehi
703 1787 746 1810 con·
755 1787 775 1817 30

41 1831 133 1860 sueuerat.
149 1827 185 1868 Qui
193 1828 228 1861 cito
236 1829 353 1871 postmodum
361 1838 429 1872 equum
437 1827 494 1870 illum,
502 1838 543 1862 cum
551 1827 576 1861 nil
584 1827 632 1862 aliud
640 1829 663 1862 ad
670 1839 745 1863 manum

41 1878 122 1921 haberet,
129 1879 200 1914 cuidam
209 1880 284 1925 pauperi
294 1880 414 1916 elemosinam
420 1880 490 1925 petenti
498 1880 577 1916 donauit.
600 1881 641 1916 Hoc
650 1892 691 1916 cum
700 1881 746 1916 didi-

41 1933 97 1966 cisset
108 1943 146 1975 rex,
154 1933 253 1977 plurimum
265 1934 370 1978 indignatus
378 1934 402 1967 ait
413 1934 500 1978 episcopo
508 1934 581 1968 Aidano
590 1944 654 1968 secum
661 1935 685 1968 ad
693 1945 745 1969 men-

41 1994 81 2017 sam
89 1984 217 2019 considenti¹⁰:
230 1986 288 2027 ‘Quid
298 1986 362 2027 fecisti,
370 1987 444 2019 domine
452 1987 526 2029 presul?
537 1986 586 2020 Num
595 1987 663 2029 [non]¹¹
671 1987 745 2021 viliores

42 2047 100 2081 equos
114 2037 216 2081 habuimus,
228 2039 259 2083 qui
271 2039 377 2073 sufficerent
388 2039 411 2072 ad
423 2038 565 2073 elemosinam?’
587 2039 622 2073 Cui
635 2039 744 2084 episcopus:
754 2047 773 2078 ,35

42 2089 100 2132 ‘Quid
106 2090 271 2134 loqueris,d0mine
277 2095 321 2127 rex?
338 2092 387 2125 Num
393 2091 480 2126 charior¹²
486 2091 626 2126 erit¹³tihifilius
632 2102 746 2137 eque,quam

41 2142 90 2177 filius
105 2142 185 2178 Mariet’
208 2144 298 2179 Continuo
311 2156 345 2179 rex
357 2145 456 2190 procidens
468 2145 491 2178 ad
503 2145 562 2190 pedes
574 2144 661 2191 episcopi,
672 2145 746 2182 veniam

42 2196 117 2240 rogauit,
125 2197 234 2240 promittens
243 2199 321 2233 fideliter
328 2199 376 2241 quod
384 2209 479 2241 nunquam
486 2199 622 2243 obloqueretur,
628 2199 715 2243 quicquid
722 2201 746 2235 de

42 2249 98 2282 rebus
109 2249 148 2282 suis
160 2249 189 2283 dei
200 2250 243 2284 filiis
254 2255 352 2294 errogaret.
375 2250 424 2284 Dum
432 2250 487 2294 igitur
494 2250 554 2294 pacati
564 2250 618 2285 simul
629 2252 652 2285 ad
662 2262 745 2287 mensam

42 2301 133 2343 sederent,
149 2301 247 2346 episcopus
262 2303 322 2338 subito
337 2302 356 2337 in
371 2301 469 2338 lachrimas
484 2308 513 2339 est
528 2303 625 2339 resolutus.
648 2304 704 2339 Cuius
719 2304 746 2340 rei
754 2312 775 2342 40

42 2364 98 2388 causa
109 2364 120 2388 a
131 2353 290 2392 circumstantibus
302 2355 393 2402 requisita,
405 2355 467 2403 presul
478 2356 514 2394 ait:
530 2356 582 2393 ‘Non
594 2357 651 2393 multo
662 2363 746 2404 ternpore

60 2450 181 2484 ¹E.euertere.
233 2453 367 2486 ²om.inT.Vit.
429 2454 575 2493 ’Eampleetans
632 2454 667 2487 ⁴E.
675 2455 746 2494 ignosco.

41 2491 76 2522 5Ε.
84 2493 120 2523 illic.
186 2494 319 2525 'EEdwinum
381 2494 571 2530 ⁷T.autem;E.enirn.
632 2495 746 2528 'Rsullimis

41 2530 116 2600 ζιιιιίὺοεῐτηεὶ
152 2532 320 2565 1”Τ.Ε.εοηεεάεηὶί.
361 2533 593 2574 ¹¹oru.;Bedllunquidnon.
633 2535 744 2567 ”Ronanus
