1762 2803
278 60 459 123 annnnuctinn.
685 59 721 101 lxv

120 186 195 229 (λείως
207 185 234 215 ‘C.
244 183 344 224 permissione
356 182 408 213 diuina
419 180 490 213 Lineoln.
502 180 542 212 dioc.
552 180 639 220 episcopus,
649 180 723 211 uniuersis

101 262 104 267 ⁴
139 233 214 275 presentie
223 230 314 271 inspecturis
326 229 391 260 salutem
403 229 419 259 in
431 228 500 259 Domino
512 227 625 267 sempiternam.
644 227 724 257 Noueritis

139 292 167 313 uos
174 280 254 319 diligenter
260 277 320 307 literam
327 276 387 306 domini
396 284 436 314 pape
442 274 527 305 Alexandri
536 272 629 313 inspexisse:
636 275 666 304 ec.
673 273 723 312 (gives

139 329 165 360 the
172 326 206 358 bull
213 325 232 355 of
236 323 280 355 Alex.
287 322 373 362 protecting
380 321 406 352 the
413 321 500 352 mendicant
506 320 563 359 friurs).

121 375 185 415 (Bulhz
201 372 285 404 ‘lohannes
297 370 378 410 episcopus
390 378 442 399 seruus
453 377 530 399 seruorum
541 366 573 398 Dei
584 366 685 407 patriurchis,’
695 369 724 398 dcc.

140 421 206 461 (against
212 419 239 449 the
245 417 322 449 doctrines
328 416 347 447 of
353 416 388 447 Iob.
395 416 415 446 de
424 415 488 445 Poliaco
495 414 576 454 regnrding
583 414 669 446 confession
675 418 693 445 to
698 415 724 446 the

151 468 191 498 arish
209 468 256 495 riest.

22 520 56 560 (pp.
64 477 221 557 854-894)PQuedi)m
233 466 273 542 nhun
286 509 377 549 compilatio
390 510 433 540 cuins
446 517 502 539 nomen
515 511 531 538 et
544 507 598 539 titulus
609 511 632 539 est
643 508 724 548 ⁸ipeculrcm

140 562 208 592 liciniano
216 557 337 588 saluatione-a
343 557 382 596 long
390 564 436 595 poem
446 556 462 585 in
471 563 492 594 45
500 563 541 594 cap„
547 554 564 585 in
571 554 644 594 doggerel
650 564 698 592 verse,
704 564 724 586 on

140 606 212 639 Lneifer's
222 605 255 640 full,
266 603 331 634 Adnm's
341 603 407 633 mention
417 602 447 632 ancl
458 601 490 637 tull,
501 601 568 632 Christ's
576 601 622 638 birth,
632 601 664 639 life,
674 601 726 636 death.

141 653 225 690 ascension,
237 651 259 681 St.
271 648 329 689 Mary's
340 650 368 680 life
380 649 411 679 ancl
425 648 524 687 assumption,
535 649 566 680 last
577 648 670 687 judgement,
681 650 726 687 pulns

141 701 159 731 of
167 699 211 733 Heli.
219 697 254 736 joys
265 697 283 727 of
291 696 360 726 Hoeven.
381 696 396 725 It
406 695 419 725 is
429 693 504 733 preceded
515 695 535 733 by
546 705 566 726 an
576 695 625 725 Index
635 695 698 735 alphab.
708 695 728 725 of

141 749 214 779 oontents,
221 743 251 773 and
258 742 311 782 begins
318 742 355 772 with
363 752 373 772 a
379 741 477 771 Prooemium
482 739 492 772 ¹.

23 799 46 838 (p.
57 798 91 837 894,
102 795 118 826 in
128 793 192 826 another
201 791 250 830 hand)
261 789 378 821 Commendatio
389 789 426 819 artis
436 789 498 827 musice,
508 798 537 821 sec.
546 789 622 829 quendam
629 789 699 829 Gregorii
709 788 726 820 ti.

141 842 153 880 ζ’
158 841 188 871 Ars
195 838 253 869 musica
260 846 313 868 omnes
320 840 360 867 artes
365 834 434 873 excedit:
441 835 483 875 deo).

45 1030 112 1062 ‘Nemo
123 1032 180 1070 potest
191 1025 258 1059 duobus
269 1023 344 1057 dominis
355 1021 429 1056 servire!
451 1022 569 1067 Productiuity
579 1023 615 1057 and
626 1023 726 1067 receptivity

24 1091 43 1113 or
54 1077 172 1120 reproduction
182 1076 253 1109 exclude
263 1075 306 1107 each
316 1074 371 1113 other,
379 1073 414 1106 like
424 1073 453 1106 the
462 1074 508 1106 male
515 1073 551 1106 and
557 1074 621 1107 female
628 1074 726 1117 principles.

24 1129 72 1169 They
78 1138 107 1160 are
115 1125 193 1158 different
200 1123 284 1157 activities
290 1133 310 1154 or
317 1121 461 1162 currents,uuhich
468 1133 520 1155 move
527 1123 545 1156 iu
552 1123 631 1166 opposite
636 1124 726 1157 channels

24 1180 39 1211 A
46 1177 91 1218 good
99 1175 155 1209 writer
162 1175 195 1207 will
203 1175 242 1207 bea
250 1173 285 1206 bad
295 1173 354 1213 editor,
362 1172 398 1205 and
405 1183 416 1204 a
423 1171 469 1214 good
478 1171 534 1206 editor
540 1183 552 1206 a
559 1173 594 1207 bad
604 1172 677 1216 stylistt
699 1175 726 1207 To

24 1227 57 1260 live
65 1227 83 1260 in
90 1227 119 1259 the
128 1225 209 1267 thoughts
219 1224 238 1257 of
246 1224 310 1263 others,
318 1229 336 1257 to
346 1223 393 1265 read,
401 1232 450 1266 copy,
458 1223 558 1264 transcribe,
566 1230 640 1267 excerpt,
648 1223 726 1267 abridge,

24 1277 93 1310 hinders
104 1277 134 1309 the
144 1275 265 1317 development
275 1273 294 1307 of
303 1274 352 1314 style,
364 1273 425 1316 simply
436 1274 510 1306 because
521 1274 534 1307 it
545 1274 616 1308 hinders
627 1274 725 1318 practising.

24 1328 51 1360 An
58 1337 99 1368 easy
107 1326 150 1368 style
158 1331 212 1358 wants
220 1322 319 1367 practising.
341 1325 370 1357 An
380 1323 463 1366 excerpist
471 1334 511 1366 may
518 1325 540 1358 be
548 1335 559 1358 a
566 1334 607 1358 man
615 1326 636 1359 of
640 1325 725 1368 profound

24 1377 99 1419 thought,
108 1376 128 1409 of
132 1376 176 1417 deep
184 1374 252 1417 feeling,
260 1375 305 1408 have
313 1386 323 1408 a
331 1373 434 1416 philosophy
441 1373 461 1406 of
470 1373 497 1407 his
506 1375 608 1417 own-only
615 1376 637 1409 he
645 1376 687 1410 does
694 1382 725 1409 not

24 1427 73 1467 bring
83 1426 96 1457 it
106 1431 141 1465 out,
148 1425 183 1457 and
193 1426 216 1456 hc
226 1425 268 1456 does
279 1430 308 1456 not
317 1423 369 1463 bring
378 1424 392 1455 it
401 1430 431 1454 out
440 1423 514 1455 because
523 1424 546 1455 he
554 1424 599 1456 finds
607 1424 619 1456 it
627 1424 699 1457 difficolt
706 1431 725 1456 to

43 1510 49 1527 ¹
59 1509 93 1539 The
103 1508 201 1539 Prohemium
213 1507 275 1546 begins:
289 1506 354 1546 ‘Incipit
366 1507 462 1546 prohemium
472 1507 551 1537 cuiusdam
561 1517 602 1539 noue
611 1510 726 1548 compilationis

24 1550 65 1579 cuins
74 1557 130 1578 nomen
139 1553 155 1578 et
164 1548 218 1577 titulus
228 1552 251 1577 est
260 1547 342 1586 Speculum
353 1546 419 1577 humane
429 1546 523 1577 saluationis
544 1547 631 1587 Erpediens
639 1549 700 1579 videtur
710 1554 725 1580 et

24 1588 61 1618 utile
70 1588 110 1626 quod
120 1589 170 1626 primo
181 1587 197 1616 in
208 1587 239 1617 hoc
250 1586 331 1625 prohemio
341 1591 425 1625 exponatur
435 1586 454 1615 tle
464 1587 519 1625 quibus
529 1588 597 1617 materiis
606 1592 622 1618 et
631 1588 699 1619 historiis
709 1589 725 1619 in

24 1627 91 1666 quolibet
102 1628 152 1665 cupite
162 1626 222 1656 dicitur.
243 1627 264 1655 Et
270 1626 297 1666 qui
306 1625 387 1665 diligenter
397 1626 427 1656 hoe
436 1626 532 1665 prohemium
543 1627 647 1666 perstuduerit,
653 1628 673 1659 de
683 1628 726 1660 facili

24 1672 72 1697 totum
79 1666 134 1696 librum
141 1665 184 1706 quasi
191 1676 219 1705 per
225 1676 241 1696 se
247 1665 333 1705 intelligere
339 1666 400 1705 poterit

92 1721 111 1749 Iu
121 1721 172 1759 primo
182 1720 250 1759 capitulo
259 1720 309 1759 agitur
319 1719 338 1748 de
348 1729 384 1749 casu
394 1719 460 1750 Luciferi
469 1723 485 1749 et
495 1728 556 1750 suornm
566 1722 648 1758 sociorum,

93 1760 118 1790 De
127 1760 220 1790 formacione
230 1759 264 1789 Ado
274 1763 289 1789 et
300 1760 338 1796 Eue,
348 1763 363 1789 et
374 1759 393 1790 de
403 1759 478 1799 dignitate
488 1761 560 1800 ipsorum.

93 1799 112 1829 In
122 1800 187 1829 secundo
198 1799 266 1839 capitulo
276 1800 327 1838 agitur
336 1799 355 1830 de
365 1801 432 1839 precepti
443 1801 567 1840 transgressione,

93 1841 118 1868 De
127 1840 194 1869 hominis
203 1841 276 1869 eiectione
286 1844 302 1869 et
311 1839 354 1869 exilii
364 1840 408 1869 huius
418 1840 539 1879 prolongatione.

94 1878 112 1907 In
122 1879 182 1908 duobus
192 1879 264 1917 predictis
274 1878 346 1917 capitulis
356 1883 398 1917 patet
408 1883 459 1908 nostra
469 1879 565 1918 dampnatio,
613 1886 615 1890 “

95 1918 113 1946 In
124 1918 158 1948 aliis
168 1918 240 1956 capitulis
249 1918 346 1956 sequentibus
357 1921 399 1956 patet
408 1923 461 1948 nostra
470 1919 579 1949 reconciliatio.

94 1956 124 1986 Sed
133 1957 217 1986 notandum
227 1957 268 1995 quod
278 1957 294 1985 in
304 1957 368 1995 singulis
378 1957 448 1996 capitulis
458 1958 513 1986 modus
523 1959 552 1989 iste
562 1962 639 1991 seruatur:

94 1996 140 2033 Quod
150 1996 169 2026 de
179 2006 220 2026 nono
230 2000 319 2026 testamento
329 1998 380 2034 primo
390 2006 421 2026 nna
431 1998 487 2027 veritus
497 1998 572 2032 recitatur,

93 2035 148 2065 Postea
159 2036 178 2065 de
188 2036 234 2065 veteri
244 2039 334 2064 testamento
345 2039 375 2064 tres
384 2035 447 2065 historie
457 2036 553 2075 applicantur

94 2073 128 2113 Que
138 2074 187 2114 ipsam
197 2074 276 2105 ueritatem
286 2074 378 2114 prefigurure
388 2077 510 2116 comprobantur.

93 2114 112 2143 ln
122 2115 167 2145 tertio
177 2116 223 2153 cupit.
233 2114 287 2152 incipit
297 2115 340 2153 quasi
350 2116 411 2144 initium
421 2120 472 2145 nostre
482 2116 573 2148 saluationis

95 2153 126 2183 Ubi
136 2156 186 2192 ngitur
196 2155 216 2183 de
225 2154 325 2192 conceptione
335 2159 349 2183 et
359 2155 479 2184 sanctificatione
489 2156 556 2194 virginis.

94 2193 134 2222 Cum
144 2194 185 2223 enim
194 2193 232 2223 dens
241 2193 323 2222 humanam
333 2198 403 2223 naturam
413 2203 489 2224 assumere
498 2195 593 2234 decreuisset,

95 2232 182 2271 congruum
193 2233 222 2262 fnit
231 2237 249 2262 nt
258 2236 322 2261 matrem
332 2232 351 2261 de
361 2242 391 2271 qna
401 2238 485 2263 nasceretur
494 2235 591 2272 premitteret.

94 2270 138 2301 Istud
148 2272 258 2311 configuratum
268 2275 300 2300 erat
310 2281 337 2310 per
347 2281 398 2309 regem
408 2272 487 2311 Astiagem
497 2277 512 2302 et
522 2274 555 2303 eius
565 2274 619 2310 filiam,

95 2310 123 2340 Per
133 2311 190 2342 fontem
200 2312 274 2350 signatam
284 2311 300 2340 in
311 2314 344 2341 orto
354 2310 432 2347 concluso,
442 2317 457 2342 et
467 2321 494 2351 per
504 2312 558 2342 cellam
569 2313 634 2351 Balum;

95 2350 159 2389 Astyngi
170 2353 257 2381 nunciatum
267 2354 289 2380 est
300 2350 341 2390 quod
351 2349 384 2380 frlia
394 2360 421 2380 sua
431 2360 483 2390 regem
494 2351 547 2382 Cirum
557 2360 645 2393 generaret:

96 2389 169 2429 loachym
179 2392 237 2422 dictum
247 2395 270 2421 est
280 2391 321 2429 quod
331 2390 379 2420 filiam
388 2391 456 2429 gigneret
466 2400 495 2429 que
505 2392 584 2424 Christum
594 2394 671 2433 portaret‚’
678 2397 707 2428 &a

47 2440 53 2457 ²
62 2444 86 2472 An
93 2446 160 2475 instance
166 2448 179 2477 is
185 2447 271 2477 Immannel
280 2446 344 2483 Belrlcer,
350 2446 415 2475 who—a
422 2446 464 2484 good
470 2446 602 2479 editor-disliires
609 2449 727 2490 Introductions,

28 2479 57 2509 and
63 2482 105 2521 gives
111 2494 128 2515 as
134 2485 175 2517 little
181 2496 198 2517 as
204 2487 272 2528 possible
279 2485 326 2517 olbis
333 2495 371 2524 own,
379 2485 409 2516 and
416 2486 449 2517 that
456 2486 472 2516 iu
479 2486 504 2518 the
511 2487 577 2519 shortest
584 2494 635 2522 terms.
