<?xml version="1.0" encoding="UTF-8"?>
<!DOCTYPE html PUBLIC "-//W3C//DTD XHTML 1.0 Transitional//EN"
    "http://www.w3.org/TR/xhtml1/DTD/xhtml1-transitional.dtd">
<html xmlns="http://www.w3.org/1999/xhtml" xml:lang="en" lang="en">
 <head>
  <title>
</title>
<meta http-equiv="Content-Type" content="text/html;charset=utf-8" />
  <meta name='ocr-system' content='tesseract 3.04.00' />
  <meta name='ocr-capabilities' content='ocr_page ocr_carea ocr_par ocr_line ocrx_word'/>
</head>
<body>
  <div class='ocr_page' id='page_1' title='image "./MN5111ucmf_0/MN5111ucmf_0_0678.png"; bbox 0 0 1762 2803; ppageno 0'>
   <div class='ocr_carea' id='block_1_1' title="bbox 85 59 629 143">
    <p class='ocr_par' dir='ltr' id='par_1_1' title="bbox 85 59 629 143">
     <span class='ocr_line' id='line_1_1' title="bbox 85 59 629 143; baseline 0.004 -30"><span class='ocrx_word' id='word_1_1' title='bbox 85 59 87 65; x_wconf 84' lang='lat'>&#39;</span> <span class='ocrx_word' id='word_1_2' title='bbox 119 74 146 114; x_wconf 87' lang='lat'>62</span> <span class='ocrx_word' id='word_1_3' title='bbox 186 139 188 143; x_wconf 89' lang='lat'>.</span> <span class='ocrx_word' id='word_1_4' title='bbox 309 65 520 128; x_wconf 69' lang='lat' dir='ltr'>monetaneum</span> <span class='ocrx_word' id='word_1_5' title='bbox 536 64 629 127; x_wconf 68' lang='lat' dir='ltr'>unalia.</span> 
     </span>
    </p>
   </div>
   <div class='ocr_carea' id='block_1_2' title="bbox 96 187 831 2406">
    <p class='ocr_par' dir='ltr' id='par_1_2' title="bbox 96 187 831 2406">
     <span class='ocr_line' id='line_1_2' title="bbox 119 187 821 236; baseline -0.007 -10"><span class='ocrx_word' id='word_1_6' title='bbox 119 192 167 226; x_wconf 90' lang='lat' dir='ltr'>inter</span> <span class='ocrx_word' id='word_1_7' title='bbox 180 203 215 236; x_wconf 90' lang='lat' dir='ltr'>que</span> <span class='ocrx_word' id='word_1_8' title='bbox 227 201 295 235; x_wconf 91' lang='lat' dir='ltr'>pueros</span> <span class='ocrx_word' id='word_1_9' title='bbox 308 191 354 225; x_wconf 90' lang='lat' dir='ltr'>duos</span> <span class='ocrx_word' id='word_1_10' title='bbox 369 189 444 225; x_wconf 84' lang='lat' dir='ltr'><strong>cecitate</strong></span> <span class='ocrx_word' id='word_1_11' title='bbox 458 200 469 223; x_wconf 87' lang='lat' dir='ltr'>a</span> <span class='ocrx_word' id='word_1_12' title='bbox 484 188 578 223; x_wconf 89' lang='lat' dir='ltr'>natiuitate</span> <span class='ocrx_word' id='word_1_13' title='bbox 590 199 689 233; x_wconf 88' lang='lat' dir='ltr'>percussos</span> <span class='ocrx_word' id='word_1_14' title='bbox 701 187 821 228; x_wconf 81' lang='lat' dir='ltr'>illuminauit3</span> 
     </span>
     <span class='ocr_line' id='line_1_3' title="bbox 120 234 821 288; baseline -0.009 -8"><span class='ocrx_word' id='word_1_15' title='bbox 120 250 222 280; x_wconf 91' lang='lat' dir='ltr'>contractas</span> <span class='ocrx_word' id='word_1_16' title='bbox 236 244 322 279; x_wconf 88' lang='lat' dir='ltr'>mulieres</span> <span class='ocrx_word' id='word_1_17' title='bbox 335 244 387 279; x_wconf 89' lang='lat' dir='ltr'>binas</span> <span class='ocrx_word' id='word_1_18' title='bbox 398 243 493 288; x_wconf 82' lang='lat' dir='ltr'>gressibus</span> <span class='ocrx_word' id='word_1_19' title='bbox 504 242 600 277; x_wconf 83' lang='lat' dir='ltr'>restituit¹.</span> <span class='ocrx_word' id='word_1_20' title='bbox 645 234 728 275; x_wconf 65' lang='lat' dir='ltr'>tltlulier</span> <span class='ocrx_word' id='word_1_21' title='bbox 741 242 821 286; x_wconf 89' lang='lat' dir='ltr'>quedam</span> 
     </span>
     <span class='ocr_line' id='line_1_4' title="bbox 121 295 821 342; baseline -0.006 -10"><span class='ocrx_word' id='word_1_22' title='bbox 121 309 177 342; x_wconf 90' lang='lat' dir='ltr'>super</span> <span class='ocrx_word' id='word_1_23' title='bbox 188 299 276 332; x_wconf 83' lang='lat' dir='ltr'>feretrum</span> <span class='ocrx_word' id='word_1_24' title='bbox 288 299 346 331; x_wconf 89' lang='lat' dir='ltr'>sancti</span> <span class='ocrx_word' id='word_1_25' title='bbox 355 296 442 331; x_wconf 81' lang='lat' dir='ltr'>Iohannis</span> <span class='ocrx_word' id='word_1_26' title='bbox 455 296 524 330; x_wconf 82' lang='lat' dir='ltr'>crimen</span> <span class='ocrx_word' id='word_1_27' title='bbox 536 295 611 340; x_wconf 88' lang='lat' dir='ltr'>periurii</span> <span class='ocrx_word' id='word_1_28' title='bbox 623 295 747 337; x_wconf 90' lang='lat' dir='ltr'>committens,</span> <span class='ocrx_word' id='word_1_29' title='bbox 756 304 821 329; x_wconf 87' lang='lat' dir='ltr'>amens</span> 
     </span>
     <span class='ocr_line' id='line_1_5' title="bbox 121 347 822 394; baseline -0.007 -9"><span class='ocrx_word' id='word_1_30' title='bbox 121 351 209 385; x_wconf 85' lang='lat' dir='ltr'>efficitur:</span> <span class='ocrx_word' id='word_1_31' title='bbox 222 350 284 394; x_wconf 88' lang='lat' dir='ltr'>sopori</span> <span class='ocrx_word' id='word_1_32' title='bbox 291 352 366 384; x_wconf 85' lang='lat' dir='ltr'>tandem</span> <span class='ocrx_word' id='word_1_33' title='bbox 374 350 439 391; x_wconf 85' lang='lat' dir='ltr'>dedita,</span> <span class='ocrx_word' id='word_1_34' title='bbox 447 349 543 382; x_wconf 88' lang='lat' dir='ltr'>videbatur</span> <span class='ocrx_word' id='word_1_35' title='bbox 551 348 585 381; x_wconf 90' lang='lat' dir='ltr'>sibi</span> <span class='ocrx_word' id='word_1_36' title='bbox 590 349 639 391; x_wconf 93' lang='lat' dir='ltr'>quod</span> <span class='ocrx_word' id='word_1_37' title='bbox 644 349 697 381; x_wconf 86' lang='lat' dir='ltr'>beata</span> <span class='ocrx_word' id='word_1_38' title='bbox 704 348 755 392; x_wconf 87' lang='lat' dir='ltr'>virgo</span> <span class='ocrx_word' id='word_1_39' title='bbox 764 347 822 381; x_wconf 79' lang='lat' dir='ltr'>Maria</span> 
     </span>
     <span class='ocr_line' id='line_1_6' title="bbox 104 400 822 447; baseline -0.007 -8"><span class='ocrx_word' id='word_1_40' title='bbox 104 414 162 443; x_wconf 88' lang='lat' dir='ltr'>5cnm</span> <span class='ocrx_word' id='word_1_41' title='bbox 175 404 253 447; x_wconf 89' lang='lat' dir='ltr'>quodam</span> <span class='ocrx_word' id='word_1_42' title='bbox 264 402 356 446; x_wconf 87' lang='lat' dir='ltr'>episeopo,</span> <span class='ocrx_word' id='word_1_43' title='bbox 364 400 498 446; x_wconf 86' lang='lat' dir='ltr'>pontificalibus</span> <span class='ocrx_word' id='word_1_44' title='bbox 511 400 579 443; x_wconf 90' lang='lat' dir='ltr'>induto,</span> <span class='ocrx_word' id='word_1_45' title='bbox 592 401 653 435; x_wconf 89' lang='lat' dir='ltr'>eidem</span> <span class='ocrx_word' id='word_1_46' title='bbox 665 401 762 435; x_wconf 82' lang='lat' dir='ltr'>assistebat</span> <span class='ocrx_word' id='word_1_47' title='bbox 771 405 789 435; x_wconf 91' lang='lat' dir='ltr'>et</span> <span class='ocrx_word' id='word_1_48' title='bbox 801 410 822 434; x_wconf 91' lang='lat' dir='ltr'>os</span> 
     </span>
     <span class='ocr_line' id='line_1_7' title="bbox 121 452 822 499; baseline -0.006 -9"><span class='ocrx_word' id='word_1_49' title='bbox 121 468 175 491; x_wconf 90' lang='lat' dir='ltr'>suum</span> <span class='ocrx_word' id='word_1_50' title='bbox 187 457 266 499; x_wconf 88' lang='lat' dir='ltr'>quodam</span> <span class='ocrx_word' id='word_1_51' title='bbox 283 467 344 499; x_wconf 89' lang='lat' dir='ltr'>panno</span> <span class='ocrx_word' id='word_1_52' title='bbox 362 461 442 498; x_wconf 84' lang='lat' dir='ltr'>tergens,</span> <span class='ocrx_word' id='word_1_53' title='bbox 458 459 521 487; x_wconf 87' lang='lat' dir='ltr'>sancto</span> <span class='ocrx_word' id='word_1_54' title='bbox 541 453 617 487; x_wconf 89' lang='lat' dir='ltr'>Iohanni</span> <span class='ocrx_word' id='word_1_55' title='bbox 637 453 693 487; x_wconf 82' lang='lat' dir='ltr'>dixit:</span> <span class='ocrx_word' id='word_1_56' title='bbox 714 452 822 494; x_wconf 77' lang='lat' dir='ltr'>‘lohannes¹</span> 
     </span>
     <span class='ocr_line' id='line_1_8' title="bbox 122 505 822 552; baseline -0.006 -9"><span class='ocrx_word' id='word_1_57' title='bbox 122 510 194 544; x_wconf 78' lang='lat' dir='ltr'>remitte</span> <span class='ocrx_word' id='word_1_58' title='bbox 206 509 247 542; x_wconf 89' lang='lat' dir='ltr'>huic</span> <span class='ocrx_word' id='word_1_59' title='bbox 261 509 333 542; x_wconf 87' lang='lat' dir='ltr'>mulieri</span> <span class='ocrx_word' id='word_1_60' title='bbox 344 509 393 552; x_wconf 92' lang='lat' dir='ltr'>quod</span> <span class='ocrx_word' id='word_1_61' title='bbox 408 513 478 542; x_wconf 93' lang='lat' dir='ltr'>temere</span> <span class='ocrx_word' id='word_1_62' title='bbox 493 518 528 550; x_wconf 87' lang='lat' dir='ltr'>per</span> <span class='ocrx_word' id='word_1_63' title='bbox 540 512 558 542; x_wconf 91' lang='lat' dir='ltr'>te</span> <span class='ocrx_word' id='word_1_64' title='bbox 571 507 631 540; x_wconf 88' lang='lat' dir='ltr'>iurare</span> <span class='ocrx_word' id='word_1_65' title='bbox 643 517 680 540; x_wconf 92' lang='lat' dir='ltr'>non</span> <span class='ocrx_word' id='word_1_66' title='bbox 693 505 763 541; x_wconf 71' lang='lat' dir='ltr'>timuit.¹</span> <span class='ocrx_word' id='word_1_67' title='bbox 787 505 822 548; x_wconf 81' lang='lat' dir='ltr'>Qui</span> 
     </span>
     <span class='ocr_line' id='line_1_9' title="bbox 122 559 822 606; baseline -0.006 -9"><span class='ocrx_word' id='word_1_68' title='bbox 122 563 227 606; x_wconf 86' lang='lat' dir='ltr'>respondit:</span> <span class='ocrx_word' id='word_1_69' title='bbox 240 562 281 596; x_wconf 88' lang='lat' dir='ltr'>‘Ad</span> <span class='ocrx_word' id='word_1_70' title='bbox 291 567 398 606; x_wconf 81' lang='lat' dir='ltr'>preceptum</span> <span class='ocrx_word' id='word_1_71' title='bbox 406 566 463 602; x_wconf 87' lang='lat' dir='ltr'>tuum,</span> <span class='ocrx_word' id='word_1_72' title='bbox 472 559 551 603; x_wconf 90' lang='lat' dir='ltr'>domina,</span> <span class='ocrx_word' id='word_1_73' title='bbox 559 560 639 595; x_wconf 88' lang='lat' dir='ltr'>dimitt0.¹</span> <span class='ocrx_word' id='word_1_74' title='bbox 663 559 686 593; x_wconf 90' lang='lat' dir='ltr'>Et</span> <span class='ocrx_word' id='word_1_75' title='bbox 698 570 741 594; x_wconf 86' lang='lat' dir='ltr'>mox</span> <span class='ocrx_word' id='word_1_76' title='bbox 752 559 822 594; x_wconf 85' lang='lat' dir='ltr'>funicu-</span> 
     </span>
     <span class='ocr_line' id='line_1_10' title="bbox 122 612 823 664; baseline -0.006 -14"><span class='ocrx_word' id='word_1_77' title='bbox 122 618 155 657; x_wconf 84' lang='lat' dir='ltr'>ius,</span> <span class='ocrx_word' id='word_1_78' title='bbox 163 626 199 660; x_wconf 92' lang='lat' dir='ltr'>quo</span> <span class='ocrx_word' id='word_1_79' title='bbox 207 626 273 649; x_wconf 90' lang='lat' dir='ltr'>manus</span> <span class='ocrx_word' id='word_1_80' title='bbox 281 615 363 649; x_wconf 91' lang='lat' dir='ltr'>mulieris</span> <span class='ocrx_word' id='word_1_81' title='bbox 371 619 424 649; x_wconf 91' lang='lat' dir='ltr'>erant</span> <span class='ocrx_word' id='word_1_82' title='bbox 431 614 491 658; x_wconf 85' lang='lat' dir='ltr'>ligate,</span> <span class='ocrx_word' id='word_1_83' title='bbox 499 613 518 647; x_wconf 91' lang='lat' dir='ltr'>in</span> <span class='ocrx_word' id='word_1_84' title='bbox 530 619 597 648; x_wconf 89' lang='lat' dir='ltr'>terram</span> <span class='ocrx_word' id='word_1_85' title='bbox 610 612 669 647; x_wconf 90' lang='lat' dir='ltr'>subito</span> <span class='ocrx_word' id='word_1_86' title='bbox 680 618 745 664; x_wconf 78' lang='lat' dir='ltr'>ruptus</span> <span class='ocrx_word' id='word_1_87' title='bbox 753 612 823 655; x_wconf 89' lang='lat' dir='ltr'>cecidit,</span> 
     </span>
     <span class='ocr_line' id='line_1_11' title="bbox 96 660 823 711; baseline -0.004 -9"><span class='ocrx_word' id='word_1_88' title='bbox 96 682 114 703; x_wconf 75' lang='grc' dir='ltr'>ιο</span> <span class='ocrx_word' id='word_1_89' title='bbox 122 675 140 704; x_wconf 89' lang='lat' dir='ltr'>et</span> <span class='ocrx_word' id='word_1_90' title='bbox 148 669 213 703; x_wconf 89' lang='lat' dir='ltr'>mulier</span> <span class='ocrx_word' id='word_1_91' title='bbox 221 668 350 711; x_wconf 83' lang='lat' dir='ltr'>expergefacta</span> <span class='ocrx_word' id='word_1_92' title='bbox 358 674 441 703; x_wconf 86' lang='lat' dir='ltr'>sanatam</span> <span class='ocrx_word' id='word_1_93' title='bbox 449 679 469 702; x_wconf 91' lang='lat' dir='ltr'>se</span> <span class='ocrx_word' id='word_1_94' title='bbox 477 667 565 709; x_wconf 88' lang='lat' dir='ltr'>sentiens,</span> <span class='ocrx_word' id='word_1_95' title='bbox 573 666 640 710; x_wconf 82' lang='lat' dir='ltr'>gratias</span> <span class='ocrx_word' id='word_1_96' title='bbox 649 668 683 700; x_wconf 91' lang='lat' dir='ltr'>deo</span> <span class='ocrx_word' id='word_1_97' title='bbox 691 666 734 709; x_wconf 83' lang='lat' dir='ltr'>egit.</span> <span class='ocrx_word' id='word_1_98' title='bbox 764 660 823 701; x_wconf 81' lang='lat' dir='ltr'>Anno</span> 
     </span>
     <span class='ocr_line' id='line_1_12' title="bbox 123 718 824 756; baseline -0.004 -1"><span class='ocrx_word' id='word_1_99' title='bbox 123 726 183 756; x_wconf 88' lang='lat' dir='ltr'>autem</span> <span class='ocrx_word' id='word_1_100' title='bbox 199 721 268 755; x_wconf 89' lang='lat' dir='ltr'>domini</span> <span class='ocrx_word' id='word_1_101' title='bbox 284 720 380 755; x_wconf 86' lang='lat' dir='ltr'>millesimo</span> <span class='ocrx_word' id='word_1_102' title='bbox 397 720 521 754; x_wconf 88' lang='lat' dir='ltr'>tricentesimo</span> <span class='ocrx_word' id='word_1_103' title='bbox 533 720 641 754; x_wconf 88' lang='lat' dir='ltr'>duodecimo</span> <span class='ocrx_word' id='word_1_104' title='bbox 654 720 678 753; x_wconf 89' lang='lat' dir='ltr'>de</span> <span class='ocrx_word' id='word_1_105' title='bbox 691 720 754 753; x_wconf 90' lang='lat' dir='ltr'>tumba</span> <span class='ocrx_word' id='word_1_106' title='bbox 765 718 824 753; x_wconf 89' lang='lat' dir='ltr'>sancti</span> 
     </span>
     <span class='ocr_line' id='line_1_13' title="bbox 124 772 823 817; baseline -0.003 -10"><span class='ocrx_word' id='word_1_107' title='bbox 124 774 210 809; x_wconf 89' lang='lat' dir='ltr'>Iohannis</span> <span class='ocrx_word' id='word_1_108' title='bbox 216 774 277 808; x_wconf 93' lang='lat' dir='ltr'>oleum</span> <span class='ocrx_word' id='word_1_109' title='bbox 285 785 372 808; x_wconf 86' lang='lat' dir='ltr'>emanare</span> <span class='ocrx_word' id='word_1_110' title='bbox 377 785 435 817; x_wconf 87' lang='lat' dir='ltr'>usque</span> <span class='ocrx_word' id='word_1_111' title='bbox 443 772 474 806; x_wconf 80' lang='lat' dir='ltr'>in³</span> <span class='ocrx_word' id='word_1_112' title='bbox 485 773 548 806; x_wconf 85' lang='lat' dir='ltr'>horam</span> <span class='ocrx_word' id='word_1_113' title='bbox 557 772 593 807; x_wconf 89' lang='lat' dir='ltr'>diei</span> <span class='ocrx_word' id='word_1_114' title='bbox 604 772 699 815; x_wconf 90' lang='lat' dir='ltr'>sequentis</span> <span class='ocrx_word' id='word_1_115' title='bbox 707 773 779 807; x_wconf 87' lang='lat' dir='ltr'>tertiam</span> <span class='ocrx_word' id='word_1_116' title='bbox 787 783 823 806; x_wconf 92' lang='lat' dir='ltr'>non</span> 
     </span>
     <span class='ocr_line' id='line_1_14' title="bbox 123 825 824 871; baseline -0.003 -9"><span class='ocrx_word' id='word_1_117' title='bbox 123 827 206 869; x_wconf 85' lang='lat' dir='ltr'>cessauit,</span> <span class='ocrx_word' id='word_1_118' title='bbox 215 833 233 861; x_wconf 91' lang='lat' dir='ltr'>et</span> <span class='ocrx_word' id='word_1_119' title='bbox 238 827 305 861; x_wconf 91' lang='lat' dir='ltr'>multos</span> <span class='ocrx_word' id='word_1_120' title='bbox 310 838 368 870; x_wconf 88' lang='lat' dir='ltr'>cecos,</span> <span class='ocrx_word' id='word_1_121' title='bbox 374 827 416 861; x_wconf 92' lang='lat' dir='ltr'>inde</span> <span class='ocrx_word' id='word_1_122' title='bbox 421 827 487 869; x_wconf 90' lang='lat' dir='ltr'>linitos,</span> <span class='ocrx_word' id='word_1_123' title='bbox 493 826 563 861; x_wconf 91' lang='lat' dir='ltr'>meritis</span> <span class='ocrx_word' id='word_1_124' title='bbox 568 826 602 861; x_wconf 93' lang='lat' dir='ltr'>viri</span> <span class='ocrx_word' id='word_1_125' title='bbox 612 825 735 861; x_wconf 85' lang='lat' dir='ltr'>sanctivisum</span> <span class='ocrx_word' id='word_1_126' title='bbox 742 827 824 871; x_wconf 90' lang='lat' dir='ltr'>recipere</span> 
     </span>
     <span class='ocr_line' id='line_1_15' title="bbox 124 874 824 924; baseline -0.001 -9"><span class='ocrx_word' id='word_1_127' title='bbox 124 882 170 916; x_wconf 81' lang='lat' dir='ltr'>lecit.</span> <span class='ocrx_word' id='word_1_128' title='bbox 215 874 360 915; x_wconf 84' lang='lat' dir='ltr'>¹lnfestantibus</span> <span class='ocrx_word' id='word_1_129' title='bbox 370 891 433 924; x_wconf 89' lang='lat' dir='ltr'>regern</span> <span class='ocrx_word' id='word_1_130' title='bbox 443 881 570 914; x_wconf 87' lang='lat' dir='ltr'>Ethelstanum</span> <span class='ocrx_word' id='word_1_131' title='bbox 579 880 639 914; x_wconf 88' lang='lat' dir='ltr'>Scotis</span> <span class='ocrx_word' id='word_1_132' title='bbox 651 880 669 913; x_wconf 91' lang='lat' dir='ltr'>in</span> <span class='ocrx_word' id='word_1_133' title='bbox 680 890 736 914; x_wconf 90' lang='lat' dir='ltr'>manu</span> <span class='ocrx_word' id='word_1_134' title='bbox 747 880 806 914; x_wconf 87' lang='lat' dir='ltr'>valida</span> <span class='ocrx_word' id='word_1_135' title='bbox 812 880 824 921; x_wconf 75' lang='lat'>⁵,</span> 
     </span>
     <span class='ocr_line' id='line_1_16' title="bbox 98 932 824 977; baseline 0.003 -12"><span class='ocrx_word' id='word_1_136' title='bbox 98 946 115 975; x_wconf 83' lang='lat'>15</span> <span class='ocrx_word' id='word_1_137' title='bbox 124 939 233 977; x_wconf 85' lang='lat' dir='ltr'>congregato</span> <span class='ocrx_word' id='word_1_138' title='bbox 241 934 322 968; x_wconf 89' lang='lat' dir='ltr'>exercitu</span> <span class='ocrx_word' id='word_1_139' title='bbox 329 934 448 968; x_wconf 83' lang='lat' dir='ltr'>Beuerlacum</span> <span class='ocrx_word' id='word_1_140' title='bbox 456 933 525 975; x_wconf 92' lang='lat' dir='ltr'>adiens,</span> <span class='ocrx_word' id='word_1_141' title='bbox 531 938 574 966; x_wconf 90' lang='lat' dir='ltr'>ante</span> <span class='ocrx_word' id='word_1_142' title='bbox 582 933 664 966; x_wconf 85' lang='lat' dir='ltr'>tumbam</span> <span class='ocrx_word' id='word_1_143' title='bbox 672 932 730 966; x_wconf 85' lang='lat' dir='ltr'>sancti</span> <span class='ocrx_word' id='word_1_144' title='bbox 737 932 824 967; x_wconf 81' lang='lat' dir='ltr'>Iohannis</span> 
     </span>
     <span class='ocr_line' id='line_1_17' title="bbox 124 985 823 1032; baseline 0.001 -12"><span class='ocrx_word' id='word_1_145' title='bbox 124 987 212 1032; x_wconf 88' lang='lat' dir='ltr'>prolixius</span> <span class='ocrx_word' id='word_1_146' title='bbox 228 988 301 1020; x_wconf 87' lang='lat' dir='ltr'>orabat:</span> <span class='ocrx_word' id='word_1_147' title='bbox 313 992 331 1022; x_wconf 87' lang='lat' dir='ltr'>et</span> <span class='ocrx_word' id='word_1_148' title='bbox 343 998 441 1030; x_wconf 79' lang='lat' dir='ltr'>exurgens,</span> <span class='ocrx_word' id='word_1_149' title='bbox 452 996 514 1020; x_wconf 89' lang='lat' dir='ltr'>coram</span> <span class='ocrx_word' id='word_1_150' title='bbox 526 986 597 1020; x_wconf 85' lang='lat' dir='ltr'>clericis</span> <span class='ocrx_word' id='word_1_151' title='bbox 608 985 684 1019; x_wconf 88' lang='lat' dir='ltr'>ecclesie</span> <span class='ocrx_word' id='word_1_152' title='bbox 696 986 823 1030; x_wconf 85' lang='lat' dir='ltr'>nobilibusque</span> 
     </span>
     <span class='ocr_line' id='line_1_18' title="bbox 124 1039 824 1082; baseline 0 -10"><span class='ocrx_word' id='word_1_153' title='bbox 124 1040 187 1073; x_wconf 90' lang='lat' dir='ltr'>multis</span> <span class='ocrx_word' id='word_1_154' title='bbox 198 1040 223 1072; x_wconf 88' lang='lat' dir='ltr'>lta</span> <span class='ocrx_word' id='word_1_155' title='bbox 234 1051 276 1072; x_wconf 91' lang='lat' dir='ltr'>eum</span> <span class='ocrx_word' id='word_1_156' title='bbox 289 1050 356 1082; x_wconf 83' lang='lat' dir='ltr'>magna</span> <span class='ocrx_word' id='word_1_157' title='bbox 367 1040 469 1072; x_wconf 83' lang='lat' dir='ltr'>humilitate</span> <span class='ocrx_word' id='word_1_158' title='bbox 480 1039 557 1072; x_wconf 85' lang='lat' dir='ltr'>affatur:</span> <span class='ocrx_word' id='word_1_159' title='bbox 570 1039 597 1071; x_wconf 90' lang='lat' dir='ltr'>‘O</span> <span class='ocrx_word' id='word_1_160' title='bbox 605 1044 668 1071; x_wconf 86' lang='lat' dir='ltr'>sancte</span> <span class='ocrx_word' id='word_1_161' title='bbox 677 1039 769 1073; x_wconf 90' lang='lat' dir='ltr'>Iohannes</span> <span class='ocrx_word' id='word_1_162' title='bbox 781 1051 824 1073; x_wconf 88' lang='lat' dir='ltr'>eon·</span> 
     </span>
     <span class='ocr_line' id='line_1_19' title="bbox 124 1089 824 1135; baseline -0.003 -9"><span class='ocrx_word' id='word_1_163' title='bbox 124 1093 184 1126; x_wconf 83' lang='lat' dir='ltr'>sessor</span> <span class='ocrx_word' id='word_1_164' title='bbox 191 1091 275 1135; x_wconf 85' lang='lat' dir='ltr'>gloriose,</span> <span class='ocrx_word' id='word_1_165' title='bbox 283 1092 314 1135; x_wconf 88' lang='lat' dir='ltr'>qui</span> <span class='ocrx_word' id='word_1_166' title='bbox 322 1098 348 1125; x_wconf 91' lang='lat' dir='ltr'>tot</span> <span class='ocrx_word' id='word_1_167' title='bbox 355 1091 452 1125; x_wconf 88' lang='lat' dir='ltr'>virtutibus</span> <span class='ocrx_word' id='word_1_168' title='bbox 460 1096 479 1124; x_wconf 89' lang='lat' dir='ltr'>et</span> <span class='ocrx_word' id='word_1_169' title='bbox 486 1090 543 1133; x_wconf 92' lang='lat' dir='ltr'>signis</span> <span class='ocrx_word' id='word_1_170' title='bbox 551 1089 663 1123; x_wconf 89' lang='lat' dir='ltr'>mirandisin</span> <span class='ocrx_word' id='word_1_171' title='bbox 669 1096 718 1123; x_wconf 90' lang='lat' dir='ltr'>terra</span> <span class='ocrx_word' id='word_1_172' title='bbox 725 1091 824 1135; x_wconf 86' lang='lat' dir='ltr'>prefulges,</span> 
     </span>
     <span class='ocr_line' id='line_1_20' title="bbox 126 1143 825 1188; baseline -0.001 -9"><span class='ocrx_word' id='word_1_173' title='bbox 126 1151 144 1179; x_wconf 90' lang='lat' dir='ltr'>te</span> <span class='ocrx_word' id='word_1_174' title='bbox 152 1145 259 1188; x_wconf 87' lang='lat' dir='ltr'>suppliciter</span> <span class='ocrx_word' id='word_1_175' title='bbox 270 1155 336 1188; x_wconf 88' lang='lat' dir='ltr'>precor</span> <span class='ocrx_word' id='word_1_176' title='bbox 350 1150 368 1178; x_wconf 91' lang='lat' dir='ltr'>et</span> <span class='ocrx_word' id='word_1_177' title='bbox 379 1155 435 1178; x_wconf 88' lang='lat' dir='ltr'>exoro</span> <span class='ocrx_word' id='word_1_178' title='bbox 447 1144 532 1187; x_wconf 89' lang='lat' dir='ltr'>quatinus</span> <span class='ocrx_word' id='word_1_179' title='bbox 544 1143 563 1177; x_wconf 90' lang='lat' dir='ltr'>in</span> <span class='ocrx_word' id='word_1_180' title='bbox 577 1144 611 1177; x_wconf 92' lang='lat' dir='ltr'>hoc</span> <span class='ocrx_word' id='word_1_181' title='bbox 625 1143 739 1178; x_wconf 86' lang='lat' dir='ltr'>necessitatis</span> <span class='ocrx_word' id='word_1_182' title='bbox 750 1144 825 1178; x_wconf 85' lang='lat' dir='ltr'>articulo</span> 
     </span>
     <span class='ocr_line' id='line_1_21' title="bbox 98 1196 824 1244; baseline 0 -13"><span class='ocrx_word' id='word_1_183' title='bbox 98 1214 117 1235; x_wconf 83' lang='lat'>20</span> <span class='ocrx_word' id='word_1_184' title='bbox 126 1197 171 1233; x_wconf 91' lang='lat' dir='ltr'>mihi</span> <span class='ocrx_word' id='word_1_185' title='bbox 179 1197 279 1232; x_wconf 85' lang='lat' dir='ltr'>subuenire</span> <span class='ocrx_word' id='word_1_186' title='bbox 287 1197 373 1240; x_wconf 85' lang='lat' dir='ltr'>digneris,</span> <span class='ocrx_word' id='word_1_187' title='bbox 381 1202 400 1232; x_wconf 87' lang='lat' dir='ltr'>vt</span> <span class='ocrx_word' id='word_1_188' title='bbox 408 1209 442 1241; x_wconf 89' lang='lat' dir='ltr'>per</span> <span class='ocrx_word' id='word_1_189' title='bbox 449 1197 514 1244; x_wconf 79' lang='lat' dir='ltr'>merita</span> <span class='ocrx_word' id='word_1_190' title='bbox 522 1202 540 1231; x_wconf 91' lang='lat' dir='ltr'>et</span> <span class='ocrx_word' id='word_1_191' title='bbox 545 1196 697 1231; x_wconf 90' lang='lat' dir='ltr'>intercessionem</span> <span class='ocrx_word' id='word_1_192' title='bbox 706 1201 760 1238; x_wconf 87' lang='lat' dir='ltr'>tuam,</span> <span class='ocrx_word' id='word_1_193' title='bbox 765 1197 824 1231; x_wconf 91' lang='lat' dir='ltr'>inimi·</span> 
     </span>
     <span class='ocr_line' id='line_1_22' title="bbox 127 1250 825 1293; baseline -0.003 -8"><span class='ocrx_word' id='word_1_194' title='bbox 127 1262 190 1286; x_wconf 91' lang='lat' dir='ltr'>corum</span> <span class='ocrx_word' id='word_1_195' title='bbox 197 1261 280 1284; x_wconf 91' lang='lat' dir='ltr'>meorum</span> <span class='ocrx_word' id='word_1_196' title='bbox 287 1250 428 1293; x_wconf 86' lang='lat' dir='ltr'>infestationem,</span> <span class='ocrx_word' id='word_1_197' title='bbox 436 1256 454 1284; x_wconf 90' lang='lat' dir='ltr'>te</span> <span class='ocrx_word' id='word_1_198' title='bbox 462 1251 592 1293; x_wconf 83' lang='lat' dir='ltr'>patrocinante,</span> <span class='ocrx_word' id='word_1_199' title='bbox 601 1260 689 1293; x_wconf 88' lang='lat' dir='ltr'>superare</span> <span class='ocrx_word' id='word_1_200' title='bbox 697 1250 777 1285; x_wconf 90' lang='lat' dir='ltr'>valeam.¹</span> <span class='ocrx_word' id='word_1_201' title='bbox 802 1251 825 1284; x_wconf 86' lang='lat' dir='ltr'>Et</span> 
     </span>
     <span class='ocr_line' id='line_1_23' title="bbox 125 1302 826 1347; baseline -0.001 -8"><span class='ocrx_word' id='word_1_202' title='bbox 125 1304 225 1339; x_wconf 82' lang='lat' dir='ltr'>extrahens</span> <span class='ocrx_word' id='word_1_203' title='bbox 242 1304 335 1338; x_wconf 91' lang='lat' dir='ltr'>cultellum</span> <span class='ocrx_word' id='word_1_204' title='bbox 352 1314 406 1339; x_wconf 88' lang='lat' dir='ltr'>suum</span> <span class='ocrx_word' id='word_1_205' title='bbox 421 1304 444 1337; x_wconf 90' lang='lat' dir='ltr'>de</span> <span class='ocrx_word' id='word_1_206' title='bbox 460 1302 531 1346; x_wconf 87' lang='lat' dir='ltr'>vagina,</span> <span class='ocrx_word' id='word_1_207' title='bbox 546 1303 606 1347; x_wconf 90' lang='lat' dir='ltr'>posuit</span> <span class='ocrx_word' id='word_1_208' title='bbox 624 1302 674 1336; x_wconf 88' lang='lat' dir='ltr'>illum</span> <span class='ocrx_word' id='word_1_209' title='bbox 692 1313 748 1347; x_wconf 88' lang='lat' dir='ltr'>super</span> <span class='ocrx_word' id='word_1_210' title='bbox 763 1304 826 1346; x_wconf 87' lang='lat' dir='ltr'>altare,</span> 
     </span>
     <span class='ocr_line' id='line_1_24' title="bbox 125 1356 826 1398; baseline 0 -9"><span class='ocrx_word' id='word_1_211' title='bbox 125 1356 200 1390; x_wconf 85' lang='lat' dir='ltr'>dicens:</span> <span class='ocrx_word' id='word_1_212' title='bbox 213 1356 273 1389; x_wconf 85' lang='lat' dir='ltr'>‘Ecce</span> <span class='ocrx_word' id='word_1_213' title='bbox 282 1357 357 1389; x_wconf 85' lang='lat' dir='ltr'>vadium</span> <span class='ocrx_word' id='word_1_214' title='bbox 371 1366 433 1389; x_wconf 90' lang='lat' dir='ltr'>meum</span> <span class='ocrx_word' id='word_1_215' title='bbox 446 1365 507 1388; x_wconf 90' lang='lat' dir='ltr'>coram</span> <span class='ocrx_word' id='word_1_216' title='bbox 518 1361 537 1389; x_wconf 93' lang='lat' dir='ltr'>te</span> <span class='ocrx_word' id='word_1_217' title='bbox 549 1366 608 1398; x_wconf 84' lang='lat' dir='ltr'>pono:</span> <span class='ocrx_word' id='word_1_218' title='bbox 621 1357 670 1398; x_wconf 92' lang='lat' dir='ltr'>quod</span> <span class='ocrx_word' id='word_1_219' title='bbox 681 1356 718 1388; x_wconf 88' lang='lat' dir='ltr'>uita</span> <span class='ocrx_word' id='word_1_220' title='bbox 728 1357 794 1389; x_wconf 88' lang='lat' dir='ltr'>comite</span> <span class='ocrx_word' id='word_1_221' title='bbox 807 1357 826 1389; x_wconf 91' lang='lat' dir='ltr'>in</span> 
     </span>
     <span class='ocr_line' id='line_1_25' title="bbox 126 1407 826 1451; baseline 0.003 -10"><span class='ocrx_word' id='word_1_222' title='bbox 126 1408 185 1442; x_wconf 92' lang='lat' dir='ltr'>reditu</span> <span class='ocrx_word' id='word_1_223' title='bbox 191 1420 232 1442; x_wconf 90' lang='lat' dir='ltr'>meo</span> <span class='ocrx_word' id='word_1_224' title='bbox 239 1408 336 1451; x_wconf 90' lang='lat' dir='ltr'>recipiens,</span> <span class='ocrx_word' id='word_1_225' title='bbox 343 1409 439 1442; x_wconf 88' lang='lat' dir='ltr'>ecclesiam</span> <span class='ocrx_word' id='word_1_226' title='bbox 444 1412 494 1441; x_wconf 87' lang='lat' dir='ltr'>tuam</span> <span class='ocrx_word' id='word_1_227' title='bbox 499 1407 606 1441; x_wconf 90' lang='lat' dir='ltr'>muneribus</span> <span class='ocrx_word' id='word_1_228' title='bbox 612 1407 736 1442; x_wconf 89' lang='lat' dir='ltr'>honorificabo</span> <span class='ocrx_word' id='word_1_229' title='bbox 742 1414 760 1443; x_wconf 93' lang='lat' dir='ltr'>et</span> <span class='ocrx_word' id='word_1_230' title='bbox 765 1409 826 1443; x_wconf 91' lang='lat' dir='ltr'>reddi·</span> 
     </span>
     <span class='ocr_line' id='line_1_26' title="bbox 99 1460 826 1507; baseline 0 -10"><span class='ocrx_word' id='word_1_231' title='bbox 99 1478 106 1498; x_wconf 83' lang='lat'><em>2</em></span> <span class='ocrx_word' id='word_1_232' title='bbox 108 1478 116 1507; x_wconf 82' lang='lat'>5</span> <span class='ocrx_word' id='word_1_233' title='bbox 126 1461 175 1496; x_wconf 91' lang='lat' dir='ltr'>tibus</span> <span class='ocrx_word' id='word_1_234' title='bbox 180 1462 256 1506; x_wconf 86' lang='lat' dir='ltr'>augebo,</span> <span class='ocrx_word' id='word_1_235' title='bbox 262 1460 278 1496; x_wconf 91' lang='lat' dir='ltr'>si</span> <span class='ocrx_word' id='word_1_236' title='bbox 285 1461 377 1496; x_wconf 89' lang='lat' dir='ltr'>mediante</span> <span class='ocrx_word' id='word_1_237' title='bbox 383 1467 414 1496; x_wconf 92' lang='lat' dir='ltr'>tuo</span> <span class='ocrx_word' id='word_1_238' title='bbox 420 1460 487 1495; x_wconf 91' lang='lat' dir='ltr'>auxilio</span> <span class='ocrx_word' id='word_1_239' title='bbox 493 1461 584 1504; x_wconf 91' lang='lat' dir='ltr'>superatis</span> <span class='ocrx_word' id='word_1_240' title='bbox 591 1460 673 1495; x_wconf 86' lang='lat' dir='ltr'>hostibus</span> <span class='ocrx_word' id='word_1_241' title='bbox 679 1462 736 1496; x_wconf 88' lang='lat' dir='ltr'>victor</span> <span class='ocrx_word' id='word_1_242' title='bbox 744 1461 826 1497; x_wconf 74' lang='lat' dir='ltr'>rediero¹</span> 
     </span>
     <span class='ocr_line' id='line_1_27' title="bbox 128 1514 827 1559; baseline 0.003 -11"><span class='ocrx_word' id='word_1_243' title='bbox 128 1515 178 1549; x_wconf 87' lang='lat' dir='ltr'>Fecit</span> <span class='ocrx_word' id='word_1_244' title='bbox 184 1520 245 1549; x_wconf 91' lang='lat' dir='ltr'>autem</span> <span class='ocrx_word' id='word_1_245' title='bbox 252 1525 285 1548; x_wconf 85' lang='lat' dir='ltr'>rex</span> <span class='ocrx_word' id='word_1_246' title='bbox 291 1516 383 1558; x_wconf 87' lang='lat' dir='ltr'>quoddam</span> <span class='ocrx_word' id='word_1_247' title='bbox 389 1514 477 1549; x_wconf 83' lang='lat' dir='ltr'>vexillum</span> <span class='ocrx_word' id='word_1_248' title='bbox 483 1515 506 1548; x_wconf 89' lang='lat' dir='ltr'>de</span> <span class='ocrx_word' id='word_1_249' title='bbox 512 1514 659 1548; x_wconf 88' lang='lat' dir='ltr'>eademecclesia</span> <span class='ocrx_word' id='word_1_250' title='bbox 665 1514 700 1548; x_wconf 87' lang='lat' dir='ltr'>sibi</span> <span class='ocrx_word' id='word_1_251' title='bbox 706 1515 784 1559; x_wconf 79' lang='lat' dir='ltr'>preferri</span> <span class='ocrx_word' id='word_1_252' title='bbox 792 1528 796 1550; x_wconf 93' lang='lat'><strong>:</strong></span> <span class='ocrx_word' id='word_1_253' title='bbox 809 1521 827 1550; x_wconf 94' lang='lat' dir='ltr'>et</span> 
     </span>
     <span class='ocr_line' id='line_1_28' title="bbox 127 1567 826 1611; baseline 0.001 -9"><span class='ocrx_word' id='word_1_254' title='bbox 127 1568 189 1602; x_wconf 88' lang='lat' dir='ltr'>audito</span> <span class='ocrx_word' id='word_1_255' title='bbox 197 1568 237 1601; x_wconf 90' lang='lat' dir='ltr'>eius</span> <span class='ocrx_word' id='word_1_256' title='bbox 242 1568 327 1610; x_wconf 86' lang='lat' dir='ltr'>aduentu,</span> <span class='ocrx_word' id='word_1_257' title='bbox 333 1568 383 1602; x_wconf 85' lang='lat' dir='ltr'>Scoti</span> <span class='ocrx_word' id='word_1_258' title='bbox 388 1567 474 1611; x_wconf 86' lang='lat' dir='ltr'>Angliam</span> <span class='ocrx_word' id='word_1_259' title='bbox 480 1568 568 1601; x_wconf 87' lang='lat' dir='ltr'>deserunt</span> <span class='ocrx_word' id='word_1_260' title='bbox 575 1573 593 1601; x_wconf 90' lang='lat' dir='ltr'>et</span> <span class='ocrx_word' id='word_1_261' title='bbox 599 1568 646 1601; x_wconf 85' lang='lat' dir='ltr'>vltra</span> <span class='ocrx_word' id='word_1_262' title='bbox 654 1579 705 1601; x_wconf 89' lang='lat' dir='ltr'>mare</span> <span class='ocrx_word' id='word_1_263' title='bbox 711 1569 799 1603; x_wconf 92' lang='lat' dir='ltr'>scoticum</span> <span class='ocrx_word' id='word_1_264' title='bbox 806 1580 826 1603; x_wconf 91' lang='lat' dir='ltr'>se</span> 
     </span>
     <span class='ocr_line' id='line_1_29' title="bbox 126 1620 828 1666; baseline 0.003 -11"><span class='ocrx_word' id='word_1_265' title='bbox 126 1621 263 1662; x_wconf 86' lang='lat' dir='ltr'>transferentes,</span> <span class='ocrx_word' id='word_1_266' title='bbox 275 1620 314 1654; x_wconf 90' lang='lat' dir='ltr'>eius</span> <span class='ocrx_word' id='word_1_267' title='bbox 328 1622 427 1655; x_wconf 89' lang='lat' dir='ltr'>aduentum</span> <span class='ocrx_word' id='word_1_268' title='bbox 441 1626 543 1663; x_wconf 85' lang='lat' dir='ltr'>expectant.</span> <span class='ocrx_word' id='word_1_269' title='bbox 571 1621 618 1664; x_wconf 85' lang='lat' dir='ltr'>Regi</span> <span class='ocrx_word' id='word_1_270' title='bbox 633 1626 700 1663; x_wconf 84' lang='lat' dir='ltr'>autem,</span> <span class='ocrx_word' id='word_1_271' title='bbox 714 1622 756 1657; x_wconf 85' lang='lat' dir='ltr'>fixis</span> <span class='ocrx_word' id='word_1_272' title='bbox 771 1634 828 1666; x_wconf 90' lang='lat' dir='ltr'>super</span> 
     </span>
     <span class='ocr_line' id='line_1_30' title="bbox 127 1672 827 1717; baseline 0.004 -11"><span class='ocrx_word' id='word_1_273' title='bbox 127 1672 186 1716; x_wconf 86' lang='lat' dir='ltr'>ripam</span> <span class='ocrx_word' id='word_1_274' title='bbox 201 1672 282 1706; x_wconf 84' lang='lat' dir='ltr'>fluminis</span> <span class='ocrx_word' id='word_1_275' title='bbox 300 1673 387 1715; x_wconf 88' lang='lat' dir='ltr'>tentoriis,</span> <span class='ocrx_word' id='word_1_276' title='bbox 403 1672 487 1717; x_wconf 86' lang='lat' dir='ltr'>apparuit</span> <span class='ocrx_word' id='word_1_277' title='bbox 506 1672 525 1706; x_wconf 89' lang='lat' dir='ltr'>in</span> <span class='ocrx_word' id='word_1_278' title='bbox 540 1674 580 1707; x_wconf 89' lang='lat' dir='ltr'>visu</span> <span class='ocrx_word' id='word_1_279' title='bbox 599 1672 674 1716; x_wconf 92' lang='lat' dir='ltr'>quidam</span> <span class='ocrx_word' id='word_1_280' title='bbox 693 1674 827 1717; x_wconf 86' lang='lat' dir='ltr'>pontificalibus</span> 
     </span>
     <span class='ocr_line' id='line_1_31' title="bbox 99 1726 826 1769; baseline 0.001 -8"><span class='ocrx_word' id='word_1_281' title='bbox 99 1741 118 1769; x_wconf 74' lang='lat'>50</span> <span class='ocrx_word' id='word_1_282' title='bbox 127 1727 207 1769; x_wconf 81' lang='lat' dir='ltr'>indutus,</span> <span class='ocrx_word' id='word_1_283' title='bbox 215 1727 242 1760; x_wconf 84' lang='lat' dir='ltr'>sic</span> <span class='ocrx_word' id='word_1_284' title='bbox 250 1727 323 1761; x_wconf 85' lang='lat' dir='ltr'>dicens:</span> <span class='ocrx_word' id='word_1_285' title='bbox 336 1729 340 1745; x_wconf 84' lang='lat'><em>‘</em></span> <span class='ocrx_word' id='word_1_286' title='bbox 348 1727 466 1760; x_wconf 70' lang='lat' dir='ltr'>Ethelstane5</span> <span class='ocrx_word' id='word_1_287' title='bbox 474 1738 513 1768; x_wconf 88' lang='lat' dir='ltr'>rex,</span> <span class='ocrx_word' id='word_1_288' title='bbox 521 1726 588 1760; x_wconf 87' lang='lat' dir='ltr'>festina</span> <span class='ocrx_word' id='word_1_289' title='bbox 596 1738 650 1759; x_wconf 90' lang='lat' dir='ltr'>mane</span> <span class='ocrx_word' id='word_1_290' title='bbox 659 1727 728 1760; x_wconf 87' lang='lat' dir='ltr'>ssumen</span> <span class='ocrx_word' id='word_1_291' title='bbox 736 1728 826 1763; x_wconf 86' lang='lat' dir='ltr'>transire:</span> 
     </span>
     <span class='ocr_line' id='line_1_32' title="bbox 127 1778 828 1823; baseline 0.004 -11"><span class='ocrx_word' id='word_1_292' title='bbox 127 1790 162 1822; x_wconf 88' lang='lat' dir='ltr'>ego</span> <span class='ocrx_word' id='word_1_293' title='bbox 174 1790 215 1812; x_wconf 87' lang='lat' dir='ltr'>sum</span> <span class='ocrx_word' id='word_1_294' title='bbox 228 1779 320 1813; x_wconf 87' lang='lat' dir='ltr'>lohannes</span> <span class='ocrx_word' id='word_1_295' title='bbox 333 1781 441 1823; x_wconf 86' lang='lat' dir='ltr'>episcopus:</span> <span class='ocrx_word' id='word_1_296' title='bbox 454 1778 492 1812; x_wconf 90' lang='lat' dir='ltr'>noli</span> <span class='ocrx_word' id='word_1_297' title='bbox 503 1778 580 1813; x_wconf 89' lang='lat' dir='ltr'>timere:</span> <span class='ocrx_word' id='word_1_298' title='bbox 592 1790 635 1813; x_wconf 89' lang='lat' dir='ltr'>ecce</span> <span class='ocrx_word' id='word_1_299' title='bbox 647 1779 722 1814; x_wconf 89' lang='lat' dir='ltr'>victoria</span> <span class='ocrx_word' id='word_1_300' title='bbox 738 1781 756 1814; x_wconf 91' lang='lat' dir='ltr'>in</span> <span class='ocrx_word' id='word_1_301' title='bbox 772 1792 828 1815; x_wconf 88' lang='lat' dir='ltr'>manu</span> 
     </span>
     <span class='ocr_line' id='line_1_33' title="bbox 127 1831 828 1877; baseline 0.003 -11"><span class='ocrx_word' id='word_1_302' title='bbox 127 1839 158 1866; x_wconf 87' lang='lat' dir='ltr'>tua</span> <span class='ocrx_word' id='word_1_303' title='bbox 169 1837 202 1873; x_wconf 85' lang='lat' dir='ltr'>est,</span> <span class='ocrx_word' id='word_1_304' title='bbox 211 1843 266 1876; x_wconf 88' lang='lat' dir='ltr'>quam</span> <span class='ocrx_word' id='word_1_305' title='bbox 278 1831 309 1866; x_wconf 91' lang='lat' dir='ltr'>tibi</span> <span class='ocrx_word' id='word_1_306' title='bbox 320 1832 406 1867; x_wconf 88' lang='lat' dir='ltr'>nunciare</span> <span class='ocrx_word' id='word_1_307' title='bbox 414 1831 467 1867; x_wconf 71' lang='lat' dir='ltr'>veni:</span> <span class='ocrx_word' id='word_1_308' title='bbox 491 1831 546 1867; x_wconf 87' lang='lat' dir='ltr'>Mane</span> <span class='ocrx_word' id='word_1_309' title='bbox 553 1844 598 1867; x_wconf 91' lang='lat' dir='ltr'>vero</span> <span class='ocrx_word' id='word_1_310' title='bbox 609 1832 686 1867; x_wconf 84' lang='lat' dir='ltr'>transita</span> <span class='ocrx_word' id='word_1_311' title='bbox 698 1844 745 1877; x_wconf 89' lang='lat' dir='ltr'>aqua</span> <span class='ocrx_word' id='word_1_312' title='bbox 757 1839 775 1868; x_wconf 88' lang='lat' dir='ltr'>et</span> <span class='ocrx_word' id='word_1_313' title='bbox 786 1845 828 1868; x_wconf 88' lang='lat' dir='ltr'>con-</span> 
     </span>
     <span class='ocr_line' id='line_1_34' title="bbox 127 1885 829 1930; baseline 0.006 -11"><span class='ocrx_word' id='word_1_314' title='bbox 127 1891 176 1920; x_wconf 88' lang='lat' dir='ltr'>serto</span> <span class='ocrx_word' id='word_1_315' title='bbox 188 1886 239 1929; x_wconf 88' lang='lat' dir='ltr'>graui</span> <span class='ocrx_word' id='word_1_316' title='bbox 251 1886 389 1929; x_wconf 68' lang='lat' dir='ltr'>preliqmuttis</span> <span class='ocrx_word' id='word_1_317' title='bbox 401 1886 499 1920; x_wconf 88' lang='lat' dir='ltr'>Scotorum</span> <span class='ocrx_word' id='word_1_318' title='bbox 512 1885 532 1919; x_wconf 93' lang='lat' dir='ltr'>in</span> <span class='ocrx_word' id='word_1_319' title='bbox 544 1897 576 1920; x_wconf 89' lang='lat' dir='ltr'>ore</span> <span class='ocrx_word' id='word_1_320' title='bbox 589 1886 644 1930; x_wconf 85' lang='lat' dir='ltr'>gladii</span> <span class='ocrx_word' id='word_1_321' title='bbox 656 1887 721 1920; x_wconf 89' lang='lat' dir='ltr'>occisis</span> <span class='ocrx_word' id='word_1_322' title='bbox 734 1899 768 1922; x_wconf 90' lang='lat' dir='ltr'>rex</span> <span class='ocrx_word' id='word_1_323' title='bbox 781 1888 829 1923; x_wconf 88' lang='lat' dir='ltr'>letus</span> 
     </span>
     <span class='ocr_line' id='line_1_35' title="bbox 127 1931 828 1983; baseline 0.004 -11"><span class='ocrx_word' id='word_1_324' title='bbox 127 1939 202 1973; x_wconf 86' lang='lat' dir='ltr'>effectus</span> <span class='ocrx_word' id='word_1_325' title='bbox 210 1939 277 1982; x_wconf 83' lang='lat' dir='ltr'>gratias</span> <span class='ocrx_word' id='word_1_326' title='bbox 285 1939 322 1982; x_wconf 88' lang='lat' dir='ltr'>egit</span> <span class='ocrx_word' id='word_1_327' title='bbox 334 1940 374 1973; x_wconf 80' lang='lat' dir='ltr'>deo.</span> <span class='ocrx_word' id='word_1_328' title='bbox 418 1931 503 1973; x_wconf 86' lang='lat' dir='ltr'>⁷Iterum</span> <span class='ocrx_word' id='word_1_329' title='bbox 510 1949 555 1973; x_wconf 87' lang='lat' dir='ltr'>vero</span> <span class='ocrx_word' id='word_1_330' title='bbox 564 1939 606 1983; x_wconf 89' lang='lat' dir='ltr'>quia</span> <span class='ocrx_word' id='word_1_331' title='bbox 613 1950 647 1973; x_wconf 88' lang='lat' dir='ltr'>rex</span> <span class='ocrx_word' id='word_1_332' title='bbox 656 1940 753 1974; x_wconf 84' lang='lat' dir='ltr'>Scotorum</span> <span class='ocrx_word' id='word_1_333' title='bbox 761 1941 828 1975; x_wconf 88' lang='lat' dir='ltr'>incom-</span> 
     </span>
     <span class='ocr_line' id='line_1_36' title="bbox 100 1992 829 2040; baseline 0.005 -15"><span class='ocrx_word' id='word_1_334' title='bbox 100 2009 118 2040; x_wconf 75' lang='lat'>35</span> <span class='ocrx_word' id='word_1_335' title='bbox 128 1992 192 2038; x_wconf 87' lang='lat' dir='ltr'>pulsus</span> <span class='ocrx_word' id='word_1_336' title='bbox 204 1998 267 2025; x_wconf 89' lang='lat' dir='ltr'>contra</span> <span class='ocrx_word' id='word_1_337' title='bbox 280 2003 322 2026; x_wconf 90' lang='lat' dir='ltr'>eum</span> <span class='ocrx_word' id='word_1_338' title='bbox 335 1998 446 2035; x_wconf 86' lang='lat' dir='ltr'>surrexerat,</span> <span class='ocrx_word' id='word_1_339' title='bbox 456 1998 565 2037; x_wconf 84' lang='lat' dir='ltr'>congregato</span> <span class='ocrx_word' id='word_1_340' title='bbox 576 1993 658 2027; x_wconf 91' lang='lat' dir='ltr'>exercitu</span> <span class='ocrx_word' id='word_1_341' title='bbox 671 1998 733 2028; x_wconf 88' lang='lat' dir='ltr'>contra</span> <span class='ocrx_word' id='word_1_342' title='bbox 745 1994 829 2029; x_wconf 89' lang='lat' dir='ltr'>inimicos</span> 
     </span>
     <span class='ocr_line' id='line_1_37' title="bbox 129 2046 829 2091; baseline 0.004 -13"><span class='ocrx_word' id='word_1_343' title='bbox 129 2046 237 2090; x_wconf 87' lang='lat' dir='ltr'>precedens,</span> <span class='ocrx_word' id='word_1_344' title='bbox 246 2046 301 2078; x_wconf 88' lang='lat' dir='ltr'>deum</span> <span class='ocrx_word' id='word_1_345' title='bbox 312 2046 383 2090; x_wconf 84' lang='lat' dir='ltr'>rogauit</span> <span class='ocrx_word' id='word_1_346' title='bbox 394 2051 414 2079; x_wconf 92' lang='lat' dir='ltr'>vt</span> <span class='ocrx_word' id='word_1_347' title='bbox 428 2056 483 2089; x_wconf 87' lang='lat' dir='ltr'>prece</span> <span class='ocrx_word' id='word_1_348' title='bbox 498 2047 555 2079; x_wconf 84' lang='lat' dir='ltr'>sancti</span> <span class='ocrx_word' id='word_1_349' title='bbox 569 2046 656 2079; x_wconf 88' lang='lat' dir='ltr'>Iohannis</span> <span class='ocrx_word' id='word_1_350' title='bbox 669 2046 742 2090; x_wconf 88' lang='lat' dir='ltr'>aliquod</span> <span class='ocrx_word' id='word_1_351' title='bbox 756 2047 829 2091; x_wconf 86' lang='lat' dir='ltr'>signum</span> 
     </span>
     <span class='ocr_line' id='line_1_38' title="bbox 129 2098 830 2143; baseline 0.004 -11"><span class='ocrx_word' id='word_1_352' title='bbox 129 2098 205 2133; x_wconf 85' lang='lat' dir='ltr'>euidens</span> <span class='ocrx_word' id='word_1_353' title='bbox 211 2098 321 2140; x_wconf 87' lang='lat' dir='ltr'>ostenderet,</span> <span class='ocrx_word' id='word_1_354' title='bbox 328 2110 364 2142; x_wconf 90' lang='lat' dir='ltr'>quo</span> <span class='ocrx_word' id='word_1_355' title='bbox 372 2103 470 2142; x_wconf 90' lang='lat' dir='ltr'>presentes</span> <span class='ocrx_word' id='word_1_356' title='bbox 477 2103 495 2132; x_wconf 90' lang='lat' dir='ltr'>et</span> <span class='ocrx_word' id='word_1_357' title='bbox 503 2098 558 2133; x_wconf 84' lang='lat' dir='ltr'>futuri</span> <span class='ocrx_word' id='word_1_358' title='bbox 564 2110 675 2143; x_wconf 83' lang='lat' dir='ltr'>cognoscere</span> <span class='ocrx_word' id='word_1_359' title='bbox 680 2105 758 2143; x_wconf 88' lang='lat' dir='ltr'>possent</span> <span class='ocrx_word' id='word_1_360' title='bbox 764 2100 830 2135; x_wconf 87' lang='lat' dir='ltr'>Scotos</span> 
     </span>
     <span class='ocr_line' id='line_1_39' title="bbox 129 2150 829 2197; baseline 0.006 -13"><span class='ocrx_word' id='word_1_361' title='bbox 129 2151 152 2185; x_wconf 91' lang='lat' dir='ltr'>de</span> <span class='ocrx_word' id='word_1_362' title='bbox 160 2150 200 2184; x_wconf 90' lang='lat' dir='ltr'>iure</span> <span class='ocrx_word' id='word_1_363' title='bbox 206 2150 272 2193; x_wconf 83' lang='lat' dir='ltr'>Anglis</span> <span class='ocrx_word' id='word_1_364' title='bbox 281 2151 348 2185; x_wconf 89' lang='lat' dir='ltr'>debere</span> <span class='ocrx_word' id='word_1_365' title='bbox 356 2152 454 2194; x_wconf 87' lang='lat' dir='ltr'>subiugari.</span> <span class='ocrx_word' id='word_1_366' title='bbox 476 2151 530 2186; x_wconf 90' lang='lat' dir='ltr'>Vnde</span> <span class='ocrx_word' id='word_1_367' title='bbox 538 2163 571 2186; x_wconf 88' lang='lat' dir='ltr'>rex</span> <span class='ocrx_word' id='word_1_368' title='bbox 579 2164 620 2186; x_wconf 92' lang='lat' dir='ltr'>cum</span> <span class='ocrx_word' id='word_1_369' title='bbox 629 2152 688 2195; x_wconf 87' lang='lat' dir='ltr'>gladio</span> <span class='ocrx_word' id='word_1_370' title='bbox 697 2163 730 2187; x_wconf 87' lang='lat' dir='ltr'>suo</span> <span class='ocrx_word' id='word_1_371' title='bbox 738 2153 829 2197; x_wconf 92' lang='lat' dir='ltr'>percussit</span> 
     </span>
     <span class='ocr_line' id='line_1_40' title="bbox 129 2203 830 2247; baseline 0.003 -10"><span class='ocrx_word' id='word_1_372' title='bbox 129 2203 224 2245; x_wconf 88' lang='lat' dir='ltr'>scopulum</span> <span class='ocrx_word' id='word_1_373' title='bbox 232 2203 324 2245; x_wconf 88' lang='lat' dir='ltr'>quendam</span> <span class='ocrx_word' id='word_1_374' title='bbox 334 2204 385 2236; x_wconf 91' lang='lat' dir='ltr'>iuxta</span> <span class='ocrx_word' id='word_1_375' title='bbox 393 2203 470 2236; x_wconf 89' lang='lat' dir='ltr'>Dunbar</span> <span class='ocrx_word' id='word_1_376' title='bbox 480 2208 571 2238; x_wconf 86' lang='lat' dir='ltr'>castrum:</span> <span class='ocrx_word' id='word_1_377' title='bbox 584 2210 602 2237; x_wconf 91' lang='lat' dir='ltr'>et</span> <span class='ocrx_word' id='word_1_378' title='bbox 609 2215 668 2247; x_wconf 83' lang='lat' dir='ltr'>vsque</span> <span class='ocrx_word' id='word_1_379' title='bbox 679 2204 733 2239; x_wconf 87' lang='lat' dir='ltr'>hodie</span> <span class='ocrx_word' id='word_1_380' title='bbox 745 2207 768 2239; x_wconf 91' lang='lat' dir='ltr'>ad</span> <span class='ocrx_word' id='word_1_381' title='bbox 778 2216 830 2240; x_wconf 87' lang='lat' dir='ltr'>men·</span> 
     </span>
     <span class='ocr_line' id='line_1_41' title="bbox 100 2254 830 2302; baseline 0.003 -12"><span class='ocrx_word' id='word_1_382' title='bbox 100 2273 120 2301; x_wconf 80' lang='lat'>40</span> <span class='ocrx_word' id='word_1_383' title='bbox 129 2266 192 2290; x_wconf 90' lang='lat' dir='ltr'>suram</span> <span class='ocrx_word' id='word_1_384' title='bbox 197 2255 240 2289; x_wconf 90' lang='lat' dir='ltr'>vlne</span> <span class='ocrx_word' id='word_1_385' title='bbox 248 2266 272 2288; x_wconf 93' lang='lat' dir='ltr'>ex</span> <span class='ocrx_word' id='word_1_386' title='bbox 280 2254 315 2288; x_wconf 87' lang='lat' dir='ltr'>ictu</span> <span class='ocrx_word' id='word_1_387' title='bbox 323 2261 401 2290; x_wconf 85' lang='lat' dir='ltr'>canatur.</span> <span class='ocrx_word' id='word_1_388' title='bbox 426 2256 467 2290; x_wconf 92' lang='lat' dir='ltr'>Rex</span> <span class='ocrx_word' id='word_1_389' title='bbox 472 2256 533 2300; x_wconf 88' lang='lat' dir='ltr'>itaque</span> <span class='ocrx_word' id='word_1_390' title='bbox 541 2257 608 2301; x_wconf 89' lang='lat' dir='ltr'>adepto</span> <span class='ocrx_word' id='word_1_391' title='bbox 614 2257 638 2291; x_wconf 90' lang='lat' dir='ltr'>de</span> <span class='ocrx_word' id='word_1_392' title='bbox 646 2256 724 2291; x_wconf 89' lang='lat' dir='ltr'>inimicis</span> <span class='ocrx_word' id='word_1_393' title='bbox 732 2258 830 2302; x_wconf 92' lang='lat' dir='ltr'>triumpho,</span> 
     </span>
     <span class='ocr_line' id='line_1_42' title="bbox 129 2308 830 2355; baseline 0.001 -12"><span class='ocrx_word' id='word_1_394' title='bbox 129 2308 203 2343; x_wconf 89' lang='lat' dir='ltr'>rediens</span> <span class='ocrx_word' id='word_1_395' title='bbox 214 2318 280 2351; x_wconf 88' lang='lat' dir='ltr'>pacem</span> <span class='ocrx_word' id='word_1_396' title='bbox 291 2314 354 2343; x_wconf 88' lang='lat' dir='ltr'>sancto</span> <span class='ocrx_word' id='word_1_397' title='bbox 363 2309 439 2343; x_wconf 87' lang='lat' dir='ltr'>Iohanni</span> <span class='ocrx_word' id='word_1_398' title='bbox 447 2310 470 2343; x_wconf 91' lang='lat' dir='ltr'>ab</span> <span class='ocrx_word' id='word_1_399' title='bbox 478 2310 563 2344; x_wconf 89' lang='lat' dir='ltr'>omnibus</span> <span class='ocrx_word' id='word_1_400' title='bbox 574 2310 673 2344; x_wconf 89' lang='lat' dir='ltr'>tenendam</span> <span class='ocrx_word' id='word_1_401' title='bbox 685 2310 766 2353; x_wconf 89' lang='lat' dir='ltr'>instituit,</span> <span class='ocrx_word' id='word_1_402' title='bbox 775 2321 830 2355; x_wconf 86' lang='lat' dir='ltr'>quarn</span> 
     </span>
     <span class='ocr_line' id='line_1_43' title="bbox 129 2360 831 2406; baseline 0.003 -9"><span class='ocrx_word' id='word_1_403' title='bbox 129 2360 230 2405; x_wconf 86' lang='lat' dir='ltr'>infringere</span> <span class='ocrx_word' id='word_1_404' title='bbox 242 2361 291 2394; x_wconf 87' lang='lat' dir='ltr'>nulla</span> <span class='ocrx_word' id='word_1_405' title='bbox 299 2361 369 2396; x_wconf 88' lang='lat' dir='ltr'>ratione</span> <span class='ocrx_word' id='word_1_406' title='bbox 376 2362 413 2396; x_wconf 90' lang='lat' dir='ltr'>vilo</span> <span class='ocrx_word' id='word_1_407' title='bbox 418 2367 502 2406; x_wconf 90' lang='lat' dir='ltr'>tempore</span> <span class='ocrx_word' id='word_1_408' title='bbox 514 2362 571 2397; x_wconf 91' lang='lat' dir='ltr'>liceat.</span> <span class='ocrx_word' id='word_1_409' title='bbox 593 2362 655 2397; x_wconf 91' lang='lat' dir='ltr'>Vnum</span> <span class='ocrx_word' id='word_1_410' title='bbox 667 2362 738 2398; x_wconf 85' lang='lat' dir='ltr'>miliare</span> <span class='ocrx_word' id='word_1_411' title='bbox 749 2365 772 2398; x_wconf 89' lang='lat' dir='ltr'>ad</span> <span class='ocrx_word' id='word_1_412' title='bbox 783 2365 831 2399; x_wconf 90' lang='lat' dir='ltr'>hanc</span> 
     </span>
    </p>
   </div>
   <div class='ocr_carea' id='block_1_3' title="bbox 129 2440 832 2561">
    <p class='ocr_par' dir='ltr' id='par_1_3' title="bbox 129 2440 832 2561">
     <span class='ocr_line' id='line_1_44' title="bbox 149 2440 831 2474; baseline 0.003 -3"><span class='ocrx_word' id='word_1_413' title='bbox 149 2441 257 2471; x_wconf 88' lang='lat' dir='ltr'>1Hereends</span> <span class='ocrx_word' id='word_1_414' title='bbox 265 2440 299 2471; x_wconf 83' lang='lat' dir='ltr'>MS,</span> <span class='ocrx_word' id='word_1_415' title='bbox 308 2441 382 2472; x_wconf 86' lang='lat' dir='ltr'>C.C.C.C.</span> <span class='ocrx_word' id='word_1_416' title='bbox 409 2441 655 2473; x_wconf 63' lang='lat' dir='ltr'>“Fremanunknownsource</span> <span class='ocrx_word' id='word_1_417' title='bbox 679 2442 746 2474; x_wconf 77' lang='lat' dir='ltr'>³T.ad.</span> <span class='ocrx_word' id='word_1_418' title='bbox 771 2443 831 2473; x_wconf 78' lang='lat' dir='ltr'>‘From</span> 
     </span>
     <span class='ocr_line' id='line_1_45' title="bbox 129 2481 832 2520; baseline 0.003 -9"><span class='ocrx_word' id='word_1_419' title='bbox 129 2482 156 2512; x_wconf 92' lang='lat' dir='ltr'>the</span> <span class='ocrx_word' id='word_1_420' title='bbox 163 2482 199 2511; x_wconf 87' lang='lat' dir='ltr'>Alia</span> <span class='ocrx_word' id='word_1_421' title='bbox 204 2482 239 2511; x_wconf 87' lang='lat' dir='ltr'>llir.</span> <span class='ocrx_word' id='word_1_422' title='bbox 249 2481 268 2511; x_wconf 67' lang='lat' dir='ltr'>ss,</span> <span class='ocrx_word' id='word_1_423' title='bbox 275 2481 291 2510; x_wconf 90' lang='lat' dir='ltr'>in</span> <span class='ocrx_word' id='word_1_424' title='bbox 298 2481 348 2511; x_wconf 43' lang='lat' dir='ltr'>Arss.</span> <span class='ocrx_word' id='word_1_425' title='bbox 357 2482 396 2511; x_wconf 82' lang='lat' dir='ltr'>Bou.</span> <span class='ocrx_word' id='word_1_426' title='bbox 402 2491 417 2519; x_wconf 88' lang='lat' dir='ltr'>p.</span> <span class='ocrx_word' id='word_1_427' title='bbox 423 2491 461 2520; x_wconf 76' lang='lat'>1793</span> <span class='ocrx_word' id='word_1_428' title='bbox 468 2482 487 2512; x_wconf 82' lang='lat' dir='ltr'>cl.</span> <span class='ocrx_word' id='word_1_429' title='bbox 492 2482 527 2514; x_wconf 77' lang='lat' dir='ltr'>MS.</span> <span class='ocrx_word' id='word_1_430' title='bbox 533 2483 584 2514; x_wconf 87' lang='lat' dir='ltr'>Faust.</span> <span class='ocrx_word' id='word_1_431' title='bbox 606 2483 636 2513; x_wconf 64' lang='grc' dir='ltr'>ὕΤ.</span> <span class='ocrx_word' id='word_1_432' title='bbox 645 2483 663 2514; x_wconf 85' lang='grc' dir='ltr'>Ε.</span> <span class='ocrx_word' id='word_1_433' title='bbox 670 2483 727 2513; x_wconf 86' lang='lat' dir='ltr'>valido.</span> <span class='ocrx_word' id='word_1_434' title='bbox 748 2482 778 2514; x_wconf 64' lang='grc' dir='ltr'>βΤ,</span> <span class='ocrx_word' id='word_1_435' title='bbox 784 2484 832 2514; x_wconf 84' lang='lat' dir='ltr'>Adel-</span> 
     </span>
     <span class='ocr_line' id='line_1_46' title="bbox 130 2521 831 2561; baseline 0.003 -9"><span class='ocrx_word' id='word_1_436' title='bbox 130 2526 180 2552; x_wconf 75' lang='lat' dir='ltr'>stane.</span> <span class='ocrx_word' id='word_1_437' title='bbox 195 2521 200 2538; x_wconf 82' lang='lat'>⁷</span> <span class='ocrx_word' id='word_1_438' title='bbox 209 2522 227 2550; x_wconf 93' lang='lat' dir='ltr'>ln</span> <span class='ocrx_word' id='word_1_439' title='bbox 232 2522 260 2551; x_wconf 93' lang='lat' dir='ltr'>the</span> <span class='ocrx_word' id='word_1_440' title='bbox 265 2521 311 2558; x_wconf 81' lang='lat' dir='ltr'>Boll,</span> <span class='ocrx_word' id='word_1_441' title='bbox 317 2523 344 2551; x_wconf 94' lang='lat' dir='ltr'>the</span> <span class='ocrx_word' id='word_1_442' title='bbox 349 2522 430 2559; x_wconf 80' lang='lat' dir='ltr'>following</span> <span class='ocrx_word' id='word_1_443' title='bbox 435 2522 532 2559; x_wconf 86' lang='lat' dir='ltr'>happenson</span> <span class='ocrx_word' id='word_1_444' title='bbox 538 2523 563 2552; x_wconf 92' lang='lat' dir='ltr'>his</span> <span class='ocrx_word' id='word_1_445' title='bbox 569 2527 623 2553; x_wconf 92' lang='lat' dir='ltr'>return</span> <span class='ocrx_word' id='word_1_446' title='bbox 627 2523 667 2552; x_wconf 85' lang='lat' dir='ltr'>from</span> <span class='ocrx_word' id='word_1_447' title='bbox 673 2524 700 2552; x_wconf 84' lang='lat' dir='ltr'>the</span> <span class='ocrx_word' id='word_1_448' title='bbox 706 2524 740 2553; x_wconf 88' lang='lat' dir='ltr'>first</span> <span class='ocrx_word' id='word_1_449' title='bbox 745 2524 831 2561; x_wconf 84' lang='lat' dir='ltr'>campaign.</span> 
     </span>
    </p>
   </div>
   <div class='ocr_carea' id='block_1_4' title="bbox 0 0 898 2803">
    <p class='ocr_par' dir='ltr' id='par_1_4' title="bbox 0 0 898 2803">
     <span class='ocr_line' id='line_1_47' title="bbox 0 0 898 2803; baseline 0 0"><span class='ocrx_word' id='word_1_450' title='bbox 0 0 898 2803; x_wconf 95' lang='lat' dir='ltr'> </span> 
     </span>
    </p>
   </div>
  </div>
 </body>
</html>
