1762 2803
141 164 185 219 180
246 200 247 203 ¹
333 165 412 217 motu
428 161 544 230 {tenente
559 163 652 226 annue.

164 346 211 390 [MS.
219 345 260 379 Tib.
268 346 325 379 adds:
440 345 539 378 Nurrutiffi¹

163 412 241 454 Collatis
251 423 311 452 autem
322 428 333 451 a
342 417 434 451 Clodoueo
443 427 487 460 rege
496 416 607 451 Francorum
615 418 677 452 multis
685 418 754 461 prediis
765 419 842 454 ecclesie

141 471 225 513 remensi,
234 475 308 503 sanctus
317 469 413 513 Remigius
421 470 478 503 multa
486 480 549 503 eorum
557 469 634 505 ecclesie
643 470 752 506 laudunensi
761 472 842 514 contulit,

141 530 159 559 et
170 524 300 559 Genebaudum
311 522 391 566 primum
400 522 436 556 illic
447 523 554 565 episcopum
565 522 657 558 constituit
667 522 703 568 qui,
711 524 774 559 relicta
784 535 842 559 uxore

142 589 180 620 sua,
185 583 241 621 nepte
249 577 333 610 uidelicet
341 575 388 610 beati
397 575 483 619 Remigii,
490 586 531 609 cum
539 577 579 620 ipso
587 575 623 610 iam
631 575 694 610 uiuere
701 571 789 622 cep[erat]
795 576 805 612 ².
819 576 842 612 Et

123 639 132 668 5
142 642 207 674 parum
217 631 313 664 attendens
323 630 423 673 (ui)rtutem
431 629 511 662 hominis
522 635 585 663 contra
595 636 694 673 peccatum,
703 641 780 664 uxorem
790 641 842 666 suam

142 682 231 718 clausam³
238 681 341 716 instruendi
347 681 407 725 gracia
413 681 517 725 frequenter
522 683 545 715 ad
551 692 571 715 se
577 683 641 715 uenire
647 683 736 726 permisit.
749 683 842 726 Frequen7

141 736 222 769 taciones
230 735 304 769 demum
314 740 332 768 et
342 735 409 768 blanda
419 728 509 778 colloquia
519 734 601 769 animum
610 736 632 769 ad
641 739 736 778 peccatum
743 740 842 771 traxerunt.

142 788 252 833 Concipiens
266 799 309 832 ergo
325 787 390 821 mulier
403 788 495 821 mandauit
511 792 582 822 secrete
597 787 614 821 ei
630 788 703 823 dicens:
722 789 774 832 ‘quia
785 788 842 824 filium

142 842 244 877 masculum
255 841 343 886 genuisti!
366 842 401 884 Qui
410 842 496 875 confusus
506 841 630 875 renunciault⁴
639 842 665 876 ei:
679 842 737 875 ‘Puer
744 847 843 886 generatus

114 903 133 924 10
142 901 171 928 est
184 895 202 928 in
216 896 326 938 (latrocinim
344 895 393 935 uolo)
406 900 425 926 ut
439 894 494 926 Latro
510 896 594 927 uocetur.¹
618 895 641 928 Et
654 906 678 928 ne
693 895 786 937 (suspicio)
800 897 842 929 inde

142 948 254 991 procederet,
263 958 339 981 uxorem
348 948 394 980 sicut
404 946 455 990 prius
464 946 493 988 (ad
504 946 532 988 se)
541 947 604 980 uenire
612 946 700 990 permisit.
723 946 773 990 Qlui)
781 952 842 981 tamen

141 1003 208 1035 iterum
217 1002 266 1044 (post
274 999 343 1041 fletum]
352 999 400 1034 illius
409 1000 478 1043 peccati
488 1000 511 1033 ad
520 1005 613 1043 peccatum
622 999 679 1035 rediit.
704 1000 842 1045 Conlcepitque)

142 1055 212 1096 mulier,
221 1060 243 1096 et,
252 1059 271 1087 ut
278 1054 335 1098 prius,
343 1054 436 1088 mandauit
445 1054 493 1097 quod
502 1053 565 1096 (filiam
575 1053 675 1098 genuerat,
684 1058 702 1088 et
712 1053 742 1088 ille
750 1064 791 1088 eam
799 1053 842 1090 Vul-

142 1106 226 1151 pcculam
240 1107 359 1151 (nominauit).
383 1106 404 1140 ln
420 1117 440 1141 se
455 1107 529 1140 tandem
543 1117 634 1149 reuersus,
646 1106 704 1151 mi(sit
717 1108 740 1141 ad
752 1110 842 1151 sanctum)

114 1167 132 1197 ¹5
143 1160 247 1203 Remigium
259 1166 279 1193 ut
290 1159 400 1193 Laudunum
410 1159 486 1201 ueniret,
496 1160 545 1203 (quia
554 1160 603 1202 talis)
614 1170 669 1194 causa
677 1166 778 1194 emerserat
788 1172 842 1204 quam

141 1214 181 1256 ipse
193 1223 227 1255 per
238 1223 258 1245 se
270 1212 382 1254 (emendare)
391 1223 428 1245 non
438 1217 514 1254 poterat.
537 1212 620 1255 Cumque
631 1213 719 1255 uenisset,
727 1218 745 1246 et
754 1214 793 1255 (cur
801 1225 842 1247 eum

142 1265 246 1304 uocaluerat
254 1264 389 1307 interrogasset,
399 1263 536 1307 Genelbaudus)
548 1264 589 1297 cum
601 1264 681 1298 maximo
692 1264 735 1298 fletu
747 1270 765 1298 et
776 1265 842 1300 eiulatu

142 1319 207 1351 uolens
219 1317 296 1358 [tollere]
309 1317 374 1350 stolam
386 1328 439 1349 suam
452 1317 475 1350 dc
490 1316 536 1350 collo
550 1328 583 1350 suo
596 1321 614 1350 et
627 1317 723 1360 prohieere
736 1317 773 1360 (ad)
785 1319 842 1361 pedes

142 1370 200 1404 sancti
212 1369 297 1414 Remigii,
309 1380 351 1402 cum
363 1380 430 1413 magna
441 1364 508 1403 uirtute
521 1370 591 1413 (abeo)
604 1375 633 1403 est
646 1375 727 1403 retentus
741 1381 764 1404 ne
778 1371 842 1404 stolam

115 1431 134 1453 ²0
142 1424 248 1469 deponeret.
274 1423 311 1466 (Et)
320 1428 418 1467 postquam
425 1422 455 1456 diu
464 1423 517 1457 ambo
525 1423 625 1464 fleuissent,
634 1422 723 1457 intellexit
732 1423 842 1468 (Remigius)

142 1479 203 1519 ipsum
218 1476 285 1518 aliquid
300 1477 370 1518 peccati
385 1475 484 1509 incurrisse
497 1476 580 1518 prolpter
592 1477 640 1519 quod
653 1476 726 1519 stolam)
740 1477 797 1511 uellet
811 1478 842 1511 de·

142 1539 222 1573 ponere,
235 1528 280 1562 uee⁵
292 1533 363 1573 poterat
376 1528 399 1569 (ei
413 1527 543 1570 Geneb)audus
557 1528 605 1571 quod
618 1526 685 1562 fecerat
698 1539 732 1572 pre
744 1528 842 1572 lachrymis

143 1582 248 1624 enarralrel.
271 1582 331 1623 Quem
342 1587 415 1615 sanctus
427 1582 523 1624 Remigius
534 1582 631 1615 contritum
639 1582 710 1624 uidens,
719 1582 793 1615 reclusit
801 1593 842 1616 eum

142 1636 161 1668 in
169 1645 226 1679 parua
234 1634 280 1669 cella
287 1639 358 1679 septem
366 1634 424 1676 annis,
429 1639 447 1668 et
455 1635 495 1678 ipse
503 1635 572 1668 interea
580 1635 618 1668 eius
627 1634 722 1669 ecclesiam
730 1636 842 1679 gubernauit.

115 1697 133 1725 ²5
143 1687 226 1733 Septimo
238 1693 299 1722 autem
312 1699 361 1722 anno
374 1698 415 1721 eum
428 1687 447 1721 in
459 1688 520 1731 uigilia
535 1699 580 1722 cene
592 1688 661 1722 domini
676 1688 694 1722 in
706 1690 791 1723 oracione
803 1700 842 1733 per·

142 1747 224 1775 noctaret
232 1746 250 1774 et
257 1752 278 1774 se
284 1740 363 1774 lacrimis
371 1740 469 1783 affligeret⁶
476 1742 499 1774 de
507 1741 541 1774 hoc
549 1741 598 1784 quod
603 1741 643 1784 ipse
650 1741 680 1784 qui
688 1742 733 1776 alios
740 1743 842 1785 penitentes

142 1795 186 1829 seria
194 1795 257 1838 quinta
264 1794 382 1828 reconciliare
393 1793 468 1836 solebat,
477 1804 510 1827 nec
518 1793 566 1827 inter
574 1793 678 1838 penitentes
689 1805 731 1828 esse
738 1793 757 1829 in
766 1794 843 1828 ecclesia

142 1849 256 1881 merebatur:
273 1848 321 1881 Ecce
334 1848 410 1890 angelus
424 1847 493 1880 domini
508 1848 569 1880 media
582 1852 635 1881 nocte
648 1847 732 1891 apparuit
745 1850 767 1889 ei,
780 1847 842 1882 dicens

142 1905 236 1944 peccatum
244 1900 292 1934 illius
303 1910 345 1934 esse
353 1899 454 1942 dimissum,
462 1900 582 1943 precepitque
590 1901 607 1932 ei
615 1905 634 1932 ut
642 1899 701 1933 exiret
710 1905 728 1934 et
738 1902 842 1943 penitentes

114 1965 133 1995 30
142 1953 161 1988 in
175 1954 253 1989 crastino
267 1964 318 1988 more
334 1953 387 1988 solito
402 1953 531 1988 reconciliaret.
554 1953 594 1995 Qui,
608 1964 649 1986 cum
661 1964 694 1997 pre
706 1953 762 1987 nimio
774 1959 842 1987 terrore

142 2010 255 2052 respondere
263 2008 294 2042 uix
304 2012 373 2052 posset,
382 2008 416 2042 ait:
429 2007 480 2041 ‘Non
491 2018 567 2050 possum
579 2008 620 2041 hinc
632 2008 700 2051 egredi,
708 2008 751 2051 quia
758 2007 842 2042 dominus

142 2072 195 2095 meus
204 2061 298 2104 Remigius
308 2062 378 2094 clauem
387 2061 440 2094 huius
451 2060 505 2094 hostii
516 2071 579 2095 secum
587 2061 647 2101 habet,
656 2061 704 2103 quod
713 2067 730 2095 et
741 2062 801 2104 sigillo
809 2071 841 2094 suo

142 2113 231 2156 signauit?
247 2113 281 2146 Cui
289 2113 376 2156 angelus:
389 2114 423 2146 ‘Vt
431 2114 477 2147 scias
485 2113 539 2156 quia⁷
547 2112 606 2146 celum
615 2112 682 2146 esttibi
690 2118 781 2156 apertum,
788 2119 806 2146 et
813 2122 842 2145 me

142 2165 174 2198 tibi
182 2175 193 2197 a
201 2165 235 2199 deo
243 2165 326 2207 missum,
335 2175 377 2199 ecce
385 2165 464 2199 hostium
471 2165 504 2199 tibi
513 2165 621 2208 patefactum
630 2166 668 2199 est’
691 2165 714 2198 Et
722 2166 783 2199 statim
791 2165 842 2198 saluo

115 2229 133 2259 35
143 2218 202 2261 sigillo
213 2224 231 2252 et
243 2229 285 2251 cera
296 2222 379 2262 apertum
391 2223 424 2252 est.
447 2218 499 2251 Tunc
507 2218 630 2251 Genebaudus
641 2217 710 2252 iactans
721 2220 771 2253 sein
782 2217 842 2252 medio

142 2270 197 2306 hostii
205 2269 223 2305 in
232 2272 306 2305 modum
314 2271 378 2314 crucis,
387 2272 420 2305 ait:
433 2270 482 2305 ‘Etsi
493 2272 578 2306 dominus
589 2280 642 2305 meus
651 2270 716 2305 ihesus
725 2271 808 2306 Christus
819 2268 841 2303 ad

142 2336 172 2359 me
184 2325 219 2358 huc
230 2326 307 2366 ueniret,
316 2335 353 2358 non
365 2325 447 2368 egrediar
458 2325 494 2358 nisi
506 2330 579 2358 sanctus
589 2324 684 2368 Remigius
695 2324 730 2359 huc
741 2325 802 2359 ueniat
812 2323 841 2367 qui

142 2389 172 2413 me
180 2377 263 2412 reclusit!
284 2376 306 2411 Et
313 2378 373 2411 statim
379 2378 456 2421 angelus
465 2377 549 2422 Remigio
555 2387 647 2421 apparens
652 2377 704 2412 iussit
711 2377 841 2412 Genebaudum

142 2432 188 2467 sicut
200 2431 251 2475 prius
262 2431 357 2465 restituere
369 2431 387 2464 in
399 2431 459 2465 locum
471 2442 529 2466 suum.
553 2431 593 2473 Quo
605 2430 656 2474 sacto,
668 2432 761 2476 usquead
773 2430 841 2465 obitum

160 2541 166 2560 ¹
177 2540 251 2571 CiVinc,
259 2540 299 2571 Bell.
307 2540 352 2571 XXI.
361 2551 369 2578 7
378 2540 424 2579 (Leg.
431 2540 489 2576 Aurea,
497 2550 512 2579 p·
519 2540 551 2578 97).
606 2540 612 2557 ²
622 2541 640 2572 T.
648 2541 694 2579 cepit.
745 2540 751 2557 ³
761 2540 796 2571 VB.
803 2538 841 2568 clam

141 2591 189 2613 causa
196 2581 204 2611 i.
213 2581 231 2611 ir.
277 2580 283 2597 ⁴
293 2581 328 2612 VB.
336 2582 437 2611 remandauit.
484 2582 489 2599 ⁵
499 2581 533 2611 VB,
541 2582 572 2610 vin.
613 2580 619 2597 ⁸
629 2581 662 2611 VB.
672 2582 745 2611 afficeret.
793 2578 798 2596 ⁷
808 2577 841 2608 VB,

140 2632 166 2652 me
173 2622 200 2653 tibi
207 2632 216 2651 a
224 2622 254 2651 deo
262 2622 330 2660 missum,
339 2622 378 2651 sicut
386 2622 436 2651 celum
444 2621 471 2652 tibi
478 2626 549 2659 apertum
557 2625 586 2659 est,
595 2621 616 2651 ita
623 2625 639 2651 et
646 2621 660 2651 ir.
669 2621 727 2660 patebit
734 2620 767 2650 tihi.
812 2644 814 2648 .
