1762 2803
82 138 84 143 ·
105 127 149 182 568
369 120 493 184 appennis
509 123 541 170 ΙΙ.

104 246 160 278 eciam
168 245 228 278 sabato
237 250 254 278 et
261 244 348 277 dominico
355 244 384 277 die
391 244 459 277 modico
467 254 518 277 caseo
524 253 569 286 aqua
575 244 656 285 decoct03
667 253 731 286 paucos
737 255 804 289 quoque

105 295 122 328 in
131 300 191 329 sancta
198 292 338 337 resur[r]eccione
346 293 436 336 pisciculos
444 294 527 328 sumebat.
550 294 603 327 Potus
611 298 668 326 autem
676 293 712 326 eius
720 295 759 328 talis
769 303 804 331 erat

105 344 161 390 qualis
168 355 189 378 ex
199 355 244 388 aqua
253 351 270 378 et
277 345 358 378 arborum
365 344 421 379 succis
430 345 536 378 malorumve
544 343 649 386 agrestium
657 343 694 378 siue
702 344 804 382 siluestrium

106 396 171 430 condiri
181 400 252 438 possem
264 395 293 428 tali
304 394 356 437 igitur
366 400 403 428 tam
413 394 454 428 ille²
464 405 515 438 quam
523 395 548 428 sui
557 393 652 437 potacionis
660 405 723 437 genere
731 398 804 432 contenti

88 446 229 485 5reficiebantur.
252 446 347 489 Nunquam
358 456 378 478 os
389 445 426 479 eius
437 457 448 478 a
460 445 576 489 spiritualibus
587 445 663 478 ociosum
674 446 730 478 visum
742 453 768 481 est
778 450 805 482 vel

106 506 184 529 vacuum.
207 495 258 527 Multi
265 496 317 536 igitur
323 496 347 527 ad
354 496 401 528 illum
411 496 452 537 ceci,
460 496 507 528 surdi
517 502 569 538 atque
578 495 646 537 leprosi,
655 495 715 536 claudi,
723 496 805 537 paralitici

106 552 158 589 atque
173 545 274 585 demoniaci,
290 550 307 578 et
322 545 398 578 omnium
413 545 531 578 infirmitatum
548 549 600 586 atque
618 543 725 578 debilitatum
743 556 806 587 genera

106 595 238 629 conferebantur
255 601 272 630 et
290 606 350 630 omnes
368 589 447 629 redibam
463 596 485 629 ab
502 595 531 628 illo
550 594 609 628 curati.
639 595 677 627 Iam
694 605 806 638 peromnem

106 646 195 680 Britannie
207 646 294 689 regionem
306 647 356 688 longe
369 647 436 689 lateque
450 646 544 679 celebratur
556 655 620 678 nomen
633 645 670 678 eius
685 656 724 679 curn
737 646 806 681 meritis.

81 708 99 730 ro
108 697 161 730 Cuius
169 697 234 730 vultum
244 703 326 740 tanquam
336 697 392 738 angeli
403 697 523 739 splendentem
533 696 558 729 ita
569 695 614 728 cunti
625 695 723 729 nitebantur
733 702 807 730 contem-

107 748 156 790 plari,
170 753 187 779 et
202 747 237 779 iam
251 758 286 779 non
301 748 396 779 monachus
411 747 530 788 appellabatur
544 751 570 778 set
585 746 655 787 angelus
671 745 715 778 inter
729 748 806 781 homines

108 803 225 829 conuersatus.
236 796 243 838 11
255 797 295 829 l-liis
303 807 344 837 ergo
354 796 378 828 ita
388 795 493 837 compositis,
503 795 602 827 nunciatum
613 800 639 827 est
651 795 718 828 cuidam
726 796 807 838 discipulo

109 846 151 881 suo³
164 852 236 880 matrem
250 857 299 879 suam
311 853 398 889 egrotare:
415 846 443 889 qui
456 846 496 880 dum
511 844 571 880 anxius
584 845 655 880 relaxari
668 856 686 880 se
699 845 807 888 deprecando

109 898 200 937 videretur,
219 897 290 930 tandem
314 897 434 939 proficiscendi
454 896 520 938 accepit
540 895 640 936 licenciam
661 901 731 929 sanctus
751 902 807 930 autem

83 960 100 990 15
109 949 174 982 sciebat
186 947 232 980 illam
243 948 278 980 iam
287 958 326 981 esse
335 953 425 988 mortuam,
433 947 491 980 diuina
501 946 612 992 prouidencia
622 946 755 980 demonstrante.
778 947 808 981 llle

109 998 183 1039 denique
190 998 272 1037 concitus,
277 1008 311 1029 vno
318 998 394 1038 quodam
400 1007 451 1038 puero
460 996 522 1029 comite
530 1001 626 1038 contentus,
633 1002 704 1038 accepta
710 1007 720 1027 a
726 997 808 1038 magistro

108 1057 153 1089 aqua
164 1047 255 1079 benedicta
266 1046 299 1079 iter
308 1052 377 1079 acturus
388 1046 466 1088 perrexit.
489 1047 562 1079 Etcum
573 1046 595 1078 ad
606 1046 662 1078 locum
673 1046 690 1078 in
701 1056 735 1087 quo
742 1051 808 1079 mortua

108 1096 176 1131 iacebat
187 1096 290 1137 deuenisset‚
298 1106 357 1129 omnes
368 1096 397 1139 qui
408 1101 456 1129 erant
464 1095 509 1129 circa
520 1106 559 1129 earn
569 1096 691 1129 tumultuantes
699 1095 748 1129 eiecit
758 1096 808 1137 foras,

109 1147 199 1189 increpans
211 1153 228 1180 et
239 1146 309 1180 dicens:
325 1146 427 1188 ‘Recedite;
443 1157 473 1180 cur
487 1147 538 1179 stulte
549 1146 613 1188 agitis?
636 1146 695 1179 Nichil
710 1146 756 1179 enim
771 1157 808 1190 pro-

82 1212 101 1234 κο
109 1198 169 1231 licitis.¹
193 1197 266 1230 Putabat
274 1203 332 1229 autem
342 1196 419 1229 animam
428 1196 465 1230 eius
472 1196 529 1230 adhuc
538 1196 583 1229 intra
590 1196 668 1228 membra
676 1196 764 1229 contineri.
786 1197 809 1229 Et

109 1256 180 1289 aspersa
188 1256 238 1287 super
248 1245 322 1278 cadauer
332 1245 367 1277 iam
378 1244 454 1286 gelidum
466 1254 511 1286 aqua
522 1245 633 1284 sanctificata,
641 1244 741 1285 ‘Dominus
750 1245 809 1287 inquit,

110 1296 171 1331 ihesus
177 1296 254 1329 Christus
260 1295 276 1328 in
285 1295 332 1329 cuius
338 1295 408 1328 nomine
414 1295 496 1337 magister
501 1306 549 1329 meus
555 1295 637 1336 plurimas
645 1294 680 1328 iam
687 1295 727 1328 fecit
733 1295 809 1335 virtutes,

110 1346 146 1390 ipse
154 1351 171 1380 te
176 1356 236 1380 sanare
244 1345 333 1388 dignetur.y
350 1345 377 1379 Illi
385 1350 443 1379 autem
450 1344 479 1390 qui
486 1344 527 1379 soris
535 1345 604 1380 stabant
609 1344 711 1379 deridebant
718 1356 763 1387 eum,
771 1344 810 1388 quia

110 1397 187 1431 sciebant
198 1408 237 1430 carn
248 1396 283 1428 iarn
294 1396 347 1430 fuisse
360 1401 446 1429 mortuam
460 1396 559 1439 priusquam
573 1396 600 1429 ille
613 1396 716 1430 aduenisset.
744 1397 768 1429 At
782 1396 810 1429 illa

83 1461 101 1492 25
110 1446 159 1490 quasi
167 1447 188 1480 de
197 1456 269 1490 sompno
277 1446 350 1480 excitata
357 1445 433 1488 surrexit,
439 1451 456 1480 et
464 1457 515 1489 super
522 1447 585 1480 lectum
592 1457 641 1480 suum
647 1446 725 1480 residens
731 1447 810 1481 sudorem

110 1507 160 1530 suum
168 1498 250 1538 tergebat,
258 1497 307 1538 quasi
316 1497 338 1529 de
346 1498 420 1538 quodam
430 1506 465 1528 non
473 1496 507 1528 leui
516 1497 575 1529 labore
584 1502 676 1530 reuertens.
699 1496 726 1528 llli
734 1507 774 1529 vero
782 1495 810 1538 qui

111 1556 151 1579 eum
161 1546 208 1588 prius
220 1546 314 1579 deriserant
325 1546 423 1579 ceciderunt
434 1545 484 1588 proni
496 1546 513 1578 in
525 1551 587 1579 terram
597 1552 636 1579 ante
647 1546 701 1588 pedes
711 1545 752 1589 eius,
760 1546 810 1579 deum

111 1597 231 1638 glorificantes,
240 1601 291 1638 atque
298 1596 387 1629 dicentes:
400 1596 454 1629 ‘Vere
464 1596 551 1639 proximus
562 1596 595 1629 deo
604 1602 635 1637 est,
644 1596 691 1630 cuius
700 1608 731 1639 per
742 1596 810 1629 inuoca-

112 1647 180 1679 cionem
188 1646 281 1688 discipulus
289 1647 322 1679 hoc
332 1646 425 1679 maximum
436 1647 475 1680 licet
486 1646 515 1678 illo
525 1648 597 1679 ahsente
606 1647 661 1688 potuit
668 1648 725 1679 iacere
733 1645 810 1688 signum!

84 1707 104 1736 30
113 1697 145 1729 Illa
158 1695 221 1729 deinde
231 1695 337 1742 interrogata
348 1696 371 1728 ad
382 1706 415 1739 que
426 1696 464 1729 loca
475 1697 502 1728 vel
513 1706 524 1728 a
535 1696 596 1739 quibus
608 1707 627 1729 se
639 1696 678 1729 duci
690 1696 767 1738 vidisset,
778 1696 811 1728 hoc

111 1747 164 1780 modo
179 1746 255 1779 dicebat:
274 1745 369 1778 ‘Videbam
382 1746 427 1778 circa
440 1756 468 1779 me
474 1743 486 1786 ⁴,
499 1751 593 1779 extremum
606 1745 706 1789 priusquam
718 1746 811 1780 anhelitum

110 1797 212 1837 amitterem,
220 1795 304 1838 quosdam
309 1796 421 1828 homunculos
426 1795 443 1828 in
448 1796 519 1828 modum
525 1796 617 1828 carbonum
622 1796 717 1838 gelidorum
724 1794 810 1839 niger[r]i-

111 1858 155 1890 mos,
167 1846 189 1880 ad
201 1845 318 1879 deuorandum
329 1856 358 1879 me
369 1851 443 1889 paratos,
456 1845 484 1889 qui
496 1846 622 1880 circumdantes
633 1858 661 1880 me
671 1853 688 1880 et
699 1847 752 1891 pedes
763 1856 811 1880 meos

111 1909 150 1931 curn
158 1897 236 1930 manibus
245 1896 387 1938 circumligantes,
393 1907 424 1940 per
431 1907 492 1940 aspera
499 1898 590 1930 trahebant
598 1899 621 1931 ad
629 1898 716 1941 superiora
724 1899 766 1932 loca.
788 1897 811 1929 At

84 1959 103 1988 35
111 1948 181 1990 quidem
192 1958 231 1979 curn
242 1947 337 1979 exultantes
348 1957 376 1978 me
387 1957 417 1988 per
430 1947 506 1979 inmania
518 1947 581 1979 vellent
596 1948 715 1980 miserabiliter
727 1952 812 1980 tormenta

111 1998 184 2036 trahere,
196 2001 266 2029 sanctus
277 1995 353 2029 obuiauit
364 1996 485 2036 Winwaloeus,
497 1994 595 2029 terribiliter
604 2007 698 2038 personans
709 2007 730 2030 ac
741 1997 811 2030 dicens:

112 2045 214 2081 “Dimittite
222 2045 267 2079 hanc
273 2044 338 2087 michi·,
349 2044 417 2090 utquid
425 2045 471 2080 enirn
481 2052 517 2080 tam
529 2047 610 2081 audacter
621 2048 655 2080 hoc
664 2049 719 2081 scelus
730 2049 747 2081 in
755 2057 812 2081 meant

111 2102 209 2141 perpetrare
224 2096 311 2138 temptatis
323 2096 431 2129 famulami”
455 2097 482 2129 llli
497 2097 602 2130 consternati
614 2103 666 2141 atque
678 2098 774 2141 stupefacti,
787 2107 811 2130 re·

111 2156 188 2191 pugnare
195 2147 272 2179 volentes
282 2152 308 2180 set
320 2147 379 2180 diuino
387 2153 462 2181 terrente
472 2146 545 2189 imperio
554 2157 589 2181 non
600 2148 688 2191 audentes,
696 2149 766 2182 tandem
776 2146 812 2180 viro

84 2208 105 2238 40
113 2198 141 2230 dei
150 2195 191 2239 [me]
203 2197 312 2238 reliquerunt,
324 2197 353 2239 qui
364 2208 404 2230 mox
415 2198 437 2230 ab
448 2197 527 2230 hostibus
538 2208 566 2230 me
579 2197 674 2240 liberatam,
686 2199 703 2231 in
715 2199 748 2231 hoc
760 2195 812 2230 voluit

112 2248 145 2280 deo
156 2246 262 2288 propiciante
273 2247 356 2279 collocare
368 2246 479 2290 corpusculo!
502 2248 525 2279 Et
536 2247 598 2281 exinde
608 2247 663 2290 magis
676 2248 766 2291 magisque
778 2247 812 2279 iam

111 2307 148 2331 non
155 2296 260 2329 monachum
267 2301 294 2329 set
301 2296 381 2338 angelum
391 2297 490 2331 vocitabant
498 2298 628 2331 Winwaloeum.
652 2299 684 2333 Illa
695 2309 736 2333 vero
744 2305 812 2332 reuersa

112 2355 168 2383 totum
176 2346 194 2380 in
202 2357 254 2389 opere
262 2347 307 2380 bono
315 2348 424 2389 fructificans,
429 2349 502 2382 mutauit
510 2349 585 2382 studium
593 2348 812 2383 suum.-—⁵C0nsuetudo

112 2404 170 2432 autem
181 2402 218 2430 erat
229 2397 274 2431 beati
287 2397 392 2439 Winwaloei‚
403 2399 494 2432 ecclesiam
505 2409 538 2442 que
550 2399 584 2433 sita
595 2405 632 2434 erat
643 2411 654 2434 a
665 2400 769 2435 monasterio
781 2407 812 2432 suo

85 2460 104 2491 45
112 2448 186 2482 miliario
196 2457 237 2489 uno,
248 2447 318 2480 visitare
331 2452 349 2479 et
360 2448 384 2480 ibi
396 2448 461 2481 hostias
472 2454 509 2481 tam
520 2460 552 2492 pro
565 2449 609 2483 viuis
623 2460 674 2493 quam
685 2461 717 2493 pro
728 2447 812 2483 defunctis

132 2529 182 2561 1ΜΒ.
190 2528 288 2570 aggrestium.
352 2528 402 2561 lllls,
413 2529 441 2561 illi.
504 2530 635 2563 ³sc.S.Rioeh0.
700 2532 811 2564 tutonem.

269 2569 307 2602 T.E.
315 2578 343 2601 me
384 2569 390 2588 ³
399 2570 423 2601 Cl.
430 2570 466 2602 Vita
473 2570 541 2611 Ethbht,
550 2571 589 2604 Boll.
598 2580 616 2614 19
623 2572 658 2605 Oct.
