1762 2803
243 95 290 150 mr
304 94 405 146 &anno
421 94 554 149 ttttntano.
701 101 746 155 465

46 225 64 257 et
74 218 92 254 in
103 228 136 253 suo
146 215 259 251 monasterio
270 215 365 251 Tauraeo¹
373 215 461 260 sepultus,
468 214 561 251 miraculis
568 215 638 251 crebris
648 215 749 251 choruscat.

47 272 114 309 Floruit
124 276 185 306 autem
195 269 243 305 circa
252 280 321 304 annum
331 269 400 304 domini
411 270 612 314 quadringentesimum
622 270 749 314 quinquagesi·

47 336 96 361 mum
104 334 173 358 nonum
179 323 190 357 ².

348 385 449 421 Narratio³.

70 455 157 508 Quedam
171 459 236 495 ancilla
249 459 279 494 dei
292 465 310 494 et
323 460 375 504 virgo
390 464 458 502 saneta,
471 459 600 495 abstinentiam
615 470 682 495 nouem
697 459 751 495 annis

48 515 157 555 custodiens,
165 524 176 547 a
185 514 265 558 quodam
275 519 349 548 cantore
359 512 448 548 solicitata
458 518 487 547 est
497 519 515 547 et
525 519 616 558 corrupta.
639 514 679 556 Que
689 513 751 549 statim
760 523 769 553 5

48 567 159 610 concipiens,
166 572 220 609 partu
230 566 321 609 explicito,
331 565 388 599 nimio
399 567 463 599 dolore
474 565 575 608 penitentie
586 576 640 600 mens
652 565 692 600 eius
703 576 752 599 com·

49 625 115 667 puncta
126 624 160 661 est,
171 617 190 652 in
202 624 277 660 tantum,
289 623 308 653 vt
320 618 368 653 same
379 617 498 663 semetipsam
509 618 565 653 vellet
577 617 671 661 occidere;
686 618 752 654 lachri-

50 674 105 710 mosis
121 672 208 716 precibus
226 673 281 707 deum
299 671 366 716 iugiter
380 671 500 715 interpellans
517 682 538 705 ac
555 670 630 706 dicens:
650 671 687 706 ‘Tu
706 671 752 706 deus

50 736 132 771 magnus,
145 725 177 769 qui
189 725 244 760 totius
258 725 321 759 mundi
334 725 425 760 maliciam
438 729 512 769 portare
525 724 648 760 consueuisti:
665 725 708 769 quia
721 731 752 760 tua

50 781 133 816 voluntas
142 783 171 813 est
181 784 257 812 cunctos
267 778 339 818 saluari,
347 788 378 812 me
389 788 461 821 quoque
472 778 563 821 perditam
574 778 593 812 in
605 778 640 812 hoc
652 779 729 812 ostende
737 778 753 813 si
763 788 782 810 ιο

50 831 102 867 saluti
113 830 205 872 restituas,
216 835 236 864 vt
247 831 296 873 quod
307 841 331 864 ex
344 830 414 873 peccati
425 830 462 865 mei
474 830 578 873 perditione
591 836 673 864 creatum
684 836 719 872 est,
729 841 754 864 ex

51 886 84 919 hac
94 884 135 917 luce
146 882 224 917 celerius
234 882 292 924 tollas,
304 894 328 917 ne
339 882 415 917 forsitan
425 888 456 917 aut
467 884 533 927 laqueo
543 888 573 917 aut
585 882 681 927 precipitio
693 883 754 929 perire

51 936 158 981 compellar.¹
181 935 284 981 Statimque
294 942 347 981 partu
358 936 444 971 diuinitus
454 943 513 971 morte
525 937 623 978 subtracto5
630 936 661 971 illa
671 948 693 972 se
702 936 755 981 peni-

52 990 107 1026 tentie
113 989 192 1024 summis
197 989 287 1034 angustiis
293 989 371 1032 tradidit,
377 995 395 1026 et
401 989 532 1034 elephantiosis
540 989 648 1025 mulieribus
655 1000 690 1034 per
695 1000 754 1025 annos

52 1044 123 1087 triginta
131 1043 212 1077 seruiuit.
235 1043 291 1078 Cuius
298 1042 377 1078 humiles
384 1054 450 1086 preces
458 1043 563 1078 misericors
571 1044 617 1078 deus
627 1054 664 1077 non
675 1043 753 1086 repulit:
765 1051 782 1081 15

52 1106 94 1130 nam
102 1095 174 1129 cuidam
182 1100 245 1129 sancto
253 1094 356 1139 presbitero
363 1096 451 1130 reuelauit
461 1095 535 1130 dicens:
547 1094 591 1129 ‘Illa
597 1094 649 1140 virgo
659 1095 702 1140 plus
709 1094 755 1130 mihi

53 1150 118 1193 placuit
131 1149 150 1184 in
161 1148 262 1192 penitentia
273 1159 328 1193 quam
339 1148 358 1183 in
371 1148 474 1194 virginitate
487 1149 530 1184 sua.¹
558 1147 599 1183 Hec
612 1148 721 1184 Vincentius
735 1149 754 1183 in

54 1202 136 1248 Speculo.

172 1316 188 1354 ll
196 1308 230 1351 De
241 1326 312 1351 seuero
323 1308 421 1351 Wrsrnuo
434 1308 490 1351 Rror
501 1325 525 1350 rr
535 1325 620 1350 MARTIRE
625 1314 637 1350 ⁴.

57 1384 211 1463 SAnctissimus
219 1391 237 1420 et
245 1385 323 1421 eximius
329 1386 397 1421 Christi
405 1386 470 1420 martir
477 1385 574 1421 Wistanus
581 1385 637 1431 regali
645 1383 756 1419 Merciorum

109 1449 132 1473 ex
143 1439 230 1484 prosapia
241 1440 300 1474 extitit
311 1440 405 1482 oriundus,
416 1450 460 1483 rege
468 1439 569 1474 Wimundo
581 1445 599 1474 et
611 1438 682 1474 Eltleda
694 1438 786 1483 reginaro

56 1490 160 1534 parentibus
168 1492 281 1536 progenitus.
303 1492 339 1535 Qui
347 1493 366 1527 in
374 1492 452 1538 pueritia
459 1493 568 1527 constitutus
574 1503 629 1537 quam
637 1492 685 1526 bone
691 1490 758 1526 indolis

56 1543 108 1577 suerit
123 1545 232 1589 quantisque
247 1545 320 1589 pietatis
336 1545 408 1580 indiciis
423 1545 512 1586 floruerit,
525 1555 567 1579 cum
582 1555 641 1579 annos
656 1543 758 1587 pubertatis

57 1595 113 1640 attigit
123 1597 176 1632 bonis
186 1597 257 1633 actibus
268 1597 399 1642 comprobauit.
422 1597 496 1632 Mortuo
507 1602 569 1632 autem
580 1603 631 1641 patre
643 1596 688 1640 eius,
699 1596 719 1631 in
730 1607 759 1631 re·

57 1659 111 1692 gnum
124 1650 153 1685 ei³
166 1651 264 1686 successit:
282 1651 354 1686 malens
367 1658 428 1686 tamen
444 1650 517 1686 celestis
530 1650 636 1686 hereditatis
649 1651 704 1686 heres
719 1649 759 1686 fieri

58 1712 111 1746 quam
130 1704 227 1739 hereditati
244 1705 325 1749 periture
345 1705 440 1745 adherere,
457 1704 564 1749 exemplum
584 1704 653 1739 domini
671 1709 759 1748 sequutus
769 1715 788 1745 ²5

58 1754 133 1799 imperia
150 1762 223 1793 terrena
238 1757 314 1802 respuit,
332 1758 461 1793 commutans⁸
479 1769 500 1792 ea
516 1769 551 1802 pro
567 1757 629 1792 celesti
648 1757 759 1799 hereditate;

58 1809 120 1850 regine
134 1811 188 1843 matri
204 1815 222 1843 et
237 1811 289 1853 regni
304 1811 410 1853 proceribus
425 1810 477 1854 regni
492 1809 584 1844 commisit
599 1810 686 1843 habenas.
716 1809 760 1842 Erat

59 1865 117 1894 autem
129 1863 215 1907 princeps
227 1862 306 1907 quidam,
320 1862 395 1896 nomine
406 1862 522 1896 Britht‘ardus
527 1862 538 1904 ⁷,
552 1862 594 1906 quin
607 1866 626 1896 vt
639 1861 714 1896 domino
726 1871 761 1896 suo

59 1912 77 1946 in
87 1924 144 1958 regno
154 1915 184 1951 vel
194 1914 263 1951 viuenti
274 1915 415 1950 substitueretur
424 1915 454 1950 vel
463 1921 535 1950 mortuo
545 1915 652 1950 succederet
664 1914 703 1949 siue
713 1913 761 1949 iuste

60 1965 98 2000 siue
116 1967 188 2011 iniuste,
204 1980 279 2013 operam
298 1968 422 2003 omnimodam
438 1970 482 2002 dare
496 1968 549 2012 cepit
579 1968 682 2011 Cupiditate
699 1969 761 2011 itaque
769 1978 789 2008 3⁰

60 2021 147 2062 regnandi
162 2032 268 2063 succensus,
279 2033 322 2056 ceco
337 2032 399 2056 amore
415 2021 478 2064 regine
490 2020 612 2063 succenditur,
622 2026 642 2055 vt
655 2019 671 2054 si
684 2020 708 2054 ad
721 2020 762 2054 eius

61 2072 194 2108 matrimonium
206 2079 270 2118 posset
281 2073 375 2119 attingere,
387 2084 421 2118 per
433 2085 474 2108 eam
486 2073 538 2119 regni
549 2073 672 2118 gubernacula
683 2073 761 2118 adeptus

61 2122 128 2160 facilius
141 2127 191 2171 regis
205 2137 274 2162 nomen
289 2132 437 2171 consequeretur.
459 2127 543 2171 Cumque
554 2127 577 2161 ad
589 2127 672 2171 reginam
686 2126 763 2161 nuncios

61 2176 145 2222 misisset,
156 2180 188 2215 illa
199 2180 269 2215 fraudis
282 2181 322 2216 eius
333 2181 400 2223 nescia,
412 2182 470 2215 donec
483 2190 540 2225 super
551 2180 587 2214 hiis
598 2190 640 2215 cum
651 2180 689 2214 lilio
700 2190 734 2214 suo
745 2184 764 2214 et

61 2232 166 2272 proceribus
176 2234 272 2268 consilium
280 2234 374 2268 habuisset
384 2233 525 2277 responsionem
531 2233 605 2268 distulit.
627 2233 695 2268 Beatus
703 2233 764 2276 itaque
773 2243 792 2273 ³5

62 2281 157 2319 Wistanus
171 2296 228 2331 super
239 2286 275 2321 hiis
288 2286 392 2331 requisitus,
406 2285 481 2330 spiritus
494 2286 552 2321 sancti
565 2285 623 2329 gratia
636 2285 716 2326 edoctus,
729 2284 765 2320 tale

63 2336 114 2370 matri
129 2347 162 2373 sue
178 2338 236 2374 fertur
248 2337 326 2374 'dedisse
343 2338 480 2374 consultationis
496 2349 619 2383 responsum:
639 2338 709 2373 ‘Mater
723 2349 765 2372 mea

82 2407 87 2425 ¹
96 2410 130 2440 The
138 2411 179 2444 Boll.
186 2413 228 2443 refer
235 2414 266 2444 this
274 2419 291 2444 to
296 2413 405 2444 Winwaloeus
410 2414 469 2451 junior.
527 2412 533 2430 ¹
543 2414 561 2444 Τ.
566 2413 738 2451 quadringentesimum
744 2421 765 2441 on

63 2456 107 2485 ΕΜ,
115 2459 174 2481 nonum
181 2454 261 2492 addedby
268 2454 335 2484 another
342 2454 389 2483 hand.
420 2453 509 2484 'CiVino
517 2453 559 2484 Bell,
588 2451 766 2483 ⁴Eo.inrt.ss.nott.

64 2486 102 2517 lune
110 2490 122 2519 l.
130 2500 145 2528 p.
154 2492 183 2529 83;
193 2494 269 2533 abridged
278 2494 318 2524 srom
328 2495 355 2524 the
364 2493 402 2524 Vita
412 2493 428 2523 in
441 2493 475 2525 MS.
486 2492 538 2524 Rawl
548 2493 568 2523 Α.
576 2493 611 2530 aar,
621 2493 646 2524 ed.
655 2492 719 2530 itaer-ay
728 2491 765 2522 Chr.

64 2527 391 2571 Abb.Evesham1eo3;ashortertisein
399 2533 496 2570 Harlaa53.
536 2533 618 2562 'selue
659 2531 765 2561 'Bollcom-

64 2570 161 2606 mutansque,
221 2571 453 2611 ³R.Briiardus,Britiardus.
515 2571 612 2603 'omnen

84 2622 124 2649 VOL.
133 2626 151 2654 11.
399 2629 412 2653 a
420 2619 433 2653 h
