1762 2803
60 149 195 189 asanaa]
213 139 259 194 bc
271 137 307 192 a.
319 139 451 190 uumuauu
464 148 521 200 ttae
534 142 559 190 tt
570 143 687 202 mactate.
715 144 760 196 637

61 272 116 302 autem
125 261 171 305 apud
180 260 275 304 Radynges
284 260 376 304 pugnaturi
386 260 404 294 in
413 261 488 305 quadam
496 260 552 294 insula
563 259 605 295 satis
615 260 687 294 abbacie
694 259 762 301 vicina3

61 314 139 352 conuenit
152 319 169 346 et
182 311 261 354 gencium
274 312 370 353 multitudo,
383 312 440 345 visura
454 322 506 355 quem
519 312 571 345 finem
583 322 612 345 res
624 311 717 345 sortiretur.
739 313 763 345 Et

60 369 161 403 factumest
173 373 212 395 cum
225 363 310 396 Robertus
320 362 367 396 duris
378 369 396 396 et
408 362 472 396 crebris
482 362 544 395 ictibus
553 361 624 396 viriliter
635 362 735 403 intonasset,
745 367 763 395 ct

61 419 116 451 audax
126 414 226 456 precipuum
236 413 309 446 fructum
320 413 390 446 victorie
402 413 519 455 promisisset:
532 412 619 446 Henricus
630 423 722 455 parumper
732 413 763 445 de·

61 467 119 502 ficiens
130 463 262 505 circumquaque
271 462 351 505 respexit,
361 468 378 496 et
387 473 428 496 ecce
441 463 459 496 in
470 461 544 496 confinio
555 468 599 496 terre
610 468 627 497 et
638 461 713 496 fluminis
720 461 780 502 vidit5

60 516 153 561 gloriosum
165 524 223 556 regem
235 519 252 547 et
265 512 353 547 martirem
368 513 479 547 Edmundum
494 519 579 547 armatum
593 519 676 558 tanquam
691 513 709 547 in
723 523 763 547 aere

61 568 166 606 volitantem,
174 570 190 598 et
199 573 238 597 cum
248 565 324 607 quadam
335 565 391 598 uultus
402 565 501 598 austeritate
508 574 568 597 versus
579 574 619 598 eum
631 566 692 598 crebro
701 565 763 608 capitis

61 623 109 653 motu
120 615 176 648 minas
189 614 277 648 iracundie
291 620 308 648 et
324 614 443 657 indignacione
458 615 517 658 plenas
531 614 669 657 pretendentem3
687 614 731 648 vidit
745 620 763 648 et

62 669 114 702 alium
127 676 167 698 cum
180 675 201 697 eo
212 664 284 698 militem
298 665 394 698 Gilbertum
410 665 432 697 de
445 664 518 705 Crousse,
530 675 565 697 non
578 665 633 697 solum
645 671 728 708 quantum
740 665 764 697 ad

63 768 106 802 infra
113 771 179 799 statura
186 765 274 806 minorem,
282 765 340 798 oculos
348 764 457 807 indignantes
464 770 481 798 et
489 764 580 798 iracundos
587 764 605 798 in
613 775 653 798 eum
661 771 764 799 conuertere.

64 819 98 852 Hic
112 817 135 849 ad
148 822 246 858 preceptum
259 815 312 858 ipsius
325 816 396 849 Henrici
409 815 481 849 vinculis
495 821 512 849 et
525 816 615 849 tormentis
628 816 707 858 afflictus,
718 815 765 849 diem

63 867 122 902 clausit
135 872 229 900 extremum
239 865 257 899 in
268 877 354 900 carcerem
366 866 447 907 intrusus,
457 865 548 899 occasione
559 871 576 899 et
586 866 699 900 accusacione
708 865 765 900 vxoris

63 917 140 957 Henrici,
152 928 185 959 que
198 917 284 959 propriam
296 917 392 960 nequiciam
405 917 422 950 in
435 916 545 950 innocentem
558 916 652 950 deflectens
665 916 734 950 dicebat
745 927 765 950 se

62 967 156 1010 peticiones
164 966 250 1008 precarias
258 966 330 1000 Gilberti
338 967 359 1000 de
370 966 428 999 illicito
438 976 496 1000 amore
506 976 541 999 non
551 976 602 1008 posse
614 965 704 1000 sustinere.
726 967 765 999 llos
774 977 792 1009 15

63 1018 120 1062 itaque
129 1017 200 1051 timidus
210 1017 296 1051 Henricus
306 1017 379 1059 intuens,
387 1016 476 1062 antiquum
486 1016 542 1051 scelus
551 1027 615 1051 nouum
626 1017 670 1051 serre
681 1016 765 1061 pudorem

63 1070 165 1110 recordatur,
174 1074 191 1102 et
201 1068 235 1102 iam
245 1074 291 1103 totus
303 1069 397 1112 desperans
409 1074 425 1103 et
437 1068 524 1103 racionem
535 1068 553 1102 in
565 1068 646 1111 impetum
658 1074 765 1108 conuertens,

63 1118 176 1162 inpugnantis,
191 1130 226 1152 non
244 1118 359 1160 defendentis,
374 1118 466 1161 assumpsit
484 1118 564 1152 officium.
591 1118 625 1161 Qui
644 1119 685 1152 dum
699 1118 766 1151 sortiter

63 1169 151 1212 percussit,
164 1168 226 1202 sorcius
241 1178 332 1211 percussus
346 1174 383 1210 est;
402 1173 419 1202 et
434 1169 476 1201 dum
490 1168 560 1202 viriliter
574 1168 686 1211 inpugnabat,
700 1168 766 1202 virilius

63 1219 194 1262 inpugnabatur.
217 1219 263 1260 Quid
276 1219 341 1252 multa?
356 1219 411 1253 victus
424 1218 512 1259 occubuit;
531 1224 600 1252 etcum
615 1225 693 1253 mortuus
706 1219 794 1254 crede-ao

63 1277 113 1311 retur,
121 1271 144 1303 ad
151 1280 233 1312 magnam
240 1270 342 1312 peticionem
349 1275 449 1312 magnatum
456 1269 518 1311 Anglie
529 1279 630 1304 concessum
641 1276 667 1304 est
676 1270 766 1304 monachis

63 1321 140 1355 eiusdem
151 1320 184 1353 loci
195 1325 213 1353 ut
224 1319 284 1354 darent
294 1331 355 1363 corpus
363 1320 400 1354 eius
412 1320 502 1362 sepulture.
525 1321 588 1354 Postea
598 1326 656 1354 tamen
668 1320 766 1361 conualuit3

64 1378 80 1405 et
90 1378 177 1413 resumpto
187 1371 265 1405 sanitatis
274 1372 363 1411 beneficio,
370 1372 402 1404 sub
412 1370 485 1412 regulari
495 1370 555 1404 habitu
566 1371 658 1413 superioris
669 1370 697 1404 eui
708 1371 766 1405 labem

64 1421 137 1461 detersit,
146 1426 163 1454 et
171 1421 239 1462 longam
247 1421 330 1454 dissolute
337 1420 387 1454 etatis
397 1421 511 1454 ebdomadam
519 1430 552 1453 vno
562 1420 623 1454 saltem
634 1421 694 1454 sabato
704 1430 766 1454 curans

64 1479 161 1512 venustare,
169 1471 226 1504 studia
233 1471 314 1503 virtutum
323 1470 341 1503 in
351 1472 418 1513 frugem
427 1470 514 1503 felicitatis
523 1470 600 1503 ercoluit.
613 1473 620 1511 ΙΙ
634 1471 714 1514 Quodam
724 1477 765 1504 tem·
774 1481 794 1511 ²5

64 1535 105 1567 pore
117 1534 156 1556 cum
168 1522 243 1556 venisset
256 1523 310 1555 abbas
322 1522 431 1565 Radingiam,
441 1527 459 1555 et
469 1522 539 1566 quidam
549 1522 629 1556 monachi
638 1523 675 1556 eius
685 1532 725 1555 cum
734 1532 765 1556 eo:

65 1574 137 1607 occurrit
145 1573 161 1606 ei
169 1573 212 1606 inter
219 1572 262 1606 alios
269 1573 362 1606 monachos
371 1573 403 1606 loci
415 1572 499 1614 predictus
508 1572 594 1606 Henricus
603 1573 624 1606 de
635 1572 725 1614 Estsexia;
737 1573 766 1616 qui

65 1631 116 1658 nacta
130 1623 210 1667 loquendi
226 1623 346 1665 oportunitate,
360 1624 419 1657 abbati
436 1629 453 1657 et
467 1623 546 1656 omnibus
561 1622 677 1657 assidentibus
691 1623 767 1657 narrauit

65 1675 137 1717 qualiter
145 1674 200 1706 uictus
209 1672 240 1705 fuit
248 1673 265 1706 in
277 1674 339 1714 duello,
347 1678 364 1706 et
376 1674 448 1715 qualiter
458 1678 528 1706 sanctus
538 1673 646 1713 Edmundus,
654 1679 670 1707 et
682 1674 705 1707 ob
715 1683 768 1717 quam

66 1735 141 1764 causam,
156 1722 235 1766 apparuit
253 1722 285 1756 sibi
302 1723 423 1756 comminando
438 1728 455 1756 et
473 1723 530 1765 ipsum
547 1722 623 1757 confudit
639 1723 656 1757 in
673 1723 711 1766 ipsa
725 1723 796 1762 horaao

65 1775 159 1818 pugnandi.
182 1773 234 1808 Cuius
242 1774 361 1808 narracionem
370 1773 455 1808 locelinus
462 1774 539 1816 audiens,
548 1773 565 1807 in
573 1775 641 1818 scriptis
648 1774 719 1817 redegit.

165 1886 195 1917 Da
206 1891 289 1917 vncrorrn
300 1892 361 1917 racra
373 1892 394 1916 rrr
405 1885 530 1923 warrantum
541 1891 568 1915 na
580 1884 667 1917 Cunzurr.

84 1981 185 2027 Sanqasonb
204 1956 257 2032 RE

67 2060 136 2094 Roberti
152 2061 174 2095 de
190 2062 255 2094 Curzun
271 2070 363 2100 successor,
378 2058 478 2093 hereditatis
493 2070 523 2092 sue
539 2058 670 2102 redintegrande
685 2060 768 2094 sollicitus

66 2111 205 2143 archidiaconum
214 2111 332 2152 pictauensem
342 2110 436 2142 Ricardum
447 2110 494 2149 adiit,
505 2109 534 2150 qui
545 2115 586 2141 tunc
597 2110 680 2151 temporis
691 2122 712 2143 ex
722 2111 768 2152 regis
776 2118 795 2149 35

67 2158 138 2202 imperio
144 2160 161 2193 in
167 2158 352 2202 Angliamprecipuam
360 2158 433 2192 exercuit
442 2164 550 2201 potestatem.
568 2158 705 2193 Archidiaconus
711 2159 768 2202 igitur,

67 2209 89 2243 ad
97 2221 127 2244 sue
137 2221 189 2244 cause
200 2208 324 2253 com[m]odum
335 2219 385 2252 prece
392 2208 429 2243 siue
436 2207 494 2252 precio
501 2208 598 2249 inclinatus,
606 2209 628 2244 de
636 2221 666 2244 sue
674 2210 725 2244 sortis
733 2210 769 2245 iure

67 2262 174 2303 capescenda
187 2274 198 2295 a
210 2262 280 2294 domino
293 2272 333 2303 rege
346 2260 404 2293 literas
415 2261 474 2303 quales
484 2260 537 2294 voluit
547 2260 650 2303 impetrauit.
674 2261 769 2295 Literarum

67 2319 124 2346 autem
135 2324 203 2346 summa
213 2313 245 2346 hec
255 2312 286 2347 luit
295 2319 314 2346 ut
324 2322 430 2356 quecunque,
438 2312 539 2356 vbicunque,
550 2311 721 2357 quo[modo]cunque
730 2325 768 2357 pre-

66 2363 98 2395 t'ati
105 2364 163 2395 militis
170 2364 300 2405 predecessores
308 2363 407 2402 tenuissent,
415 2363 477 2394 eadem
484 2362 526 2394 iuris
534 2364 642 2396 successione
649 2364 682 2396 sibi
690 2365 768 2397 restituta
776 2370 797 2400 40

68 2419 84 2446 et
92 2413 129 2456 ipse
136 2419 207 2446 teneret.
230 2413 285 2457 Regio
292 2413 343 2456 igitur
351 2419 427 2446 armatus
434 2419 520 2456 precepto,
529 2413 644 2457 subnixusque
651 2413 768 2448 archidiaconi

67 2464 172 2506 patrocinio:
182 2464 318 2507 prenominatam
325 2462 394 2499 villam²
401 2474 434 2507 que
443 2463 541 2499 Suthwalde
549 2463 613 2506 dicitur,
621 2464 696 2507 glorioso
702 2465 768 2500 martiri

68 2514 161 2549 Edmundo
171 2514 265 2557 antiquitus
277 2514 335 2550 votiuo
347 2514 447 2549 deuocionis
458 2526 528 2549 munere
537 2514 644 2557 peculiariter
653 2514 768 2558 ascriptam³z

264 2007 333 2051 quidam
346 2007 415 2041 nomine
427 2007 522 2041 Willelmus
535 2006 557 2041 de
570 2008 641 2048 Currun,
653 2008 767 2051 prenominati

127 2606 133 2622 ¹
144 2606 167 2636 Cl.
174 2606 223 2636 Titi.
232 2605 274 2645 1071’.
354 2605 361 2624 ²
371 2606 402 2636 Tit.
410 2605 484 2646 predium.
563 2605 570 2622 ³
580 2606 614 2637 MS.
621 2607 709 2647 ascriptum.
