1762 2803
91 110 133 164 298
281 108 361 161 anua
376 104 600 168 tremutantia.

90 235 162 274 patrem
174 240 227 264 suum
239 229 303 264 affatur
314 229 385 264 verbis:
398 229 466 273 ‘Regis
478 228 532 262 huius
544 227 628 262 nobilitas
639 239 670 262 rne
681 228 749 263 Christi
760 239 791 263 an-

91 284 152 317 cillam
160 284 245 316 comitem
253 283 287 316 sibi
298 282 383 326 suspirat,
391 284 487 326 coniugem
495 282 553 325 querit
559 281 569 314 ¹.
592 281 609 314 Ο
617 292 671 325 quam
680 282 735 315 stulta
743 292 791 315 com-

92 338 172 378 mutatio,
183 347 237 379 quam
249 336 356 370 detestanda
368 336 449 378 stulticia,
462 346 516 379 quam
527 335 647 369 intollerabile
659 336 765 379 dampnum,
776 335 792 369 si

92 400 126 433 pro
141 389 239 423 celestibus
254 393 333 429 terrena,
347 399 382 431 pro
397 389 465 422 eternis
482 388 585 421 transitoria
603 388 713 430 suscipiam!
737 387 792 421 Hunc

75 452 84 482 5
92 448 154 475 tamen
163 441 203 474 licet
211 441 341 483 transitorium,
349 440 391 474 licet
399 445 498 481 terrenum,
506 441 602 483 coniugem
610 439 702 483 accipiam,
711 439 727 473 si
736 439 755 472 in
764 439 793 472 dei

93 494 120 528 sui
128 498 218 538 potestate
226 493 260 527 hoc
269 494 344 537 lignum,
349 499 437 538 quantum
445 505 492 538 opus
499 499 533 536 est,
539 493 626 537 elongare
632 494 701 527 orando
710 493 792 527 sufficiat.

93 547 194 589 Sinautem,
202 548 287 580 intactam
298 558 328 580 me
339 548 439 592 relinquat.¹
462 548 504 580 Rex
514 553 575 581 autem
587 547 686 580 conditioni
697 551 793 590 congratu-

93 601 138 643 lans,
147 600 212 636 leuiter
219 601 238 634 in
245 601 275 635 dei
285 600 314 634 sui
321 606 411 645 potestate
419 601 453 635 hoc
461 607 533 644 patrare
544 602 630 645 sperauit,
638 602 671 636 sed
678 612 794 645 nequaquam

93 654 140 688 vllus
153 654 229 689 deorum
242 665 317 689 suorum
331 655 365 688 hoc
377 655 442 697 iacere,
455 656 496 689 licet
509 655 608 698 plurimum
620 656 721 696 inuocatus,
732 655 794 687 valuit.

67 718 85 740 ιο
93 707 177 741 Accessit
185 707 234 740 enim
242 712 260 740 et
269 708 328 751 capite
338 707 382 751 ligni
390 708 460 742 eleuata
468 718 534 751 preces
545 718 606 742 coram
614 708 649 741 diis
659 708 698 741 suis
705 707 794 750 prolixius

93 761 112 794 in
117 770 185 795 vanum
190 760 258 802 effudit,
265 766 283 794 et
289 761 374 795 omnibus
381 761 494 795 intuentibus
499 761 613 795 verecundus
620 760 708 794 abscessit
713 760 724 794 ².
737 759 794 803 Virgo

93 814 148 856 igitur
163 818 226 847 sancta
243 818 305 846 mente
320 815 442 857 congaudens,
458 814 520 846 celesti
535 813 680 847 manifestatione
695 813 718 846 ab
733 812 795 846 illicito

94 865 177 910 coniugio
193 875 213 899 se
229 865 323 899 liberatam
338 865 451 900 exclamauit.
477 865 500 899 Et
515 866 605 900 accedens
619 866 642 899 ad
658 865 733 909 lignum,
748 864 795 898 iacta

95 918 181 960 oratione,
189 929 232 961 pars
240 918 280 953 eius
290 919 375 963 opposita
384 930 405 953 se
415 930 489 953 sursum
496 919 572 954 eleuans
579 920 598 952 iu
606 924 677 952 tantum
684 919 795 962 producitur,

68 976 114 1015 15vt
129 972 195 1005 ceteris
210 971 280 1015 equalis
295 977 325 1006 aut
340 973 398 1006 maior
412 972 524 1016 longitudine
539 971 642 1015 videretur·‚
660 976 678 1006 et
693 981 729 1015 que
744 971 795 1015 prius

96 1025 161 1059 ceteris
176 1035 291 1069 nequaquam
306 1026 387 1070 adaptari
402 1030 478 1070 poterat,
493 1030 536 1060 tune
551 1025 610 1070 aptior
625 1025 675 1070 operi
690 1024 796 1060 habebatur.

97 1070 206 1113 Oratorium
214 1080 263 1112 enirn
271 1089 325 1113 suum
333 1080 408 1123 rupibus
417 1090 534 1123 suspensum,
542 1078 588 1113 mari
596 1078 741 1123 supereminens,
749 1089 796 1122 aque

96 1132 154 1165 dulcis
167 1130 253 1174 suffragio
267 1133 329 1165 caruit.
352 1132 375 1166 Et
388 1143 430 1166 cum
443 1134 466 1166 de
482 1133 581 1176 longinquo
596 1133 721 1165 ministrorum
735 1131 796 1165 labore

96 1193 143 1228 aqua
156 1183 263 1226 deferretur,
275 1184 419 1220 ministrantium
430 1185 517 1220 miserata
528 1185 600 1220 labores
613 1184 725 1228 liquorisque
738 1195 796 1227 penu·

69 1252 88 1272 20
96 1237 147 1278 riam,
155 1236 237 1281 perrexit
246 1238 269 1271 ad
276 1237 351 1280 sontem,
359 1248 394 1281 per
404 1239 487 1282 spacium
497 1238 569 1272 miliarii
576 1238 630 1272 vnius
638 1243 669 1271 aut
679 1249 701 1272 eo
712 1237 796 1281 amplius,

96 1288 115 1322 in
125 1289 168 1323 villa
178 1290 264 1323 Swectofi
275 1289 355 1332 nomine,
364 1291 428 1324 baculo
438 1291 550 1334 precedente
559 1290 598 1324 eius
610 1291 684 1324 ductum
695 1290 747 1334 quasi
755 1289 797 1324 viue

96 1341 146 1375 vocis
159 1341 240 1376 iussione
254 1343 277 1376 ab
290 1342 358 1377 infimis
371 1344 395 1377 ad
408 1354 486 1386 summa,
498 1354 533 1388 per
547 1354 603 1388 rupes
614 1348 633 1378 et
644 1353 731 1378 saxorum
742 1342 797 1378 verti-

96 1395 155 1438 gines,
163 1396 186 1430 ad
194 1395 293 1430 oratorium
302 1406 356 1430 suum
364 1396 455 1441 perduxit,
463 1402 481 1430 et
493 1396 598 1431 hominibus
609 1402 628 1431 et
639 1396 726 1431 iumentis
737 1396 798 1440 poculi

97 1449 200 1492 largitatem
212 1449 256 1482 dare
267 1449 381 1484 abundanter
393 1460 429 1484 non
442 1449 526 1485 cessauit.
549 1450 617 1494 Sicque
628 1449 713 1494 precibus
721 1448 798 1494 virginis

71 1511 89 1541 25
98 1507 161 1536 sancte
172 1512 219 1545 aqua
231 1507 294 1536 contra
305 1502 333 1536 sui
345 1507 429 1537 naturam
440 1503 528 1544 ascendit,
538 1509 561 1544 et,
571 1503 620 1547 quod
631 1503 758 1538 vehementius
770 1509 798 1537 est

98 1554 207 1595 mirandum,
215 1565 249 1598 per
258 1565 324 1599 aquam
333 1554 412 1589 alienam
423 1555 473 1590 riuus
484 1556 575 1591 transiens
586 1567 662 1599 prorsus
670 1555 722 1599 quasi
732 1556 799 1591 intacta

99 1613 118 1641 ct
129 1606 213 1641 immixta
222 1609 322 1651 perdurare
334 1607 418 1642 ceruitur.
441 1608 488 1642 Mira
499 1619 541 1643 res:
553 1608 635 1652 Virginis
645 1609 736 1652 precibus,
744 1620 799 1652 quam

99 1665 171 1693 creator
183 1670 228 1692 suus
237 1660 315 1693 iusserat
324 1671 336 1693 a
346 1660 410 1693 mundi
421 1660 512 1705 principio
523 1662 637 1694 descendere
646 1661 705 1703 aqua³
715 1661 799 1695 ancillam

100 1712 182 1755 sequitur
197 1711 252 1745 etiam
265 1712 339 1746 contra*
351 1717 440 1755 naturam,
452 1705 547 1747 dominum
561 1712 616 1746 oblita
629 1712 684 1747 etiarn
697 1713 716 1746 in
730 1718 800 1747 natura.

72 1773 92 1803 30
99 1764 172 1799 Ancilla
183 1763 252 1798 domini
263 1764 316 1798 iussit
324 1770 343 1799 vt
354 1770 468 1809 sequeretur,
476 1771 495 1800 et
506 1766 540 1800 hec
550 1765 619 1800 audiuit
629 1770 692 1800 secuta
701 1766 800 1800 iubentem.

100 1810 185 1862 Contigit
193 1817 242 1852 enim
253 1829 307 1862 agros
316 1829 360 1852 suos
370 1818 465 1863 multiplici
476 1819 538 1853 auium
549 1830 617 1863 genere
627 1825 645 1854 et
656 1819 725 1853 fructus
736 1830 800 1853 eorum

99 1871 176 1913 absumi,
184 1875 203 1905 et
213 1871 238 1905 sic
249 1871 321 1906 labores
331 1871 427 1906 hominum
435 1872 529 1906 denudari.
553 1872 603 1907 Inter
614 1877 685 1907 ceteras
694 1883 738 1907 vero
750 1883 800 1914 aues,

100 1935 136 1967 que
150 1928 206 1968 gente
218 1929 307 1959 vocantur
322 1925 422 1968 plurimum
437 1925 486 1969 agris
501 1936 568 1960 nocere
584 1926 720 1968 presumebant.
743 1924 801 1970 Virgo

100 1982 161 2011 autem
170 1976 237 2011 Christi
249 1989 293 2012 aues
304 1977 357 2012 iussit
369 1978 480 2022 congregari,
489 1983 507 2012 et
519 1979 538 2012 in
549 1978 625 2013 nomine
637 1978 706 2012 domini
717 1978 736 2012 in
746 1979 802 2012 domo

73 2040 91 2071 35
100 2031 179 2073 quadam
193 2029 266 2065 includi.
290 2031 313 2064 Et
328 2042 371 2066 ecce
384 2042 433 2075 aues,
446 2043 482 2076 que
494 2033 557 2066 volare
568 2036 653 2075 poterant
665 2042 699 2076 per
711 2036 801 2073 naturam,

101 2083 152 2118 iussu
167 2083 243 2127 virginis
258 2094 324 2118 manus
341 2084 435 2118 hominurn
451 2085 503 2128 quasi
518 2084 618 2118 domestice
633 2089 740 2128 sequuntur.
763 2084 802 2118 Sub

101 2136 149 2170 illius
161 2146 205 2171 vero
217 2136 276 2170 noctis
288 2137 375 2179 custodia,
388 2148 436 2171 noue
448 2137 509 2171 carnis
522 2138 624 2181 gaudentes
637 2136 703 2179 edulio,
715 2142 753 2170 tres
767 2136 802 2170 sibi

101 2188 180 2223 ministri
188 2199 253 2232 parare
261 2200 297 2223 non
305 2190 416 2224 metuebant.
437 2189 492 2225 Mane
497 2200 541 2224 vero
549 2189 622 2234 pietatis
630 2195 721 2223 commota
728 2189 803 2224 visceri·

101 2242 136 2276 bus
148 2241 215 2277 famula
223 2241 291 2276 Christi
301 2243 324 2277 ad
336 2243 396 2277 locum
404 2242 435 2278 vbi
444 2243 515 2277 incluse
526 2249 578 2277 erant
588 2242 683 2287 processit,
691 2248 710 2277 et
718 2242 803 2276 omnibus

74 2295 187 2336 40euolandi
202 2295 305 2330 libertatem
320 2296 407 2330 exhibuit.
435 2297 476 2339 Que
490 2297 552 2332 statim
568 2307 579 2331 a
594 2306 667 2331 carcere
683 2305 763 2340 egresse,
775 2294 803 2329 in·

102 2348 184 2383 auditum
195 2349 288 2391 planctum
300 2349 347 2384 circa
358 2351 433 2384 domum
444 2350 541 2385 volitantes
554 2350 656 2390 ediderunt,
668 2349 706 2383 alas
717 2349 803 2384 reuerbe-

103 2407 149 2443 rant,
158 2407 234 2445 questus
244 2402 363 2446 ingeminant,
371 2408 389 2437 et
399 2403 482 2447 neglecto
494 2414 569 2437 recessu
580 2414 613 2447 pro
624 2403 678 2436 modo
688 2401 803 2445 querentium

104 2453 208 2495 musitant⁵‚
224 2465 245 2489 ac
263 2455 279 2490 si
298 2455 365 2500 aliquid
382 2456 493 2491 amisissent.
521 2456 599 2490 Miratur
614 2455 643 2490 dei
661 2454 728 2489 famula
744 2455 804 2499 queri·
857 2461 858 2464 ’

103 2524 240 2594 ³:Eijqiiterittun
288 2525 322 2555 ²13.
330 2526 402 2557 abcessit.
449 2525 665 2563 ³T.E.aquadescendero.
713 2523 746 2553 ⁴T.
755 2528 804 2555 extra.

134 2573 223 2594 musian-
