1762 2803
117 98 162 152 476
310 96 389 148 tunna
405 93 521 157 tarenta
536 95 629 157 angue

118 222 136 249 et
144 217 247 259 productas,
256 226 321 250 nasum
329 217 416 250 decenter
425 217 444 249 in
455 221 538 250 extremo
549 227 653 260 recuruum,
661 222 743 250 mentum
754 226 820 260 angus·

118 274 162 310 tum,
170 269 246 302 barbam
254 268 346 311 copiosam
355 274 373 302 et
381 269 511 313 aliquantulum
520 270 593 313 longam
602 281 606 311 ;
616 280 638 303 os
645 275 684 304 erat
691 270 764 310 decenS,
772 269 820 302 labia

118 321 207 355 tumentia
214 323 313 364 moderate,
322 321 427 366 capillatura
435 322 499 366 capitis
510 327 528 357 et
537 322 593 357 barbe
604 322 623 357 in
633 321 727 356 iuuentute
736 320 793 366 nigra,
801 322 820 356 in

119 379 213 409 senectute
219 385 253 418 per
259 374 346 409 caniciem
353 375 441 409 candida¹
448 389 452 418 ;
464 375 530 409 collum
537 375 615 409 habebat
622 377 684 418 breue,
690 377 723 410 sed
730 386 821 419 grossum,

101 428 172 466 stibias
186 428 256 462 modice
269 428 379 472 quantitatis,
393 430 465 472 plantas
481 429 549 472 pedum
563 429 654 470 incuruas,
670 440 730 473 genua
744 434 821 474 propter

119 482 225 525 frequentes
238 480 382 525 geniculationes
392 481 460 516 callosa
470 489 488 515 et
499 483 549 516 dura.
572 482 640 526 Sepius
649 482 724 526 [enim]'²
732 483 820 516 Sanctum

119 534 214 568 Andream
222 533 241 567 in
250 533 311 568 Scotia
319 534 400 569 inuisere
408 540 426 569 et
433 541 474 569 vota
485 536 557 569 soluere
567 535 667 570 consueuit.
713 528 737 569 ln
748 535 820 578 negoci-

119 589 167 621 ando
176 587 270 621 sexdecim
279 598 337 621 annos
348 588 440 632 expleuit:
452 594 469 622 et
481 588 624 622 Hierosolimam
632 588 751 632 proficiscens
760 588 821 633 sepul-

119 642 183 674 chrum
192 640 261 674 domlni
268 640 353 675 uisitauit.
369 642 408 676 Nec
416 643 473 676 multo
481 641 535 685 post²
542 642 565 675 ad
574 642 662 675 Sanctum
671 641 762 685 Egidium,
768 647 786 675 et
794 641 820 674 in-

92 704 111 725 10
119 695 142 727 de
154 693 234 727 Romam
243 694 336 736 profectus
346 700 379 727 est,
403 694 485 727 Rediens
493 704 542 735 vero,
551 694 591 737 pari
601 693 698 727 deuotione
707 699 771 735 tactus,
779 703 821 727 curn

120 751 177 779 matre
190 745 304 779 Londoniam
316 746 371 789 venit,
383 747 414 782 vbi
431 751 490 781 mater
501 746 578 790 vestigia
594 747 671 789 nudans,
685 746 764 781 Romam
779 758 821 780 curn

120 800 156 832 filio
164 799 218 832 nudis
227 799 305 842 pedibus
313 799 404 841 visitauit3
417 799 507 833 Godricus
515 799 609 833 humiliter
616 801 721 843 obsequens
733 798 821 843 genitrici,

120 863 162 886 eam
180 852 294 895 supportauit
313 852 401 894 humeris,
420 853 505 897 quotiens
524 852 622 887 difficultas
641 853 713 887 itineris
732 852 821 897 exigebat.

121 904 188 939 Mulier
196 905 245 938 enim
254 905 315 949 magni
327 906 398 940 decoris
409 917 434 940 ex
443 905 549 950 improuiso,
557 917 599 940 cum
610 906 688 940 Romam
698 911 788 950 peterent,
799 906 822 940 ad

94 969 111 999 15
121 970 153 992 eos
162 959 240 993 accessit
251 964 269 992 et
279 958 315 992 illis
324 970 386 993 comes
397 959 438 993 iieri
449 960 555 1003 suppliciter
565 959 658 1002 ssagitauit,
669 965 687 993 et
698 959 717 992 in
729 959 822 1002 obsequiis

121 1021 186 1044 eorum
202 1011 280 1054 diligens
295 1017 313 1045 et
326 1013 392 1045 deuota
404 1011 510 1056 permansit.
534 1012 581 1046 Nam
595 1013 653 1055 pedes
668 1022 732 1045 eorum
743 1011 792 1052 lauit,
804 1016 822 1044 et

121 1064 183 1099 oscula
194 1065 273 1108 pedibus
284 1064 390 1109 impressit:
402 1077 436 1100 nec
447 1066 470 1100 ab
482 1064 523 1108 illis,
531 1076 573 1109 que,
581 1066 611 1100 vel
621 1066 670 1100 vnde
682 1070 736 1105 esset,
744 1064 822 1099 interro·

121 1124 163 1162 gata
178 1117 216 1151 fuit.
244 1118 291 1152 Cum
306 1129 351 1152 uero
366 1119 465 1152 redeuntes
481 1118 582 1152 Londoniis
598 1117 772 1162 appropinquarent,
788 1118 822 1152 hec

121 1171 178 1205 verba
189 1170 275 1214 protulit:
287 1171 352 1214 ‘Ecce,
361 1171 416 1205 totius
427 1171 498 1205 itineris
510 1171 590 1216 pericula
601 1182 636 1217 per
647 1170 676 1206 dei
690 1170 767 1215 gratiam
780 1181 823 1206 eua-

95 1239 113 1259 20
122 1225 176 1266 sistis,
185 1229 203 1257 et
210 1230 271 1259 vestre
279 1225 326 1259 fines
334 1225 394 1269 patrie
402 1225 438 1259 iam
446 1225 513 1259 tenetis
521 1238 525 1260 :
537 1230 611 1270 tempus
620 1231 674 1260 estut
682 1236 716 1269 ego
724 1225 766 1259 illuc
774 1224 823 1259 uude

121 1289 163 1313 sum
174 1278 257 1322 digressa
268 1278 366 1322 regrediar.
389 1278 428 1312 Vos
440 1280 495 1312 deum
507 1279 615 1320 benedicite,
623 1277 654 1323 qui
665 1283 762 1322 sperantes
772 1277 790 1311 in
802 1288 823 1311 se

122 1343 159 1366 non
168 1331 240 1373 deserit,
249 1331 329 1375 insuper,
338 1333 387 1375 quod
398 1332 491 1376 apostolos
500 1332 560 1366 Rome
570 1331 677 1375 postulastis
685 1330 763 1365 efficiet?
780 1330 824 1364 Post

122 1386 156 1419 hec
172 1384 261 1426 discessit,
274 1395 308 1418 nec
323 1396 404 1427 vnquam
419 1390 489 1427 postea,
502 1386 551 1418 vnde
565 1385 648 1418 venisset
662 1385 691 1418 vel
707 1394 743 1426 quo
759 1383 823 1416 iuisset

122 1437 204 1470 innotuit.
228 1437 267 1471 Nec
278 1436 342 1480 aliquis
350 1437 373 1470 de
384 1437 469 1470 comitatu
478 1447 519 1470 eam
527 1436 590 1470 videre
602 1436 664 1482 potuit.
699 1428 771 1471 Omnia
782 1441 823 1480 post

95 1504 113 1532 25
122 1491 162 1532 hec,
178 1502 213 1533 que
228 1489 342 1533 acquisierat,
357 1491 439 1524 vendidit
457 1497 475 1524 et
493 1491 606 1534 pauperibus
625 1490 722 1534 errogauit,
737 1494 755 1523 et
774 1490 823 1534 apud

123 1544 226 1578 Carleolum
234 1544 316 1586 veniens,
324 1554 395 1587 pauper
403 1549 421 1577 et
429 1543 499 1577 cunctis
509 1543 611 1587 incognitus
622 1555 692 1578 moram
704 1543 750 1577 fecit.
773 1542 824 1577 Psal-

120 1608 163 1642 ¹mos
171 1597 196 1631 ita
204 1596 300 1640 diligenter
308 1597 374 1638 didicit,
383 1598 431 1641 quod
439 1597 458 1631 ln
467 1596 520 1631 breui
531 1597 638 1641 psalterium
648 1602 706 1631 totum
716 1596 825 1631 memoriter

124 1651 186 1685 tenuit.
210 1650 297 1684 Sentiens
312 1655 378 1692 autem,
391 1661 433 1684 esse
447 1651 577 1684 detrimentum
592 1650 654 1684 anime
669 1650 758 1684 honorem
773 1650 824 1684 illum

124 1714 179 1748 quem
191 1703 271 1738 etmulti
288 1704 313 1737 ibi
324 1703 437 1745 deferebant,
449 1704 514 1738 siluam
525 1705 576 1737 solus
588 1704 667 1747 expetiit,
680 1709 698 1737 et
710 1704 825 1737 siluestribus

96 1771 115 1799 30
125 1757 188 1790 herbis
201 1762 218 1790 et
229 1757 317 1790 fructibus
328 1757 385 1790 uitam
398 1756 454 1791 duxit,
479 1757 539 1791 Sedes
552 1756 568 1789 ei
581 1760 630 1791 certa
642 1767 679 1790 non
688 1760 731 1798 erat,
743 1756 776 1790 sed
787 1755 824 1790 vbi·

123 1821 195 1854 cunque
209 1820 246 1843 nox
257 1821 303 1843 *eum
319 1811 424 1854 occupabat,
440 1810 458 1843 in
474 1810 591 1851 orationibus,
605 1814 693 1853 quantum
709 1810 826 1853 permittebat

124 1864 203 1898 humana
211 1862 304 1906 fragilitas,
312 1863 435 1907 pernoctabat.
459 1863 561 1907 Serpentes
569 1868 587 1897 et
594 1863 633 1897 fere
641 1863 755 1905 accedentes,
763 1863 825 1906 ipsum

123 1917 191 1951 diutius
206 1917 328 1958 intuebantur,
342 1921 360 1950 et
375 1927 419 1949 mox
434 1928 476 1950 cum
492 1916 542 1950 omni
557 1916 698 1949 mansuetudine
710 1917 826 1949 recedebant,

123 1969 160 2003 Vix
176 1969 265 2002 decimam
281 1968 335 2003 stadii
350 1969 456 2013 pertransiit
471 1969 559 2013 partem³,
575 1969 619 2012 quin
634 1969 664 2003 vel
680 1967 728 2012 genu
744 1969 793 2002 ssexo
808 1974 826 2002 et

97 2033 114 2062 35
124 2023 208 2056 manibus
222 2022 303 2064 eleuatis,
315 2022 345 2055 vel
359 2022 409 2055 humi
422 2026 524 2066 prostratus
539 2027 604 2056 oraret.
626 2021 710 2057 Tandem
725 2020 826 2056 solitarium

124 2076 217 2120 quendam
224 2086 334 2119 progressus
342 2075 423 2109 inuenit:
435 2075 464 2109 cui
472 2085 531 2109 senex
538 2075 623 2119 ingresso
631 2074 650 2108 in
659 2075 766 2119 speluncam
774 2085 826 2108 suam

124 2129 148 2163 ait
156 2141 160 2163 z
173 2131 177 2147 ‘
185 2128 235 2162 Bene
243 2128 312 2169 venias
320 2128 376 2162 frater
387 2128 466 2162 Godrice
472 2131 488 2170 ’ς
500 2133 519 2162 et
529 2129 570 2163 ille:
582 2128 616 2161 ‘Et
627 2134 646 2161 tu
654 2128 702 2161 bene
709 2128 767 2169 viuas,
775 2134 828 2171 pater

124 2183 193 2217 Ailrice
199 2183 268 2215 ¹-cum
276 2181 310 2216 sibi
318 2186 381 2216 essent
389 2181 468 2215 inuicem
476 2186 530 2215 antea
537 2192 614 2225 prorsus
622 2181 684 2225 ignoti.
700 2181 723 2214 Et
730 2181 748 2214 in
754 2186 827 2215 mutuos

125 2242 199 2270 ruentes
215 2235 318 2278 amplexus,
334 2245 367 2279 pre
379 2235 445 2278 gaudio
460 2234 601 2277 lachrymantur.
630 2234 670 2268 ‘Ad
684 2235 719 2268 hoc
731 2245 757 2275 es,
770 2233 828 2277 inquit

97 2304 117 2332 4⁰
126 2300 189 2330 senex,
197 2288 266 2321 missus
274 2298 285 2320 a
294 2289 333 2329 deo,
342 2292 361 2321 vt
369 2287 438 2320 monita
448 2286 512 2321 salutis
522 2288 606 2329 edoceas,
615 2292 634 2321 et
645 2297 713 2331 corpus
725 2287 759 2320 hoc
770 2285 828 2320 senile

126 2342 215 2385 sepelias’
243 2341 309 2375 Nullus
324 2340 352 2375 eis
367 2346 406 2375 erat
421 2340 505 2374 minister
519 2346 549 2374 aut
565 2340 631 2383 socius,
647 2341 680 2374 sed
695 2340 731 2385 ipsi
746 2339 828 2374 certatim

126 2395 205 2429 inuicem
221 2394 353 2429 ministrabant.
405 2386 456 2428 Cum
471 2400 533 2427 autem
548 2404 606 2427 senex
626 2398 723 2436 egrotaret,
739 2392 828 2425 Godricus

126 2448 200 2481 assidue
208 2446 225 2481 ei
233 2446 349 2486 ministrauit,
358 2445 447 2490 egrotanti
454 2445 534 2488 assedit3
547 2451 565 2480 et
573 2445 620 2479 intra
631 2457 652 2479 se
662 2445 717 2479 dixit:
730 2445 787 2478 ‘Volo
795 2454 829 2487 per

127 2500 157 2533 dei
169 2499 246 2543 gratiam
258 2499 277 2533 in
288 2499 327 2542 isto,
336 2498 438 2533 cuiusmodi
450 2498 473 2532 sit
484 2498 572 2534 transitus
584 2497 663 2534 hominis
675 2498 731 2533 vitam
743 2496 829 2538 finientis,

148 2565 153 2582 ¹
164 2565 181 2594 E.
189 2565 275 2594 candidam.
371 2564 377 2582 ²
387 2574 406 2593 so
413 2564 430 2594 T.
439 2574 442 2600 ;
453 2573 483 2593 om.
492 2564 508 2593 in
516 2564 533 2594 E.
625 2564 631 2581 ³
641 2563 659 2593 T.
667 2567 727 2601 partem
734 2561 829 2600 pertransiit.
