1762 2803
77 129 238 171 irs-nuruis]
304 120 367 174 diitu
382 119 419 174 θ.
434 119 580 179 tremuisti.
733 124 778 177 693

76 242 124 276 milia
134 253 174 277 cum
184 254 206 277 eo
216 249 314 287 pugnatura
324 249 409 288 putarent.
431 244 475 279 Fide
486 243 537 288 igitur
549 243 626 277 munitus
638 241 751 286 progreditur,
762 248 779 276 et

76 305 87 325 a
95 293 155 335 paucis
162 293 237 327 hostium
245 294 337 327 multitudo
345 307 379 328 non
386 294 465 328 timetur:
477 295 509 328 sed
519 305 559 327 cum
570 294 593 327 ad
605 294 663 327 hostes
672 292 779 334 perueniunt,

76 348 143 385 patrem
154 343 191 376 eius
204 355 243 376 cum
254 344 328 376 exercitu
339 344 433 377 christiano
446 344 481 377 iam
491 344 514 377 ab
525 343 603 377 hostibus
614 348 718 385 prostratum
731 341 779 374 inue-

76 391 130 425 niunt.
153 392 209 426 Huius
216 394 301 427 aduentus
308 394 381 436 paganis
389 394 461 428 ducibus
468 393 563 435 nunciatur,
571 400 589 427 et
600 400 687 428 tantorum
694 391 779 427 exercitus

76 442 94 475 in
109 453 203 486 paucorum
217 455 253 477 non
267 444 377 477 mediocriter
395 445 456 479 timore
470 445 548 478 deicitur.
574 445 653 478 Nuncios
668 444 720 487 igitur
738 451 796 481 suoss

77 493 157 534 Hinguar
166 499 183 526 et
192 495 258 527 Hubba
268 494 291 527 ad
299 494 345 536 regis
355 494 409 528 filium
418 495 546 528 Freernundurn
557 495 638 529 mittunt:
650 500 669 528 vt
679 494 693 528 si
703 504 743 528 curn
753 493 778 528 eis

76 552 138 584 pacem
150 543 214 576 habere
227 543 304 584 uoluerit,
317 550 335 577 et
348 543 388 577 fidei
403 544 496 577 christiane
509 544 593 578 contraire
608 544 696 587 placuerit,
708 555 748 578 eum
760 543 778 577 in

76 591 154 625 amicicie
168 592 244 634 graciam
259 593 353 636 suscipient
359 593 370 635 ¹,
385 598 402 627 et
417 593 470 627 totius
484 593 547 635 Anglie
565 594 679 638 principatum
694 593 779 637 ydolatrie

76 642 142 685 legibus
157 643 227 677 subdito
241 644 350 678 concorditer
364 643 448 678 tradent².
471 643 580 677 Nunciorum
594 645 647 677 uerba
659 645 778 678 Freemundus

75 699 95 726 ut
106 693 178 736 audiuit,
189 694 274 737 promissa
284 694 349 736 derisit,
358 705 429 737 regnum
441 694 511 738 spreuit,
520 693 548 727 dei
559 694 626 737 legibus
637 694 683 727 nolle
693 694 778 728 contraire
787 706 807 728 ro

75 744 169 786 respondit
192 745 240 778 Dixit
248 745 294 778 enirn
301 756 336 779 non
344 756 375 789 pro
382 755 436 787 regno
443 750 512 779 terreno
520 744 537 777 in
544 754 621 787 pugnarn
628 745 721 787 procedere
728 746 778 784 uelle,

76 794 107 826 sed
114 800 174 826 contra
182 794 210 827 dei
218 796 282 835 hostes,
290 801 308 827 ut
315 807 346 828 eos
354 795 427 838 puniret,
434 795 521 827 dimicare
543 795 571 834 Et,
579 794 621 836 quid
628 794 705 836 pluribus
712 794 780 826 morer?

76 848 146 885 vterque
152 844 236 878 exercitus
242 844 264 878 ad
270 855 345 887 pugnarn
351 851 432 888 paratum
442 845 473 878 sed
480 844 524 878 sicut
532 843 588 886 angeli
594 854 637 878 uoce
642 843 779 886 promittebatur,

76 899 117 936 quot
128 894 183 928 socios
191 895 309 928 Freemundus
320 905 379 929 secum
389 895 470 936 habebat,
478 901 503 929 tot
514 894 562 928 milia
572 900 631 928 contra
641 904 660 928 se
670 894 779 928 Freemundo

76 944 93 977 in
105 944 185 978 auxilium
195 945 264 979 uenisse
275 956 381 989 paganorum
394 944 477 979 exercitus
490 944 549 979 uidere
562 944 638 989 putabat.
660 944 779 978 Freemundus
788 953 807 986 15

75 995 133 1038 itaque
146 995 196 1029 miles
209 996 338 1038 illustrissimus,
350 998 389 1040 plus
402 996 436 1030 fide
448 1006 500 1040 quam
513 996 566 1030 armis
579 1005 655 1037 securus,
668 996 727 1030 hostes
741 995 779 1030 sine

76 1055 125 1077 mora
137 1046 246 1086 aggreditur:
262 1052 279 1078 et
291 1046 333 1088 quia
344 1056 384 1078 eurn
397 1046 465 1078 celestis
478 1045 536 1087 gracia
548 1045 644 1086 comitatur,
656 1055 695 1077 cum
706 1045 780 1078 ducibus

76 1094 112 1129 suis
125 1094 174 1128 citius
186 1095 254 1129 hostilis
267 1095 350 1129 exercitus
363 1101 419 1129 morte
431 1096 504 1139 punitur.
526 1095 577 1128 Talia
590 1101 630 1129 sunt
645 1095 672 1128 dei
685 1094 778 1128 miracula!

76 1146 116 1179 Hec
125 1156 161 1178 non
173 1146 262 1179 hominurn
274 1147 306 1179 sed
315 1153 342 1180 cst
355 1146 419 1180 Christi
429 1147 505 1187 uictoria,
516 1152 535 1179 ut
544 1146 582 1189 ipse
592 1156 632 1180 curn
644 1145 711 1179 duobus
722 1145 779 1186 sociis,

75 1201 93 1228 et
113 1205 153 1228 cum
172 1196 233 1237 viginti
253 1196 321 1230 duobus
340 1196 439 1230 hominibus
459 1196 488 1239 qui
507 1206 546 1229 eum
567 1195 649 1238 quesitun'
667 1195 779 1234 aduenerant,
787 1210 807 1231 πο

76 1245 190 1288 quadraginta
204 1245 280 1280 hostiurn
296 1246 344 1280 milia
359 1253 480 1290 presumeret,
496 1252 513 1280 et
529 1246 592 1280 Christi
609 1246 672 1280 uirtute
689 1245 779 1279 uictoriam

76 1295 165 1338 optineret.
184 1296 265 1339 Quodne
272 1296 317 1330 forte
325 1297 404 1340 cuiquam
411 1296 430 1329 in
437 1296 508 1330 dubium
515 1296 578 1338 ueniat,
586 1296 608 1330 de
615 1296 668 1330 ueteri
676 1301 780 1330 testamento

75 1346 116 1379 huic
130 1345 185 1379 simile
199 1346 300 1381 miraculum
315 1346 422 1389 proferimus,
437 1352 455 1381 et
470 1347 493 1380 ad
510 1346 550 1380 fidei
568 1346 686 1381 credulitatem
702 1345 779 1380 ueritatis

76 1395 174 1429 testimonio
187 1397 314 1429 confirmamus.v
334 1397 364 1430 Ait
377 1397 423 1429 enim
439 1398 509 1440 Moyses
522 1396 540 1429 in
555 1397 612 1430 uerbis
626 1396 688 1430 cantici
701 1396 727 1430 sui
739 1395 779 1429 tiliis

77 1447 141 1481 Israel:
153 1448 278 1491 ‘Persequetur
287 1458 331 1481 unus
340 1459 361 1482 ex
370 1448 421 1482 uobis
430 1448 482 1488 mille,
490 1454 507 1482 et
516 1447 551 1481 duo
561 1458 581 1481 ex
592 1448 642 1482 uobis
651 1448 711 1481 decern
721 1448 779 1481 milia'
788 1459 806 1489 ²⁵

76 1498 100 1530 Et
110 1498 127 1530 in
138 1498 224 1532 Leuitico:
238 1499 374 1541 ‘Persequentur
382 1498 458 1541 quinque
467 1499 489 1532 de
499 1498 560 1532 uestris
569 1505 644 1539 centum,
652 1504 668 1531 et
679 1504 748 1531 centum
758 1509 779 1531 ex

76 1548 126 1580 uobis
139 1548 200 1580 decem
212 1547 269 1581 milia?
291 1549 332 1581 Non
347 1549 393 1582 enim
408 1555 434 1581 est
447 1547 545 1582 differencia
558 1548 576 1581 in
591 1554 685 1590 conspectu
699 1547 727 1580 dei
742 1547 779 1587 celi,

76 1596 149 1631 liberare
156 1596 174 1630 in
181 1597 239 1632 multis
247 1604 264 1632 et
272 1597 290 1631 in
297 1598 362 1641 paucis.
384 1599 446 1642 Neque
454 1598 476 1633 de
483 1597 538 1639 terris,
546 1598 577 1632 sed
585 1598 607 1633 de
613 1597 652 1635 celo
659 1597 731 1632 uictoria
738 1605 769 1632 est.

77 1670 121 1746 ΑΒ
131 1669 189 1702 hostili
197 1669 249 1713 igitur
255 1670 298 1703 cede
306 1670 425 1704 Freemundus
432 1670 460 1703 dei
470 1669 528 1713 gracia
536 1669 613 1703 defessus
621 1669 706 1712 annisque
714 1675 779 1711 exutus,

138 1720 225 1753 Christum
235 1726 330 1761 rogaturus,
338 1720 414 1754 oracioni
425 1721 495 1753 tandem
505 1719 586 1760 incubuit,
594 1726 611 1753 et
620 1730 672 1762 super
680 1719 714 1752 hiis
724 1719 778 1753 omni·
788 1731 807 1760 30

75 1770 108 1803 bus
122 1779 155 1811 que
167 1770 183 1802 ei
196 1770 294 1803 acciderant
306 1770 363 1803 diuine
376 1769 434 1811 gracie
446 1770 505 1802 laudes
519 1769 596 1802 exsoluit.
619 1769 654 1803 Sed
666 1768 708 1811 quid
722 1775 778 1801 tutum

76 1820 124 1863 apud
134 1819 225 1853 homines?
247 1821 294 1853 Ecce
307 1820 378 1863 quidam
390 1821 442 1862 Oswy
457 1820 531 1860 nornine,
545 1818 574 1862 qui
588 1819 622 1852 dux
636 1818 719 1853 exercitus
733 1819 779 1861 regis

68 1872 117 1905 'Offe
124 1870 202 1904 extiterat
209 1877 227 1904 et
234 1871 257 1904 ad
264 1871 348 1913 ydolatrie
358 1871 423 1904 cultum
434 1870 468 1904 fide
478 1869 537 1904 relicta
547 1870 652 1913 confugerat,
661 1877 679 1903 et
689 1880 720 1914 pro
729 1869 778 1914 regni

76 1922 159 1964 regimine
171 1922 208 1963 sihi,
217 1922 231 1955 si
243 1922 295 1954 fidem
307 1929 383 1964 negaret,
393 1921 485 1964 promisso,
495 1931 534 1954 curn
545 1921 609 1954 eisdem
620 1919 710 1954 hostibus³
717 1931 778 1964 pacem

75 1974 150 2013 fecerat;
162 1967 223 2007 uerens
231 1983 253 2006 ne
260 1973 379 2007 Freemundus
386 1972 458 2006 uictoria
466 1972 530 2015 potitus
538 1970 556 2005 in
564 1982 603 2005 eum
613 1970 708 2005 uindictam
715 1972 778 2005 faceret
786 1982 805 2013 35

76 2030 93 2056 et
105 2023 154 2064 regni
164 2023 196 2055 sibi
207 2023 287 2065 promissi
297 2025 319 2056 ab
330 2033 351 2056 eo
360 2029 419 2065 ceptra
430 2029 492 2065 potens
502 2022 580 2062 auferret,
591 2022 665 2054 latenter
676 2022 750 2054 accessit
761 2027 779 2054 et

76 2072 136 2115 gladio
146 2072 238 2115 euaginato
249 2073 312 2107 crudeli
323 2073 357 2108 ictu
369 2073 406 2108 eius
417 2078 468 2116 caput
480 2072 579 2114 amputauit.
603 2070 688 2105 ltiirandis
699 2070 779 2106 miranda

76 2123 175 2157 succedunt.
203 2124 247 2157 Cum
261 2122 290 2157 ille
302 2122 381 2168 iniquus⁴
395 2129 447 2167 caput
459 2122 533 2157 martiris
546 2120 678 2165 amputauerit⁶,
691 2121 779 2165 sanguinis

76 2180 125 2216 gutte
139 2184 242 2216 supereum
255 2184 296 2207 casu
308 2174 414 2214 deciderunt,
427 2180 443 2206 et
457 2179 511 2206 totum
525 2182 587 2215 corpus
600 2172 636 2206 eius
650 2172 699 2215 quasi
712 2172 780 2206 intolle-

76 2224 136 2258 rabilis
143 2224 189 2266 ignis
196 2225 258 2258 ardore
265 2224 344 2266 protinus
352 2224 472 2258 accenderunt.
495 2223 535 2256 Hoc
545 2221 573 2256 ille
584 2222 673 2265 perculsus
682 2222 779 2262 incomoda,
787 2235 807 2264 40

77 2281 94 2308 et
103 2281 151 2308 tanto
161 2275 289 2317 obstupefactus
298 2274 386 2314 miraculo,
393 2273 417 2306 ad
426 2272 501 2306 martiris
511 2272 564 2315 pedes
574 2283 638 2315 pronus
648 2272 733 2313 accubuit,
740 2283 779 2305 curn

77 2326 118 2358 fletu
133 2324 260 2358 lamentationis
274 2325 328 2358 uerba
342 2324 403 2364 edidit,
417 2323 535 2357 misericordie
553 2323 629 2365 graciam
646 2328 712 2355 reatum
729 2332 779 2354 suurn

77 2375 159 2419 profitens
165 2375 271 2418 depoposcit.
285 2374 456 2419 Cumque⁸sanctum
462 2373 540 2408 nominat
546 2379 562 2407 et
569 2374 632 2408 Christi
638 2372 724 2406 martirem
730 2371 779 2415 penis

77 2430 159 2463 obsessus
166 2427 246 2469 appellat,
254 2437 295 2461 ecce
302 2427 413 2462 miraculum:
425 2426 453 2460 Ad
462 2425 511 2460 huius
521 2436 581 2468 preces
591 2422 702 2458 absolutionis
713 2421 778 2457 miseri·

97 2532 132 2564 ¹T.
140 2533 158 2564 E.
166 2532 261 2572 susciperent.
315 2530 464 2563 ²T.E.traderent.
516 2528 637 2560 'ltstostem
692 2526 780 2558 ‘T.lictor

77 2573 109 2605 itte.
169 2573 175 2591 ⁵
185 2572 204 2602 T.
212 2572 230 2603 E.
237 2575 333 2610 amputasset.
394 2570 401 2588 ⁶
410 2570 431 2602 al.
438 2579 506 2610 eumque.
