1762 2803
57 175 194 214 nasutas]
213 165 258 220 mr
270 164 307 217 ἐ.
318 165 450 217 unmuuoo
463 175 520 228 truc
535 170 558 217 tt
572 170 688 227 mature.
715 171 759 224 675

58 286 123 320 clericis
136 286 213 321 oriundis
228 288 249 321 de
262 288 355 331 municipio
368 287 407 322 ville
422 287 504 332 predicte,
518 293 535 322 et
547 287 581 323 alia
596 287 700 332 episcopalia
715 299 761 322 exer·

58 338 124 380 cenda;
137 338 216 382 idemque
229 339 283 373 abbas
293 338 366 382 primam
379 344 467 373 tonsuram
480 338 570 373 monachis
583 345 601 373 et
613 338 680 373 clericis
691 339 731 381 suis,
743 344 760 373 et

58 394 123 422 ceteros
131 389 199 423 ordines
207 389 250 423 citra
259 399 322 430 sacros,
330 400 351 423 cx
359 389 447 432 priuilegio
457 389 527 432 speciali
536 389 626 423 monachis
638 389 673 423 suis
684 390 762 422 consenc

58 438 126 471 valeat:
139 439 200 472 Dictus
211 444 269 473 tamen
280 438 376 482 episcopus,
387 438 443 473 sciens
454 440 488 474 hoc
498 450 536 474 esse
547 439 637 481 notorium,
645 451 656 473 a
667 439 761 473 collacione

58 487 171 532 huius[modi]
187 489 267 523 ordinum
280 490 327 522 iacta
345 488 362 522 in
381 489 428 523 dicto
445 489 549 523 monasterio
568 499 600 531 per
613 489 779 534 archiepiscoprnn5

59 538 181 572 damascenum
188 540 211 572 de
218 539 290 572 licencia
297 538 369 581 predicti
377 538 450 580 abbatis,
456 550 560 582 quamquam
567 550 598 572 sua
604 551 639 573 non
646 539 734 580 intererat,
739 541 762 572 ad

60 588 119 622 sedern
132 588 244 630 apostolicam
257 588 355 633 appellauit,
366 594 383 623 et
394 588 420 623 sic
433 589 489 623 dictos
501 590 582 623 abbatem
594 596 612 623 et
625 597 728 625 conuentum
741 601 762 624 ac

60 649 118 672 eorum
132 639 221 682 priuilegia
234 639 351 683 multipliciter
363 640 468 681 inpugnauit.
491 638 522 680 (9¹⁰
531 639 636 682 gravamen)
647 641 697 673 Vltra
707 640 762 673 eciam

60 690 143 730 processit
151 700 215 722 vesana
223 689 267 722 illius
275 689 349 730 malicia,
356 699 388 723 nec
395 688 477 732 predictis
485 688 549 722 iniuriis
560 694 577 722 et
587 689 716 730 grauaminibus
723 700 762 723 con·

59 744 123 780 tentus,
130 739 177 773 labia
188 750 219 773 sua
230 739 326 783 turpissime
337 740 396 773 laxans
407 739 429 773 ad
442 739 504 782 iniqua,
512 738 560 773 misit
567 748 619 772 vnarn
630 737 704 773 litteram
715 749 763 773 men·
774 754 791 775 ιο

60 788 115 821 daciis
122 795 139 823 et
148 790 233 823 scandalis
241 791 314 833 plenam,
322 790 404 824 abbatem
414 789 483 823 citando
495 789 583 832 ipsumque
593 794 610 823 et
619 789 714 823 monachos
724 799 764 822 suos

60 848 110 882 super
122 840 174 874 variis
187 839 286 874 criminibus
298 846 315 875 et
327 839 424 874 excessibus
437 840 483 883 apud
496 840 551 874 bonos
564 846 581 873 et
593 849 654 882 graues
666 850 698 883 per
711 845 764 873 totam

61 889 133 932 patriam
153 891 272 932 diffamand03
292 897 317 925 set
332 902 372 924 cum
386 890 462 924 audisset
480 901 541 924 omnes
559 890 658 931 reclamare,
673 896 691 924 et
709 890 764 924 eciam

62 939 146 981 quosdam
154 941 177 972 de
184 941 251 973 clericis
258 941 292 973 suis
300 941 374 973 litteram
382 941 428 973 illam
435 942 533 982 reprobare,
540 940 618 972 nrrrtatrit
624 939 706 982 regillum
713 949 765 973 sumn

62 988 97 1022 acsi
109 1000 139 1022 sna
153 1000 187 1023 non
199 990 257 1024 suisset
269 990 346 1033 predicta
360 989 427 1024 citacio.
437 988 440 1031 Ι
450 990 528 1033 Quorum
542 991 623 1033 pretextu
636 991 764 1033 grauunu'mrm
774 999 793 1030 ¹5

62 1039 169 1081 sepedictum
180 1040 301 1075 monasterinm
313 1046 330 1074 et
337 1039 403 1083 singule
414 1051 487 1084 persone
497 1040 573 1075 eiusdem
585 1040 697 1075 intollerabile
707 1041 765 1084 pacie-

62 1090 126 1123 bantur
140 1089 173 1124 illis
188 1090 249 1124 diebus
264 1092 359 1134 dampnum
374 1096 391 1124 et
406 1090 533 1124 detrimentum.
563 1091 642 1125 Tandem
660 1102 689 1125 rex
704 1092 765 1125 videns

62 1139 125 1173 multas
130 1152 213 1182 expensas
224 1141 265 1174 hinc
276 1141 317 1174 inde
328 1141 369 1182 lieri,
377 1141 466 1174 mandauit
478 1141 559 1183 episcopo
570 1151 593 1174 ne
604 1141 626 1173 de
637 1148 694 1174 cetero
705 1148 765 1174 eontra

63 1190 414 1233 decretapredecessorumsuorumregnm
420 1190 765 1232 AngliemonasteriumsanctiEdmnndi

63 1238 171 1282 inquietaret.
193 1241 219 1274 Et
228 1242 321 1284 episcopus,
328 1243 388 1274 statim
398 1245 460 1282 attolus,
466 1242 621 1274 excoaenmunimuit
628 1243 701 1275 militem
709 1244 766 1275 littere
776 1254 794 1276 ro

63 1291 111 1334 regie
118 1293 227 1334 portitorem,
239 1298 257 1326 et
270 1303 301 1335 per
313 1298 367 1326 totam
379 1291 461 1326 diocesim
474 1292 584 1326 denuntiauit
595 1292 766 1327 excommunicatum.

65 1342 93 1375 Ob
104 1353 156 1384 quam
167 1353 237 1376 causam
248 1353 277 1375 rer
288 1343 367 1383 offensus,
378 1350 449 1386 propter
458 1348 575 1385 contemptum
586 1343 631 1386 cepit
645 1343 662 1376 in
674 1354 727 1377 manu
735 1354 767 1377 sua

65 1391 123 1425 omnia
135 1392 243 1436 episcopatus
258 1393 283 1425 sui
295 1393 401 1435 temporalia.
424 1394 480 1435 Super
491 1392 525 1426 hiis
540 1393 592 1434 igitur
603 1394 682 1426 omnibns
695 1393 765 1432 iniuriis¹

66 1442 177 1475 citacionibus
189 1447 206 1475 et
217 1441 256 1475 aliis
263 1441 391 1484 quamplurimis
402 1440 531 1484 grauaminibus
540 1442 599 1475 abbati
609 1448 626 1475 et
637 1442 728 1476 conuentui
736 1453 768 1486 per

64 1491 122 1534 ipsum
130 1492 229 1536 episcopum
236 1492 334 1536 frequenter
345 1491 401 1535 illatis,
409 1492 509 1535 singillatim
519 1500 545 1527 est
554 1494 663 1537 appellatum,
671 1499 688 1528 et
696 1493 713 1528 in
721 1494 768 1529 curia
777 1505 795 1536 25

65 1543 111 1585 regis
118 1550 135 1576 et
143 1554 188 1587 pape
196 1550 222 1578 cst
229 1544 319 1587 litigatum.
341 1545 365 1577 Et
371 1544 507 1587 condempnatus
514 1549 540 1579 cst
545 1543 635 1587 episcopus
640 1554 671 1586 per
676 1544 740 1578 iuratos
746 1545 769 1579 dc

66 1595 121 1637 patria
133 1605 190 1628 coram
198 1594 293 1628 iusticiariis
301 1594 366 1627 domini
375 1593 420 1637 regis
432 1595 478 1637 apud
486 1594 659 1628 westmonasterium
670 1594 688 1628 in
700 1595 769 1638 triginta

66 1645 135 1678 talentis
143 1645 179 1678 auri
187 1645 222 1687 regi
230 1644 321 1685 soluendis¹
330 1645 391 1678 virtute
401 1652 447 1678 carte
457 1645 503 1686 regis
514 1646 633 1678 Hardecanuti
640 1646 724 1687 predicti3
736 1657 770 1688 que

66 1704 133 1728 summa
140 1705 159 1728 se
167 1695 244 1729 extendit
252 1695 276 1728 ad
286 1694 319 1728 tria
331 1694 378 1728 milia
389 1694 477 1734 librarum,
484 1693 563 1728 videlicet
574 1705 606 1737 pro
617 1695 693 1738 quolibet
704 1696 769 1729 talento

67 1746 81 1780 C
89 1745 147 1780 libras.
167 1745 219 1779 Cuius
227 1744 391 1788 condempnationis
398 1745 479 1779 executio
486 1756 521 1779 non
529 1746 583 1778 sotum
589 1757 610 1779 ex
615 1746 671 1788 rigore
680 1746 769 1789 potestatis
778 1759 798 1790 30

66 1796 118 1837 regie,
125 1797 152 1829 vel
160 1797 258 1829 coniectura
266 1795 364 1829 subtilitatis
372 1797 452 1835 humane,
461 1806 519 1829 verum
527 1795 582 1829 eciam
593 1796 673 1829 instinctu
684 1795 744 1830 diuino
751 1802 769 1831 et

67 1845 122 1880 sancti
130 1846 217 1879 Edmnndi
229 1846 297 1888 gloriosi
309 1846 354 1887 regis
365 1851 382 1879 et
393 1845 468 1878 martiris
479 1845 588 1886 adminiculo,
596 1855 687 1880 emanasse
695 1847 721 1880 rel
730 1857 770 1880 con·

59 1895 126 1939 tigisse
136 1895 209 1929 videtur.
223 1898 226 1937 l
240 1897 286 1929 Nam
295 1896 371 1939 quadam
381 1901 433 1929 nocte
443 1901 520 1938 tempore
529 1894 565 1929 litis
576 1906 607 1939 pro
614 1907 646 1929 rom
654 1897 722 1930 talentis
732 1897 769 1931 auri

66 1946 102 1986 regi
116 1946 268 1988 condempnandis,
280 1946 348 1978 cuidam
359 1947 444 1978 monacho
452 1945 539 1978 Willelmo
550 1945 572 1978 de
583 1945 683 1987 Henghnm‚
691 1946 728 1979 viro
735 1947 771 1980 vite

68 1995 146 2039 religiose
161 2002 178 2029 et
194 1996 257 2029 denoto
275 1995 341 2030 custodi
357 1995 415 2029 seretti
429 1995 503 2029 martiris
517 1994 594 2037 gloriosi,
608 1995 703 2037 quiescenti
718 2006 770 2040 super
779 2006 798 2037 ³⁵

67 2046 142 2080 bancum
150 2047 172 2080 ad
180 2047 258 2080 dextram
265 2044 323 2088 magni
333 2044 393 2079 altaris
404 2044 457 2079 situm
468 2056 541 2087 sompno
552 2052 620 2087 arrepto
628 2045 683 2079 visum
690 2046 745 2080 suerat
753 2047 771 2080 in

68 2097 134 2130 visione
144 2097 190 2140 quod
202 2097 262 2130 beatus
273 2096 376 2130 Edmnndus
386 2095 409 2130 de
418 2095 481 2129 scrinio
492 2106 522 2129 suo
534 2095 551 2129 in
563 2106 597 2139 quo
608 2097 652 2130 iacet
664 2097 771 2141 incorruptus

69 2147 179 2190 corporaliter
192 2147 244 2181 exiuit
256 2153 338 2187 armatus,
351 2153 368 2180 et
383 2146 400 2180 in
413 2157 453 2179 area
466 2145 561 2189 pauimenti
575 2147 623 2180 iuxta
636 2148 717 2182 scrinium
732 2159 771 2183 cnm

70 2197 116 2231 omni
128 2204 212 2241 apparatu
223 2198 276 2240 regali
288 2197 376 2230 redimitus
387 2197 439 2237 stetit,
448 2196 474 2230 cui
486 2196 581 2230 adueniens
589 2197 611 2230 de
619 2196 684 2239 capella
695 2198 772 2240 reliquia·

69 2258 107 2281 rum
115 2248 186 2291 quidam
193 2249 293 2288 monachus,
299 2253 318 2280 vt
325 2246 400 2280 creditur
406 2246 504 2289 Ayelwinus
512 2246 600 2290 quondam
608 2246 645 2280 eius
653 2247 772 2290 cubicularius,
780 2260 801 2290 qo

70 2303 168 2333 renerenter
181 2298 242 2342 optulit
257 2298 273 2332 ei
288 2297 365 2341 gladium
380 2308 430 2331 suurn
444 2297 510 2331 nudum
525 2304 542 2331 et
557 2303 651 2332 extractum
668 2298 690 2333 de
704 2299 772 2341 vagina.

71 2350 128 2391 Quem
141 2350 201 2384 beatus
213 2350 317 2383 Edmnndus
329 2349 351 2382 de
363 2359 416 2382 manu
428 2348 509 2382 monachi
520 2350 567 2382 uultu
579 2349 659 2383 animoso
669 2356 687 2383 et
698 2349 772 2391 placenti

70 2400 160 2442 recipiens,
173 2407 190 2432 et
204 2407 279 2433 erectum
294 2406 369 2442 portans,
385 2399 467 2441 processit
482 2409 536 2441 vsque
551 2400 574 2432 ad
589 2399 662 2441 primam
677 2399 773 2432 custodiam

71 2449 166 2492 presbiterii
180 2460 201 2483 ex
212 2455 261 2492 parte
272 2449 353 2489 australi3
367 2449 393 2482 cui
406 2449 483 2482 clausure
494 2449 538 2482 illins
556 2448 632 2482 custodie
646 2449 683 2482 sine
697 2449 773 2482 humano

71 2498 175 2533 adminiculo
183 2506 242 2543 aperte
251 2511 289 2534 cum
298 2510 362 2542 magno
372 2499 444 2542 strepitu
455 2499 518 2533 dedere
528 2509 641 2541 progressum.
664 2499 745 2532 Similiter
756 2505 773 2533 et
781 2507 801 2538 45

71 2551 121 2584 value
127 2551 201 2584 secunde
207 2549 288 2583 custodie.
304 2551 378 2584 Sanctus
384 2549 436 2593 igitur
441 2550 606 2583 martircontinuans
611 2548 644 2583 iter
651 2551 696 2594 quod
705 2556 773 2594 ceperat

72 2612 103 2645 per
110 2601 186 2635 predium
193 2600 242 2635 nauis
253 2601 330 2643 ecclesie,
338 2601 384 2643 exiit,
391 2601 459 2644 magnis
467 2600 519 2644 ostiis,
527 2601 571 2635 sicut
579 2611 611 2635 nec
618 2601 665 2644 prius
673 2601 773 2644 mInoribus,

396 2669 446 2694 Xx2
