1762 2803
290 114 335 170 D&
350 112 450 167 &flattu
466 112 542 165 teate.
722 127 763 171 301

68 247 150 281 scopum,
164 236 186 270 ad
202 236 346 271 conuertendum
358 235 447 279 populum
458 234 493 269 sibi
504 234 606 270 subiectum
621 233 691 275 accinit,
704 235 768 268 sedem

67 290 191 335 episcopalem
204 291 223 324 in
238 289 375 324 lindisfarnensi
390 288 450 323 insula
462 288 522 323 eidem
535 288 602 331 statuit,
615 293 633 323 et
647 288 735 322 ecclesias
748 298 769 322 ac

68 344 180 377 monasteria
191 353 226 387 per,
237 343 276 376 loca
288 342 374 377 edificare
385 342 461 376 curauit.
484 342 535 376 Idem
546 352 591 376 vero
605 346 680 376 sanctus
693 340 770 375 antistes

67 396 151 431 Aidanus
165 395 261 431 duodecim
273 406 342 440 pueros
354 396 377 430 de
389 395 462 430 natione
474 395 578 440 Anglorum
590 394 609 429 in
623 393 696 429 Christo
709 393 770 428 erudi·

68 451 127 484 endos
136 450 223 492 suscepit.
250 450 278 482 Ex
290 449 357 492 quibus
368 449 427 483 extitit
439 449 489 489 Eata,
496 460 543 492 puer
552 450 601 483 bone
610 448 678 482 indolis
687 458 708 482 ac
718 457 770 480 man·
779 457 788 486 5

68 500 116 534 sueti
127 500 183 534 animi
191 501 249 534 valde.
272 500 357 534 Doctoris
369 500 417 534 enim
429 500 459 534 sui
470 500 544 534 monitis
555 500 583 534 et¹
593 499 684 543 exemplis
695 499 771 533 sedulus

68 554 145 594 auditor,
150 559 249 596 menteque
257 558 306 587 totus
314 554 407 594 inherens,
413 554 462 586 omni
467 555 474 572 a
480 564 551 587 morum
557 553 653 586 honestate
659 551 771 595 conspicuus

69 605 138 640 enituit.
161 606 253 649 Acceptus
270 606 331 650 itaque
346 607 381 640 deo
396 611 414 641 et
429 605 539 647 hominibus,
555 610 573 640 et
590 605 691 639 monachus
707 604 771 645 sactus,

69 658 189 693 monasticam
197 658 253 693 vitam
266 658 284 693 in
294 658 365 702 vigiliis,
373 658 445 693 ieiuniis
457 664 475 693 et
487 659 553 693 ceteris
564 658 635 692 actibus
646 657 699 691 bonis
711 656 741 691 die
752 661 771 691 et

70 717 123 746 nocte
135 712 201 757 exequi
213 722 288 757 operam
300 713 355 747 dedit.
378 712 422 746 Erat
433 722 512 757 namque
519 711 548 746 vir
556 711 643 757 patientie
651 710 719 746 virtute
729 720 771 756 pre·
781 720 800 742 ιο

70 765 139 808 cipuus,
148 765 229 799 castitate
238 766 311 807 nitidus,
319 765 396 799 affabilis
408 771 426 799 et
436 765 525 799 iocundus
536 765 626 806 omnibus,
634 769 658 803 et,
665 769 685 797 vt
694 773 771 798 venera·

70 818 112 851 bilis
123 818 185 852 Beda³
193 819 216 852 de
225 830 248 851 eo
258 823 342 859 testatur,
350 829 383 862 pre
391 818 477 851 omnibus
484 816 589 850 hominibus
597 816 743 851 mansuetudinis
753 822 772 850 et

70 870 192 913 simplicitatis
203 870 262 914 gratia
273 871 375 904 decoratus.
398 870 480 904 Effectus
490 870 565 903 tandem
574 870 631 903 abbas
641 868 772 908 mailrosensis,

70 921 89 957 id
98 927 126 957 est
135 922 216 965 Meuros,
224 923 367 958 multomaioris
376 921 483 956 humilitatis
494 926 511 955 et
522 921 615 955 charitatis
625 921 710 965 exempla
718 931 772 965 quam

72 979 126 1009 antea
137 975 176 1009 suis
187 975 273 1009 fratribus
284 975 380 1015 exhibens,
392 984 430 1008 non
442 974 494 1018 quasi
506 973 620 1018 magistrum,
631 974 665 1008 sed
677 973 710 1017 [vt]
722 973 801 1018 pium15

71 1034 143 1072 patrem
151 1039 216 1062 omnes
224 1028 326 1063 confratres
334 1027 362 1062 sui
370 1038 413 1062 eum
421 1027 527 1072 diligebant.
546 1027 654 1061 Potentibus
661 1032 679 1061 et
687 1026 774 1060 diuitibus

71 1081 126 1115 huius
132 1080 189 1115 seculi
196 1080 215 1114 in
223 1085 294 1114 tantum
301 1085 400 1115 veneratus
405 1080 417 1122 ⁴,
423 1085 442 1114 vt
450 1079 485 1124 ipsi
494 1079 549 1114 etiam
556 1089 610 1123 reges
618 1079 670 1114 illum
675 1084 695 1114 vt
702 1083 773 1123 patrem

72 1134 159 1176 colerent,
169 1139 228 1168 terras
240 1139 258 1168 et
269 1133 399 1178 possessiones
410 1134 433 1168 ad
445 1133 569 1168 construenda
580 1134 692 1167 monasteria
703 1133 774 1167 deuotis

71 1186 138 1219 animis
152 1186 265 1228 largirentur.
288 1186 332 1220 Pius
344 1191 405 1219 autem
416 1191 469 1228 pater
480 1185 568 1219 ecclesias
581 1190 600 1219 et
613 1185 723 1218 monasteria
734 1185 774 1218 dili-

72 1238 123 1282 genti
134 1238 194 1272 studio
206 1238 301 1282 oportunis
312 1236 357 1272 locis
368 1237 475 1279 construxit,
486 1236 591 1281 discipulos,
602 1241 665 1272 sancte
676 1247 774 1271 conuersa·
784 1249 803 1271 co

72 1292 128 1325 tionis
138 1292 203 1325 studiis
211 1302 287 1335 operam
295 1292 366 1333 dantes,
375 1292 393 1324 in
404 1291 450 1334 ipsis
461 1301 561 1335 aggregare
572 1291 647 1325 curauit.
670 1291 721 1324 lnter
728 1301 775 1335 quos

74 1343 158 1383 Boisilus,
166 1344 292 1379 mailrosensis
301 1343 372 1378 cenobii
379 1343 490 1388 prepositus,
495 1348 513 1378 et
521 1343 633 1378 Cuthbertus
640 1348 705 1388 postea
712 1343 775 1378 lindis·

73 1397 165 1432 farnensis
178 1397 281 1440 episcopus,
293 1396 328 1431 viri
341 1397 403 1440 vtique
414 1396 461 1431 mire
474 1397 576 1431 sanctitatis
589 1396 648 1432 nitore
662 1397 745 1431 lucentes
757 1402 775 1431 et

73 1450 138 1492 spiritu
146 1449 254 1492 prophetico
261 1449 338 1483 mirifice
348 1449 440 1492 pollentes
450 1455 509 1483 erant.
554 1442 601 1483 Post
613 1449 718 1483 conflictum
725 1460 776 1490 vero,

74 1502 93 1535 in
101 1501 213 1536 monasterio
222 1501 278 1535 Hildc
288 1500 380 1535 abbatisse
389 1501 412 1535 de
423 1501 552 1536 obseruatione
562 1501 631 1546 pasche
638 1501 726 1543 habitum,
735 1501 776 1536 Col·
786 1514 806 1544 ²5

74 1566 154 1590 mannus
164 1554 268 1600 episcopus,
279 1565 347 1599 genere
358 1554 430 1598 Scotus‚
437 1555 543 1600 impetrauit
553 1565 564 1590 a
574 1565 618 1600 rege
629 1554 680 1590 Oswi
691 1560 711 1590 vt
721 1555 777 1590 abbas

74 1609 185 1643 venerabilis
190 1609 236 1642 Eata
241 1608 378 1642 lindisfarnensi
384 1608 461 1642 ecclesie
468 1609 539 1642 abbatis
544 1609 584 1642 iure
590 1613 679 1652 preesset.
698 1608 777 1642 Multum

75 1672 155 1706 namque
163 1667 247 1696 sanctum
256 1661 320 1696 Eatam
329 1660 379 1696 Scoti
387 1661 492 1706 diligebant,
500 1672 522 1696 eo
533 1661 581 1706 quod
589 1672 637 1696 vnus
647 1662 670 1696 de
680 1662 777 1697 duodecim

74 1715 137 1758 pueris
145 1715 212 1748 Aidani
220 1715 301 1757 episcopi
309 1719 364 1748 esset.
386 1714 495 1757 Suscipiens
503 1715 549 1748 Eata
558 1725 620 1747 curam
630 1714 778 1749 lindisfarnensis

75 1767 158 1809 ecclesie,
169 1768 243 1800 beatum
255 1766 380 1809 cuthbertum,
391 1777 447 1810 quem
458 1766 572 1811 prepositum
584 1767 724 1801 mailrosensem
735 1773 778 1812 post
786 1778 806 1810 30

75 1820 145 1854 obitum
161 1819 223 1853 Boisili
238 1819 310 1858 iecerat,
326 1819 420 1853 adducens
436 1828 500 1854 secum
516 1819 535 1853 in
550 1820 627 1853 cenobio
641 1819 778 1854 lindisfarnensi

75 1874 190 1917 prepositum
196 1872 290 1906 ordinauit.
310 1872 355 1905 Orta
361 1873 436 1906 tandem
444 1873 493 1906 inter
500 1883 562 1917 regem
569 1872 664 1916 Egiridum
671 1879 688 1907 et
695 1879 778 1908 sanctum

76 1926 182 1960 Willridum
190 1926 296 1969 episcopum
307 1924 426 1966 dissentione,
434 1925 465 1958 illo
476 1925 499 1958 ab
509 1926 615 1969 episcopatu
626 1926 704 1969 expulso
709 1925 721 1967 ⁵,
729 1926 778 1960 Bosa

76 1978 95 2011 in
110 1988 168 2022 regno
185 1978 281 2012 Deirorum
297 1977 346 2021 apud
362 1977 470 2019 Eboracum,
486 1982 503 2011 et
519 1977 565 2011 Eata
580 1978 636 2012 abbas
650 1977 670 2012 in
685 1978 779 2022 prouincia

77 2031 203 2065 Berniciorum
215 2031 263 2074 apud
276 2030 478 2073 hagustaldensem—id
489 2035 518 2064 est
530 2030 668 2071 Extoldesham,
679 2031 710 2065 vbi
723 2032 779 2065 modo
788 2042 807 2073 35

77 2089 119 2119 sunt
135 2083 217 2118 canonici
232 2083 387 2127 regulares—seu
402 2084 452 2127 apud
467 2083 628 2118 lindisfarnensem
643 2083 746 2124 ecclesiam,
760 2084 779 2119 id

77 2141 106 2171 est
118 2137 168 2180 Hely
176 2135 247 2178 elandt,
255 2135 337 2179 episcopi
348 2135 441 2169 substituti
453 2141 501 2170 sunt.
524 2136 631 2171 Consecrati
642 2141 686 2170 sunt
697 2137 780 2171 Eboraco

77 2200 89 2222 a
96 2190 199 2231 Theodoro,
207 2187 344 2231 archiepiscopo
352 2188 490 2222 dorobernensi.
513 2189 557 2222 Post
566 2194 605 2222 tres
615 2200 674 2223 annos
685 2189 780 2223 electionis

78 2241 136 2277 sancti
141 2240 221 2276 Wilsridi
227 2239 339 2275 Trunwinus
347 2239 442 2275 ordinatur
449 2240 548 2286 episcopus
555 2241 574 2276 in
583 2240 677 2286 prouincia
682 2241 780 2283 Pictorum,

78 2296 182 2338 Anglorum
193 2294 270 2338 imperio
282 2299 325 2328 tunc
338 2293 424 2335 sublecta,
435 2299 454 2328 et
465 2294 572 2329 Tunbertus
583 2295 606 2329 ad
618 2294 780 2338 hagustaldensem
789 2309 809 2337 4⁰

78 2348 180 2389 ecclesiam,
195 2351 303 2381 remanente
319 2345 365 2379 Eata
382 2346 405 2379 ad
420 2345 588 2381 lindisfarnensem.
615 2347 653 2381 Sed
667 2353 710 2391 post
725 2347 781 2382 trien-

78 2401 136 2444 nium,
152 2413 186 2446 pro
201 2400 255 2445 culpa
268 2399 362 2434 cuiusdam
375 2398 505 2442 inobedientie,
519 2399 614 2445 depositus
626 2405 654 2435 est
669 2400 781 2444 Tunbertus‚

79 2459 97 2488 et
112 2455 152 2488 loco
167 2454 206 2488 eius
224 2458 298 2488 sanctus
313 2452 425 2486 eathbertus
442 2457 471 2486 est
486 2452 561 2486 electus.
584 2452 621 2487 Sed
637 2453 723 2497 quoniam
739 2455 781 2498 plus

99 2527 194 2558 ¹om.inT.
251 2526 367 2557 'nomnium
425 2524 463 2556 Ἠ,
472 2525 489 2555 Ε.
498 2524 526 2555 lll.
534 2535 558 2563 27.
614 2525 780 2559 *Bollvenerabilis

78 2567 229 2598 Vitaddscxstitit.
289 2566 346 2597 'Boll
354 2565 404 2605 pulso.
487 2565 639 2605 “Bollholyland
