1762 2803
112 121 114 128 ’
147 138 189 181 144
334 124 414 178 mour
430 123 546 186 termus
561 122 653 186 annia

212 202 216 217 l

144 245 265 281 Connenere¹
276 245 337 290 itaque
349 246 435 281 Canciam
449 245 531 289 episcopi
542 245 622 279 Mellitus
635 250 653 279 et
666 244 732 288 Iustus,
743 255 785 279 cum
797 245 845 281 Lau-

144 299 203 333 rentio
210 299 304 333 tractaturi
312 299 356 343 quid
363 300 382 334 in
395 298 430 333 hiis
442 305 491 334 esset
501 300 602 342 agendum
615 298 746 341 decretumque
757 304 785 333 est
797 309 845 334 com-

144 351 195 386 muni
207 351 283 386 consilio
295 351 337 396 quia
348 351 417 386 satius²
428 356 478 385 esset
485 357 505 386 vt
512 362 577 385 omnes
588 351 665 395 patriam
677 351 775 384 redeuntes
787 351 845 386 libera

144 404 170 441 ibi
182 411 244 441 mente
257 405 331 440 domino
344 405 465 447 deseruirent,
480 415 534 449 quarn
546 406 595 439 inter
608 403 687 438 rebelles
699 404 742 439 fidei
757 404 845 439 barbaros

128 459 185 503 5sine
200 459 259 491 fructu
274 459 381 491 residerent.
405 458 530 491 Recesserunt
544 458 598 499 igitur
614 456 695 491 Mellitus
711 462 729 491 et
745 458 806 491 Iustus
822 459 845 492 ad

145 516 208 554 partes
217 509 279 552 Gallie,
288 520 349 543 rerum
357 508 382 542 ibi
390 509 446 542 finem
454 513 552 552 expectare
560 508 685 552 disponentes.
704 508 756 549 Quos
764 508 846 542 Lauren-

145 565 182 598 tius
191 563 303 597 Britanniam
311 563 407 596 relicturus
417 561 469 606 sequi
480 562 549 604 volens,
558 561 610 595 iussit
621 560 662 605 ipsa
673 566 726 594 nocte
739 561 758 594 in
769 562 846 595 ecclesia

146 617 272 660 apostolorum
284 615 333 649 Petri
344 622 362 649 et
374 616 426 649 Pauli
437 615 472 649 sibi
486 621 563 649 stratum
576 615 642 659 parari.
666 613 688 647 ln
700 626 735 659 quo
749 626 791 649 cum
805 621 847 658 post

146 669 213 704 multas
221 679 286 712 preces
294 679 314 702 ac
322 667 419 702 lachrimas
428 668 450 701 ad
459 668 514 701 deum
522 679 556 711 pro
564 672 612 701 statu
619 669 695 703 ecclesie
701 668 751 703 fusas
757 668 780 701 ad
786 667 847 711 quies-

120 736 139 757 ιο
147 722 225 755 cendum
232 722 238 741 ³
245 722 329 754 membra
340 731 412 763 ponens
423 720 550 761 obdormisset,
559 721 643 763 apparuit
651 721 668 755 ei
679 722 743 755 beatus
753 720 847 763 apostolus

148 775 218 815 Petrus,
231 778 249 807 et
263 773 319 806 multo
331 772 382 805 illum
394 777 465 805 secrete
479 771 537 805 noctis
553 777 637 817 ternpore
650 772 727 817 flagellis
740 771 847 806 arctioribus

147 825 234 868 afficiens,
247 825 374 859 sciscitabatur
388 825 487 868 apostolica
503 824 616 858 districtione
626 836 683 869 quare
697 835 778 869 gregem,
792 835 848 868 quem

147 878 182 915 sibi
194 878 234 922 ipse
248 877 356 920 crediderat,
366 877 483 922 relinqueret,
496 877 526 912 vel
538 877 566 912 cui
579 882 674 923 pastorum
687 888 732 912 oues
746 877 813 912 Christi
828 878 848 912 in

147 931 207 967 medio
221 931 307 976 luporum
321 930 390 974 positas
403 930 474 974 fugiens
487 930 528 974 ipse
542 930 646 966 dimitteret.
675 931 714 965 ‘An
728 931 769 971 mei,
783 931 847 974 inquit,

122 999 139 1031 ¹5
148 984 213 1020 oblitus
226 995 246 1018 es
260 983 345 1028 exempli,
358 983 388 1028 qui
401 994 434 1028 pro
445 983 527 1028 paruulis
539 984 612 1025 Christi,
624 984 683 1029 quos*
696 983 741 1017 mihi
754 994 848 1018 commen-

148 1038 202 1079 dauit,
210 1037 288 1079 vincula,
294 1038 376 1077 verbera,
382 1048 471 1078 carceres,
478 1037 590 1079 afflictiones,
597 1037 656 1080 ipsam
664 1043 757 1080 postremo
764 1043 848 1079 mortem,

148 1094 227 1123 mortem
241 1094 303 1122 autern
318 1089 382 1130 crucis,
394 1090 416 1121 ab
429 1089 534 1122 infidelibus
547 1094 565 1122 et
578 1088 656 1122 inimicis
669 1088 736 1122 Christi
751 1088 792 1131 ipse
807 1100 849 1123 curn

148 1141 221 1176 Christo
230 1142 344 1175 coronandus
352 1140 441 1184 pertulir·
465 1141 507 1175 Hiis
515 1141 564 1175 beati
570 1141 620 1175 Petri
628 1142 705 1185 flagellis
713 1147 731 1176 et
738 1142 849 1176 exhortatio-

149 1192 203 1227 nibus
218 1193 308 1227 animatus
324 1192 434 1227 Laurentius
446 1203 500 1227 mane
513 1193 559 1227 sacto
571 1193 621 1228 venit
633 1194 656 1228 ad
671 1204 734 1237 regem
749 1198 767 1228 et
782 1194 849 1228 reiecto

122 1265 141 1287 20
148 1248 264 1289 vestimento,
273 1247 346 1292 quantis
354 1251 404 1281 esset
411 1246 519 1281 verberibus
527 1247 622 1290 laceratus
628 1247 713 1281 ostendit.
729 1247 764 1290 Qui
771 1247 849 1281 muitum

149 1300 231 1341 miratus,
239 1305 257 1333 et
264 1300 359 1343 inquirens
367 1299 408 1342 quis
416 1304 466 1333 tanto
473 1300 512 1334 viro
520 1301 566 1334 tales
573 1310 628 1334 ausus
634 1306 684 1334 esset
690 1300 753 1344 plagas
758 1300 849 1344 inssigere;

97 1385 100 1390 ,
148 1357 168 1387 vt
179 1352 248 1386 audiuit
256 1352 298 1395 quia
309 1363 343 1386 sue
354 1363 409 1386 causa
419 1352 482 1386 salutis
492 1352 590 1396 episcopus
599 1352 622 1386 ab
633 1353 714 1396 apostolo
725 1352 792 1387 Christi
801 1358 850 1386 tanta

149 1409 199 1438 esset
207 1409 298 1438 tormenta
305 1404 405 1448 plagasque
412 1414 519 1448 perpessus,
527 1404 604 1438 multum
612 1405 705 1439 extimuit:
718 1410 736 1438 et
745 1405 850 1438 anathema-

149 1457 203 1490 tizato
222 1456 272 1490 omni
290 1457 380 1501 ydolatrie
398 1457 452 1499 cultu,
468 1462 486 1490 et
503 1457 586 1490 abdicato
604 1457 694 1490 connubio
712 1468 749 1490 non
765 1457 850 1500 legitimo,

123 1524 141 1557 ²5
150 1509 232 1553 suscepit
244 1510 299 1544 fidem
309 1509 383 1551 Christi,
395 1514 413 1544 et
422 1509 530 1553 baptizatus,
542 1509 620 1544 ecclesie
630 1510 685 1543 rebus
697 1515 785 1553 quantum
795 1510 851 1544 valuit

150 1563 169 1596 in
177 1563 262 1596 omnibus
270 1562 366 1596 consulere
374 1573 395 1596 ac
403 1562 465 1596 fauere
475 1563 549 1596 curauit.
573 1562 674 1596 Reuocauit
686 1567 747 1596 autem
757 1563 780 1597 de
792 1563 850 1596 Gallia

151 1615 241 1649 Mellitum
249 1619 267 1648 et
276 1614 351 1656 lustum,
359 1625 429 1658 eosque
436 1616 459 1648 ad
466 1625 509 1648 suas
515 1614 602 1648 ecclesias
608 1614 668 1648 redire
675 1615 762 1659 precepit,
778 1614 851 1648 Diuinis

150 1667 244 1711 preceptis
252 1679 272 1701 se
280 1668 385 1711 mancipare
393 1667 466 1709 studuit,
475 1673 493 1701 et
501 1667 519 1700 in
527 1667 639 1701 monasterio
645 1668 694 1700 beati
700 1667 749 1701 Petri
755 1668 773 1700 in
782 1667 851 1701 honore

150 1725 213 1753 sancte
220 1718 277 1753 Marie
283 1719 385 1753 construxit
391 1719 487 1753 ecclesiam
493 1724 511 1753 et
516 1719 566 1762 regia
572 1718 666 1762 largitate⁵
673 1720 798 1753 dotauit—⁰
805 1712 851 1753 Per-

123 1788 143 1818 30
151 1783 197 1816 gens
208 1773 273 1806 beatus
283 1771 392 1806 Laurentius
401 1772 420 1805 in
432 1772 517 1814 Scotiam,
525 1771 575 1806 venit
586 1772 605 1805 in
616 1772 707 1815 quandam
717 1771 811 1815 regionem
821 1769 851 1806 vbi

150 1824 247 1860 transitum
263 1824 298 1860 sibi
314 1829 332 1859 et
348 1825 403 1860 sociis
418 1825 457 1860 suis
474 1824 530 1860 maris
543 1825 638 1859 brachium
651 1826 729 1870 negabat
735 1825 746 1860 ⁷.
769 1825 852 1869 Cumque

151 1878 241 1913 resideret
252 1878 271 1912 in
282 1879 367 1923 proximo
379 1879 424 1913 colle
433 1889 501 1913 nauem
511 1884 616 1923 expectans
625 1879 656 1923 qui
666 1879 721 1913 hodie
730 1879 793 1913 ‘collis
805 1879 852 1912 Lau·

151 1932 215 1966 rentii’
230 1936 310 1974 vocatur,
326 1932 386 1966 visum
402 1933 477 1965 tandem
492 1937 567 1965 nautam
581 1933 665 1966 obsecrat
679 1938 698 1966 vt
714 1932 852 1966 transmittatur.

152 1983 190 2018 Sed
198 1984 253 2017 homo
261 1994 272 2016 a
280 1984 342 2017 diuina
351 1989 369 2017 et
380 1984 460 2017 humana
472 1984 539 2027 pietate
550 1983 620 2017 alienus
633 1994 699 2028 preces
710 1984 799 2028 supplicis
809 1984 852 2017 dum

124 2048 143 2080 35
151 2035 223 2078 refutat,
235 2047 316 2079 superna
327 2034 451 2078 indignatione
466 2047 503 2069 non
519 2036 578 2069 solum
590 2036 650 2070 hiatus
661 2036 723 2078 maris,
735 2037 768 2070 sed
780 2034 852 2071 celestis

152 2088 226 2122 flamma
241 2099 285 2122 mox
299 2088 377 2131 impium
392 2099 433 2123 cum
446 2099 479 2122 sua
492 2089 551 2123 nauefl
562 2089 662 2123 deuorauit.
685 2090 738 2131 Quod
749 2090 815 2124 videns
825 2086 853 2122 vir

152 2140 188 2183 dei,
196 2141 262 2184 plenus
270 2141 307 2175 fide
315 2145 333 2174 et
343 2139 408 2184 spiritu
418 2147 481 2175 sancto
489 2152 540 2175 mare
551 2147 638 2185 tanquam
649 2152 735 2186 campum
745 2140 852 2185 ingreditur,

153 2197 172 2226 et
179 2194 260 2226 undosos
268 2197 341 2227 montes
349 2204 369 2227 ac
377 2194 393 2227 si
404 2194 473 2227 solidos
483 2194 562 2239 pedibus
572 2195 649 2236 calcans,
658 2194 677 2227 in
687 2195 736 2229 aliud
746 2195 789 2229 litus
801 2193 853 2228 siccis

152 2247 230 2290 pedibus
241 2246 369 2280 transducitur.
398 2246 419 2279 In
430 2247 470 2280 vico
484 2247 563 2289 quodam
576 2247 691 2290 euangelium
705 2247 798 2290 [Christi]⁹
811 2257 853 2290 pre-

124 2312 145 2342 40
153 2299 217 2332 dicans
225 2308 266 2332 curn
275 2298 344 2332 nullum
351 2298 381 2341 qui
386 2308 429 2332 eum
436 2298 527 2342 reciperet
535 2298 625 2333 inueniret
633 2311 636 2341 ;
649 2309 690 2333 cum
696 2299 836 2343 exprobratione
840 2296 853 2316 ¹⁰

154 2351 248 2395 expulsus,
256 2350 291 2385 sub
303 2351 381 2395 quadam
392 2362 437 2394 sepe
447 2357 500 2385 nocte
511 2351 541 2386 illa
551 2351 653 2396 requieuit:
665 2357 683 2387 et
691 2352 779 2397 splendor
789 2349 853 2387 solaris

152 2406 176 2438 de
188 2404 233 2439 celis
244 2404 315 2439 effusus
326 2409 392 2438 testem
404 2405 473 2438 domini
484 2404 604 2440 circumfulsit
615 2411 634 2440 et
645 2411 718 2440 noctem
728 2406 778 2440 illam
789 2404 824 2440 sibi
835 2403 853 2437 in

186 2499 203 2528 Ε,
213 2498 303 2528 conuenire.
333 2498 549 2535 ²T.sancius,E.sanctius.
579 2500 611 2529 3Ε.
619 2501 756 2536 acquiescendum.
776 2501 807 2528 4Ε.
815 2498 853 2535 quis.

153 2538 195 2567 lom.
204 2538 219 2566 in
226 2538 244 2567 T.
251 2548 255 2573 ;
265 2538 297 2569 vit,
306 2538 348 2568 dote.
422 2537 428 2553 ⁶
439 2539 485 2568 From
493 2539 532 2568 here
539 2538 564 2568 ed.
572 2538 589 2568 in
595 2539 631 2569 Act.
639 2539 668 2569 SS.
676 2539 715 2568 Boll.
724 2539 768 2568 Febr.
776 2539 788 2568 1.
796 2548 811 2576 p,
820 2536 854 2575 296.

153 2577 276 2608 ⁷Vit.vetabat.
337 2578 420 2608 ³E,naui.
490 2579 581 2609 “ominli
642 2578 653 2596 ¹⁰
664 2579 682 2609 E.
691 2578 810 2617 exprobatione.
