1762 2803
116 137 160 183 ιιι
306 124 386 177 ranna
402 121 626 186 toamnasarim.

115 245 181 289 lentes,
193 244 263 280 iusticie
275 245 362 289 operibus
375 243 441 288 iugiter
454 244 568 279 insistebant.
591 244 684 279 Gilbertus
697 244 757 289 itaque
771 247 818 278 etate

115 298 188 334 iuuenis
201 303 297 343 assumpto
312 309 375 332 secum
386 299 467 342 quodam
480 299 503 333 de
515 298 583 333 familia
594 308 628 333 sua
640 298 733 332 Richards
744 297 819 332 nomine
877 333 879 336 ,

116 354 258 396 crucesignatus
267 352 406 386 lherosolimam
414 353 509 396 proiectus
516 357 549 387 est.
569 352 652 396 Cumque
659 352 699 386 loca
706 356 769 386 sancta
777 361 819 386 curn

116 406 156 441 aliis
165 405 268 441 christianis
276 404 382 448 visitaret,a
393 406 473 449 quodam
484 406 585 440 admiraldo
597 411 661 449 eaptus
671 410 690 439 et
700 404 819 449 compeditus,

100 459 193 503 5singulis
214 459 280 493 diebus
298 460 451 530 qualemcumque
472 459 506 493 sibi
524 458 593 493 vietum
613 458 706 492 laboribus
728 457 819 501 impositis

117 513 251 556 quodammodo
266 511 396 556 comparante.
419 511 456 546 Per
469 521 543 546 menses
559 511 623 545 decem
637 515 655 544 et
668 521 736 545 nouem
749 509 820 544 sclauo·

117 575 158 600 rum
167 576 218 600 more
226 565 315 608 seruiens,
323 575 357 610 pre
365 564 431 600 ceteris
439 565 515 610 captiuis
523 566 542 599 in
549 564 606 599 oculIs
614 564 710 599 admiraldi
717 565 794 608 gratiam
802 569 827 598 et·

117 619 199 653 fauorem
215 618 290 660 inuenit,
303 623 320 653 et
333 618 439 663 frequenter
454 629 515 653 coram
530 629 552 652 eo
567 618 590 651 ad
606 628 690 652 mensam
702 617 784 660 veniens,
797 618 820 651 de

117 664 209 707 terrarum
222 672 336 706 mirabilibus
350 678 368 706 et
381 672 463 717 gentium
474 671 555 705 moribus
569 676 587 705 et
601 670 641 713 ritu,
654 681 688 716 per
700 671 820 715 interpretem

92 740 110 761 10
118 725 210 760 inuicem²
222 725 345 758 conferebant.
369 725 426 758 Multa
439 726 462 758 ob
475 724 522 757 illius
537 726 614 766 gratiam
629 724 693 757 collata
709 723 821 767 concaptiuis

119 783 163 811 sunt
172 776 274 811 beneficia:
287 782 396 821 procurante
404 775 498 821 potissime
504 777 510 794 ³
517 776 570 809 vnica
578 775 673 810 admiraldi
682 776 724 819 filia,
730 786 766 820 que
774 775 821 810 miro

119 830 185 865 affectu
194 829 302 873 Gilbertum,
312 830 362 865 nullo
372 835 434 864 tamen
445 829 519 871 sciente,
528 829 617 873 diligebat.
641 829 698 864 Nacta
708 830 782 864 tandem
792 828 821 863 die

119 886 199 928 quadam
207 884 334 927 oportunitate,
341 883 435 926 inquisiuit
442 884 465 917 ab
472 884 522 917 code
529 894 564 926 qua
571 887 620 917 terra
628 887 645 916 et
653 882 726 916 ciuitate
733 883 822 916 oriundus

120 938 159 980 fuit,
167 938 190 971 de
198 936 235 970 fide
245 937 300 970 etiam
311 941 329 969 et
341 936 428 980 religione
439 946 460 970 ac
472 936 611 970 conuersatione
622 935 768 977 christianorum,
777 934 822 979 [et]⁴

94 1003 111 1033 15
120 1001 156 1034 que
172 991 232 1023 forent
246 988 359 1023 credentium
373 999 417 1032 spes
430 993 448 1022 et
460 988 563 1022 seculorum
574 987 645 1032 premia
656 987 764 1022 futurorum,
786 985 823 1029 Qui

120 1053 162 1077 cum
172 1040 306 1085 responderem
314 1042 362 1083 quod
370 1041 460 1085 Anglicus
471 1045 521 1074 esset
532 1045 551 1073 et
562 1039 640 1074 ciuitatis
650 1040 710 1075 incola
720 1041 823 1075 Londonia-

120 1106 167 1138 rum,
179 1099 234 1139 atque
246 1105 288 1129 cum
300 1095 323 1129 de
338 1094 375 1129 fide
386 1094 486 1129 christiana
497 1094 575 1138 quedam
587 1094 680 1133 catholice,
691 1097 737 1129 sicut
748 1096 794 1129 deus
806 1094 823 1128 ei

120 1149 248 1193 inspirauerat,
256 1147 337 1182 breuiter
345 1148 467 1191 explanasset,
476 1155 609 1192 consequenter
617 1154 635 1182 et
644 1149 685 1193 ipsa
696 1149 718 1183 ab
729 1160 751 1183 eo
762 1148 823 1183 scisci-

121 1206 158 1236 tata
169 1206 198 1236 est
209 1200 283 1236 dicens:
296 1201 356 1235 ‘Num
368 1207 447 1235 mortem
458 1212 492 1245 pro
504 1203 539 1235 deo
551 1207 581 1235 tuo
593 1207 611 1236 et
622 1202 659 1236 fide
670 1201 739 1236 Christi
750 1213 824 1237 conser-

94 1270 113 1290 ιο
121 1255 182 1288 nanda
193 1254 285 1297 intrepide
296 1254 387 1288 sustinere
398 1254 476 1288 vellesi'
500 1254 603 1297 ‘Libenter,
615 1254 678 1298 inquit,
689 1264 724 1298 pro
736 1255 770 1289 deo
782 1264 824 1288 meo

122 1307 190 1342 moriar
203 1311 221 1341 et
235 1307 297 1341 omnia
309 1312 401 1342 tormenta
414 1307 452 1349 pati
467 1312 541 1350 paratus
554 1309 606 1341 sum.y
629 1307 670 1349 Quo
683 1307 750 1350 audito,
763 1307 825 1351 puella

122 1371 166 1395 mox
178 1364 216 1394 tota
231 1364 305 1403 mutata,
317 1360 414 1404 profitetur
429 1370 449 1395 se
465 1359 582 1395 christianam
595 1360 641 1403 fieri,
654 1360 753 1395 dummodo
765 1360 824 1406 ipsam

122 1414 142 1448 in
158 1413 254 1457 coniugem
269 1413 353 1458 accipere
367 1413 386 1447 in
402 1414 438 1448 fide
453 1425 487 1448 sua
502 1415 607 1457 sponderet.
634 1414 698 1449 Tacuit
716 1414 746 1449 ille
761 1425 825 1449 seeum

123 1468 233 1508 deliberans,
242 1472 260 1500 et
269 1466 352 1499 mulieris
360 1466 445 1500 fallatiam
454 1467 521 1500 timens
529 1469 589 1500 statim
597 1467 713 1511 acquiescere
721 1468 783 1508 noluit,
791 1469 825 1501 sed

96 1536 114 1567 ²5
123 1521 190 1564 puelle,
204 1519 313 1564 importunis
329 1520 415 1563 precibus
430 1518 526 1561 insistenti,
540 1519 563 1554 de
577 1519 606 1554 die
619 1519 638 1553 in
652 1519 701 1554 diem
714 1531 825 1555 consensum

123 1572 227 1617 protelauit.
250 1572 333 1615 Cumque
344 1571 405 1615 puella
412 1571 532 1606 vehementer
542 1571 652 1616 affligeretur
660 1578 678 1606 et
688 1574 711 1607 ob
721 1573 826 1608 dilationem

124 1626 143 1661 in
151 1625 191 1660 dies
199 1624 241 1669 plus
249 1626 304 1659 anxia
311 1625 419 1667 efficeretur,
429 1625 521 1660 Gilbertus
531 1636 574 1659 cum
584 1625 644 1668 sociis,
653 1626 735 1661 cathenis
743 1627 826 1671 diruptis,

124 1689 217 1714 acarcere
225 1679 272 1713 liber
279 1679 342 1713 euasit.
365 1678 394 1713 Ex
401 1679 432 1713 illa
439 1689 483 1713 vero
491 1678 536 1713 hora
547 1683 565 1713 et
575 1680 599 1713 de
609 1679 721 1723 profectione
732 1691 765 1714 sua
776 1685 792 1715 et
803 1681 827 1715 de

124 1734 167 1776 fuga
182 1732 243 1777 puella
258 1731 344 1776 cogitans,
359 1737 412 1765 nocte
427 1733 512 1776 quadam,
527 1731 618 1765 uniuersis
634 1742 713 1775 sompno
728 1733 827 1776 depressis,

97 1801 116 1830 50
125 1785 195 1819 modico
208 1794 241 1828 pro
254 1784 363 1818 necessariis
376 1794 439 1818 secum
452 1788 553 1827 assumpto,
565 1783 660 1828 multiplici
672 1795 693 1818 se
705 1784 779 1819 tradidit
790 1785 827 1819 dis-

125 1837 195 1874 crimini
209 1837 311 1882 fugiendot
335 1837 465 1881 Paganismum
476 1837 530 1882 igitur
541 1847 630 1881 prospere
641 1838 773 1883 pertransiens,
785 1851 827 1875 cum

124 1891 234 1937 quibusdam
248 1890 379 1926 mercatoribus
392 1897 411 1926 et
425 1892 533 1936 peregrinis,
546 1891 577 1935 qui
589 1891 669 1936 linguam
681 1892 720 1926 eius
733 1898 827 1935 nouerant,

124 1944 236 1980 transcursis
246 1944 316 1979 cunctis
326 1945 412 1989 periculis
420 1945 507 1989 Angliam
518 1946 592 1979 tandem
602 1944 695 1989 applicuit.
723 1946 807 1991 Cumque
817 1959 828 1982 a

125 1998 164 2032 sois
175 1997 271 2031 comitibus
283 1997 381 2031 dissociata
392 1998 462 2041 fuisset,
470 1998 515 2031 nihil
527 1998 575 2031 aliud
587 1997 700 2041 interrogare
711 1998 747 2032 nisi
758 2003 828 2034 tantum

99 2050 248 2092 35‘Londonias,
264 2050 390 2085 Londonias‘⁷
406 2051 462 2086 nouit.
491 2050 532 2093 Quo
547 2050 621 2085 tandem
636 2050 761 2093 perueniante
777 2053 829 2095 quasi

126 2104 184 2139 bestia
199 2103 276 2138 erratica
289 2113 324 2148 per
339 2104 409 2147 plateas
425 2102 503 2138 ciuitatis
515 2103 609 2146 incedens,
620 2102 701 2139 ⁸‘Beket
712 2104 780 2139 Beket’
793 2117 829 2150 que

127 2168 172 2201 sepe
184 2157 282 2201 repetens⁸
290 2157 385 2191 obuiantes
397 2168 480 2201 quosque
488 2156 602 2201 explorantis
612 2167 664 2191 more
674 2157 829 2203 circumspiciens,

127 2211 150 2244 ob
162 2210 255 2253 disparem
267 2209 325 2253 ipsius
336 2210 418 2244 habitum
430 2216 448 2244 et
459 2210 541 2254 linguam
552 2210 575 2243 ab
586 2210 671 2244 omnibus
682 2211 764 2246 derisum
774 2223 830 2257 passa

127 2268 161 2298 est.
185 2262 267 2306 Cumque
272 2262 279 2281 ⁹
284 2264 334 2297 iuxta
342 2264 417 2297 domum
424 2263 553 2298 Gilberti-—vbi
560 2273 609 2296 nunc
617 2267 646 2297 est
653 2264 766 2308 hospitalis¹⁰
772 2267 830 2300 sancti

99 2329 119 2359 40
128 2315 307 2351 Thome-omnibus
313 2316 331 2349 in
337 2326 378 2349 eam
384 2316 523 2350 intendentibus
529 2327 572 2350 casu
578 2315 650 2349 fortuito
655 2317 752 2351 transitum
757 2318 830 2362 faceret,

127 2369 240 2413 diuulgatum
252 2372 280 2401 est
289 2367 356 2412 vbique
365 2370 414 2412 quod
423 2370 503 2412 quedam
513 2368 609 2403 iuuencula
617 2368 670 2413 quasi
681 2369 759 2414 ydiota¹¹
768 2371 830 2406 multis

127 2433 169 2458 eam
181 2421 300 2466 sequentibus
313 2426 331 2456 et
342 2421 461 2456 irridentibus
475 2432 509 2466 per
520 2421 599 2466 plateam
611 2427 702 2467 euagaret.
726 2423 830 2461 Richardus

146 2507 153 2524 ¹
164 2508 182 2540 E.
189 2516 234 2545 com
235 2506 279 2538 aruit.
332 2506 338 2525 ²
350 2507 368 2537 E.
375 2506 433 2538 mitem.
488 2506 494 2525 ³
505 2506 522 2537 E
530 2506 643 2546 potentissime.
696 2508 702 2527 ‘
713 2518 744 2541 om
796 2511 831 2542 ⁵12.

128 2549 248 2586 responderent.
289 2547 325 2584 ⁶0.
332 2547 407 2585 fugiendi.
450 2546 487 2584 Ὠ.
497 2548 580 2577 Londonia
587 2547 673 2579 Londonia.
714 2549 738 2567 Μ
749 2558 779 2582 οιιι.
788 2550 830 2588 ἰιιΩ.

127 2588 162 2618 ⁹E.
170 2588 247 2625 Dumque.
288 2587 299 2606 ¹⁰
310 2587 330 2624 Q
338 2588 393 2616 domus
401 2587 487 2625 hospitalis.
528 2586 539 2605 ¹¹
550 2588 567 2616 E.
575 2588 639 2625 ydeota
671 2613 673 2615 ,
