1762 2803
121 191 149 245 98
313 189 393 242 noua
408 187 524 249 tremos
540 183 633 247 unctio.

122 309 141 343 in
153 309 226 343 ciuitate
235 308 344 350 Dorubreui,
352 320 388 352 que
398 309 421 342 ab
431 307 498 351 Anglis
509 318 520 341 a
530 307 617 351 primario
628 306 720 349 quondam
731 305 785 344 illins,
793 306 825 349 qui

123 362 217 397 dicebatur
226 362 305 405 Roues¹,
314 362 438 396 Rouescester
445 360 588 405 cognominatur.
611 359 671 393 Distat
679 363 740 393 autem
748 369 759 392 a
768 358 824 393 Doro-

123 416 199 450 bernial
207 415 281 449 milibus
292 425 380 459 passuum
392 414 431 448 fere
438 414 579 458 vigintiquatuor
586 414 609 446 ad
617 412 736 446 occidentem.
760 411 781 445 In
789 422 825 455 qua

123 479 157 503 rex
170 468 286 502 Etheibertus
301 467 397 501 ecclesiam
410 467 458 500 beati
471 466 547 500 Andree
561 465 638 509 apostoli
653 464 700 507 lecit,
713 469 731 498 et
743 464 826 508 vtrisque

106 536 114 565 5
124 522 211 562 ecclesiis,
218 519 286 554 scilicet
293 519 341 554 beati
350 519 401 554 Pauli
409 524 427 553 et
433 519 514 560 Andree,
521 518 576 554 simul
583 523 602 552 et
608 517 740 552 dorobernensi
748 517 825 552 ecclesie

124 575 181 608 multa
188 576 236 608 dona
244 572 324 616 contulit,
333 573 366 607 sed
376 578 394 607 et
401 572 491 606 territoria
501 583 522 606 ac
531 570 660 616 possessiones
670 570 688 605 in
696 581 750 606 vsum
762 581 826 604 eorum

124 627 155 670 qui
163 630 214 660 erant
222 636 263 659 cum
274 625 366 669 episcopis
376 625 447 659 adiecit.
455 630 457 633 '
492 618 588 659 Defuncto
595 625 670 658 tandem
681 629 744 658 sancto
752 623 826 666 Augus·

124 679 161 713 tino
174 678 252 723 septimo
266 679 354 713 kalendas
368 678 420 720 Iunii,
431 677 524 722 positum³
537 683 565 711 est
579 688 645 721 corpus
661 676 700 711 eius
713 676 763 710 foras
776 676 826 710 iuxta

124 732 220 766 ecclesiam
236 732 331 765 beatorum
350 731 474 775 apostolorum
494 731 543 765 Petri
563 735 580 764 et
600 730 664 765 Pauli:
687 729 729 774 quia
748 730 826 763 necdum

97 798 116 819 ro
124 785 183 819 fuerat
194 784 275 829 perfecta
285 795 319 818 nec
331 784 418 819 dedicata.
441 783 485 817 Mox
493 794 537 818 vero
545 789 564 817 vt
573 783 656 818 dedicata
665 787 698 826 est,
706 782 826 817 translatum⁴

124 843 153 870 est
160 847 227 880 corpus
235 837 275 869 eius
285 842 303 870 et
313 837 332 869 in
342 837 414 879 porticu
421 836 470 869 illius
479 836 591 879 aquilonari⁵
599 838 685 869 decenter
693 836 786 878 sepultum
794 841 827 869 est.

125 889 153 923 Ibi
172 888 222 924 enirn
237 889 391 933 archiepiscorum
406 900 483 933 corpora
497 899 555 933 vsque
568 889 591 922 ad
604 888 722 922 Theodorum
738 887 827 932 archiepi-

125 953 203 987 scopum
212 942 272 986 posita
281 948 334 985 sunt;
346 942 452 976 Theodoril
462 953 506 977 vero
517 953 538 976 ac
551 941 657 976 Brithwaldi
669 952 746 985 corpora
757 940 775 975 in
787 940 828 986 ipsa

126 996 203 1029 ecclesia
211 995 283 1029 condita
291 1001 338 1038 sunt,
347 1007 368 1029 eo
377 997 425 1039 quod
434 995 517 1039 predicta
527 995 608 1039 porticus
615 995 668 1038 plura
676 1005 753 1038 corpora
761 1004 827 1037 capere

100 1063 118 1093 15
127 1047 264 1093 nequiuit—⁷
270 1040 321 1084 Cum
336 1053 397 1082 autem
412 1059 446 1082 rex
461 1048 528 1092 Anglie
543 1048 630 1091 Canutus,
646 1052 709 1082 sancto
724 1046 828 1090 Augustino

127 1102 180 1136 valde
192 1102 274 1143 deuotus,
283 1102 363 1135 Romam
374 1102 494 1145 proficiscens
505 1112 556 1136 mare
567 1101 645 1136 transire
653 1101 713 1143 vellet,
721 1106 760 1135 orta
768 1100 828 1135 subito

127 1158 237 1197 tempestate
251 1154 369 1194 validissima,
384 1156 407 1187 ad
425 1160 508 1187 sanctum
525 1154 650 1198 Augustinum
669 1155 745 1187 denotas
763 1163 829 1197 preces

127 1206 183 1241 fudit:
200 1211 218 1240 et
233 1205 293 1240 omnis
308 1206 368 1250 pelagi
384 1206 435 1240 furor
447 1205 466 1240 in
482 1206 631 1250 tranquillitatem
646 1216 711 1240 versus
727 1216 770 1240 mox
786 1216 829 1239 con-

127 1259 223 1302 quiescere
231 1259 284 1302 cepit.
328 1252 401 1293 8Erant
409 1259 458 1292 enim
466 1259 485 1292 in
492 1259 611 1292 translatione
621 1259 678 1293 sancti
686 1258 786 1302 Augustini
794 1260 829 1292 duo

101 1327 120 1348 20
128 1311 272 1346 irremediabiles
287 1311 360 1353 inimici,
373 1322 451 1355 quorum
467 1311 512 1346 alter
527 1311 602 1347 alterius
617 1311 707 1346 occiderat
722 1310 829 1356 genitorem.

127 1365 181 1399 Vltor
196 1364 291 1399 exhorruit
307 1364 448 1405 interfectorem,
464 1364 568 1399 interfector
587 1364 662 1408 expauit
676 1363 760 1399 vitorem.
783 1364 830 1398 Cum

128 1418 201 1452 autem¹³
214 1423 296 1461 vterque,
309 1419 356 1452 alter
369 1418 411 1451 odio
423 1418 469 1452 alter
482 1418 552 1459 timore,
565 1417 629 1462 sugere
641 1417 664 1452 ab
678 1417 755 1452 ecclesia
768 1418 830 1452 decer·

128 1476 185 1514 taret;
200 1470 261 1504 diuina
272 1470 338 1505 virtute
350 1470 402 1515 quasi
414 1470 490 1504 fulmine
502 1470 619 1513 reuerberati‚
631 1471 686 1505 etiam
697 1475 772 1515 patente
784 1470 830 1504 ostio

129 1525 193 1568 egredi
204 1534 241 1558 non
252 1529 342 1568 poterant,
365 1523 429 1567 ltaque
440 1523 539 1567 Augustini
550 1523 684 1558 interueniente
698 1524 755 1567 gratia
766 1535 789 1558 ex
803 1524 830 1557 in-

103 1577 205 1622 25prouiso
220 1587 281 1609 coram
296 1577 362 1609 eodem
379 1576 409 1619 pio
425 1576 540 1619 pacificatore
556 1577 682 1619 representati,
698 1581 716 1610 et
731 1577 780 1610 nullo
796 1577 830 1610 alio

122 1628 223 1670 ,mediante
242 1627 321 1662 inuicem
340 1628 449 1671 compuncti,
465 1628 544 1662 inuicem
560 1628 579 1662 in
599 1628 722 1662 satisfactione
739 1628 831 1672 prostrati,

131 1681 228 1715 uberrimis
240 1680 339 1723 lachrymis
350 1680 420 1721 suffusi,
429 1691 452 1713 ex
463 1680 573 1715 aduersariis
581 1681 626 1714 fiunt
635 1681 693 1722 amici,
701 1681 739 1715 acsi
748 1681 831 1715 eiusdem

131 1733 189 1776 patris
201 1732 238 1765 filii.
282 1726 349 1766 Tertio
361 1733 410 1766 enim
423 1733 452 1766 die
465 1739 507 1766 ante
518 1733 630 1767 natiuitatem
642 1739 704 1768 sancte
716 1734 774 1768 Marie
785 1734 832 1768 facta

132 1791 160 1820 est
171 1784 265 1820 translatio
277 1784 335 1819 sancti
345 1785 444 1829 Augustini
455 1785 583 1831 sociorumque
591 1786 640 1829 eius3
651 1785 671 1819 in
682 1797 718 1830 qua
725 1791 778 1820 nocte
787 1786 832 1820 ciuis

105 1853 124 1882 30
132 1839 206 1882 quidam
225 1837 362 1880 cantuariensis,
378 1838 473 1872 Wintonie
490 1839 604 1881 constitutus,
622 1839 667 1874 vidit
684 1840 756 1873 eminus
773 1840 833 1874 celum

132 1897 216 1936 apertum
226 1901 283 1935 super
292 1891 389 1924 ecclesiam
400 1891 459 1925 sancti
470 1890 575 1934 Augustini,
585 1891 689 1936 scalamque
701 1892 787 1926 flammeo
798 1893 832 1926 ful-

131 1956 176 1989 gore
188 1944 295 1985 radiantem,
311 1944 455 1988 angelorumque
469 1944 544 1979 chorum
557 1944 707 1989 splendidissimo
721 1944 784 1980 habitu
799 1955 833 1990 per

132 1998 181 2032 illam
188 1998 331 2031 descendentem
335 1997 348 2016 ¹⁰
353 2008 412 2042 vsque
419 1998 438 2032 in
444 1997 504 2042 ipsam
510 1998 628 2042 apostolicam
634 1999 699 2033 aulam.
717 1999 785 2032 Totum
789 2009 833 2033 vero

132 2049 395 2094 monasterium,quasiingens
400 2050 766 2095 globusnammiuomus,tantus1¹fulgoris
772 2052 834 2086 radius

105 2115 123 2145 35
132 2115 174 2137 cum
186 2105 227 2146 ipsa
238 2103 287 2136 scale
299 2103 414 2137 extremitate
426 2104 536 2146 inuoluebat,
548 2109 568 2138 vt
581 2115 691 2147 repercusso
706 2104 776 2146 intuitu,
790 2104 834 2148 quid

132 2156 243 2190 intrinsecus
254 2155 284 2189 vel
298 2155 345 2189 circa
360 2167 382 2189 ea
396 2156 436 2190 ioca
451 2162 536 2199 ageretur
550 2158 667 2200 perpendere
680 2158 769 2201 nequiret⁴
792 2157 834 2191 Eui-

133 2211 192 2253 gilans
203 2214 269 2250 autem,
277 2219 319 2243 curn
327 2208 383 2243 nichil
394 2208 448 2243 sciret
456 2210 479 2243 de
490 2214 595 2243 sanctorum
603 2210 727 2252 translatione,
736 2210 835 2244 mirabatur

133 2262 220 2307 quidnam
228 2272 291 2296 rerum
299 2261 420 2305 prefiguraret
428 2262 462 2296 hec
470 2261 521 2296 visio.
567 2256 626 2297 Facta
635 2267 663 2297 est
671 2268 732 2297 autern
740 2263 834 2298 translatio

133 2315 191 2349 sancti
204 2314 304 2356 Augustini
319 2314 448 2358 sociorumque
463 2315 502 2348 eius
517 2326 566 2348 anno
581 2316 651 2348 domini
666 2315 763 2348 millesimo
778 2327 835 2349 nona-

106 2382 126 2412 4⁰
134 2367 205 2411 gesimo
220 2365 285 2410 primo,
301 2372 364 2401 octauo
381 2366 423 2400 idus
442 2367 558 2411 septembris,
573 2378 607 2411 per
624 2367 726 2402 Gnidonem
745 2369 835 2410 abbatem,

134 2420 240 2463 presulante
253 2420 354 2453 venerabili
367 2419 468 2462 Anselmo·,
484 2426 502 2454 et
516 2432 593 2464 corpora
605 2420 718 2464 singulorum
730 2427 835 2456 sanctorum

154 2482 158 2500 ¹
171 2483 210 2512 Bed.
220 2483 265 2513 Hrof.
299 2482 305 2500 ²
316 2484 334 2513 Ε,
342 2483 446 2520 Doroberina,
451 2484 469 2514 T.
476 2484 570 2514 Doroberni.
608 2484 614 2501 ³
624 2484 642 2514 T.
650 2485 714 2521 positus.
752 2486 758 2502 ⁴
768 2487 788 2516 al.
795 2487 836 2515 intro

135 2522 198 2552 illatum.
253 2523 391 2560 lataquinonali.
447 2522 562 2554 ⁶E.Thedori.
617 2522 806 2563 ⁷etniracu1as.Ang.
815 2526 837 2562 by

136 2562 216 2597 Goscelin,
223 2562 240 2590 in
247 2562 266 2591 A.
274 2563 303 2593 SS.
311 2563 352 2593 Boll.
359 2573 375 2600 p,
382 2564 417 2600 39⁶·
477 2563 482 2580 ⁸
494 2564 539 2592 From
547 2564 574 2593 the
581 2563 669 2595 Translatio
676 2565 697 2602 by
705 2566 785 2601 Goscelin,
792 2566 808 2594 in
815 2565 835 2595 A.

136 2601 278 2639 SS.Boll.p.411.
319 2603 454 2634 ”fumantem
495 2602 507 2620 ¹⁰
518 2603 535 2634 E.
544 2603 662 2635 desendentem.
703 2604 837 2635 ¹¹al.ssammivo·

135 2651 177 2672 mum
185 2641 246 2672 stantis
