1762 2803
217 122 263 177 bc
278 119 379 174 banno
395 118 539 185 attumne.

106 348 121 385 ql
134 339 168 382 DE
179 355 250 380 SANCTO
261 337 375 379 YTHAMARO
386 352 475 378 Episcopo
485 353 508 377 ET
520 342 649 377 CONFESSORE.¹

62 448 114 483 Auca
125 445 160 480 de²
172 443 265 478 miraculis
273 443 321 477 beati
333 441 428 477 Ythamari
438 441 549 477 venerabilis
559 441 647 486 episcopi,
657 453 693 486 que
701 443 731 476 vel

85 499 120 543 ipsi
134 497 215 532 vidimus
228 496 258 530 vel
278 496 301 530 ab
320 495 360 530 aliis
378 495 415 529 fida
432 494 521 528 relatione
538 494 648 538 accepimus,
666 494 732 529 litteris

29 553 117 589 mandare
131 550 243 591 curauimus,
254 553 274 582 vt
288 548 307 582 in
322 547 406 582 notitiam
419 548 498 582 veniens
513 558 548 590 per
561 548 679 582 deuotionem
694 548 732 581 ani-

29 615 98 640 marum
107 602 160 637 saluti
167 601 257 647 proficiat,
264 601 314 645 quod
324 599 447 635 exterioribus
458 600 515 644 signIs
526 600 550 634 de
560 600 608 634 beati
616 599 650 634 viri
661 599 733 634 meritis

29 659 87 703 pietas
99 665 180 699 superna
193 654 279 689 declarat.
302 653 352 688 Sane
365 654 389 687 de
401 652 507 697 temporalis
520 652 556 687 vite
572 652 612 687 eius
626 655 675 687 serie
688 652 750 689 nihili

29 709 81 745 nobis
100 712 183 743 veterum
204 704 298 751 diligentia
318 705 397 748 tradidit,
417 711 495 750 excepto
513 717 536 740 eo
554 706 603 750 quod
621 705 733 741 venerabilis

29 762 120 808 presbiter
135 760 186 795 Beda
201 760 220 794 in
235 758 311 793 historia
326 769 359 793 sua
374 758 483 803 Anglorum,
498 759 555 793 breue
570 759 671 793 sanctitatis
688 759 733 800 eius,

30 817 85 850 immo
97 813 192 848 sufficiens
202 813 283 846 breuiter
295 811 419 846 testimonium
430 811 516 854 reddidit,
526 811 562 846 hiis
572 811 645 846 verbis:
661 810 693 845 ‘ln
704 822 734 845 ec·

30 868 90 909 clesia,
104 865 168 910 inquit,
184 865 259 899 roffensi
275 865 341 899 beatus
360 863 447 899 Paulinus
464 864 546 899 moriens
563 864 644 909 pallium,
659 864 708 908 quod
723 876 734 898 a

30 930 105 954 romano
116 929 165 962 papa
176 922 289 960 susceperat,
299 916 378 960 reliquit.
401 916 422 949 ln
433 915 486 950 cuius
497 916 557 950 locum
569 915 664 950 Honorius
675 916 733 951 archi·
743 922 762 945 10

30 970 128 1015 episcopus
136 968 227 1004 ordinauit
234 969 361 1011 Ythamarum,
369 968 467 1004 oriundum
477 968 552 1013 quidem
560 969 583 1003 de
591 975 647 1013 gente
655 969 734 1004 Cantua-

30 1024 103 1066 riorum,
109 1023 183 1058 sedvita
191 1027 209 1057 et
217 1022 319 1057 eruditione
327 1022 366 1057 suis
373 1023 521 1058 antecessoribus
527 1022 649 1067 equandum³.
663 1022 734 1057 Verum

31 1078 54 1113 ad
71 1076 171 1111 intimanda
189 1075 243 1111 huius
259 1076 317 1111 sancti
336 1075 402 1111 merita
416 1076 460 1120 quid
479 1076 542 1110 multis
558 1076 621 1110 verbis
638 1087 685 1120 opus
700 1082 734 1117 est,

31 1131 103 1175 quando
116 1135 134 1164 et
148 1130 212 1164 crebra
222 1129 310 1163 virtutum
324 1128 405 1173 operatio
417 1129 474 1163 fidem
487 1128 541 1164 dictis
554 1129 637 1164 conciliat
642 1128 653 1171 ⁸,
667 1134 685 1164 et
698 1130 734 1163 iam

32 1183 79 1217 sama
89 1182 195 1226 diuulgante
206 1193 274 1216 nornen
285 1182 325 1216 eius
337 1181 444 1215 dulcifluum
453 1181 514 1215 fidelis
522 1181 664 1226 circumquaque
676 1192 735 1225 popu·
745 1188 762 1217 ¹5

32 1236 60 1269 lus
77 1235 123 1269 mira
138 1234 236 1268 deuotione
255 1234 395 1268 concelebrat⁴l
439 1226 537 1278 Tempore
556 1234 606 1268 enim
623 1233 734 1269 venerabilis

33 1286 138 1330 Gundulphi
154 1287 241 1331 episcopi,
256 1288 343 1321 innonata
357 1285 433 1321 roffensi
449 1286 532 1328 ecclesia,
545 1286 610 1321 beatus
623 1286 735 1321 Ythamarus

33 1340 55 1373 de
64 1340 103 1372 loco
112 1340 142 1373 vbi
153 1340 204 1383 prius
214 1340 298 1384 sepultus
309 1340 373 1380 suerat,
383 1339 405 1373 in‘
415 1339 509 1373 excelsam
519 1340 611 1383 quandam
624 1341 735 1374 testudinem

33 1392 55 1426 ad
63 1392 167 1435 aquilonem
175 1392 298 1437 transpositus
305 1398 338 1427 est.
362 1392 405 1427 Erat
413 1398 476 1427 autern
483 1391 502 1426 in
511 1392 589 1427 ecclesia
597 1392 627 1427 illa
634 1392 736 1428 monachus

34 1444 111 1488 quidam,
118 1445 147 1479 vir
154 1457 213 1481 senex
221 1451 240 1480 et
247 1445 315 1480 eximie
324 1445 431 1488 sanctitatis,
439 1445 515 1480 cecitate
523 1456 634 1490 percussus:
647 1446 705 1491 [qui]⁶
712 1447 735 1481 ad
745 1455 764 1476 20

34 1499 114 1532 tumbam
126 1499 184 1533 sancti
196 1499 291 1533 Ythamari
302 1510 344 1533 cum
357 1499 451 1533 lachrimis
462 1505 481 1533 et
493 1500 561 1544 gemitu
573 1510 639 1544 preces
650 1500 736 1541 lundens,

34 1551 128 1586 exauditus
139 1557 173 1586 est.
196 1553 244 1587 Nam
255 1558 309 1587 nocte
320 1552 339 1587 in
351 1552 434 1597 sompnis
442 1552 470 1587 vir
481 1552 544 1587 habitu
555 1553 633 1588 candido
644 1559 663 1589 et
674 1554 736 1598 splen·

34 1604 77 1638 dore
85 1605 145 1640 vultus
156 1606 224 1640 eximio
234 1606 251 1641 ei
261 1606 322 1649 astitit,
330 1606 394 1640 dicens
406 1617 427 1640 se
437 1607 460 1640 ad
473 1606 572 1641 clamorem
584 1606 625 1640 eius
635 1612 736 1646 euocatum,

34 1662 53 1690 vt
64 1657 97 1690 sibi
109 1659 219 1700 mederetur,
231 1660 310 1693 adesse:
328 1664 346 1692 et
358 1659 420 1693 oculos
431 1669 486 1692 manu
500 1663 584 1702 tangens,
595 1658 676 1701 perfecte
687 1659 737 1692 sani·

34 1709 65 1741 tati
77 1710 159 1744 restituit.
183 1711 224 1752 Quo
239 1711 305 1753 audito,
319 1711 417 1755 episcopus
432 1710 490 1745 sancti
505 1710 601 1744 Ythamari
616 1710 703 1756 reliquias
717 1710 736 1745 in
747 1719 764 1748 ²5

35 1761 161 1804 presbiterium
181 1764 252 1805 referri,
267 1768 286 1798 et
302 1763 321 1797 in
340 1763 380 1797 loco
399 1764 499 1798 decentiori
518 1764 590 1798 thecam
610 1763 737 1798 inestimabilis

35 1813 120 1857 thezauri,
131 1815 161 1850 vbi
173 1816 243 1852 cunctis
253 1821 304 1852 esset
315 1817 432 1858 accessibilis,
440 1817 494 1852 locari
504 1818 591 1862 precepit.
614 1817 655 1860 Quo
667 1817 686 1852 in
697 1818 737 1852 loco

36 1866 113 1902 fideliter
123 1870 258 1913 postulantibus
266 1876 361 1915 prestante
369 1871 404 1905 deo
414 1871 513 1905 multarum
524 1870 571 1905 lacta
581 1876 652 1905 suntet
662 1876 737 1906 ostensa

36 1919 86 1962 signa
99 1922 192 1957 virtutum.
237 1917 340 1967 Egrotabat
354 1923 420 1957 mulier
439 1925 517 1967 quedam
532 1924 551 1957 in
569 1923 647 1964 ciuitate,
662 1929 681 1957 et
698 1930 737 1958 erat

36 1970 122 2015 languorl
136 1975 253 2018 fortissimus,
266 1977 291 2011 ita
305 1983 324 2010 vt
338 1976 370 2010 vix
385 1977 404 2011 in
419 1986 441 2010 ea
456 1974 560 2010 anhelitus⁷
575 1982 684 2011 remaneret.
713 1976 737 2010 Et
745 1985 765 2015 30

37 2033 76 2059 cum
89 2026 162 2063 beatum
176 2028 297 2064 Ythamarum
308 2028 408 2072 inuocaret,
419 2029 504 2073 apparuit
516 2029 532 2064 ei
544 2040 611 2073 sopore
622 2029 738 2074 [depresse]⁸

36 2076 108 2114 dIcens:
120 2080 186 2124 ‘Vade
198 2081 262 2126 inquit,
272 2084 295 2117 ad
304 2083 364 2116 locum
371 2082 402 2115 vbi
412 2082 513 2126 requiesco,
520 2088 540 2116 vt
549 2082 627 2117 salutem
638 2081 662 2116 ibi
673 2093 737 2117 conse-

37 2133 106 2172 quaris!
129 2132 163 2168 Cui
176 2145 217 2170 cum
231 2135 374 2180 respondissetl,
387 2146 420 2180 pre
435 2135 541 2170 infirmitate
556 2146 577 2170 se
591 2136 609 2170 id
625 2136 686 2170 iacere
700 2146 738 2170 non

37 2190 95 2225 posse,
108 2185 180 2228 iterum,
193 2200 214 2222 ac
229 2190 287 2231 tertio,
303 2190 374 2223 eisdem
389 2195 417 2223 est
430 2188 492 2223 verbis
507 2188 605 2223 admonita.
627 2188 680 2230 Quod
696 2199 738 2223 cum

37 2232 113 2279 lecisset,
124 2239 206 2275 sanitatis
219 2252 296 2276 munere
301 2241 314 2261 ¹⁰
325 2243 397 2282 donata,
408 2243 464 2276 deum
475 2241 494 2275 in
506 2246 570 2275 sancto
582 2251 615 2275 suo
626 2241 738 2286 glorificauit.
747 2250 765 2278 35

39 2277 118 2324 Maritus
126 2291 210 2328 eiusdem
217 2294 300 2329 mulieris
309 2300 350 2339 post
359 2295 394 2329 hec
405 2294 472 2329 decidit
482 2295 501 2329 in
509 2295 627 2338 languorem:
639 2300 657 2329 et
665 2305 707 2329 cum
715 2295 738 2328 ad

38 2337 109 2377 beatum
122 2344 242 2382 Ythamarum
254 2358 320 2391 preces
331 2348 413 2390 fudisset,
423 2349 502 2392 quadam
512 2354 566 2381 nocte
576 2348 595 2381 in
607 2347 684 2381 extasim
696 2358 738 2390 rap·

57 2452 62 2470 ¹
72 2455 100 2487 Ed.
110 2458 126 2488 in
135 2461 170 2492 Act.
179 2463 209 2493 SS.
219 2463 259 2494 Boll.
268 2463 310 2499 June
321 2463 341 2493 Il.
352 2473 368 2501 p.
376 2473 412 2501 291.
431 2463 513 2501 Abridged
522 2463 562 2492 from
572 2463 606 2492 llir.
614 2463 630 2493 S.
638 2463 712 2492 Ithamari
722 2463 738 2491 in

40 2489 260 2542 l18·90rp.cur.c011.cur.
270 2504 303 2533 161.
343 2502 378 2533 ης,
386 2503 464 2533 runcare.
487 2503 526 2533 uer.
534 2501 633 2539 nemun
642 2512 666 2539 14.
702 2502 738 2532 Βτε.

39 2534 112 2584 ,⁰⁰⁰⁵fl121·
165 2540 200 2573 ⁴13.
208 2542 330 2573 concelebratur.
380 2542 427 2573 lom.
476 2542 510 2573 ⁸T.
518 2542 578 2580 langor.
625 2540 737 2573 ²T.anelitus.

53 2573 157 2612 S⁰T·,om‚in
165 2581 183 2612 E.
223 2583 258 2613 ⁹1¹2.
266 2582 372 2621 respondisse.
414 2582 528 2613 ramundi.

373 2649 403 2673 62
