1762 2803
119 114 163 164 642
384 105 507 168 diminuit
525 108 557 153 ll·

119 227 181 274 quilius
191 238 230 263 cnm
241 228 297 272 setrius
309 228 423 274 sroqnentnret
434 228 526 273 flagicium,
535 229 591 264 orririto
603 228 619 263 in
632 229 750 271 grauissimam
763 230 821 267 incidit

119 280 237 321 egritudinem.
261 280 292 314 Cui
301 280 427 314 contubernalis
435 290 487 325 eques
496 280 612 324 improperans
620 280 643 314 ait
651 290 655 314 ι
667 281 671 299 “
679 279 741 315 Merito
749 282 821 319 sustines

120 330 231 366 intollerabile
240 330 347 374 utrpplieinnr,
355 331 384 374 qni
393 331 458 365 celebre
464 331 538 374 coniugii
544 330 610 365 violasti
620 339 757 365 sacramentum:
770 334 820 376 Regis

119 390 135 417 et
145 381 219 416 innuitis
228 381 310 424 insignum
319 381 389 424 attigisti
399 381 469 416 calicem
482 382 557 423 indigne,
565 382 609 415 vnde
620 382 655 415 eius
667 382 773 424 indignatam
782 394 822 425 erga

102 440 110 468 5
120 441 136 466 to
145 431 219 465 minuisti
228 430 341 466 nuriestatem.
363 432 424 466 Sedet
433 432 466 466 cito
475 432 542 475 placare
548 442 601 474 queas
607 438 685 466 sanctum
693 431 721 465 dei
730 433 821 474 martirem,

120 492 192 526 prunum
201 481 223 515 illi
232 482 313 524 deinceps
321 480 400 525 pollicere
409 482 513 517 seruitutem.
533 482 607 516 l‘athera
615 493 689 525 namque
697 483 768 524 preciosi
777 486 821 525 regis

120 534 168 569 cuins
179 535 250 567 lrmrstuu
261 534 322 568 inlusio
333 534 420 568 dominam
431 541 506 568 nostram
515 547 526 568 a
537 533 597 568 mortis
606 533 731 577 incomlm]odn
739 534 821 576 liberauit,

120 584 227 627 impenitenti
240 584 276 627 tibi,
285 589 303 618 ot
314 583 386 628 uidetur,
394 585 459 629 absque
470 585 545 619 remedio
554 584 609 618 carnis
619 592 635 618 et
646 584 715 627 spiritus
726 586 823 627 geminatur

121 635 229 670 detrimento.
255 636 353 679 hggredere
363 635 420 679 itaque
431 637 467 669 uias
475 636 515 678 vite,
524 643 541 669 et
549 637 571 669 ud
579 636 633 678 ipsius
641 636 775 670 misericordiam
786 644 822 670 tnta

94 686 177 720 roenrrtts
193 685 297 719 ctrrrtricione
312 692 329 719 et
347 687 454 719 consessione
472 687 547 727 perfecta
566 686 665 725 confugias!
696 686 773 717 Audiens
790 687 822 718 hec

121 736 179 776 virago
191 745 242 777 qnmn
254 746 282 768 ren
294 742 363 769 srurctus
375 742 441 768 eruerat
453 746 464 767 a
475 734 534 768 mortis
547 734 606 776 exicio,
618 735 677 768 militis
687 736 712 769 sui
725 735 821 770 monitoris¹

121 785 187 820 uicibus
198 785 244 819 uices
255 785 333 820 adhibuit
344 786 468 828 correpcionisr
481 787 534 828 lnge,
543 786 603 829 inquit,
611 786 725 830 penitenciam
734 785 762 820 et²
771 788 821 821 satis-

120 837 174 871 facias
186 836 229 870 illico
241 836 326 870 maiestati
338 837 401 877 diuino,
413 837 453 880 quia
465 837 511 879 leges
523 836 614 870 confudisti
627 837 731 878 coniugales,
743 844 760 871 et
772 837 821 871 datus

120 888 203 923 adulterio
212 889 252 921 dum
261 887 323 921 excelsi
331 886 405 920 martiris
413 887 484 929 attigisti
493 888 579 929 poculum,
586 887 648 921 vleioni
657 888 744 921 subiectus
752 888 786 921 vite
793 896 822 922 tue

95 951 98 969 1
103 953 111 980 ,ς
120 937 202 971 forrnidns
210 948 302 979 egressum.
324 938 352 969 Ad
364 944 442 970 sanctum
450 943 467 970 te
475 948 567 980 premoneo
575 948 633 979 regem
641 938 740 977 rediturum,
747 944 764 970 et
772 948 822 979 quem

121 999 150 1031 per
165 987 288 1020 incontinencie
303 987 389 1021 offendisti
407 987 504 1026 ludibrium,
520 988 588 1028 placare
607 997 673 1020 rursum
692 988 761 1020 studeas
781 998 822 1030 pura

121 1037 229 1073 consciencia
236 1037 343 1072 meritorum.¹
367 1039 410 1071 Cum
420 1037 491 1072 licencia
501 1038 590 1072 confestim
601 1045 672 1081 accepta
679 1045 729 1081 prout
738 1038 792 1081 potuit
800 1039 822 1072 ad

121 1095 199 1124 sanctum
208 1089 294 1122 martirem
302 1088 358 1130 rediit,
366 1095 383 1122 et
391 1088 443 1131 digna
450 1088 465 1121 ei
473 1089 580 1122 confessione
588 1088 676 1122 satisfecit.
699 1091 755 1131 Quem
763 1091 822 1122 beatus

120 1139 180 1173 martir·
187 1139 285 1181 dupplicata
293 1139 379 1181 sospitate,
387 1140 464 1182 corporis
471 1145 489 1172 et
497 1139 559 1179 anime¹
568 1139 626 1171 diuina
634 1140 746 1172 miseracione
753 1139 822 1172 sanitati

94 1198 113 1218 20
121 1190 198 1223 restituit.
215 1188 306 1222 Persolutis
314 1189 366 1230 igitur
373 1188 459 1222 liberatori
468 1199 499 1221 suo
506 1187 574 1230 graciis,
580 1189 603 1222 ad
611 1189 680 1231 propria
688 1188 744 1229 rediit,
751 1200 822 1232 seseque

121 1240 202 1282 deinceps
209 1238 286 1273 honestis
294 1249 361 1273 morum
368 1239 466 1273 excerciciis
474 1240 535 1281 copule
543 1239 639 1281 coniugalis
646 1239 751 1272 informauit.

163 1330 194 1362 Da
205 1335 301 1362 uououtco
313 1336 350 1361 aaa
362 1336 487 1362 coenerosam
499 1336 525 1361 na
536 1336 595 1362 cresto
607 1336 674 1363 saneti
686 1330 783 1363 Eonrunor

434 1386 514 1412 sanato.

145 1469 224 1502 osbertus
252 1440 311 1516 Vlr
322 1441 392 1484 quidam
405 1441 499 1481 Donervici,
511 1441 571 1475 morbo
583 1441 662 1475 laborans
675 1441 762 1483 ydropica
774 1448 790 1474 et
802 1443 823 1475 de

225 1493 229 1500 ’
314 1492 405 1525 curacione
419 1491 494 1524 totaliter
510 1492 609 1534 desperans,
622 1492 688 1534 rogauit
700 1492 722 1524 ab
734 1492 794 1524 amicis
805 1502 823 1524 se

122 1551 173 1585 posse
181 1542 275 1583 presentari
285 1542 350 1575 martiri
360 1541 447 1584 precioso:
459 1552 530 1584 sperans
538 1552 569 1585 per
579 1543 660 1575 haustum
670 1541 774 1576 salutiferum
785 1552 823 1574 cum

95 1592 216 1636 2sdeu⁰010sse
227 1594 248 1626 de
259 1593 309 1636 cipho
320 1592 355 1626 eius
366 1594 443 1635 preclaro
454 1593 545 1626 sanitatem
557 1593 626 1627 habere.
649 1593 688 1634 Quo
698 1593 762 1632 audito,
773 1591 823 1626 aurici

122 1645 147 1677 sui
159 1643 271 1684 gestatorium
282 1649 380 1686 preparant,
392 1650 408 1675 et
420 1643 475 1676 virum
486 1643 532 1676 intus
543 1643 618 1676 debilem
629 1644 705 1676 suauiter
715 1644 785 1682 locant;
800 1643 823 1675 ad

122 1693 226 1726 domicilium
238 1693 283 1734 regis
292 1693 388 1733 adducitur,
396 1698 413 1725 et
424 1693 447 1724 ad
457 1693 562 1725 mauseolum
574 1693 637 1733 egregii
648 1692 713 1725 sistitur
723 1692 805 1734 principis
812 1689 823 1730 ³,

122 1742 196 1777 excubiis
205 1742 295 1784 inuigilans
303 1743 355 1783 digne
363 1742 467 1776 deuocionis.
482 1743 510 1775 Ex
516 1741 568 1785 cipho
573 1742 620 1784 regio
626 1742 707 1775 haustum
712 1742 744 1775 sibi
750 1743 823 1785 postulat

121 1792 213 1836 propinari,
225 1804 297 1835 sperans
307 1793 325 1826 in
337 1793 365 1825 illo
376 1793 443 1826 salubre
455 1793 515 1826 celitus
526 1793 603 1834 generari
615 1793 713 1835 remedium,
722 1794 768 1836 quod
780 1794 823 1825 salu-

94 1856 113 1884 3³
121 1854 156 1877 rem
164 1844 256 1877 contulisse
267 1849 338 1877 nouerat
348 1842 479 1886 incom[m]0dis
487 1843 603 1885 plurimorum.
628 1845 657 1876 Ab
664 1842 823 1876 administrantibus

122 1896 179 1936 itaque
191 1894 251 1935 ciphus
264 1895 291 1927 ille
303 1894 398 1936 porrigitur,
407 1901 423 1926 et
435 1895 457 1926 ab
469 1904 509 1935 egro
521 1894 592 1926 haustus
601 1894 680 1926 salutaris
691 1894 728 1926 sine
739 1893 823 1926 dilacione

121 1950 204 1986 gustatur.
227 1945 266 1983 Quo
274 1945 375 1984 degustato:
387 1953 428 1975 mox
435 1943 527 1983 ydropicus
538 1942 599 1975 veneni
609 1942 702 1975 maximam
712 1943 823 1984 quantitatem

121 1993 189 2033 enotuit,
203 2004 224 2026 ac
236 1992 253 2025 in
269 1998 356 2026 momento
371 1991 436 2025 ventris
451 1991 496 2025 illius
510 1991 607 2035 grossitudo
620 1992 734 2032 detumescit;
750 2000 823 2035 aquosus

121 2046 183 2078 humor
201 2044 228 2078 ille
248 2043 320 2085 deperit,
335 2050 352 2077 et
371 2043 433 2077 recenti
450 2049 489 2076 cute
505 2044 630 2086 redintegratus
646 2044 698 2076 homo
715 2042 823 2076 conualescit.

95 2108 113 2135 35
123 2096 189 2128 Eadem
201 2094 247 2127 enim
261 2095 302 2127 hora
316 2105 349 2136 qua
361 2094 406 2135 ciphi
418 2099 487 2135 gustum
499 2093 560 2135 attigit,
572 2104 610 2126 sese
622 2094 675 2126 sensit
687 2094 747 2127 celitus
759 2104 779 2126 ex
792 2093 823 2124 hoc

122 2143 248 2186 ineom[m]0do
255 2145 353 2185 lenigatum.
368 2143 434 2176 Libatis
441 2143 492 2185 igitur
498 2143 533 2185 regi
540 2152 599 2185 regum
605 2142 675 2185 eiusque
680 2142 754 2184 glorioso
760 2139 823 2175 martin

122 2195 189 2228 deuotis
204 2194 270 2233 hostiis,
285 2195 308 2226 acl
322 2194 391 2236 propria
406 2204 444 2226 cunr
460 2194 519 2226 anilcis
532 2199 548 2226 et
561 2194 641 2227 ruonbus
655 2192 756 2235 regreditur,
770 2197 786 2226 et
802 2189 823 2224 ab

122 2244 221 2287 egritudinis
229 2244 308 2278 molestia
315 2244 383 2288 penitus
392 2243 477 2277 liberatur.

307 2333 337 2364 Du
348 2339 524 2366 NhUlerlGhN'l*lllUS
535 2339 641 2366 LIBERATIS·

296 2395 370 2435 Eligiose
378 2395 411 2427 uite
419 2396 514 2427 inonachus
525 2395 595 2427 nomine
607 2396 709 2437 Rndulphus
717 2405 756 2427 curn
764 2395 824 2427 feretro

316 2444 371 2477 sancti
380 2444 454 2477 inartiris
462 2444 544 2478 assideret
553 2445 575 2478 dc
585 2445 662 2479 ciusdem
672 2445 755 2488 obsequio
763 2442 823 2478 sollici·

93 2455 113 2484 ,ιο
145 2423 228 2457 cti-taras.
256 2395 271 2470 Ι

122 2504 157 2530 tus:
170 2502 204 2528 tres
213 2494 258 2527 uiros
267 2495 284 2527 in
292 2494 372 2528 oracione
380 2500 474 2537 prostratos
486 2493 559 2537 inspicit.
582 2495 616 2537 Qui
627 2505 665 2529 cum
676 2505 735 2539 preces
743 2493 823 2538 prolixius

162 2561 165 2579 ¹
178 2562 208 2591 'l'it
217 2561 306 2593 rnonitoriis.
387 2561 393 2579 ‘¹
404 2560 434 2591 tn.
442 2561 498 2591 enitere
506 2566 526 2592 nt.
608 2561 614 2578 ³
624 2571 635 2592 r.
643 2561 715 2603 prltrelpis
722 2561 784 2592 sistitrrr.
