1762 2803
113 113 141 155 82
304 110 383 162 moue
399 108 515 171 brotona
530 107 623 169 anate.

114 235 249 275 precesserunt,
264 231 283 265 in
298 230 428 274 subsequentis
445 242 518 274 quoque
533 230 598 274 copule
617 228 683 274 gaudio
700 229 817 265 misceantur.

115 285 153 318 Cur
163 295 200 318 non
208 295 252 327 ergo
260 290 278 318 et
288 284 307 317 in
317 284 350 317 hac
361 283 451 327 spirituali
459 283 579 323 ordinatione,
587 293 623 326 qua
630 292 665 325 per
673 292 745 315 sacrum
754 283 817 317 minis-

115 338 181 371 terium
193 338 248 370 homo
260 338 294 370 deo
306 336 426 379 coniungitur,
435 337 481 370 tales
492 336 607 376 conueniant,
615 334 646 379 qui
654 335 684 369 vel
694 334 713 368 in
725 335 818 378 prosectu1

116 390 194 424 ordinati
207 389 288 433 episcopi
302 390 397 432 gaudeant,
410 389 440 423 vel
453 400 488 433 pro
501 389 541 423 eius
554 388 636 422 custodia
649 387 769 432 omnipotenti
783 389 818 423 deo

99 453 107 483 5
116 453 182 486 preces
190 441 258 485 pariter
265 442 363 475 fundant².’
407 441 421 478 ἹῙ
429 442 545 485 Irrlerrogatio
553 441 597 475 beati
600 440 701 485 Augustini
704 453 710 475 :
754 435 818 486 ‘Qua-

116 496 157 529 liter
167 495 256 528 debemus
266 505 307 528 cum
316 494 416 527 Galliarum
427 499 482 538 atque
490 493 626 528 Britanniamm
637 493 728 537 episcopis
740 496 818 537 ageret’

115 548 130 584 ll
138 547 234 590 Responsio
241 545 294 578 beati³
304 546 384 589 Gregorii
387 546 455 588 popei:
498 540 533 579 ‘ln
542 545 642 579 Galliarum
650 546 742 589 episcopis
750 547 818 580 nullam

115 599 148 633 tibi
156 599 280 633 auctoritatem
288 598 396 631 tribuimus:
408 599 450 641 quia
458 599 480 631 ab
487 598 566 642 antiquis
574 600 728 641 predecessorum
736 608 819 632 meorum

116 650 229 694 temporibus
239 651 314 694 pallium
324 650 432 685 arelatensis
443 650 541 695 episcopus
551 651 626 694 accepit,
635 661 690 694 quem
701 662 735 685 nos
746 651 819 694 priuare

88 709 108 741 io
116 703 222 738 auctoritate
230 708 318 747 percepta
328 703 403 736 minime
414 703 509 737 debemus.
532 703 553 737 Si
563 703 618 747 igitur
627 703 719 747 contingat
726 708 746 737 vt
755 703 819 738 frater-

116 757 164 790 nitas
176 762 207 789 rua
218 757 241 789 ad
251 756 350 790 Galliarum
362 755 475 800 prouinciam
488 761 573 796 transeat,
586 767 627 790 cum
640 757 704 790 eodem
716 756 820 791 arelatense

117 810 204 853 episcopo
215 810 269 843 debet
281 820 341 852 agere,
349 809 431 852 qualiter,
443 809 458 843 si
469 820 505 852 qua
517 815 559 842 sunt
570 808 590 841 in
601 808 693 852 episcopis
702 808 754 850 vicia,
765 809 820 843 corri-

117 868 188 906 gantur.
211 862 246 903 Qui
257 862 273 895 si
283 862 330 895 forte
340 861 359 894 in
370 861 466 904 discipline
473 861 537 904 vigore
545 861 630 905 tepidus4
638 861 708 902 existat,
716 867 747 894 tue
756 861 820 895 frater-

117 915 179 949 nitatis
187 915 227 948 zelo
235 915 363 958 accendendus
371 920 403 948 est.
427 915 460 949 Cui
468 914 523 948 etiam
532 914 620 958 epistolas
630 913 706 948 fecimus
714 920 733 948 vt
741 925 782 948 cum
790 920 821 949 tue

92 980 109 1011 15
118 966 218 1001 sanctitatis
229 967 323 1010 presentia
332 966 351 1000 in
361 966 428 1008 Galliis,
439 972 457 1000 et
468 967 509 1010 ipse
520 972 557 1000 tota
569 972 631 1000 mente
643 967 744 1007 subueniat,
755 972 773 1000 et
785 978 821 1010 que

118 1026 161 1055 sunt
169 1019 255 1054 creatoris
263 1019 321 1054 nostri
328 1019 404 1054 iussioni
412 1019 508 1061 contraria,
515 1020 537 1053 ab
545 1019 674 1064 episcoporum
682 1020 763 1053 moribus
771 1031 821 1054 com-

118 1079 186 1117 pescat.
207 1073 271 1115 Ipsos⁶
279 1079 340 1107 autem
349 1079 401 1107 extra
411 1072 536 1106 auctoritatem
544 1073 638 1116 propriam
649 1072 746 1116 episcopos
755 1073 821 1107 Gallia-

118 1137 160 1159 rum
171 1125 251 1158 iudieare
262 1136 299 1158 non
309 1125 389 1168 poteris;
402 1127 435 1159 sed
446 1126 546 1167 suadendo,
554 1125 671 1166 blandiendo,
679 1126 769 1159 bonorum
777 1137 821 1169 quo-

118 1190 154 1222 que
162 1188 239 1222 operum
247 1178 274 1212 eis
282 1177 402 1211 imitationem
409 1179 533 1220 monstrando,
539 1188 638 1221 prauorum
645 1183 718 1211 mentes
725 1178 748 1211 ad
755 1178 822 1212 sancti-

91 1247 110 1267 20
118 1231 159 1265 tatis
166 1231 226 1265 studia
232 1230 322 1264 reforma:
331 1231 378 1272 Quia
384 1230 472 1273 scriptum
479 1236 507 1263 est
513 1230 531 1264 in
538 1230 579 1273 lege
586 1242 589 1263 :
598 1233 608 1250 “
614 1230 649 1263 Per
654 1230 733 1264 alienam
740 1241 821 1265 messem

118 1283 210 1318 transiens
221 1283 286 1318 falcem
298 1283 317 1316 in
329 1294 369 1317 eam
379 1282 451 1317 mittere
462 1293 499 1316 non
510 1283 570 1323 debet,
578 1284 611 1317 sed
622 1293 677 1316 manu
688 1283 750 1327 spicas
760 1289 822 1318 conte-

118 1348 160 1372 rere
172 1342 190 1371 et
201 1336 329 1371 manducare.”
352 1336 425 1370 Falcem
438 1335 487 1370 enirn
499 1335 560 1370 iudicii
571 1334 644 1370 mittere
656 1346 693 1370 non
704 1340 758 1380 potes
770 1336 789 1370 in
801 1347 822 1371 ea

118 1395 182 1434 segete
197 1401 233 1433 que
248 1389 301 1423 alteri
312 1389 386 1423 videtur
400 1400 442 1423 esse
457 1389 567 1429 commissa;
585 1390 618 1423 sed
633 1399 668 1431 per
680 1389 765 1423 affectum
778 1389 822 1423 boni

120 1442 182 1485 operis
197 1442 289 1474 frumenta
304 1442 395 1474 dominica
410 1441 496 1474 vitiorum
511 1451 586 1474 suorum
601 1441 659 1484 paleis
675 1441 753 1483 expolita,
768 1447 786 1475 et
803 1442 822 1474 in

90 1507 111 1538 ¹²5
121 1494 197 1528 ecclesie
204 1504 280 1536 corpore
286 1494 379 1526 monendo
387 1498 406 1526 et
413 1494 543 1536 persuadendo
549 1493 601 1537 quasi
610 1492 823 1526 mandend0⁶eonuerte

121 1545 212 1588 Quicquid
221 1555 265 1579 vero
277 1556 301 1578 ex
312 1545 419 1579 auctoritate
430 1545 522 1587 agendum
534 1550 566 1584 est,
575 1554 616 1578 cum
627 1544 710 1587 predicto
721 1545 823 1580 arelatense

101 1639 102 1642 Ἴ
121 1598 208 1642 episcopo
223 1602 292 1640 agatur,
307 1607 331 1630 ne
346 1596 455 1641 pretermitti
474 1596 531 1640 possit
548 1597 582 1630 hoc
598 1597 646 1640 quod
661 1596 735 1640 antiqua
750 1603 823 1640 patrum

121 1650 209 1685 institutio
217 1650 292 1684 inuenit.
315 1649 450 1684 Britanniarum
460 1660 504 1684 vero
515 1660 580 1684 omnes
591 1649 689 1694 episcopos
698 1655 729 1684 tue
740 1650 823 1685 fraterni-

120 1700 153 1738 ta'ti
166 1702 302 1744 committimus,
315 1708 334 1736 vt
349 1702 417 1736 indocti
433 1704 538 1745 doceantur,
552 1702 620 1736 infirmi
635 1704 755 1746 persuasione
770 1705 823 1738 robo-

94 1756 200 1800 3orentur⁷‚
215 1755 299 1800 peruersi
318 1755 424 1790 auctoritate
436 1755 567 1798 corrigantur!
618 1755 761 1800 iiInterrogalr'o
781 1757 825 1791 droti

121 1809 231 1854 Augustini:
275 1801 299 1843 Si
310 1819 404 1853 pregnans
416 1809 482 1842 mulier
493 1809 558 1842 debeat
570 1808 669 1852 baptizari?
682 1814 717 1851 aut,
726 1815 824 1854 postquam

120 1862 208 1906 genuerit,
218 1865 260 1904 post
269 1866 357 1904 quantum
367 1867 440 1904 tempus
452 1860 511 1904 possit
523 1861 619 1895 ecclesiam
630 1861 711 1896 intrare?
724 1868 755 1896 aut
763 1862 823 1904 etiam,

120 1925 144 1948 ne
152 1919 210 1948 morte
218 1918 352 1957 preoccupetur
359 1914 408 1957 quod
416 1913 505 1956 genuerit,
513 1919 555 1957 post
565 1919 609 1956 quot
619 1914 659 1947 dies
670 1914 704 1948 hoc
714 1914 767 1948 liceat
776 1914 823 1949 sacri

120 1966 236 2011 baptismatis
247 1966 373 1999 sacramenta⁸
384 1967 490 2009 suscipere?
503 1972 533 1999 aut
544 1971 586 2009 post
597 1972 685 2010 quantum
696 1972 770 2010 tempus
782 1967 824 2000 huic

71 2020 73 2022 ’
94 2035 112 2065 55
121 2019 149 2054 vir
156 2029 201 2053 suus
211 2017 270 2061 possit
280 2018 367 2051 incarnis
375 2018 490 2061 copulatione
499 2018 597 2062 coniungi?
608 2024 639 2053 aut
649 2018 665 2052 si
676 2025 770 2053 menstrua
781 2031 824 2054 con-

121 2071 218 2107 suetudine
225 2076 304 2112 tenetur,
312 2081 336 2103 an
345 2070 440 2105 ecclesiam
448 2071 517 2105 intrare
525 2071 583 2113 liceat,
592 2076 622 2105 aut
630 2082 682 2105 sacre
690 2072 824 2106 communionis

121 2123 247 2159 sacramenta⁸
257 2122 367 2167 percipere?
382 2128 413 2157 aut
424 2123 453 2158 vir
466 2134 499 2157 sue
511 2123 583 2167 coniugi
597 2123 705 2168 permixtus,
717 2125 824 2169 priusquam

121 2179 193 2212 lauetur
205 2186 257 2220 aqua,
270 2176 285 2211 si
301 2176 398 2210 ecclesiam
412 2177 470 2219 possit
485 2176 560 2218 intrare,
573 2178 602 2211 vel
618 2177 672 2211 etiam
684 2179 707 2211 ad
722 2178 824 2213 misterium

122 2229 255 2266 communionis
270 2239 322 2262 sacre
338 2230 439 2263 accedere?
461 2230 502 2272 Que
517 2229 589 2263 omnia⁹
601 2229 642 2263 rudi
656 2229 759 2274 Anglorum
774 2230 825 2275 genti

94 2301 114 2330 40
122 2288 193 2328 oportet
201 2282 264 2316 haberi
271 2287 368 2325 comperta.
405 2283 523 2326 ilRespousio
530 2282 589 2316 beurim
596 2283 676 2326 Gregorii
679 2287 735 2326 pape:
768 2278 825 2318 ‘Hoc

122 2348 160 2370 non
166 2335 239 2379 ambigo
247 2334 379 2369 fraternitatem
386 2340 435 2369 tuam
442 2346 484 2369 esse
492 2335 604 2379 requisitam,
610 2334 639 2369 cui
646 2334 682 2369 iam
689 2342 707 2370 et
715 2346 825 2381 responsum

123 2388 225 2423 reddidisse
233 2398 263 2422 me
271 2389 353 2422 arbitror.
377 2389 415 2422 Sed
423 2388 458 2422 hoc
466 2390 514 2431 quod
522 2389 563 2431 ipse
572 2388 632 2422 dicere
641 2393 659 2422 et
666 2389 736 2423 sentire
743 2389 824 2433 potuisti,

142 2470 148 2488 ¹
158 2470 177 2501 E,
184 2470 264 2509 prosecto;
274 2471 292 2501 T.
300 2470 378 2508 prosectu;
389 2470 409 2501 al.
416 2475 496 2508 provectu.
544 2471 550 2488 ²
560 2470 578 2500 E.
586 2470 675 2501 fundantur.
728 2472 734 2490 ³
745 2482 776 2503 om.
783 2473 799 2502 in
806 2472 824 2502 T.

122 2510 157 2539 4Ε.
165 2511 240 2547 trepidus.
275 2510 311 2539 lul.
319 2511 360 2547 lpse.
396 2511 532 2542 “Emendando
563 2509 597 2540 7Ε.
605 2511 702 2542 roborantur.
734 2513 824 2543 meana.

122 2550 211 2580 ¹¹T.0mni.
270 2549 371 2581 momanr.
