1762 2803
85 133 87 139 ¹
136 117 179 170 556
401 113 524 174 euomuit
541 115 573 160 n.

135 244 204 268 mouere
216 239 295 278 poterant
309 235 402 278 rapiebant.
426 235 508 269 Monachi
523 245 563 270 vero
580 245 640 270 omnes
656 234 724 269 interim
739 240 804 271 stantes
819 237 834 273 in

135 285 208 319 eeclesia
215 292 232 319 et
240 296 296 319 rerum
305 292 376 320 euentus
384 285 455 319 tristatis
467 286 530 319 animis
541 286 660 328 prestolantes,
668 285 759 318 audierunt
767 288 835 323 tandem

135 336 226 369 tumultum
234 335 327 368 terribilem
338 335 432 369 crudelium
439 336 555 379 vespilionum
565 337 658 369 claustrum
668 335 796 378 ingressorum:
808 339 834 380 qui

135 385 196 418 timore
206 385 265 418 mortis
275 386 365 428 perterriti,
373 386 396 419 ad
408 385 479 419 latibula
491 386 569 429 superius
581 385 610 418 in¹
618 385 691 419 ecclesia
702 385 763 427 singuli
774 395 835 421 conuo-

118 443 126 474 5
135 437 197 476 larunt,
205 441 262 477 preter
270 436 326 468 solum
333 437 437 469 monachum
449 436 505 477 istum,
514 436 579 469 scilicet
589 437 659 469 fratrem
666 436 758 476 Thomam,
766 435 795 478 qui
806 447 835 479 pro

135 496 156 520 eo
164 485 210 528 quod
217 491 258 519 tunc
267 485 285 519 in
296 485 333 529 ipso
344 492 432 520 momento
444 487 487 520 hora
496 486 591 520 meridiana
602 486 638 528 tuit,
646 497 679 520 nec
690 485 768 528 regulam
779 487 835 523 uolens

135 536 227 579 offendere,
239 537 357 571 dormitorium
371 539 417 571 solus
431 538 508 572 ascendit
521 538 543 571 ad
556 538 620 571 lectum
633 548 689 579 suum,
701 537 778 570 ordinem
792 548 835 572 corn-

135 587 216 629 pleturus.
239 589 262 620 Et
268 588 296 620 vix
304 589 367 621 lectum
374 589 459 630 attigerat,
465 595 482 621 et
490 599 530 622 ecce
537 588 629 621 maledicta
637 589 699 621 cohors
707 588 836 630 precedentibus

136 637 269 669 Caleisiensibus
283 644 309 670 est
321 638 404 679 euestigio
418 639 505 671 insecuta:
519 644 545 671 set
558 638 680 670 nichilominus
695 638 747 670 frater
759 638 834 671 Thomas
871 658 873 660 >

109 699 128 719 10
136 686 203 729 parauit
210 687 273 720 lectum
283 698 333 721 suurn
342 687 434 720 intraturus
439 687 451 728 ἲ,
472 689 495 721 Et
507 694 543 721 erat
554 687 572 720 in
584 686 684 721 dormitorio
692 687 763 730 quidam
774 697 835 729 paruus

136 738 184 770 locus
192 737 318 770 secretissimus
326 743 343 770 et
351 738 422 770 firmiter
430 738 504 778 clausus,
512 749 533 770 ex
540 737 620 780 opposito
628 737 668 770 lecti
676 737 733 770 fratris
741 738 812 777 Thome,
820 739 836 772 in

137 784 183 829 quo³
191 787 229 819 loco
240 786 269 819 diu
283 793 323 819 ante
332 787 467 829 alienigenarum
474 788 569 820 aduentum
577 797 597 820 ex
605 785 732 820 deliberacione
744 793 836 821 conuentus

136 837 194 870 omnia
205 843 306 870 ornamenta
317 837 387 870 ecclesie
395 835 413 870 vt
425 837 442 870 in
454 837 506 877 libris,
515 837 627 877 vestimentis,
636 837 724 878 calicibus,
732 837 835 879 thurribulis,

136 887 220 930 peluibus,
228 887 276 929 natis,
287 888 340 920 sacris
351 888 430 931 reliquiis,
443 888 554 922 munimentis
566 888 637 921 ecclesie
649 893 685 921 tam
692 888 778 930 regalibus
786 897 835 930 quarn

110 948 127 978 15
136 937 231 981 papalibus,
237 943 254 970 et
262 938 300 970 aliis
306 938 435 981 quamplurimis
443 938 554 980 ornamentis,
561 938 639 981 deposita
646 938 713 971 fuerant
720 937 836 971 custodienda.

136 988 165 1021 Ad
172 998 224 1029 quem
231 988 287 1020 locum
295 988 381 1020 maledicti
389 989 474 1029 predones
482 988 564 1021 celerius⁴
572 988 768 1029 accedentes,violenter
776 988 836 1020 ostium

136 1038 228 1079 fregerunt,
243 1044 260 1070 et
279 1037 357 1080 ingressi,
372 1038 431 1070 omnia
445 1038 530 1081 premissa
546 1044 644 1081 rapuerunt.
673 1039 710 1080 Que
729 1048 768 1070 cum
788 1037 837 1080 irater

136 1089 213 1122 Thomas
221 1088 298 1130 vidisset,
306 1089 374 1122 turbato
382 1099 422 1122 vere
428 1087 439 1131 ⁵,
447 1089 486 1122 forti
494 1095 552 1123 tamen
564 1089 622 1122 animo
631 1088 707 1131 surrexit,
716 1094 732 1122 et
740 1093 788 1121 stans
798 1093 836 1122 ante

136 1140 200 1173 lectum
215 1148 265 1171 suum
280 1138 350 1172 viriliter
366 1138 453 1180 redarguit
468 1149 504 1180 eos,
519 1140 592 1173 dicens:
610 1140 637 1173 ‘0
653 1138 684 1172 viri
699 1138 783 1178 scelerati,
798 1138 836 1180 quid

109 1195 128 1215 ²0
137 1188 205 1221 facitis?
217 1188 293 1221 desistite
305 1195 321 1221 et
333 1196 400 1222 cessate
411 1190 433 1222 ab
445 1189 525 1232 operibus
533 1189 594 1223 vestris
606 1188 757 1232 nephandissimis.
781 1189 836 1230 Quare

136 1248 172 1271 non
183 1238 246 1271 timetis
259 1239 316 1279 deum,
327 1238 345 1271 in
356 1239 404 1272 cuius
415 1250 468 1281 graue
479 1239 592 1282 preludicium
605 1240 637 1272 hec
650 1239 708 1271 omnia
719 1238 837 1271 committitis?

136 1290 164 1321 An
172 1288 242 1321 nescitis
250 1289 331 1331 quoniam
339 1288 416 1322 illicitum
424 1289 446 1323 sit
454 1289 502 1323 vobis
511 1290 590 1323 manibus
598 1289 666 1331 pollutis
674 1295 691 1323 et
699 1287 773 1330 indignis
780 1299 836 1321 conse·

101 1383 102 1386 Ἴ
136 1345 183 1373 crata
189 1339 217 1372 dei
225 1339 327 1373 iocaliatam
333 1340 445 1374 irreuerenter
451 1340 562 1382 contingere?
579 1341 597 1374 Si
606 1340 656 1382 igitur
663 1339 691 1373 dei
699 1338 815 1373 reuerencianr
821 1345 836 1372 et

136 1389 248 1423 dileccionern
257 1389 346 1433 [habetis],
354 1392 406 1424 rebus
414 1391 518 1425 consecratis
526 1391 544 1424 in
551 1402 594 1434 pace
602 1390 684 1432 dimissis,
690 1390 719 1424 via
726 1401 761 1434 qua
768 1388 836 1423 venistis

110 1452 128 1479 ²5
137 1441 196 1480 redite,
208 1452 230 1473 ne
241 1452 272 1482 pro
284 1441 371 1474 demeritis
382 1441 443 1474 vestris
455 1442 502 1474 illam
514 1442 608 1474 terribilem
619 1441 689 1474 maioris
702 1440 836 1473 excommunica-

138 1489 191 1522 cionis
205 1490 311 1522 sentenciam
323 1489 423 1522 incurratis!
454 1490 487 1532 Qui
501 1491 577 1523 salubria
589 1489 708 1523 huiuscemodi
719 1489 785 1522 monita
795 1489 837 1521 ferre

137 1551 172 1574 non
183 1541 265 1581 valentes,
274 1551 334 1574 omnes
345 1551 387 1574 voce
398 1540 469 1574 terribili
479 1540 581 1574 unanimiter
593 1541 721 1574 conclamarunt
734 1551 784 1582 super
795 1550 836 1578 eum,

138 1590 225 1623 dicentes:
238 1592 279 1624 ‘Set
291 1597 314 1632 tu,
326 1602 378 1624 senex
389 1592 442 1632 calue,
450 1592 503 1624 redde
514 1591 564 1624 nobis
576 1592 674 1625 thesaurum
685 1597 733 1624 tuum
741 1588 802 1633 quem⁰
809 1589 836 1622 diu

138 1641 235 1683 colligendo
246 1642 357 1683 abscondisti,
366 1653 388 1674 ne
395 1648 413 1675 tu
421 1642 480 1675 statim
491 1643 537 1675 mala
548 1648 602 1675 morte
612 1642 700 1675 moriaris.¹
725 1642 790 1684 Quibus
802 1641 837 1682 ipse

110 1701 130 1731 30
138 1693 216 1725 modeste
222 1692 320 1734 respondit:
330 1694 403 1725 ‘Fateor
411 1692 460 1725 vobis
468 1693 514 1734 quod
522 1694 622 1725 thesaurum
630 1693 686 1725 habeo
694 1690 836 1734 preciosissimum

136 1747 154 1775 et
161 1742 288 1775 indeficientem
296 1742 314 1774 in
322 1743 374 1775 corde
382 1753 421 1775 meo
429 1743 528 1784 repositum,
534 1743 598 1775 scilicet
606 1743 697 1775 dominum
705 1752 762 1774 meum
770 1742 836 1774 ihesum

138 1791 230 1834 Christum,
249 1798 266 1826 et
287 1791 408 1826 intemeratam
425 1792 510 1835 virginem
528 1798 601 1826 matrem
620 1792 656 1826 eius
675 1791 764 1826 dominam
783 1799 836 1824 ineam

138 1843 223 1877 Mariam:
236 1855 247 1877 a
257 1854 291 1887 quo
299 1843 369 1887 quidem
379 1845 459 1878 thesauro
471 1844 552 1887 quicquid
563 1844 638 1878 feceritis
649 1855 684 1877 non
695 1843 791 1887 spoliabitis
802 1839 837 1874 me!

138 1894 171 1937 Qui
183 1895 241 1928 statim
249 1895 266 1927 in
275 1895 360 1928 insaniam
368 1894 417 1936 versi,
426 1895 509 1928 irruentes
519 1895 537 1927 in
546 1906 585 1928 eum
596 1895 625 1927 alii
635 1895 703 1937 gladiis,
711 1894 740 1927 alii
752 1892 837 1927 securibus

110 1955 128 1983 35
137 1955 218 1977 coronam
226 1944 287 1987 capitis
297 1945 333 1977 eius
345 1945 401 1987 plagis
412 1945 524 1977 atrocissimis
533 1945 636 1978 horribiliter
644 1945 781 1983 vulnerauerunt,
790 1942 812 1975 ita
820 1945 836 1973 vt

137 1996 225 2028 cerebrum
237 1996 297 2037 capitis
309 2001 387 2037 patenter
394 1995 485 2028 videretur.
508 1997 532 2028 Et
539 2006 561 2028 ne
569 1996 657 2038 quodlibet
664 1995 700 2028 vite
711 1994 813 2036 spiraculum
821 1989 837 2021 in

137 2056 158 2080 eo
171 2045 228 2087 vigere
243 2046 365 2089 permitterent,
378 2056 440 2089 corpus
455 2045 510 2079 eciam
525 2046 631 2080 tabefactum
646 2051 663 2079 et
679 2044 752 2079 diuersis
766 2044 783 2077 in
797 2040 837 2075 locis

137 2095 232 2138 inpiissime
240 2096 335 2130 sauciatum
347 2102 364 2130 et
374 2097 462 2130 solotenus
473 2096 598 2139 precipitatum,
607 2095 661 2129 hastis
669 2101 686 2129 et
693 2094 796 2138 pugionibus
804 2090 836 2124 suis

137 2146 215 2189 nequiter
226 2148 351 2188 transfixerunt,
359 2158 421 2190 corpus
429 2147 507 2180 exanime
515 2147 636 2190 relinquentes.
659 2146 721 2180 Statim
729 2157 770 2179 vero
780 2148 837 2187 postea

110 2208 130 2239 40
138 2207 168 2240 per
179 2196 255 2238 singulos
267 2198 319 2229 lectos
330 2198 454 2229 monachorum
466 2197 588 2238 discurrentes,
596 2196 678 2239 quicquid
689 2197 706 2228 in
717 2196 743 2228 eis
754 2192 837 2236 repperire

138 2253 217 2291 poterant
231 2247 293 2280 furtiue
307 2249 416 2281 sustulerunt.
445 2247 512 2291 Quibus
531 2246 621 2281 celeriter⁷
637 2247 745 2291 perpetratis,
760 2245 837 2279 timentes

138 2299 220 2342 populum
235 2298 290 2340 patrie
308 2299 326 2332 in
345 2299 441 2333 subsidium
456 2299 531 2341 vndique
550 2304 685 2339 concurrentem,
700 2303 718 2332 et
736 2297 769 2340 ipsi
788 2291 837 2329 maris

139 2348 272 2394 [in]temperiem
283 2349 372 2391 preuenire
383 2350 467 2390 uolentes,
475 2348 533 2391 spoliis
544 2354 562 2381 et
573 2348 638 2391 rapinis
648 2349 683 2382 suis
695 2349 746 2382 simul
758 2342 836 2380 collectis,

138 2410 191 2434 manu
197 2399 281 2441 sacrilega
287 2410 346 2432 secum
353 2400 376 2432 ad
384 2409 438 2432 naues
446 2400 583 2441 deportauerunt.
600 2401 638 2442 Que
645 2401 714 2442 quidem
722 2398 777 2442 spolia
784 2406 814 2429 sua
822 2397 837 2425 et

109 2460 129 2491 45
137 2450 196 2493 rapine
204 2450 266 2493 quibus
274 2450 307 2482 boc
315 2449 438 2482 monasterium
446 2449 567 2491 spoliauerunt,
576 2449 622 2482 iuxta
629 2450 665 2482 veri
673 2449 735 2482 valoris
743 2442 837 2481 estimacio-

157 2530 260 2561 ¹MS.iuin.
307 2529 459 2560 ²MS.intratnrum,
508 2527 664 2569 ³MS.inquounte.
706 2523 836 2559 ‘MSseelenus

137 2572 143 2591 ⁵
154 2570 188 2602 MS.
196 2579 239 2602 vero.
279 2569 285 2587 ⁶
296 2569 329 2601 MS,
336 2579 388 2610 quam.
428 2567 434 2586 ⁷
444 2569 478 2601 MS.
485 2569 564 2601 sceleriter.
