1762 2803
238 88 283 143 Ut
299 86 398 140 &aaut
414 86 559 149 annuatur.
721 104 748 149 75

47 206 118 242 itineris
131 208 263 251 confecissent3
280 208 364 253 percussi
377 207 442 242 timore
453 207 513 249 inerti,
524 207 584 242 redire
596 208 671 243 domum
684 207 750 253 potius,

47 272 102 304 quam
115 263 217 304 barbaram,
229 263 292 303 seram,
304 261 453 305 incredulamque
465 266 545 304 gentem,
557 261 608 295 cuius
621 272 656 295 nec
669 261 750 305 linguam

47 314 122 356 quidem
130 321 212 358 nossent,
219 315 269 348 adire
277 314 386 357 cogitabant,
393 319 410 348 et
419 314 453 348 hoc
461 324 503 347 csse
511 313 567 348 tutius
575 313 667 347 communi
675 314 751 347 consilio

47 366 177 402 decernebant.
200 368 238 401 Nec
249 379 305 408 mora,
314 366 443 411 Augustinum,
451 378 506 411 quem
514 367 541 401 eis
549 367 657 412 episcopum
665 366 750 401 ordinan-

47 420 91 453 dum
102 420 117 454 si
128 422 151 454 ab
159 421 225 465 Anglis
235 421 374 466 susciperentur
381 420 501 465 disposuerat,
510 421 584 455 domum
592 420 692 462 remittunt,
700 420 731 464 qui
739 431 750 455 a
759 434 767 464 5

47 472 101 506 beato
109 474 198 518 Gregorio
206 474 270 509 humili
280 473 383 518 supplicatu
394 474 484 508 obtineret
495 484 519 508 ne
529 479 566 508 tam
577 473 705 517 periculosam,
713 478 750 508 tam

47 525 162 568 laboriosam,
173 532 210 561 tam
221 526 309 561 incertam
321 527 487 572 peregrinationem
499 527 550 561 adire
561 527 655 561 deberent.
679 526 750 569 Quibus

47 577 78 612 ille
90 580 223 613 exhortatorias
235 580 309 614 mittens
321 581 396 620 litteras,
405 580 424 613 in
435 591 481 624 opus
492 591 525 614 eos
532 580 589 620 verbi,
598 580 660 614 diuino
670 580 750 613 confisos

47 630 120 674 auxilio,
125 632 217 676 proficisci
225 633 294 667 suadet.
313 633 395 676 Quarum
401 632 485 667 videlicet
493 633 594 667 litterarum
603 633 637 667 ista
645 637 673 667 est
682 632 749 667 lorma:

47 676 162 728 ‘Gregorius
170 697 236 721 seruus
246 697 341 721 seruorum
349 686 385 728 dei,
393 686 452 721 seruis
463 686 531 720 domini
541 686 603 720 nostri.
626 686 673 728 Quia
684 686 749 720 melius
759 701 778 722 10

48 735 106 771 tuerat
118 739 166 773 bona
178 750 215 773 non
229 739 315 784 incipere,
327 749 382 783 quam
394 740 417 773 ab
429 738 458 773 his
470 749 506 782 que
519 745 571 782 cepta
584 744 627 773 sunt
641 738 749 782 cogitatione

47 795 149 824 retrorsum
164 792 229 832 redire,
243 802 315 825 summo
330 791 395 832 studio,
407 791 522 824 dilectissimi
534 791 573 832 filii,
584 796 656 832 oportet
668 797 688 824 vt
703 802 750 834 opus

48 841 115 876 bonum
128 844 176 887 quod
190 844 289 879 auxiliante
303 844 377 878 domino
389 843 470 888 cepistis,
482 843 591 893 impleatis„
602 843 641 877 Nec
654 843 706 877 labor
716 853 750 877 vos

48 904 92 938 ergo
99 895 175 937 itineris,
182 908 215 930 nec
224 896 354 930 maledicorum
362 896 457 929 hominum
465 895 526 939 lingue
534 895 649 930 deterreant:
661 897 694 929 sed
701 895 750 929 omni

47 946 134 983 instantia
149 949 236 993 omnique
251 949 330 990 feruore,
343 960 379 993 que
394 949 499 991 inchoastis,
512 949 547 983 deo
562 954 642 990 auctore,
657 948 778 994 peragite515

48 1000 127 1035 scientes
141 1003 189 1045 quod
205 1003 286 1036 laborem
302 1011 388 1045 magnum
403 1002 463 1035 maior
475 1006 539 1035 eterne
554 1000 678 1035 retributionis
693 1001 751 1044 gloria

48 1058 141 1096 sequetur.
163 1054 261 1088 Remeanti
276 1059 337 1089 autem
352 1053 456 1097 Augustino
472 1052 565 1097 preposito
580 1059 647 1094 vestro,
663 1064 718 1097 quem
733 1059 751 1088 et

48 1105 134 1140 abbatem
141 1107 194 1142 vobis
205 1107 338 1149 constituimus,
346 1107 365 1141 in
376 1106 461 1141 omnibus
472 1106 565 1141 humiliter
575 1106 660 1148 obedite3
671 1107 751 1141 scientes

48 1159 115 1193 vestris
126 1160 222 1195 animabus
233 1172 268 1205 per
278 1161 340 1195 omnia
351 1160 466 1205 profuturum
478 1159 564 1204 quicquid
576 1159 630 1194 luerit
643 1171 654 1194 a
665 1160 718 1194 vobis
731 1160 750 1194 in

48 1210 89 1245 eius
107 1213 231 1247 admonitione
247 1214 362 1258 completum.
385 1213 508 1257 Omnipotens
524 1214 570 1246 deus
585 1223 618 1246 sua
633 1212 691 1257 gratia
706 1213 779 1249 vos¹ao

48 1270 136 1309 protegat,
144 1271 162 1300 et
170 1267 226 1301 vestri
238 1267 306 1301 laboris
318 1267 396 1301 fructum
407 1266 426 1300 in
438 1272 502 1300 eterna
513 1265 572 1309 patria
583 1265 625 1299 mel
633 1266 696 1300 videre
707 1277 750 1300 eon-

48 1319 110 1360 cedat;
123 1320 208 1361 quatinus
216 1320 250 1354 etsi
257 1320 352 1354 vobiscum
360 1320 443 1353 laborare
451 1329 528 1362 nequeo,
537 1318 591 1352 simul
600 1318 673 1353 tamen³
683 1319 750 1363 gaudio

48 1370 173 1406 retributionis
185 1372 274 1415 inueniar,
288 1372 374 1417 quoniam
386 1372 474 1412 laborare,
488 1371 561 1413 scilicet,
572 1371 619 1405 volo.
641 1371 693 1405 Deus
705 1372 750 1407 vos⁴

48 1422 149 1457 incolumes
162 1425 257 1466 custodiat,
268 1425 380 1459 dilectissimi
392 1424 429 1458 filii.
452 1424 499 1458 Data
510 1423 620 1458 diedecima
631 1423 750 1458 kalendarum

48 1481 172 1519 augustarum,
187 1477 290 1521 imperante
305 1478 380 1512 domino
395 1482 458 1511 nostro
474 1476 563 1511 Mauricio
577 1476 652 1511 Tiberio
667 1476 751 1520 piissimo
760 1493 778 1523 ²5

48 1528 133 1573 Augusto
142 1541 190 1564 anno
198 1531 340 1575 quartodecimo,
348 1536 390 1574 post
400 1530 515 1565 consulatum
522 1529 606 1564 eiusdem
614 1529 683 1564 domini
693 1530 751 1565 nostri

47 1591 96 1614 anno
110 1581 240 1625 decimotertio,
252 1583 350 1616 indictione
362 1589 426 1627 quarta
438 1583 520 1616 decima!
565 1575 620 1616 Misit
633 1583 688 1616 etiam
701 1583 751 1617 idem

47 1634 158 1668 venerabilis
165 1634 248 1678 pontifex
256 1636 279 1670 ad
288 1635 382 1670 Etherium
388 1635 395 1654 ⁶
402 1635 524 1669 arelatensem
532 1634 644 1678 episcopum,
652 1639 671 1670 vt
677 1634 751 1679 Augus-

47 1686 106 1720 tinum
115 1686 227 1721 Britanniam
235 1694 345 1732 pergentem
351 1687 430 1732 benigne
438 1688 545 1732 susciperet,
551 1688 627 1728 litteras,
632 1698 709 1732 quarum
716 1688 752 1722 iste

48 1744 76 1772 est
81 1745 153 1773 textus:
192 1733 404 1775 ‘Reuerendissimotet
410 1741 525 1774 sanctissimo
531 1740 581 1774 fratri
588 1740 751 1785 Etheriotcoepis-
760 1755 779 1786 30

48 1803 99 1836 copo,
113 1792 212 1836 Gregorius
224 1803 290 1827 seruus
303 1804 400 1828 seruorum
411 1794 446 1828 dei.
469 1794 521 1827 Licet
535 1794 584 1837 apud
599 1794 706 1828 sacerdotes
719 1795 751 1829 ha-

48 1844 114 1879 bentes
124 1845 159 1879 deo
170 1844 255 1889 placitam
263 1846 370 1880 charitatem
381 1846 461 1890 religiosi
469 1846 503 1881 viri
513 1846 581 1881 nullius
591 1848 751 1882 commendatione

47 1897 152 1941 indigeant,
164 1898 206 1941 quia
216 1904 277 1932 tamen
286 1905 360 1943 tempus
370 1904 433 1942 aptum
444 1910 465 1934 se
475 1899 566 1934 scribendi
577 1898 659 1943 ingessit,
667 1899 750 1935 fraterni-

47 1951 80 1984 tati
90 1957 153 1985 vestre
165 1957 229 1985 nostra
241 1951 313 1985 mittere
327 1952 395 1995 scripta
409 1952 523 1995 curauimus;
539 1951 659 1994 insinuantes,
672 1952 749 1987 latorem

47 2004 161 2047 presentium
169 2004 292 2048 Augustinum
300 2015 374 2038 seruum
383 2005 418 2046 dei,
423 2006 446 2038 de
454 2005 505 2039 cuius
513 2005 558 2039 certi
566 2015 630 2039 sumus
637 2005 703 2046 studio,
707 2016 749 2039 cum
759 2018 777 2048 ³5

48 2056 88 2091 aliis
99 2056 159 2091 semis
170 2056 205 2098 dei,
215 2056 263 2091 illic⁷
271 2067 305 2091 nos
316 2068 350 2101 pro
357 2057 434 2092 vtilitate
444 2057 552 2100 animarum,
560 2058 658 2092 auxiliante
669 2058 749 2100 domino,

48 2110 150 2145 direxisse:
166 2120 221 2153 quem
233 2121 309 2144 neeesse
323 2115 351 2143 est
362 2115 382 2144 vt
395 2110 503 2144 sacerdotali
517 2111 577 2145 studio
590 2111 676 2145 sanctitas
688 2117 750 2146 vestra

47 2163 140 2205 adiuuare,
148 2168 166 2196 et
174 2173 207 2196 sua
216 2163 232 2196 ei
242 2162 305 2196 solatia
312 2163 391 2206 prebere
399 2163 477 2197 festinet.
496 2163 529 2198 Cui
538 2163 592 2198 etiam
599 2169 618 2197 vt
626 2163 750 2207 promptiores

48 2215 71 2249 ad
79 2215 216 2259 suffragandum
224 2215 298 2260 possitis
306 2214 391 2256 existere,
400 2226 473 2250 eausam
479 2215 531 2250 vobis
539 2214 651 2250 iniunximus
659 2215 750 2251 subtiliter

47 2268 135 2311 indagare
140 2269 157 2311 ⁸3
169 2268 249 2303 seientes
256 2268 310 2312 quod,
315 2279 337 2302 ea
344 2268 421 2311 cognita,
427 2274 465 2302 tota
470 2279 504 2302 vos
510 2275 586 2313 propter
591 2270 646 2303 deum
652 2269 750 2304 deuotione
758 2284 779 2314 40

47 2322 70 2355 ad
89 2321 219 2362 solaciandum,
234 2321 276 2366 quia
294 2332 324 2355 res
343 2321 404 2364 exigit,
420 2322 524 2356 comedetis.
547 2322 649 2357 Candidum
665 2328 751 2367 preterea

48 2375 182 2419 presbyterum,
195 2385 311 2410 communem
325 2373 388 2416 filium,
399 2384 455 2418 quem
467 2375 490 2409 ad
501 2374 653 2418 gubernationem
665 2376 750 2420 patrimo-

69 2458 255 2497 ¹Bed.suavosgratia.
291 2457 441 2496 'Bedmepatria
478 2457 564 2490 ³Bed.in.
601 2459 678 2492 tanos.
716 2461 751 2491 5Τ.

47 2498 283 2568 ξιὲεἰὶςιὲζὲυωςΤ.Ευῑὴεήυω,
333 2497 514 2529 ⁸T.Reuerentissimo.
565 2498 642 2532 ⁷r.illue.
694 2502 749 2532 tuen.
