1762 2803
112 119 140 160 62
303 117 383 169 narra
398 113 514 177 toronus
530 113 622 175 analio.

111 237 203 282 positione
217 238 276 282 magis
287 238 369 272 delector
380 248 435 281 quam
446 248 494 280 puer
503 236 523 270 in
533 236 620 272 vberibus
632 235 696 270 matris
708 236 813 279 delectatur,

112 291 162 332 dum,
170 290 206 325 illis
214 292 280 325 acerba
288 290 408 324 amaritudine
418 289 536 334 superlinitis,
547 290 656 324 ablactatur!
687 282 722 323 Nil
733 290 782 323 enim
794 289 813 324 in

112 345 187 387 mundo,
199 349 287 389 quantum
300 354 383 388 peccare,
395 342 476 378 timebat.
499 342 574 377 Solebat
587 342 637 378 enim
652 342 713 377 dicere
726 342 813 387 quoniam

113 397 129 431 si
139 398 168 432 hic
180 397 250 441 peccati
262 398 362 439 horrorem,
374 397 410 430 illic
422 397 490 431 inferni
500 397 582 431 dolorem
594 396 713 440 corporaliter
724 402 813 439 cerneret,

96 455 131 492 5et
145 450 249 484 necessario
263 449 295 484 vni
308 460 372 484 eorum
387 449 471 493 immergi
486 450 567 491 deberet,
585 449 636 493 prius
652 449 744 483 infernum
758 460 813 493 quam

112 508 208 546 peccatum
223 508 324 545 appeteret.
348 503 398 536 Dixit
413 513 486 546 quoque
500 513 521 536 se
534 502 588 536 malle
601 513 668 546 purum
681 513 691 535 a
705 508 780 546 peccato
796 509 814 537 et

112 555 234 597 innocentem,
242 554 340 589 iehennam
348 554 421 595 habere,
430 565 485 599 quarn
493 554 563 598 peccati
571 554 626 588 sorde
635 554 724 598 pollutum
733 555 813 589 celorum

111 618 169 650 regna
177 612 246 642 tencre.
281 601 354 651 Regem
364 608 438 641 tandem
446 608 547 641 Anselmus
555 607 599 640 adiit
607 612 625 640 et
632 613 651 641 vt
658 607 693 641 sibi
702 608 781 641 Romam
790 609 813 641 ad

111 671 179 704 papam
188 660 283 694 Vrbanum
291 672 325 704 pro
333 661 380 694 stola
390 660 480 694 sumenda
490 659 545 694 eundi
556 659 647 694 licentiam
656 661 713 702 daret,
721 660 814 694 humiliter

86 722 104 744 10
112 714 167 757 petiit.
190 713 216 747 At
227 713 263 756 ille,
275 714 298 747 ad
310 724 377 747 nomen
389 712 459 747 Vrbani
471 713 559 754 turbatus,
572 712 618 746 dixit
628 723 649 747 se
660 712 711 747 illum
721 723 756 757 pro
766 724 814 757 papa

112 777 150 800 non
157 771 227 808 tenere,
236 777 270 801 nec
278 777 312 800 sue
320 765 457 800 consuetudinis
465 777 507 800 csse
515 771 535 800 vt
542 766 612 810 absque
620 776 653 800 sua
661 766 750 800 electione
761 766 814 801 alicui

112 819 176 854 liceret
187 819 207 854 in
219 830 277 863 regno
290 830 324 854 suo
338 830 405 864 papam
417 819 519 853 nominare.
542 819 610 852 lterum
624 825 685 853 autem
698 819 814 863 congregatis

111 872 187 916 prelatis
195 878 213 907 et
221 872 318 915 nobilibus,
326 882 381 907 causa
388 872 407 906 in
415 872 496 912 medium
504 872 583 914 ducitur,
594 877 612 906 et
623 871 725 906 Anselmus
734 871 813 907 diuersis

112 925 193 969 querelis
208 926 294 960 hincinde
306 926 412 960 concutitur,
435 925 516 959 Maxime
528 925 582 966 enim,
594 925 648 968 quia1
660 925 749 968 episcopi,
763 925 813 969 regie

87 990 104 1021 15
112 977 201 1013 uoluntati
212 979 275 1013 fauere
283 979 371 1022 volentes
382 979 461 1023 probare
470 978 574 1012 nitebantur
586 978 635 1022 quod
645 978 751 1017 Anselmus,
762 978 813 1012 salua

112 1032 150 1066 fide
157 1031 197 1074 regi
205 1032 271 1074 debita,
280 1032 384 1065 nullatenus
392 1036 456 1075 posset
463 1030 482 1064 in
490 1042 548 1074 regno
556 1030 614 1074 ipsius
620 1030 715 1064 Vrbanum
723 1042 757 1074 pro
765 1042 814 1074 papa

112 1090 182 1119 tenere.
209 1085 286 1128 Cunque
301 1084 402 1118 Anselmus
418 1096 442 1118 ex
456 1084 518 1118 verbis
533 1083 608 1125 domini,
622 1083 703 1118 ‘reddite
718 1095 754 1127 que
771 1090 813 1118 sunt

113 1137 181 1171 cesaris
190 1137 253 1178 cesari,
262 1142 279 1171 et
288 1148 324 1180 que
332 1143 374 1171 sunt
382 1136 412 1170 dei
420 1137 465 1177 deo,’
473 1136 550 1180 aliisque
559 1136 658 1180 nonnullis,
667 1148 703 1180 que
710 1136 756 1170 ratio
764 1136 814 1171 nulla

112 1190 196 1225 refellere
204 1195 281 1234 poterat,
289 1189 363 1234 penitus
371 1200 403 1224 eos
411 1189 530 1231 infrenasset;
539 1200 581 1223 eum
589 1189 608 1223 in
616 1200 679 1234 regem
685 1190 813 1233 blasphemare

85 1254 148 1278 zovno
165 1243 243 1287 strepitu
260 1243 401 1277 conclamarunt.
429 1243 486 1286 Igitur
502 1243 525 1276 ad
542 1253 597 1276 vnam
614 1243 664 1287 regie
683 1242 813 1294 indignationis

111 1306 180 1338 vocem,
193 1296 267 1340 quidam
281 1295 363 1339 episcopi
377 1306 451 1330 omnem
464 1295 597 1329 subiectionem
610 1300 628 1329 et
641 1295 763 1329 obedientiam
776 1307 813 1329 vno

112 1348 181 1392 impetu
195 1349 285 1382 Anselmo
300 1349 425 1392 abnegabant:
442 1348 516 1392 quidam
528 1358 573 1382 vero
588 1353 663 1390 tantum,
677 1359 713 1391 que
727 1359 750 1381 ex
761 1353 814 1393 parte

111 1401 181 1435 Vrbani
191 1412 239 1444 pape
249 1401 359 1444 preciperet,
367 1402 392 1434 illi
400 1412 421 1434 se
429 1406 496 1443 negant
507 1400 617 1435 obedituros.
640 1401 711 1435 Omnes
723 1401 813 1445 quoque²‚

112 1453 199 1497 episcopo
208 1453 283 1487 roffensi
293 1458 376 1497 excepto,
385 1458 416 1487 aut
423 1464 459 1487 vno
467 1454 522 1486 modo
533 1458 563 1487 aut
572 1453 607 1486 alio
617 1453 696 1487 debitam
707 1453 733 1486 illi
742 1453 813 1488 subiec-
830 1450 834 1459 ¹

86 1520 104 1550 25
112 1506 182 1541 tionem
194 1512 212 1541 et
224 1506 346 1541 obedientiam
358 1507 477 1549 abnegarunt.
500 1506 542 1540 Rex
555 1505 609 1540 etiam
621 1511 704 1540 cunctam
716 1506 732 1541 ei
744 1506 813 1541 securi-

112 1565 168 1593 tatem
183 1559 251 1600 adimit,
267 1570 301 1592 nec
316 1570 337 1592 se
352 1559 403 1592 illum
418 1570 452 1602 pro
467 1559 606 1602 archiepiscopo
621 1559 650 1593 vel
665 1564 718 1602 patre
734 1559 813 1603 amplius

112 1611 217 1646 habiturum
232 1611 284 1653 iurat,
299 1611 334 1645 nisi
347 1611 422 1645 Vrbano
437 1621 485 1655 pape
498 1611 573 1645 ulterius
587 1622 607 1645 se
621 1611 736 1646 obediturum
751 1612 812 1647 statim

113 1665 205 1707 denegare
219 1663 268 1699 velit.
290 1664 337 1699 Tres
356 1664 405 1698 enirn
424 1664 464 1699 dies
481 1664 500 1699 in
517 1663 552 1699 isto
569 1663 650 1708 negocio,
668 1664 776 1700 clamoribus
793 1665 813 1700 in

112 1717 222 1752 Anselmum
238 1722 256 1750 et
271 1717 386 1751 contumeliis
405 1716 463 1761 elapsi
480 1722 527 1751 sunt.
552 1717 653 1752 Anselmus
668 1723 730 1752 tamen
745 1718 763 1753 in
779 1730 813 1753 suo

85 1785 105 1813 30
112 1770 207 1815 proposito
215 1776 306 1817 constans,
316 1780 350 1813 per
360 1769 485 1803 internuncios
495 1771 605 1803 conductum
613 1781 623 1803 a
631 1781 674 1814 rege
683 1772 768 1814 postulat,
777 1783 813 1815 quo

112 1828 161 1857 tutus
173 1833 230 1866 regno
242 1823 328 1857 discedat.
351 1822 481 1857 Conceduntur
491 1824 566 1857 tandem
577 1822 650 1857 inducie
661 1822 709 1857 inter
722 1823 783 1867 ipsum
794 1830 813 1859 et

112 1886 175 1918 regem
182 1886 241 1918 usque
249 1874 382 1918 penthecosten
390 1887 394 1916 ς
407 1885 451 1919 rege
459 1875 577 1918 promittente
585 1876 604 1909 in
611 1875 687 1919 negocio
697 1877 745 1920 quod
753 1886 813 1910 emer·

112 1933 161 1963 serat
174 1928 262 1962 voluntati
277 1927 411 1971 archiepiscopi
424 1939 445 1962 se
458 1927 532 1962 interim
547 1928 624 1962 multum
639 1929 812 1963 condescensurum.

111 1982 256 2023 Verumptamen
268 1980 372 2014 hominibus
384 1980 423 2015 suis
434 1981 492 2024 captis
504 1986 522 2015 et
532 1980 619 2025 spoliatis,
630 1981 721 2026 terrisque
732 1981 812 2023 vastatis,

84 2049 102 2079 35
111 2033 130 2068 in
143 2034 254 2068 immensum
267 2033 368 2067 Anselmus
381 2033 471 2083 affligitur.
494 2034 535 2068 Non
551 2035 608 2069 multo
622 2040 665 2079 post
679 2035 702 2069 ab
717 2034 812 2070 albanensi

112 2087 199 2131 episcopo
218 2086 293 2131 pallium
312 2086 402 2120 Anselmo
421 2087 508 2130 defertur,
527 2092 545 2121 et
564 2087 583 2120 in
601 2087 699 2122 amicitiam
717 2088 766 2131 regis
783 2088 813 2122 vel

111 2140 228 2185 specietenus
240 2139 331 2183 recipitur.
360 2132 421 2173 Petita
432 2140 505 2173 interim
517 2151 528 2173 a
539 2152 583 2184 rege
594 2141 668 2174 licentia
677 2140 813 2183 transfretandi,

111 2194 153 2228 licet
166 2203 203 2227 non
219 2194 303 2236 obtenta;
318 2192 358 2227 viro
374 2193 403 2227 dei
418 2194 437 2228 in
452 2193 517 2228 itinere
533 2194 636 2235 constituto,
651 2194 735 2238 leporem
749 2194 769 2228 in
783 2193 813 2229 via

111 2252 238 2280 occurrentem
246 2256 302 2280 canes
309 2245 364 2279 laxati
372 2246 497 2290 insequentes,
505 2247 553 2280 infra
558 2249 616 2290 pedes
622 2247 707 2281 Anselmi
712 2247 812 2290 fugientem

84 2317 104 2345 40
112 2299 165 2333 auide
175 2304 317 2342 persequuntur.
341 2298 426 2333 Retentis
435 2299 464 2333 vir
474 2299 504 2333 dei
513 2299 595 2340 habenis,
606 2299 665 2333 bestie
675 2299 766 2343 refugium
775 2311 813 2334 non

112 2351 190 2396 negauit,
199 2357 218 2386 et
227 2362 282 2385 canes
293 2351 374 2395 vndique
384 2351 555 2396 appropinquantes
565 2363 599 2386 nec
609 2352 692 2395 leporem
703 2352 769 2387 eiicere
778 2363 813 2387 nec

112 2405 131 2438 in
143 2404 202 2448 aliquo
214 2405 276 2438 ledere
287 2405 377 2440 valebant.
400 2405 483 2448 Cumque
496 2405 525 2440 vir
536 2405 566 2438 dei
578 2405 630 2449 quasi
642 2416 676 2449 pro
689 2412 742 2450 capta
754 2406 813 2440 bestia

112 2456 171 2491 leticie
184 2457 235 2491 frena
248 2457 293 2491 alios
306 2457 369 2492 laxare
383 2458 502 2502 conspiceret,
518 2458 537 2492 in
552 2458 656 2502 lachrymas
672 2469 715 2493 mox
731 2459 813 2493 solutus³

112 2510 146 2545 ait:
160 2509 253 2543 ‘Riderisi
276 2510 299 2543 Et
307 2510 370 2553 vtique
380 2510 448 2545 infelici
458 2510 500 2544 huic
511 2511 571 2544 nullus
582 2511 635 2553 risus,
647 2512 706 2547 leticia
717 2512 767 2547 nulla
779 2517 811 2548 est.

228 2581 234 2602 ¹
244 2592 274 2613 om.
282 2583 298 2612 in
306 2583 323 2614 T.
331 2583 362 2614 Vit.
423 2584 429 2602 ²
438 2584 469 2614 Vit.
477 2584 534 2622 itaque.
595 2583 601 2602 ³
612 2584 630 2615 Ε.
637 2585 696 2615 salutis.
