1762 2803
102 113 145 186 718
213 205 214 209 Ἰ
356 128 481 190 upnmoir
498 130 545 175 111.

100 252 144 286 bunt
151 252 218 285 labores
226 251 256 291 tui,
264 256 281 285 et
289 251 397 294 recuperabis
404 250 495 284 inhonore
505 256 522 284 et
532 249 586 293 gloria
593 259 665 293 regnum
673 248 732 283 tuum!
754 249 802 283 Dum

101 308 172 336 sanetus
181 302 276 335 Guthlacus
284 301 317 334 ista
325 307 433 344 proponeret,
440 303 482 335 dum
489 302 542 335 ctiam
553 301 569 335 ei
577 301 643 335 dierum
651 310 721 334 suorum
728 300 802 343 longitu-

101 353 160 386 dinem
171 352 240 394 uiteque
251 363 282 385 sue
293 352 363 385 linalem
373 358 443 393 metam,
452 359 470 386 et
481 353 515 386 alia
526 363 559 396 que
571 358 642 386 uentura
653 345 712 393 erant,¹
719 351 768 394 quasi
779 351 803 384 ad

101 404 170 436 oculum
175 404 275 443 declararet,
280 404 401 436 AEthelbaldus
409 403 433 435 eit
441 413 445 435 :
458 403 524 443 ‘Pater,
532 402 627 436 cuiusmodi
635 400 703 443 signum
711 401 743 434 das
750 400 802 433 michi

83 461 91 490 5
101 453 148 495 quod
159 453 191 486 hec
202 452 260 485 omnia
269 462 302 495 pro
313 458 360 485 certo
370 452 449 495 eueniant
459 458 478 487 ut
487 452 566 487 dixistii’
589 452 621 486 Ille
631 456 690 485 autem
700 449 801 494 respondit:

102 502 185 546 ‘Signum
193 509 210 536 et
218 503 300 536 indicium
308 503 339 537 tibi
350 504 385 536 hoc
395 503 428 536 erit
437 503 479 546 quia
489 503 518 537 die
529 503 605 537 crastina
612 509 652 536 ante
662 503 724 535 horam
731 502 803 535 terciam

100 554 207 587 habitatores
215 553 265 587 huius
272 553 305 586 loci
316 552 359 586 citra
369 564 417 595 spem
427 565 487 587 eorum
495 554 543 587 uberi
554 554 675 587 alimentorum
686 552 803 586 consolatione

101 604 211 645 gaudebunt.¹
234 602 288 636 Dedit
296 603 375 638 dominus
383 604 422 637 uoci
433 603 471 638 eius
480 614 540 638 uocem
548 603 621 644 uirtutis,
630 609 681 646 atque
691 601 737 635 beati
746 601 803 635 Guth-

101 653 134 685 laci
146 663 242 687 sermonem
254 653 324 687 effectus
336 654 418 697 impleuit.
441 654 522 696 Sequenti
533 652 580 687 enir'n
593 653 621 687 die
634 651 713 686 homines
725 651 803 695 quidam,

74 712 93 735 10
101 704 220 746 preuenientes
234 705 296 736 horam
310 703 386 746 terciam,
398 704 466 746 signum
479 703 497 736 in
510 709 559 746 portu
571 704 645 746 pulsant,
655 708 673 737 et
685 702 801 744 ingredientes

101 755 186 795 cellulam,
202 765 240 788 eam
255 753 372 788 habitantibus
388 754 465 787 ciborum
480 754 545 787 solacia
559 753 646 795 insperata
660 752 708 786 uberi
723 753 802 794 largitate

45 826 47 828 -
101 809 206 847 presentant.
228 804 281 846 Quod
293 803 399 846 conspiciens
411 803 531 837 AEthelbaldus
544 803 578 837 deo
589 802 657 846 gracias
668 803 708 845 egit,
720 808 773 845 atque
784 802 802 835 in

103 855 166 889 Christi
178 854 216 893 fide,
225 860 242 887 et
250 864 330 887 sermone
338 854 385 886 beati
397 853 477 887 Guthlaci
485 854 562 897 spiritum
570 854 618 895 prius
628 853 738 886 uacillantem
746 853 764 885 in
772 862 803 893 spe

102 910 119 937 et
134 904 197 938 fiducia
212 904 299 937 stabiliuit.
321 905 360 937 Nec
375 913 428 944 mora,
443 904 487 937 deus
501 909 642 946 persequutorem
657 902 693 936 eius
709 902 731 935 de
746 902 803 935 medio

75 958 93 988 Ξ5
102 953 176 993 abstulit,
184 952 303 986 exterminauit
311 952 389 986 inimicos
396 952 444 994 eius;
456 963 531 996 suosque
541 958 589 987 actus
600 959 618 986 et
627 952 700 986 consilia
711 951 803 994 magnifice

94 1003 212 1047 prosperabit
235 1004 258 1036 Et
266 1008 335 1037 sanctus
343 1009 402 1037 noster
409 1009 427 1036 vt
436 1003 540 1037 inueniretur
549 1004 634 1046 propheta
641 1002 702 1045 fidelis,
710 1008 803 1046 antequam

101 1054 189 1089 biennium
198 1054 296 1095 effluxisset,
303 1053 427 1097 plenitudinem
434 1054 480 1096 regie
488 1052 578 1097 potestatis
586 1053 665 1096 optinuit.

174 1134 204 1166 Du
215 1139 297 1171 ouonari
308 1139 387 1166 nournn
398 1139 424 1165 nn
435 1139 544 1166 rnomucm
554 1133 613 1172 Wrsn,
625 1138 659 1170 our
671 1138 733 1165 UlSUnt

339 1189 463 1216 irruacuuosn
474 1189 562 1216 ascania.

105 1242 177 1319 ERat
190 1241 311 1286 paterfamilias
324 1243 394 1285 quidam
406 1243 424 1275 in
436 1242 524 1285 prouincia
534 1241 600 1284 Wisa¹,
610 1242 658 1276 cuius
669 1242 714 1276 oculi
726 1242 761 1276 iam
773 1252 803 1285 per

164 1304 228 1326 annum
239 1293 359 1335 caligauerant.
381 1295 476 1337 Vtramque
487 1293 533 1327 enim
543 1293 626 1337 pupillam
636 1293 698 1334 albugo
709 1293 776 1327 macule
786 1299 803 1327 et

75 1355 94 1375 ao
101 1346 156 1378 nubes
163 1343 262 1378 obduxerat.
285 1343 364 1377 Priuatus
372 1354 412 1387 ergo
420 1344 466 1377 omui
474 1344 558 1378 beneficio
565 1344 618 1385 uisus,
626 1343 701 1386 postulat
709 1343 803 1377 instancius

101 1395 125 1427 ad
132 1395 178 1427 beati
186 1393 266 1428 Guthlaci
273 1393 375 1426 memoriam
386 1394 430 1426 duci.
452 1394 480 1426 Ab
491 1394 551 1427 amicis
561 1394 619 1435 itaque
630 1394 697 1433 ductus,
706 1398 723 1426 et
731 1392 750 1425 in
757 1392 803 1425 beati

102 1443 183 1477 Guthlaci
194 1444 273 1476 cellulam
284 1443 396 1485 introductus
405 1453 417 1477 a
427 1443 520 1478 uenerabili
530 1443 596 1487 uirgine
606 1444 652 1485 Pega
663 1443 709 1477 beati
721 1443 802 1477 Guthlaci

102 1504 160 1529 sorore
171 1494 244 1535 benigne
252 1493 346 1536 suscipitur.
369 1495 401 1542 llla
410 1504 450 1527 uero
461 1493 548 1527 modicum
558 1494 604 1536 salis,
612 1494 707 1528 consecrati
716 1495 803 1538 quondam

101 1556 113 1578 a
120 1546 170 1579 beato
179 1544 264 1578 Guthlaco
271 1544 366 1584 inueniens,
373 1545 391 1577 in
399 1555 462 1587 aquam
471 1545 581 1578 benedictam
589 1545 630 1578 rasit
638 1550 655 1578 et
662 1545 736 1578 miscuit.
759 1545 805 1577 Cum

75 1606 94 1636 25
102 1605 143 1628 uero
152 1605 215 1637 aquarn
225 1593 261 1627 eius
272 1594 325 1627 oculis
333 1594 452 1638 instil[l]asset,
460 1595 489 1628 ille
499 1595 555 1628 uisum
565 1600 632 1628 remota
641 1595 688 1627 omni
699 1594 804 1628 obscuritate

102 1645 171 1687 recepit.
195 1645 268 1687 Deoque
280 1644 347 1686 gracias
359 1654 417 1685 agens,
429 1644 447 1677 in
458 1644 514 1677 reditu
526 1644 561 1677 suis
576 1645 676 1677 ductoribus
690 1645 752 1678 ductor
766 1645 810 1678 suits

103 1695 152 1736 Cepit
159 1705 201 1736 ergo
208 1693 256 1726 locus
264 1693 291 1726 ille
299 1694 450 1727 innumerabilibus
462 1695 563 1728 choruscare
570 1694 662 1728 miraculis.
685 1696 750 1728 Omnes
758 1695 804 1729 enim

102 1745 131 1789 qui
145 1745 185 1778 illuc
196 1743 214 1778 in
227 1744 262 1779 fide
275 1744 338 1779 Christi
353 1751 370 1779 et
382 1745 486 1780 sanctissimi
500 1746 603 1782 confessoris
618 1746 716 1780 reuerencia
731 1747 753 1779 de
768 1746 804 1780 suis

102 1796 233 1830 necessitatibus
245 1796 327 1839 petebant
338 1795 420 1837 remedia,
432 1796 459 1830 sui
471 1796 507 1830 uoti
520 1797 646 1839 plenitudinem
661 1797 768 1840 optinebant,
781 1797 805 1831 ad

75 1859 94 1889 30
102 1847 171 1880 laudem
178 1852 195 1880 et
202 1846 275 1887 gloriam
282 1845 372 1879 saluatoris
380 1845 393 1878 ².

280 1924 311 1957 Dn
322 1930 466 1959 lrunrrrcnucm
477 1922 628 1958 AErnnnamml.

135 1983 174 2015 Ane
183 1981 251 2015 deuotio
259 1991 310 2025 quam
318 1982 439 2017 AEthelhaldus
448 1993 478 2016 rex
487 1982 511 2016 ad
520 1982 590 2016 beatum
601 1983 705 2016 Guthlacum
715 1983 803 2017 uiuentem

157 2033 244 2073 habuerat,
252 2042 285 2066 uec
292 2037 347 2066 mone
355 2032 399 2066 illius
410 2032 478 2075 torpuit,
487 2043 519 2067 nec
529 2033 584 2076 tepuit
594 2032 705 2067 diuturnitate
716 2035 804 2077 temporis,

101 2093 134 2117 nec
148 2082 228 2126 potencie
242 2081 304 2124 regalis
319 2083 412 2126 adeptione
427 2083 506 2117 cessauit.
534 2084 563 2117 Ne
577 2094 618 2125 ergo
632 2084 755 2117 beneficiorum
770 2095 804 2127 que

102 2144 113 2166 a
121 2139 180 2166 sancto
188 2139 275 2174 receperat
282 2133 374 2166 haberetur
381 2133 463 2174 ingratus,
472 2133 563 2166 ecclesiam
573 2133 610 2166 eius
617 2133 666 2175 adiit,
674 2144 752 2177 eamque,
761 2135 805 2168 sicut

75 2194 93 2225 35
102 2184 154 2217 beato
167 2183 251 2216 Guthlaco
265 2183 369 2226 quandoque
384 2183 492 2226 promiserat,
506 2183 559 2227 regiis
574 2184 694 2227 largitionibus
709 2184 804 2228 ampliauit.

103 2234 194 2268 concessit
201 2238 259 2267 autern
266 2232 304 2266 uiro
311 2233 339 2267 dei
347 2240 365 2267 et
371 2235 497 2268 successoribus
503 2235 645 2277 eiusabsolutam,
652 2236 724 2268 liberam
732 2240 749 2269 et
757 2235 804 2278 quie-

103 2291 139 2319 tam
145 2285 190 2317 illius
199 2285 253 2317 insule
260 2284 373 2318 mansionem.
401 2285 446 2318 illud
454 2285 507 2319 etiam
514 2285 634 2319 munificencia
640 2284 687 2328 regie
698 2285 805 2320 liberalitatis

103 2336 165 2372 adiecit
177 2342 195 2369 ut
208 2334 244 2367 iure
256 2340 338 2376 perpetuo
350 2340 367 2367 et
380 2335 481 2369 inconcussa
494 2335 603 2378 possessione
617 2334 714 2377 optinerent
729 2337 805 2379 quinque

102 2386 175 2419 miliaria
182 2383 256 2427 regionis
265 2384 309 2416 illius
320 2384 344 2416 ad
354 2384 443 2425 orientem,
455 2385 473 2417 id
484 2390 510 2417 est
521 2395 575 2427 usque
587 2385 610 2417 ad
619 2385 665 2418 iossa
690 2395 723 2428 que
733 2392 805 2419 uocatur

74 2448 95 2479 40
103 2436 183 2475 Asendic,
192 2442 209 2469 et
216 2434 249 2468 tria
256 2434 278 2468 ad
287 2434 399 2474 occidentem,
407 2434 482 2477 quinque
491 2445 531 2468 uero
539 2435 562 2469 ad
572 2434 666 2477 meridiem,
675 2441 692 2469 et
700 2436 775 2479 quinque
782 2437 805 2470 ad

123 2492 129 2509 ¹
139 2493 170 2524 Fel.
177 2493 238 2530 Wissa;
247 2502 282 2522 now
289 2491 376 2523 Wisbeach.
547 2490 553 2511 ²
563 2492 604 2524 Here
611 2493 649 2524 ends
656 2493 705 2525 Felix.

123 2533 129 2550 ³
139 2534 163 2564 Cf.
173 2534 254 2564 Ordericus
265 2533 322 2563 Vitalis
334 2533 393 2572 (Migne
405 2532 439 2570 188,
449 2532 486 2571 361)
496 2533 532 2563 who
542 2533 600 2564 derives
609 2533 633 2564 his
643 2539 708 2565 account
718 2539 746 2564 ‘ex
755 2533 805 2564 veraci

103 2573 177 2604 relatione
184 2573 250 2612 Ansgoti
258 2573 340 2612 subprioris
345 2572 358 2610 ’ς
368 2573 399 2602 and
407 2572 449 2603 Hist.
457 2572 523 2612 Ingulfii.
