1762 2803
72 106 155 147 ism]
206 98 252 153 mo
266 96 422 158 {butruntio
438 96 533 150 &enm
548 97 664 158 pooiet
730 112 774 156 295

73 221 89 247 et
103 219 119 248 in
133 223 176 249 terra
189 220 276 249 iacentibus
288 219 356 258 plenum,
369 228 436 257 quorum
448 228 515 257 corpora
526 223 542 249 et
553 228 635 256 corporum
648 218 717 248 membra
729 228 777 258 super

73 270 130 295 terram
138 268 263 305 extentebantur,
270 272 286 297 et
293 271 349 297 uentre
356 267 376 296 nd
384 272 440 296 terram
449 267 508 306 (uerso,
514 267 563 297 clauis
569 266 625 296 ferreis
631 267 742 306 candentibus)
748 276 777 306 per

73 323 129 344 manus
134 315 158 355 (et
162 315 211 354 pedes
216 315 273 345 defixis
278 315 294 345 in
298 316 348 350 terra)
353 314 464 344 miserabiliter
468 315 567 345 tenebantur.
574 313 679 353 Ali(quando)
685 324 714 353 pre
718 314 777 345 doloris

73 362 146 399 angustia
160 367 218 393 terram
229 363 339 398 comedebant,
353 362 438 400 aliquando
450 372 485 392 cum
499 363 536 392 fletu
549 367 565 392 et
576 361 635 392 eiulatu
647 364 708 400 ‘parce,
721 361 778 400 parce'

73 408 165 440 clamabant
187 410 267 439 Demones
274 414 326 440 eutem
336 409 378 438 inter
384 413 401 438 et
411 418 460 446 super
466 418 494 438 eos
502 409 593 444 cur(rebant
602 413 618 438 et
627 409 680 445 flagris
689 409 795 447 girauilbuss

73 465 102 484 eos
109 456 191 487 cedebant.
212 457 233 486 Et
239 466 274 486 cum
281 465 358 495 persuasu
365 456 450 485 demonum
455 456 514 485 reuerti
521 456 576 491 nollet,
582 465 617 485 eum
623 456 703 485 interram
710 461 778 495 prostra-

74 509 151 535 ueruntet
156 505 204 535 clauis
209 506 258 543 figere
263 505 354 543 conan(tur:
361 505 393 543 set)
398 505 472 534 inuocato
477 505 524 535 ihesu
529 504 719 542 nomineumpliusfacere
724 505 778 542 nequi·

74 557 136 582 uerunt.
169 544 198 582 Ad
205 562 277 590 campum
283 553 330 583 alium
338 561 373 582 eum
381 552 450 585 trahunt.
457 552 537 589 utriusque
544 560 593 582 sexus
600 551 688 581 hominibus
696 551 778 589 repletum.

75 598 119 628 Inter
131 598 170 629 istos
184 604 200 629 et
214 600 254 630 alios
266 600 296 630 ista
308 603 342 629 erat
353 599 437 629 diuersitas
449 599 491 637 quod
503 599 565 629 illorum
576 603 646 635 uentres,
657 599 723 628 istorum
736 603 778 628 terre

74 646 150 675 herebant
163 647 216 676 dorsa.
241 648 322 676 Dracones
336 646 381 683 igniti
394 655 443 683 super
457 655 485 675 eos
497 646 573 675 sedebant
587 650 603 675 et
616 646 662 683 quasi
676 646 778 675 comedentes
788 652 807 673 10

75 692 148 722 dentibus
159 693 218 732 igne(is
229 693 330 730 lacera)bant.
356 692 428 722 Aliorum
440 692 485 730 colla,
496 692 522 722 uel
534 692 602 728 brachia,
614 692 639 722 uel
653 692 709 731 (totum
720 701 779 730 corpus

74 744 157 777 serpentes
167 740 213 778 igniti
223 741 339 771 circumdabant
350 739 373 778 et)
384 740 435 777 capita
445 748 474 769 sua
484 740 574 778 pectoribus
584 740 664 769 hominum
675 744 779 777 apponentes,

75 786 141 824 ignitum
154 787 225 817 aculeum
236 788 268 818 oris
281 787 306 818 sui
320 786 336 816 in
347 786 421 816 cordibus
432 787 505 817 fixerunt.
526 786 597 817 Rusones
610 786 660 817 eciam
671 787 710 816 mire
720 786 779 826 magni·

75 835 134 865 tudinis
146 840 163 865 et
173 836 217 873 quasi
227 836 273 873 igniti
283 836 313 866 uisi
323 840 361 865 sunt
371 844 419 873 super
428 836 527 873 quorundam
537 838 602 874 pectore
614 835 691 872 insistere,
702 838 718 865 et
728 839 780 865 rostra

74 891 104 912 sua
117 882 193 913 deformia
204 883 293 921 infigentes,
307 882 352 920 quasi
363 891 418 912 eorum
429 883 477 912 corda
488 882 540 913 conati
551 886 588 912 sunt
600 882 688 913 extrahere.
709 881 780 921 Cumque
789 888 807 919 15

75 930 99 959 eis
108 940 141 959 non
148 931 257 969 adquiesceret
267 931 312 960 miles
322 934 339 959 ut
348 930 411 967 rediret,
419 930 471 960 conati
481 934 519 960 sunt
529 930 570 960 sicut
578 934 594 959 et
604 934 666 960 ceteros
675 939 711 960 eum
721 930 780 968 figere:

75 982 100 1006 set
107 987 139 1006 non
147 982 236 1014 potuerunt,
244 979 318 1006 inuocato
325 977 373 1005 ihesu
380 977 439 1005 Christi
446 978 514 1005 nomine.
547 969 640 1005 Traxerunt
648 986 684 1005 eum
691 978 707 1005 in
715 978 780 1006 tercium

75 1033 151 1062 campum,
159 1024 185 1053 ubi
194 1024 276 1062 utriusque
286 1033 335 1054 sexus
345 1023 418 1053 homines
428 1023 476 1053 clauis
486 1023 542 1053 ferreis
552 1023 656 1053 candentibus
666 1023 694 1052 fini
703 1023 779 1061 iacebant,

76 1075 93 1101 ut
104 1081 132 1109 pre
145 1072 244 1102 multitudine
256 1072 336 1103 clauorum
348 1072 433 1109 ignitorum
445 1081 455 1102 a
465 1071 520 1110 capitis
530 1071 620 1102 summitate
631 1081 681 1110 usque
691 1072 711 1102 ad
721 1072 780 1110 digitos

76 1120 134 1157 pedum
144 1119 188 1149 locus
198 1129 256 1149 uacuus
263 1129 295 1149 non
304 1119 402 1149 inueniretur
409 1123 476 1157 quantus
486 1119 532 1156 digiti
540 1119 587 1149 unlus
596 1119 686 1149 summitate
694 1123 779 1157 tegeretur.
788 1127 808 1148 ao

76 1167 104 1196 Isti
114 1167 156 1196 sicut
165 1167 238 1197 homines
249 1167 295 1197 morti
305 1166 373 1205 proximi
384 1166 411 1195 uix
422 1175 477 1196 uocem
487 1167 559 1196 emittere
570 1171 659 1204 potuerunt.
680 1167 722 1197 Nudi
731 1167 779 1205 enim,

76 1218 94 1243 ut
105 1214 158 1250 ceteri,
170 1214 268 1252 uidebantur,
282 1219 299 1244 et
311 1218 359 1243 uento
370 1213 426 1251 frigido
438 1218 454 1243 et
465 1218 521 1243 urente
532 1213 615 1251 flagrisque
626 1214 711 1244 demonum
721 1214 780 1245 crucis-

76 1260 138 1290 bantur.
155 1261 175 1290 Et
180 1271 214 1290 cum
220 1272 256 1291 eum
261 1261 310 1299 figere
315 1260 379 1297 uellent,
387 1260 434 1289 ihesu
442 1260 500 1290 Christi
505 1261 569 1290 nomine
575 1261 649 1290 inuocato
654 1261 722 1299 amplius
728 1262 780 1291 facere

77 1308 186 1346 nequiuerunt.
226 1301 256 1338 Ad
263 1313 335 1346 quartum
342 1316 413 1345 campum
421 1311 480 1338 tractus
487 1312 512 1338 est
519 1308 581 1345 ignibus
588 1307 657 1347 plenum,
666 1309 681 1338 in
689 1318 721 1347 quo
728 1309 781 1339 omnia

76 1366 135 1394 genera
142 1366 218 1394 penarum
225 1357 269 1387 uidit.
289 1355 322 1385 alii
329 1356 467 1393 suspendebantur
475 1356 546 1386 cathenis
552 1365 582 1395 per
589 1356 643 1393 pedes,
650 1356 676 1386 alii
684 1366 713 1395 per
719 1366 780 1394 manus,
789 1366 808 1396 25

76 1403 103 1433 alii
110 1413 139 1441 per
149 1403 220 1441 capillos,
228 1403 254 1433 alii
264 1413 294 1441 per
304 1407 356 1433 cetera
365 1402 440 1439 membra,
448 1402 524 1441 capitibus
535 1403 551 1432 in
559 1403 601 1441 ymis
609 1403 660 1433 uersis
667 1408 683 1434 et
692 1404 782 1442 sulphureis

77 1451 143 1481 fiammis
150 1452 232 1481 immersis.
252 1451 284 1481 aui
291 1451 308 1481 in
315 1450 378 1488 ignibus
388 1450 477 1488 pendebant
484 1451 501 1480 in
508 1451 553 1481 uncis
563 1450 624 1487 ferreis,
631 1451 648 1480 in
655 1451 712 1487 oculis,
718 1452 782 1482 auribus

77 1498 103 1528 uel
110 1499 173 1529 naribus
180 1499 206 1528 uel
214 1499 283 1529 faucibus
288 1497 314 1529 uel
320 1498 392 1527 manibus
397 1497 402 1515 ¹
408 1502 435 1527 aut
442 1498 537 1535 genitalibus
543 1498 601 1529 infixis.
617 1498 649 1528 alii
656 1499 745 1529 somatibus
751 1500 782 1530 sul·

77 1546 142 1583 phureis
149 1546 267 1582 cremabantur;
277 1546 303 1575 alii
313 1545 358 1582 quasi
369 1544 408 1582 per'
417 1545 506 1582 sartagines
513 1546 608 1580 urebantur;
618 1545 645 1575 alii
655 1546 724 1576 uerubus
731 1547 782 1584 igneis

77 1594 174 1630 assabantur,
187 1593 251 1634 quoslt)
265 1593 342 1623 demones
353 1592 386 1630 igni
397 1592 478 1630 appositos
490 1596 581 1629 uerterunt;
595 1592 621 1623 alii
634 1593 701 1624 diuersis
714 1594 782 1625 metallis
791 1603 810 1633 30

77 1642 201 1678 deguttauerunt
207 1642 330 1678 liquescentibus
336 1651 341 1670 a
348 1641 424 1670 demones
431 1641 483 1677 flagris
490 1641 569 1677 cedentes,
577 1641 616 1670 nulli
621 1651 686 1678 parcere
693 1642 782 1672 uoluerunt.

78 1687 135 1718 Omnia
142 1684 255 1718 tormedtorum
262 1697 321 1725 genera
328 1687 386 1717 ibidem
393 1687 428 1716 uisa
434 1690 477 1718 sunt.
497 1687 578 1725 Quosdam
588 1687 636 1717 eciam
644 1688 722 1726 quondam
729 1689 782 1719 socios

77 1745 115 1765 suos
122 1736 198 1773 cognouit
204 1735 286 1765 cruciatos.
304 1734 415 1772 lnuocatoque,
423 1738 440 1763 ut
450 1744 502 1773 supra,
510 1735 557 1765 lhesu
564 1734 624 1764 Christi
631 1735 700 1770 nomine,
706 1736 783 1766 demones

77 1783 108 1814 sibi
113 1792 170 1814 nocere
175 1792 207 1813 non
212 1787 290 1821 poterant.
321 1777 445 1815 Descendentcs
451 1791 493 1821 ergo,
499 1784 538 1814 uidit
543 1788 580 1814 ante
585 1792 603 1813 se
608 1783 691 1814 maximam
697 1788 747 1815 rotam
753 1784 783 1815 fer-

78 1840 121 1861 ream
127 1836 143 1861 et
149 1831 216 1867 igneam,
222 1831 265 1860 uncis
272 1829 323 1868 igneis
330 1830 399 1867 undique
406 1831 529 1869 circumseptam,
537 1832 554 1861 in
559 1831 685 1868 qulbussingulis
693 1833 783 1869 pendebant
791 1842 810 1872 35

78 1879 150 1909 homiues
157 1878 208 1909 infixi.
229 1878 272 1907 Rote
278 1886 317 1907 uero
327 1877 374 1906 huius
384 1879 461 1909 medietas
467 1888 529 1909 sursum
536 1878 552 1908 in
559 1887 597 1908 aere
604 1878 661 1914 stabat,
669 1878 700 1908 alia
706 1879 783 1909 medietas

78 1926 95 1954 in
102 1930 145 1956 teria
152 1926 225 1954 deorsum
232 1929 276 1959 erat3
286 1925 348 1953 flatuum
355 1928 407 1953 autem
416 1926 452 1954 tetri
462 1925 574 1962 sulphureique
585 1924 654 1953 incendii
663 1925 683 1954 de
691 1930 733 1955 terra
742 1926 783 1956 circa

78 1972 120 2002 illam
132 1972 211 2010 surgebat,
222 1976 239 2001 et
250 1971 339 2009 pendentes
350 1970 367 1999 in
379 1980 397 2000 ea
409 1972 496 2001 miserrime
507 1970 587 2001 ardebat³.
608 1971 689 2001 Demones
699 1976 752 2003 autem
763 1982 783 2003 ex

79 2023 145 2057 utreque
155 2022 199 2057 parte
210 2021 264 2048 uectes
274 2017 333 2047 ferreos
343 2017 385 2047 inter
396 2018 447 2048 radios
457 2021 492 2048 rote
502 2017 612 2056 impingentes.
620 2020 663 2048 tenta
671 2018 741 2057 agilitate
748 2029 783 2050 eam

78 2073 132 2097 rotare
139 2067 214 2100 fecerunt¹
221 2070 238 2096 ut
245 2066 304 2095 nullum
312 2064 376 2094 omnino
383 2065 402 2094 ab
409 2066 440 2095 alio
447 2066 483 2096 uisu
490 2066 580 2095 discernere
587 2071 649 2103 posset,
656 2066 692 2104 quia
699 2076 728 2105 pre
735 2068 784 2098 nimia
792 2079 813 2108 4⁰

79 2124 134 2145 cursus
139 2115 223 2145 uelocitate
230 2114 323 2144 uidebantur
327 2112 371 2149 quasi
379 2112 435 2152 [unus]
442 2114 484 2151 ignis
491 2123 532 2143 esse.
553 2113 625 2150 Cumque
635 2123 671 2144 eum
676 2124 724 2152 super
735 2120 784 2146 rotam

79 2163 147 2200 positum
153 2162 169 2191 in
175 2172 212 2192 aere
216 2161 284 2191 rotando
289 2160 374 2196 leuassent,
380 2160 396 2189 in
402 2161 507 2191 descencione
513 2165 548 2191 rote
553 2170 611 2190 numen
618 2161 665 2191 lhesu
671 2162 761 2193 inuocauit:
768 2168 785 2194 et

79 2209 132 2239 statim
140 2210 160 2238 de
167 2219 186 2238 ea
192 2208 279 2238 descendit.
311 2199 352 2236 inde
356 2208 458 2244 procedendo
465 2208 505 2237 uidit
513 2213 551 2237 ante
561 2217 580 2237 se
587 2208 650 2238 domum
658 2210 733 2246 grandem
740 2210 785 2247 quasi

80 2256 160 2287 fornacem
171 2256 278 2294 fumigantem,
288 2255 333 2286 euius
342 2254 409 2284 latitudo
419 2254 448 2284 fuit
458 2255 511 2292 nimia,
522 2255 605 2294 longitudo
616 2260 660 2286 tanta
670 2260 687 2286 ut
698 2256 741 2287 illius
752 2266 785 2287 non

80 2308 135 2342 posset
142 2304 196 2334 ultima
203 2303 257 2334 uiden'.
280 2303 319 2333 Cum
330 2310 369 2332 uero
378 2310 433 2333 uersus
444 2303 485 2333 illam
495 2303 592 2333 horribiliter
602 2305 661 2333 tractus
668 2303 703 2342 iret,
711 2307 728 2334 et
734 2304 786 2334 adhuc
793 2315 813 2345 45

80 2351 100 2381 ab
109 2361 128 2381 ea
138 2351 251 2389 aliquantulum
261 2351 324 2389 longius
334 2353 381 2385 esset,
389 2359 418 2388 pre
428 2351 477 2380 nimio
487 2351 541 2381 calore
551 2350 578 2389 qui
589 2350 626 2380 inde
636 2351 690 2380 exibat
700 2351 786 2382 subsistere

81 2398 147 2428 uolens¹
154 2399 241 2436 procedere
252 2408 285 2427 uon
295 2400 362 2436 poterat.
383 2397 463 2428 Dinerunt
471 2407 509 2436 ergo
520 2398 544 2429 ei:
556 2397 607 2434 'Quid
614 2398 717 2428 subsistendo
723 2399 786 2430 tardasl

81 2446 177 2475 balnearium
185 2446 258 2483 estquod
265 2445 315 2482 uides,
324 2444 364 2474 uelis
374 2444 416 2474 nolis
426 2444 462 2474 illuc
473 2444 580 2483 progredieris
590 2448 607 2474 ut
614 2454 649 2475 cum
656 2445 679 2475 eis
687 2446 714 2483 qui
721 2446 743 2475 ibi
749 2451 786 2476 sunt

81 2492 169 2523 balnearis.y
192 2492 273 2531 Ceperunt
284 2497 336 2522 autem
348 2491 368 2522 de
379 2491 427 2521 domo
437 2491 464 2522 illa
476 2492 559 2522 miserrimi
571 2491 633 2529 uagitus
644 2491 700 2528 emitti,
712 2492 758 2522 uerus
770 2496 786 2522 et

81 2554 118 2586 ¹al.
125 2556 202 2586 mamillis.
222 2555 255 2586 ²al.
263 2563 316 2594 super.
336 2554 455 2585 'attorrebat
475 2554 785 2593 ¹al.subsistitprocedereformidans.
