1762 2803
113 141 156 183 180
303 139 383 192 moun
398 136 514 199 termus
530 135 622 198 unctio.

112 266 174 294 autem
185 267 249 294 noster
258 271 300 294 cum
310 260 416 294 naturaliter
428 260 451 293 sit
461 260 520 292 bonus
530 270 550 292 ac
560 258 678 302 (misericors)
690 257 725 292 hiis
735 258 765 300 qui
777 256 815 291 dis-

113 313 180 347 cedunt
187 324 198 347 a
205 311 285 356 propriis
293 310 363 345 delictis
372 311 397 354 (ct
405 321 439 355 per
447 311 589 354 consensionem
598 310 686 344 accedunt
694 309 717 343 ad
723 319 771 350 eum,
778 319 815 342 non

113 370 183 401 tantum
192 365 217 410 (in
225 364 322 407 tormenta)
331 375 363 399 eos
371 364 397 399 ire
405 375 442 398 non
451 364 498 408 sinit,
507 370 535 398 set
543 364 601 397 eciam
609 362 689 397 furorem
698 373 752 396 suurn
761 360 815 405 (miti-

112 418 149 463 gat)
158 419 180 453 ab
189 418 215 454 eis
223 423 241 452 et
249 418 319 452 honore
327 417 392 461 dignos
400 417 447 452 i'acit.
471 418 551 461 (Etenim
560 417 592 461 sic)
601 417 664 452 dilexit
672 417 718 451 deus
727 416 816 450 mundum

96 484 104 514 5
113 477 132 506 ut
140 472 197 506 filium
205 480 258 505 suum
267 469 380 514 unigenitum
386 471 438 504 daret
444 481 478 514 pro
484 482 512 504 eo.
535 470 568 504 Cui
574 470 675 515 igiturcum
680 469 748 503 inimici
754 473 817 503 essent

114 525 210 568 (homines
218 523 272 566 mori)
280 534 314 566 pro
323 523 369 567 ipsis
377 524 443 566 elegit:
456 524 498 557 Non
504 524 561 558 multo
568 523 626 568 magis
633 522 757 566 (domesti)cos
763 522 817 556 effec-

113 583 141 610 tos
149 582 167 611 et
175 576 297 620 penitenciam
305 581 381 620 agentes
390 577 453 619 (super
461 576 503 618 hiis)
510 587 546 619 que
552 581 648 619 gesserant
653 575 730 611 absoluit
736 576 817 619 apenis?

114 629 155 663 Hoc
163 640 207 674 ergo
216 628 261 663 scito
271 629 313 672 quia
322 628 371 662 nulla
381 628 447 662 delicta
457 628 552 663 hominum
561 628 636 662 uincunt
647 627 766 662 clemenciam
776 626 816 661 dei:

113 687 183 717 tantum
189 687 209 716 ut
216 692 250 726 per
258 681 381 725 penitenciam
390 692 412 716 ea
419 692 455 725 que
465 682 545 725 pri(dem
553 681 594 726 quis
602 682 693 726 gesse)rat
701 681 749 715 mala
757 680 818 715 absol-

87 745 105 766 10
113 741 143 769 uat
151 735 221 769 actibus
230 733 294 777 (bonis.
317 734 364 768 Cum
375 734 432 777 enim)
441 735 463 768 sit
471 734 576 768 misericors
584 735 635 774 deus¹
643 734 677 768 scit
685 734 818 777 infirmitatem

113 787 195 832 gene)ris
210 786 285 822 humani
299 791 317 822 et
330 788 437 832 passionum
450 787 582 831 fort(itudinem
596 792 615 822 et
628 787 702 831 di)aboli
714 785 818 831 potenciam

114 848 168 885 atque
176 840 283 882 hastuciam,
292 841 317 884 (et
324 840 453 884 incidentibus)
462 842 536 884 quidem
544 840 674 875 hominibusin
680 841 760 883 peccatis
766 839 819 883 quasi

114 895 156 928 filiis
169 893 253 938 (ignoscit
265 898 283 926 et
294 893 387 937 ex)pectat
398 895 533 926 correccionem
542 904 612 934 eorum,
620 893 740 936 paciensciam
748 893 818 926 habens

115 946 134 981 in
142 946 182 990 eis).
205 945 359 980 Conuertentibus
365 956 409 979 uero
416 951 470 989 atque
478 946 518 980 eius
527 946 652 990 (exorantibus
660 945 772 988 bonitatem),
779 949 819 978 tan-

89 1013 107 1043 15
116 1010 171 1043 quam
181 998 259 1033 infirmis
269 998 386 1041 compatiitur
393 1004 411 1032 et
418 998 496 1032 absoluit
506 998 610 1042 con)festim
620 1003 711 1032 tormenta
720 1009 784 1033 eorum
794 998 819 1040 (et

117 1053 172 1086 donat
180 1051 207 1085 eis
215 1051 263 1084 bona
273 1051 317 1095 que)
325 1056 423 1095 preparata
434 1056 476 1085 sunt
485 1051 547 1086 iustis)
571 1051 609 1094 (Ait
620 1056 680 1085 autem
691 1050 788 1096 episcopus
796 1050 819 1084 ad

117 1103 209 1149 angelum)
218 1115 222 1139 :
235 1103 334 1146 ‘Obsecrq
343 1104 372 1138 dic
382 1104 437 1138 michi
445 1104 499 1139 etiam
507 1105 590 1139 uuituum
602 1104 717 1139 differencias
726 1110 744 1139 et
753 1103 819 1148 quibus

116 1158 196 1201 peccatis
201 1156 327 1199 unusquisque
333 1167 397 1190 eorum
402 1158 505 1191 subiaceat!
517 1158 521 1174 ‘
528 1158 565 1199 Hii,
570 1157 628 1200 inquit
632 1157 713 1200 angelus,
720 1157 751 1200 qui
757 1157 819 1200 splen-

116 1210 158 1245 dido
170 1221 191 1245 ac
201 1208 254 1243 hilari
264 1210 315 1242 uultu
324 1214 371 1252 sunt,
381 1208 400 1243 in
412 1209 509 1244 sobrietate
520 1214 538 1243 et
549 1209 630 1244 castitate
640 1215 659 1244 ct
670 1209 739 1244 iusticia
751 1211 819 1243 uiuunt.

89 1276 108 1297 20
117 1263 148 1297 Hii
156 1274 200 1298 vero
208 1261 239 1305 qui
248 1264 310 1305 nigras
318 1262 386 1295 habent
394 1263 455 1304 facies,
463 1262 590 1297 fornicacionis
599 1268 617 1296 et
625 1262 704 1296 libidinis
712 1261 820 1306 opera(rarii

117 1316 166 1359 sunt)
175 1315 278 1357 ceterisque
286 1315 387 1349 sceleribus
395 1320 413 1349 et
420 1315 499 1358 delict(is
505 1314 581 1358 [dediti].
597 1315 628 1348 Hii
634 1326 678 1349 uero
684 1315 715 1359 qui
723 1316 820 1359 appa)rue·

117 1374 159 1404 runt
164 1368 259 1412 sanguinei
266 1373 320 1412 atque
328 1367 391 1411 (rubei,
398 1368 417 1402 in
424 1368 543 1412 malignitate)
552 1373 570 1402 et
578 1367 668 1402 iniusticia
674 1368 758 1402 uiuentes
765 1368 820 1411 (sunt,

118 1428 201 1456 amantes
209 1421 345 1464 detractiones),
355 1421 465 1464 blasphemi,
477 1421 541 1463 dolosi,
552 1426 570 1455 et
580 1420 670 1456 homicide
682 1421 748 1465 (sunt).'
771 1421 819 1456 Rur-

118 1485 159 1510 sum
174 1473 217 1508 dicit
232 1473 249 1507 ei
265 1473 352 1517 angelus:
368 1472 452 1507 ‘Adiuua
467 1483 499 1507 eos
513 1474 529 1507 si
544 1474 621 1507 salutem
637 1484 700 1507 eorum
714 1473 819 1508 desideras:

91 1541 109 1571 25
119 1527 226 1572 propteriea
233 1526 297 1569 eciam)
306 1526 389 1559 meruisti
397 1526 502 1560 oracionum
510 1522 582 1560 tuarum
591 1526 675 1560 effectum
683 1531 702 1559 ut
710 1537 744 1569 per
752 1537 821 1560 ammo·

120 1579 203 1615 niciones
214 1583 268 1623 atque
277 1578 417 1613 obsecraciones
426 1579 511 1614 meliores
522 1589 554 1615 eos
564 1589 598 1624 per
605 1578 727 1623 penitenciam
736 1578 810 1624 sacias.¹]

135 1746 150 1783 ii
163 1739 196 1781 DE
207 1756 277 1779 SANCTO
289 1737 346 1781 Cum)
358 1755 450 1787 EPISCOPO,
462 1756 535 1780 FRATRE
547 1756 612 1781 SANCTI
625 1739 694 1782 CEDDE
705 1756 787 1781 EPISCOPI
792 1747 803 1781 1.

164 1839 199 1874 Uia
210 1839 259 1874 enim
270 1838 319 1874 diem
330 1839 389 1874 obitus
401 1839 512 1875 sanctissimi
523 1840 574 1875 Cedd
585 1839 666 1884 episcopi
678 1851 769 1885 nusquam
779 1852 821 1886 rep-

184 1892 245 1936 perire
256 1891 311 1936 potui,
322 1891 363 1926 hicl
372 1897 414 1936 post
424 1892 481 1928 vitam
492 1893 550 1927 sancti
561 1893 623 1927 Ccdde
633 1893 695 1927 fratris
706 1893 734 1927 sui
744 1894 822 1928 virtutes

55 1980 58 1989 <
120 1945 160 1980 eius
170 1951 188 1980 et
197 1945 259 1988 vitam,
270 1957 316 1989 quas
326 1945 377 1979 Beda
386 1945 497 1980 venerabilis
508 1945 526 1980 in
535 1957 568 1980 sua
578 1946 658 1990 sparsim
668 1945 730 1980 scribit
741 1946 821 1988 historia,

93 2012 112 2042 30
120 1998 202 2034 inserere
208 1998 274 2042 potius,
280 2010 335 2043 quam
341 1998 417 2033 intactas
424 1999 528 2043 relinquere
534 2004 596 2034 mente
602 2000 682 2045 concepi,
723 1993 766 2036 Sub
772 2000 822 2045 prin-

121 2052 162 2095 cipe
176 2050 226 2086 enim
241 2051 307 2094 Peada,
321 2052 371 2095 regis
385 2052 448 2086 Pende
461 2052 503 2094 filio,
516 2052 647 2087 Mediterranei
661 2053 718 2097 Angli
733 2054 789 2088 iidem
805 2059 823 2089 et

121 2106 236 2136 sacramenta
245 2101 327 2136 veritatis
336 2107 464 2145 perceperunt.
487 2102 534 2137 Cum
542 2102 592 2137 enim
600 2108 650 2137 esset
661 2103 733 2138 iuuenis
741 2104 822 2147 optimus

121 2166 141 2189 ac
149 2154 198 2201 regis
209 2155 284 2188 nomine
294 2155 366 2199 dignus,
379 2155 460 2198 prelatus
471 2160 500 2189 est
509 2166 520 2189 a
530 2161 583 2200 patre
594 2167 652 2200 regno
662 2156 722 2200 gentis
733 2157 792 2192 iilius:
804 2161 823 2192 et

121 2208 171 2243 venit
189 2208 212 2242 ad
232 2218 295 2253 regem
313 2208 512 2243 Northanhimbrorum
528 2208 584 2252 Osiri,
601 2210 696 2253 postulans
711 2209 767 2244 filiam
782 2210 822 2245 eius

93 2273 111 2302 35
122 2261 212 2298 Elfledam
223 2261 258 2295 sibi
270 2261 365 2305 coniugem
379 2262 423 2297 dari.
452 2262 491 2296 Nec
502 2262 556 2297 aliter
570 2263 618 2305 quod
634 2263 708 2306 petebat
723 2263 822 2307 impetrare

121 2313 184 2359 potuit,
197 2312 232 2347 nisi
244 2313 300 2347 iidem
314 2312 382 2348 Christi
395 2324 416 2347 ac
429 2313 521 2359 baptisma
535 2324 577 2349 cum
592 2319 647 2358 gente
662 2314 691 2349 cui
706 2320 779 2358 preerat
794 2327 824 2351 ac-

122 2367 196 2411 ciperet,
220 2366 252 2400 Ille
262 2378 307 2401 vero
317 2368 378 2400 audita
388 2367 513 2412 predicatione
523 2367 605 2402 veritatis
613 2373 631 2402 et
639 2367 760 2411 promissione
772 2369 824 2413 regni

121 2419 199 2463 celestis,
211 2430 282 2464 speque
294 2421 434 2455 resurrectionis
446 2431 466 2455 ac
479 2420 539 2455 future
553 2420 699 2463 immortalitatis,
713 2421 792 2456 libenter
803 2433 824 2458 se

123 2472 241 2507 christianum
257 2473 298 2506 ficri
314 2473 363 2508 velle
381 2473 477 2508 confessus
496 2479 529 2516 est,
545 2472 616 2508 etiamsi
635 2472 725 2517 virginem
741 2485 778 2509 non
795 2487 825 2511 ac-

141 2556 147 2574 ¹
158 2557 204 2586 From
211 2556 256 2587 Beda
263 2557 284 2587 H.
292 2558 310 2586 E.
318 2557 347 2588 ΙΙΙ,
355 2568 373 2587 21
381 2558 397 2588 θ’.
406 2558 432 2594 (ci
440 2558 475 2588 Act.
484 2558 513 2588 SS.
521 2558 561 2588 Boii.
569 2558 603 2588 lan.
611 2557 622 2588 1.
630 2567 645 2596 p.
653 2557 695 2597 373).
718 2559 736 2588 in
743 2559 761 2591 T.
770 2560 825 2592 Cedda

121 2597 201 2636 precedes.
265 2596 271 2614 ²
281 2596 310 2637 hic,
318 2606 340 2628 sc.
348 2597 364 2627 ir
372 2597 405 2628 MS.
413 2598 451 2636 Tib,
460 2598 515 2628 where
523 2598 567 2628 Cedd
574 2597 588 2627 is
595 2598 673 2637 preceded
680 2598 702 2638 by
710 2599 768 2632 Cedda.
