<?xml version="1.0" encoding="UTF-8"?>
<!DOCTYPE html PUBLIC "-//W3C//DTD XHTML 1.0 Transitional//EN"
    "http://www.w3.org/TR/xhtml1/DTD/xhtml1-transitional.dtd">
<html xmlns="http://www.w3.org/1999/xhtml" xml:lang="en" lang="en">
 <head>
  <title>
</title>
<meta http-equiv="Content-Type" content="text/html;charset=utf-8" />
  <meta name='ocr-system' content='tesseract 3.04.00' />
  <meta name='ocr-capabilities' content='ocr_page ocr_carea ocr_par ocr_line ocrx_word'/>
</head>
<body>
  <div class='ocr_page' id='page_1' title='image "./MN5111ucmf_0/MN5111ucmf_0_1263.png"; bbox 0 0 1762 2803; ppageno 0'>
   <div class='ocr_carea' id='block_1_1' title="bbox 53 135 754 199">
    <p class='ocr_par' dir='ltr' id='par_1_1' title="bbox 53 135 754 199">
     <span class='ocr_line' id='line_1_1' title="bbox 53 135 754 199; baseline 0.013 -16"><span class='ocrx_word' id='word_1_1' title='bbox 53 145 186 186; x_wconf 62' lang='lat' dir='ltr'>uenata...]</span> <span class='ocrx_word' id='word_1_2' title='bbox 205 137 250 192; x_wconf 67' lang='lat' dir='ltr'>De</span> <span class='ocrx_word' id='word_1_3' title='bbox 264 135 301 189; x_wconf 54' lang='grc' dir='ltr'>θ.</span> <span class='ocrx_word' id='word_1_4' title='bbox 312 136 445 189; x_wconf 64' lang='lat' dir='ltr'>domuum</span> <span class='ocrx_word' id='word_1_5' title='bbox 459 145 516 199; x_wconf 71' lang='lat' dir='ltr'>ttut</span> <span class='ocrx_word' id='word_1_6' title='bbox 531 142 555 190; x_wconf 81' lang='lat' dir='ltr'>ct</span> <span class='ocrx_word' id='word_1_7' title='bbox 569 141 684 199; x_wconf 64' lang='lat' dir='ltr'>mactate.</span> <span class='ocrx_word' id='word_1_8' title='bbox 709 141 754 194; x_wconf 83' lang='lat'>647</span> 
     </span>
    </p>
   </div>
   <div class='ocr_carea' id='block_1_2' title="bbox 74 258 755 318">
    <p class='ocr_par' dir='ltr' id='par_1_2' title="bbox 74 258 755 318">
     <span class='ocr_line' id='line_1_2' title="bbox 74 258 755 318; baseline -0.001 -25"><span class='ocrx_word' id='word_1_9' title='bbox 74 283 185 317; x_wconf 55' lang='lat' dir='ltr'><em>Excronicis</em></span> <span class='ocrx_word' id='word_1_10' title='bbox 191 283 279 318; x_wconf 46' lang='lat' dir='ltr'>lomi,</span> <span class='ocrx_word' id='word_1_11' title='bbox 333 261 375 294; x_wconf 92' lang='lat' dir='ltr'>Nno</span> <span class='ocrx_word' id='word_1_12' title='bbox 389 260 454 294; x_wconf 89' lang='lat' dir='ltr'>domini</span> <span class='ocrx_word' id='word_1_13' title='bbox 471 260 504 293; x_wconf 78' lang='lat' dir='ltr'>M0.</span> <span class='ocrx_word' id='word_1_14' title='bbox 519 261 548 294; x_wconf 72' lang='lat'>(2⁰.</span> <span class='ocrx_word' id='word_1_15' title='bbox 560 258 617 302; x_wconf 73' lang='lat' dir='ltr'>[boon]</span> <span class='ocrx_word' id='word_1_16' title='bbox 633 259 687 302; x_wconf 84' lang='lat' dir='ltr'>xviij0.</span> <span class='ocrx_word' id='word_1_17' title='bbox 701 259 755 293; x_wconf 87' lang='lat' dir='ltr'>voluit</span> 
     </span>
    </p>
   </div>
   <div class='ocr_carea' id='block_1_3' title="bbox 52 310 787 2498">
    <p class='ocr_par' dir='ltr' id='par_1_3' title="bbox 52 310 787 2498">
     <span class='ocr_line' id='line_1_3' title="bbox 347 310 755 353; baseline 0 -11"><span class='ocrx_word' id='word_1_18' title='bbox 347 310 431 353; x_wconf 83' lang='lat' dir='ltr'>gloriosus</span> <span class='ocrx_word' id='word_1_19' title='bbox 437 310 496 344; x_wconf 89' lang='lat' dir='ltr'>martir</span> <span class='ocrx_word' id='word_1_20' title='bbox 502 310 605 344; x_wconf 89' lang='lat' dir='ltr'>Edmundus</span> <span class='ocrx_word' id='word_1_21' title='bbox 612 316 675 343; x_wconf 89' lang='lat' dir='ltr'>terrere</span> <span class='ocrx_word' id='word_1_22' title='bbox 682 320 755 343; x_wconf 87' lang='lat' dir='ltr'>conuen-</span> 
     </span>
     <span class='ocr_line' id='line_1_4' title="bbox 53 358 756 403; baseline 0.004 -14"><span class='ocrx_word' id='word_1_23' title='bbox 53 362 89 389; x_wconf 87' lang='lat' dir='ltr'>tum</span> <span class='ocrx_word' id='word_1_24' title='bbox 96 366 146 389; x_wconf 90' lang='lat' dir='ltr'>suum</span> <span class='ocrx_word' id='word_1_25' title='bbox 154 363 171 390; x_wconf 88' lang='lat' dir='ltr'>et</span> <span class='ocrx_word' id='word_1_26' title='bbox 176 358 238 391; x_wconf 90' lang='lat' dir='ltr'>docere</span> <span class='ocrx_word' id='word_1_27' title='bbox 248 365 267 392; x_wconf 90' lang='lat' dir='ltr'>ut</span> <span class='ocrx_word' id='word_1_28' title='bbox 274 370 336 403; x_wconf 87' lang='lat' dir='ltr'>corpus</span> <span class='ocrx_word' id='word_1_29' title='bbox 345 362 381 394; x_wconf 80' lang='lat' dir='ltr'>eius</span> <span class='ocrx_word' id='word_1_30' title='bbox 388 361 496 394; x_wconf 89' lang='lat' dir='ltr'>reuerencius</span> <span class='ocrx_word' id='word_1_31' title='bbox 504 366 521 394; x_wconf 94' lang='lat' dir='ltr'>et</span> <span class='ocrx_word' id='word_1_32' title='bbox 529 360 630 403; x_wconf 86' lang='lat' dir='ltr'>diligencius</span> <span class='ocrx_word' id='word_1_33' title='bbox 638 360 756 393; x_wconf 81' lang='lat' dir='ltr'>custodiretur.</span> 
     </span>
     <span class='ocr_line' id='line_1_5' title="bbox 53 407 757 452; baseline 0.003 -12"><span class='ocrx_word' id='word_1_34' title='bbox 53 408 96 440; x_wconf 86' lang='lat' dir='ltr'><strong>Erat</strong></span> <span class='ocrx_word' id='word_1_35' title='bbox 108 407 177 449; x_wconf 84' lang='lat' dir='ltr'>quidam</span> <span class='ocrx_word' id='word_1_36' title='bbox 188 407 255 449; x_wconf 79' lang='lat' dir='ltr'>ligneus</span> <span class='ocrx_word' id='word_1_37' title='bbox 267 410 353 444; x_wconf 87' lang='lat' dir='ltr'>tabulatus</span> <span class='ocrx_word' id='word_1_38' title='bbox 365 411 410 444; x_wconf 89' lang='lat' dir='ltr'>inter</span> <span class='ocrx_word' id='word_1_39' title='bbox 420 412 500 444; x_wconf 81' lang='lat' dir='ltr'>feretrum</span> <span class='ocrx_word' id='word_1_40' title='bbox 512 416 529 444; x_wconf 92' lang='lat' dir='ltr'>et</span> <span class='ocrx_word' id='word_1_41' title='bbox 542 420 624 452; x_wconf 86' lang='lat' dir='ltr'>magnum</span> <span class='ocrx_word' id='word_1_42' title='bbox 635 411 694 449; x_wconf 86' lang='lat' dir='ltr'>altare,</span> <span class='ocrx_word' id='word_1_43' title='bbox 706 419 757 452; x_wconf 87' lang='lat' dir='ltr'>super</span> 
     </span>
     <span class='ocr_line' id='line_1_6' title="bbox 52 456 772 504; baseline 0.004 -15"><span class='ocrx_word' id='word_1_44' title='bbox 52 465 104 500; x_wconf 91' lang='lat' dir='ltr'>quem</span> <span class='ocrx_word' id='word_1_45' title='bbox 112 456 146 490; x_wconf 94' lang='lat' dir='ltr'>duo</span> <span class='ocrx_word' id='word_1_46' title='bbox 154 456 199 490; x_wconf 91' lang='lat' dir='ltr'>cerei</span> <span class='ocrx_word' id='word_1_47' title='bbox 207 457 285 493; x_wconf 88' lang='lat' dir='ltr'>solebant</span> <span class='ocrx_word' id='word_1_48' title='bbox 293 465 339 494; x_wconf 89' lang='lat' dir='ltr'>stare</span> <span class='ocrx_word' id='word_1_49' title='bbox 346 466 363 494; x_wconf 92' lang='lat' dir='ltr'>et</span> <span class='ocrx_word' id='word_1_50' title='bbox 373 460 443 501; x_wconf 74' lang='lat' dir='ltr'>ardere,</span> <span class='ocrx_word' id='word_1_51' title='bbox 455 459 568 504; x_wconf 83' lang='lat' dir='ltr'>solebantque</span> <span class='ocrx_word' id='word_1_52' title='bbox 575 458 633 503; x_wconf 87' lang='lat' dir='ltr'>sepius</span> <span class='ocrx_word' id='word_1_53' title='bbox 640 458 684 493; x_wconf 90' lang='lat' dir='ltr'>cerei</span> <span class='ocrx_word' id='word_1_54' title='bbox 695 458 755 499; x_wconf 90' lang='lat' dir='ltr'>cereis,</span> <span class='ocrx_word' id='word_1_55' title='bbox 764 467 772 497; x_wconf 81' lang='lat'>5</span> 
     </span>
     <span class='ocr_line' id='line_1_7' title="bbox 53 506 755 553; baseline 0.006 -14"><span class='ocrx_word' id='word_1_56' title='bbox 53 506 93 540; x_wconf 91' lang='lat' dir='ltr'>noui</span> <span class='ocrx_word' id='word_1_57' title='bbox 104 508 195 548; x_wconf 90' lang='lat' dir='ltr'>veteribus,</span> <span class='ocrx_word' id='word_1_58' title='bbox 203 510 275 552; x_wconf 75' lang='lat' dir='ltr'>turpiter</span> <span class='ocrx_word' id='word_1_59' title='bbox 285 511 336 545; x_wconf 89' lang='lat' dir='ltr'>inseri</span> <span class='ocrx_word' id='word_1_60' title='bbox 346 518 363 545; x_wconf 90' lang='lat' dir='ltr'>et</span> <span class='ocrx_word' id='word_1_61' title='bbox 374 512 472 544; x_wconf 85' lang='lat' dir='ltr'>indecenter</span> <span class='ocrx_word' id='word_1_62' title='bbox 483 510 568 553; x_wconf 89' lang='lat' dir='ltr'>coniungi.</span> <span class='ocrx_word' id='word_1_63' title='bbox 590 512 645 544; x_wconf 86' lang='lat' dir='ltr'>Erant</span> <span class='ocrx_word' id='word_1_64' title='bbox 655 517 713 543; x_wconf 85' lang='lat' dir='ltr'>autem</span> <span class='ocrx_word' id='word_1_65' title='bbox 724 511 755 543; x_wconf 91' lang='lat' dir='ltr'>suh</span> 
     </span>
     <span class='ocr_line' id='line_1_8' title="bbox 53 557 755 604; baseline 0.004 -15"><span class='ocrx_word' id='word_1_66' title='bbox 53 557 130 591; x_wconf 86' lang='lat' dir='ltr'>tabulatu</span> <span class='ocrx_word' id='word_1_67' title='bbox 141 558 170 591; x_wconf 94' lang='lat' dir='ltr'>illo</span> <span class='ocrx_word' id='word_1_68' title='bbox 181 560 235 592; x_wconf 85' lang='lat' dir='ltr'>multa</span> <span class='ocrx_word' id='word_1_69' title='bbox 247 562 333 603; x_wconf 84' lang='lat' dir='ltr'>superflua</span> <span class='ocrx_word' id='word_1_70' title='bbox 344 561 424 604; x_wconf 90' lang='lat' dir='ltr'>reposita,</span> <span class='ocrx_word' id='word_1_71' title='bbox 436 567 453 593; x_wconf 93' lang='lat' dir='ltr'>et</span> <span class='ocrx_word' id='word_1_72' title='bbox 464 560 546 603; x_wconf 89' lang='lat' dir='ltr'>quicquid</span> <span class='ocrx_word' id='word_1_73' title='bbox 556 560 636 593; x_wconf 87' lang='lat' dir='ltr'>veniebat</span> <span class='ocrx_word' id='word_1_74' title='bbox 647 560 665 593; x_wconf 92' lang='lat' dir='ltr'>in</span> <span class='ocrx_word' id='word_1_75' title='bbox 676 559 755 593; x_wconf 88' lang='lat' dir='ltr'>manibus</span> 
     </span>
     <span class='ocr_line' id='line_1_9' title="bbox 53 608 755 653; baseline 0.004 -14"><span class='ocrx_word' id='word_1_76' title='bbox 53 608 143 640; x_wconf 85' lang='lat' dir='ltr'>custodum</span> <span class='ocrx_word' id='word_1_77' title='bbox 151 608 174 640; x_wconf 89' lang='lat' dir='ltr'>ibi</span> <span class='ocrx_word' id='word_1_78' title='bbox 182 609 308 650; x_wconf 85' lang='lat' dir='ltr'>reponebatur:</span> <span class='ocrx_word' id='word_1_79' title='bbox 319 612 364 644; x_wconf 91' lang='lat' dir='ltr'>ostio</span> <span class='ocrx_word' id='word_1_80' title='bbox 372 617 389 643; x_wconf 90' lang='lat' dir='ltr'>et</span> <span class='ocrx_word' id='word_1_81' title='bbox 400 610 494 653; x_wconf 86' lang='lat' dir='ltr'>parietibus</span> <span class='ocrx_word' id='word_1_82' title='bbox 504 609 563 643; x_wconf 80' lang='lat' dir='ltr'>ferreis</span> <span class='ocrx_word' id='word_1_83' title='bbox 572 609 688 643; x_wconf 83' lang='lat' dir='ltr'>existentibus.</span> <span class='ocrx_word' id='word_1_84' title='bbox 711 610 755 642; x_wconf 85' lang='lat' dir='ltr'>Cum</span> 
     </span>
     <span class='ocr_line' id='line_1_10' title="bbox 53 658 755 699; baseline 0.003 -10"><span class='ocrx_word' id='word_1_85' title='bbox 53 667 94 699; x_wconf 85' lang='lat' dir='ltr'>ergo</span> <span class='ocrx_word' id='word_1_86' title='bbox 106 658 199 691; x_wconf 90' lang='lat' dir='ltr'>dormirent</span> <span class='ocrx_word' id='word_1_87' title='bbox 211 660 290 693; x_wconf 83' lang='lat' dir='ltr'>custodes</span> <span class='ocrx_word' id='word_1_88' title='bbox 300 668 351 694; x_wconf 88' lang='lat' dir='ltr'>nocte</span> <span class='ocrx_word' id='word_1_89' title='bbox 360 659 478 694; x_wconf 80' lang='lat' dir='ltr'>translacionis</span> <span class='ocrx_word' id='word_1_90' title='bbox 489 666 548 692; x_wconf 85' lang='lat' dir='ltr'>sancte</span> <span class='ocrx_word' id='word_1_91' title='bbox 560 659 677 692; x_wconf 87' lang='lat' dir='ltr'>Etheldrede:</span> <span class='ocrx_word' id='word_1_92' title='bbox 689 659 755 698; x_wconf 88' lang='lat' dir='ltr'>cecidit,</span> 
     </span>
     <span class='ocr_line' id='line_1_11' title="bbox 53 708 783 752; baseline 0.001 -12"><span class='ocrx_word' id='word_1_93' title='bbox 53 713 71 741; x_wconf 89' lang='lat' dir='ltr'>vt</span> <span class='ocrx_word' id='word_1_94' title='bbox 77 708 168 748; x_wconf 89' lang='lat' dir='ltr'>credimus,</span> <span class='ocrx_word' id='word_1_95' title='bbox 174 719 214 751; x_wconf 84' lang='lat' dir='ltr'>pars</span> <span class='ocrx_word' id='word_1_96' title='bbox 222 710 266 743; x_wconf 92' lang='lat' dir='ltr'>cerei</span> <span class='ocrx_word' id='word_1_97' title='bbox 275 709 360 744; x_wconf 89' lang='lat' dir='ltr'>coniuncti</span> <span class='ocrx_word' id='word_1_98' title='bbox 369 710 403 744; x_wconf 90' lang='lat' dir='ltr'>iam</span> <span class='ocrx_word' id='word_1_99' title='bbox 411 708 496 744; x_wconf 86' lang='lat' dir='ltr'>combusti</span> <span class='ocrx_word' id='word_1_100' title='bbox 504 719 556 752; x_wconf 91' lang='lat' dir='ltr'>super</span> <span class='ocrx_word' id='word_1_101' title='bbox 561 708 655 751; x_wconf 89' lang='lat' dir='ltr'>predictum</span> <span class='ocrx_word' id='word_1_102' title='bbox 662 708 755 742; x_wconf 86' lang='lat' dir='ltr'>tabulatum</span> <span class='ocrx_word' id='word_1_103' title='bbox 766 719 783 741; x_wconf 88' lang='grc' dir='ltr'>ιο</span> 
     </span>
     <span class='ocr_line' id='line_1_12' title="bbox 53 757 756 804; baseline 0.001 -15"><span class='ocrx_word' id='word_1_104' title='bbox 53 757 114 801; x_wconf 89' lang='lat' dir='ltr'>pannis</span> <span class='ocrx_word' id='word_1_105' title='bbox 126 765 209 801; x_wconf 92' lang='lat' dir='ltr'>opertum,</span> <span class='ocrx_word' id='word_1_106' title='bbox 220 765 238 792; x_wconf 89' lang='lat' dir='ltr'>et</span> <span class='ocrx_word' id='word_1_107' title='bbox 249 760 294 803; x_wconf 90' lang='lat' dir='ltr'>cepit</span> <span class='ocrx_word' id='word_1_108' title='bbox 305 760 363 794; x_wconf 84' lang='lat' dir='ltr'>omnia</span> <span class='ocrx_word' id='word_1_109' title='bbox 374 760 453 804; x_wconf 80' lang='lat' dir='ltr'>proxime</span> <span class='ocrx_word' id='word_1_110' title='bbox 463 770 497 803; x_wconf 91' lang='lat' dir='ltr'>que</span> <span class='ocrx_word' id='word_1_111' title='bbox 507 770 559 803; x_wconf 83' lang='lat' dir='ltr'>supra</span> <span class='ocrx_word' id='word_1_112' title='bbox 569 764 586 792; x_wconf 91' lang='lat' dir='ltr'>et</span> <span class='ocrx_word' id='word_1_113' title='bbox 597 759 657 791; x_wconf 89' lang='lat' dir='ltr'>subtus</span> <span class='ocrx_word' id='word_1_114' title='bbox 668 764 717 791; x_wconf 86' lang='lat' dir='ltr'>erant</span> <span class='ocrx_word' id='word_1_115' title='bbox 728 769 756 791; x_wconf 85' lang='lat' dir='ltr'>ac-</span> 
     </span>
     <span class='ocr_line' id='line_1_13' title="bbox 54 808 757 852; baseline 0 -12"><span class='ocrx_word' id='word_1_116' title='bbox 54 808 131 849; x_wconf 87' lang='lat' dir='ltr'>cendere,</span> <span class='ocrx_word' id='word_1_117' title='bbox 147 809 171 841; x_wconf 89' lang='lat' dir='ltr'>ita</span> <span class='ocrx_word' id='word_1_118' title='bbox 184 810 231 851; x_wconf 92' lang='lat' dir='ltr'>quod</span> <span class='ocrx_word' id='word_1_119' title='bbox 245 811 319 852; x_wconf 84' lang='lat' dir='ltr'>parietes</span> <span class='ocrx_word' id='word_1_120' title='bbox 333 810 396 844; x_wconf 79' lang='lat' dir='ltr'>ferrei²</span> <span class='ocrx_word' id='word_1_121' title='bbox 410 810 450 852; x_wconf 87' lang='lat' dir='ltr'>igue</span> <span class='ocrx_word' id='word_1_122' title='bbox 464 809 590 842; x_wconf 80' lang='lat' dir='ltr'>candescerent.</span> <span class='ocrx_word' id='word_1_123' title='bbox 617 809 641 841; x_wconf 90' lang='lat' dir='ltr'>Et</span> <span class='ocrx_word' id='word_1_124' title='bbox 656 818 696 841; x_wconf 89' lang='lat' dir='ltr'>ecce</span> <span class='ocrx_word' id='word_1_125' title='bbox 711 808 757 840; x_wconf 81' lang='lat' dir='ltr'>furor</span> 
     </span>
     <span class='ocr_line' id='line_1_14' title="bbox 53 857 756 899; baseline -0.001 -10"><span class='ocrx_word' id='word_1_126' title='bbox 53 857 124 899; x_wconf 89' lang='lat' dir='ltr'>domini,</span> <span class='ocrx_word' id='word_1_127' title='bbox 132 864 157 890; x_wconf 91' lang='lat' dir='ltr'>set</span> <span class='ocrx_word' id='word_1_128' title='bbox 165 869 200 890; x_wconf 94' lang='lat' dir='ltr'>non</span> <span class='ocrx_word' id='word_1_129' title='bbox 208 859 245 891; x_wconf 89' lang='lat' dir='ltr'>sine</span> <span class='ocrx_word' id='word_1_130' title='bbox 255 860 377 893; x_wconf 88' lang='lat' dir='ltr'>misericordia.</span> <span class='ocrx_word' id='word_1_131' title='bbox 399 860 468 891; x_wconf 87' lang='lat' dir='ltr'>Eadem</span> <span class='ocrx_word' id='word_1_132' title='bbox 478 858 524 890; x_wconf 91' lang='lat' dir='ltr'>enim</span> <span class='ocrx_word' id='word_1_133' title='bbox 535 859 578 890; x_wconf 83' lang='lat' dir='ltr'>hora</span> <span class='ocrx_word' id='word_1_134' title='bbox 588 857 650 890; x_wconf 89' lang='lat' dir='ltr'>cecidit</span> <span class='ocrx_word' id='word_1_135' title='bbox 661 857 756 897; x_wconf 82' lang='lat' dir='ltr'>orologium</span> 
     </span>
     <span class='ocr_line' id='line_1_15' title="bbox 53 905 757 953; baseline -0.001 -13"><span class='ocrx_word' id='word_1_136' title='bbox 53 913 94 940; x_wconf 88' lang='lat' dir='ltr'>aute</span> <span class='ocrx_word' id='word_1_137' title='bbox 106 907 166 940; x_wconf 90' lang='lat' dir='ltr'>horam</span> <span class='ocrx_word' id='word_1_138' title='bbox 178 908 311 942; x_wconf 84' lang='lat' dir='ltr'>matutinarum:</span> <span class='ocrx_word' id='word_1_139' title='bbox 324 919 430 953; x_wconf 86' lang='lat' dir='ltr'>surgensque</span> <span class='ocrx_word' id='word_1_140' title='bbox 438 907 521 951; x_wconf 85' lang='lat' dir='ltr'>magister</span> <span class='ocrx_word' id='word_1_141' title='bbox 528 907 609 949; x_wconf 88' lang='lat' dir='ltr'>vestiarii,</span> <span class='ocrx_word' id='word_1_142' title='bbox 618 907 650 940; x_wconf 88' lang='lat' dir='ltr'>hec</span> <span class='ocrx_word' id='word_1_143' title='bbox 660 905 757 950; x_wconf 86' lang='lat' dir='ltr'>percipiens</span> 
     </span>
     <span class='ocr_line' id='line_1_16' title="bbox 53 958 784 1002; baseline -0.001 -11"><span class='ocrx_word' id='word_1_144' title='bbox 53 963 70 991; x_wconf 89' lang='lat' dir='ltr'>et</span> <span class='ocrx_word' id='word_1_145' title='bbox 78 958 151 998; x_wconf 88' lang='lat' dir='ltr'>intuens,</span> <span class='ocrx_word' id='word_1_146' title='bbox 160 960 232 992; x_wconf 87' lang='lat' dir='ltr'>cucurrit</span> <span class='ocrx_word' id='word_1_147' title='bbox 240 969 291 1001; x_wconf 86' lang='lat' dir='ltr'>quam</span> <span class='ocrx_word' id='word_1_148' title='bbox 303 961 357 993; x_wconf 89' lang='lat' dir='ltr'>tocius</span> <span class='ocrx_word' id='word_1_149' title='bbox 369 966 386 993; x_wconf 90' lang='lat' dir='ltr'>et</span> <span class='ocrx_word' id='word_1_150' title='bbox 397 968 478 1002; x_wconf 89' lang='lat' dir='ltr'>percussa</span> <span class='ocrx_word' id='word_1_151' title='bbox 488 959 547 991; x_wconf 88' lang='lat' dir='ltr'>tabula</span> <span class='ocrx_word' id='word_1_152' title='bbox 554 964 638 1000; x_wconf 88' lang='lat' dir='ltr'>tanquam</span> <span class='ocrx_word' id='word_1_153' title='bbox 645 967 676 999; x_wconf 91' lang='lat' dir='ltr'>pro</span> <span class='ocrx_word' id='word_1_154' title='bbox 684 964 756 998; x_wconf 90' lang='lat' dir='ltr'>mortuo,</span> <span class='ocrx_word' id='word_1_155' title='bbox 767 969 784 998; x_wconf 80' lang='lat'>15</span> 
     </span>
     <span class='ocr_line' id='line_1_17' title="bbox 53 1005 757 1048; baseline -0.003 -7"><span class='ocrx_word' id='word_1_156' title='bbox 53 1007 122 1041; x_wconf 88' lang='lat' dir='ltr'>sublimi</span> <span class='ocrx_word' id='word_1_157' title='bbox 130 1018 172 1041; x_wconf 91' lang='lat' dir='ltr'>voce</span> <span class='ocrx_word' id='word_1_158' title='bbox 180 1008 260 1041; x_wconf 85' lang='lat' dir='ltr'>clamauit</span> <span class='ocrx_word' id='word_1_159' title='bbox 268 1007 337 1043; x_wconf 87' lang='lat' dir='ltr'>dicens:</span> <span class='ocrx_word' id='word_1_160' title='bbox 350 1009 374 1042; x_wconf 84' lang='lat' dir='ltr'>‘F</span> <span class='ocrx_word' id='word_1_161' title='bbox 375 1015 449 1043; x_wconf 89' lang='lat' dir='ltr'>eretrum</span> <span class='ocrx_word' id='word_1_162' title='bbox 457 1013 483 1041; x_wconf 88' lang='lat' dir='ltr'>est</span> <span class='ocrx_word' id='word_1_163' title='bbox 491 1006 610 1040; x_wconf 70' lang='lat' dir='ltr'>combustum!</span> <span class='ocrx_word' id='word_1_164' title='bbox 629 1007 699 1040; x_wconf 86' lang='lat' dir='ltr'>Fratres</span> <span class='ocrx_word' id='word_1_165' title='bbox 706 1005 757 1048; x_wconf 87' lang='lat' dir='ltr'>igitur</span> 
     </span>
     <span class='ocr_line' id='line_1_18' title="bbox 53 1056 757 1100; baseline 0 -9"><span class='ocrx_word' id='word_1_166' title='bbox 53 1066 168 1100; x_wconf 84' lang='lat' dir='ltr'>accurrentes,</span> <span class='ocrx_word' id='word_1_167' title='bbox 176 1059 264 1092; x_wconf 88' lang='lat' dir='ltr'>flammam</span> <span class='ocrx_word' id='word_1_168' title='bbox 272 1059 374 1093; x_wconf 87' lang='lat' dir='ltr'>inuenerunt</span> <span class='ocrx_word' id='word_1_169' title='bbox 385 1057 508 1092; x_wconf 85' lang='lat' dir='ltr'>incredibiliter</span> <span class='ocrx_word' id='word_1_170' title='bbox 518 1056 617 1099; x_wconf 85' lang='lat' dir='ltr'>seuientem,</span> <span class='ocrx_word' id='word_1_171' title='bbox 625 1062 642 1090; x_wconf 90' lang='lat' dir='ltr'>et</span> <span class='ocrx_word' id='word_1_172' title='bbox 650 1062 705 1090; x_wconf 90' lang='lat' dir='ltr'>toturn</span> <span class='ocrx_word' id='word_1_173' title='bbox 712 1056 757 1091; x_wconf 85' lang='lat' dir='ltr'>fere·</span> 
     </span>
     <span class='ocr_line' id='line_1_19' title="bbox 53 1108 757 1151; baseline -0.001 -11"><span class='ocrx_word' id='word_1_174' title='bbox 53 1115 99 1140; x_wconf 92' lang='lat' dir='ltr'>trum</span> <span class='ocrx_word' id='word_1_175' title='bbox 106 1110 240 1150; x_wconf 88' lang='lat' dir='ltr'>amplectentem</span> <span class='ocrx_word' id='word_1_176' title='bbox 247 1115 264 1141; x_wconf 89' lang='lat' dir='ltr'>et</span> <span class='ocrx_word' id='word_1_177' title='bbox 272 1119 307 1141; x_wconf 88' lang='lat' dir='ltr'>non</span> <span class='ocrx_word' id='word_1_178' title='bbox 314 1111 366 1151; x_wconf 88' lang='lat' dir='ltr'>longe</span> <span class='ocrx_word' id='word_1_179' title='bbox 377 1120 388 1141; x_wconf 91' lang='lat' dir='ltr'>a</span> <span class='ocrx_word' id='word_1_180' title='bbox 398 1109 475 1141; x_wconf 81' lang='lat' dir='ltr'>trabibus</span> <span class='ocrx_word' id='word_1_181' title='bbox 486 1108 612 1141; x_wconf 84' lang='lat' dir='ltr'>ascendentem</span> <span class='ocrx_word' id='word_1_182' title='bbox 635 1109 708 1139; x_wconf 87' lang='lat' dir='ltr'>lrruenes</span> <span class='ocrx_word' id='word_1_183' title='bbox 715 1118 757 1149; x_wconf 88' lang='lat' dir='ltr'>ergo</span> 
     </span>
     <span class='ocr_line' id='line_1_20' title="bbox 54 1155 756 1202; baseline -0.003 -12"><span class='ocrx_word' id='word_1_184' title='bbox 54 1163 124 1200; x_wconf 91' lang='lat' dir='ltr'>propter</span> <span class='ocrx_word' id='word_1_185' title='bbox 139 1168 202 1200; x_wconf 90' lang='lat' dir='ltr'>aquam</span> <span class='ocrx_word' id='word_1_186' title='bbox 217 1163 304 1191; x_wconf 86' lang='lat' dir='ltr'>currentes</span> <span class='ocrx_word' id='word_1_187' title='bbox 316 1158 388 1202; x_wconf 88' lang='lat' dir='ltr'>quidam</span> <span class='ocrx_word' id='word_1_188' title='bbox 402 1158 426 1190; x_wconf 89' lang='lat' dir='ltr'>ad</span> <span class='ocrx_word' id='word_1_189' title='bbox 440 1163 516 1199; x_wconf 85' lang='lat' dir='ltr'>puteum,</span> <span class='ocrx_word' id='word_1_190' title='bbox 528 1156 598 1199; x_wconf 84' lang='lat' dir='ltr'>quidam</span> <span class='ocrx_word' id='word_1_191' title='bbox 609 1156 633 1189; x_wconf 86' lang='lat' dir='ltr'>ad</span> <span class='ocrx_word' id='word_1_192' title='bbox 644 1155 756 1197; x_wconf 85' lang='lat' dir='ltr'>horologium,</span> 
     </span>
     <span class='ocr_line' id='line_1_21' title="bbox 54 1206 785 1250; baseline 0 -10"><span class='ocrx_word' id='word_1_193' title='bbox 54 1207 124 1250; x_wconf 91' lang='lat' dir='ltr'>quidam</span> <span class='ocrx_word' id='word_1_194' title='bbox 132 1207 202 1241; x_wconf 89' lang='lat' dir='ltr'>cucullis</span> <span class='ocrx_word' id='word_1_195' title='bbox 214 1207 249 1241; x_wconf 94' lang='lat' dir='ltr'>suis</span> <span class='ocrx_word' id='word_1_196' title='bbox 260 1207 344 1250; x_wconf 91' lang='lat' dir='ltr'>impetum</span> <span class='ocrx_word' id='word_1_197' title='bbox 356 1207 400 1250; x_wconf 94' lang='lat' dir='ltr'>ignis</span> <span class='ocrx_word' id='word_1_198' title='bbox 411 1217 450 1241; x_wconf 94' lang='lat' dir='ltr'>cum</span> <span class='ocrx_word' id='word_1_199' title='bbox 459 1216 523 1248; x_wconf 86' lang='lat' dir='ltr'>magna</span> <span class='ocrx_word' id='word_1_200' title='bbox 533 1206 633 1240; x_wconf 86' lang='lat' dir='ltr'>difficultate</span> <span class='ocrx_word' id='word_1_201' title='bbox 644 1206 757 1245; x_wconf 83' lang='lat' dir='ltr'>extinxerunt,</span> <span class='ocrx_word' id='word_1_202' title='bbox 766 1219 785 1240; x_wconf 77' lang='lat' dir='ltr'>ro</span> 
     </span>
     <span class='ocr_line' id='line_1_22' title="bbox 54 1255 757 1300; baseline -0.003 -11"><span class='ocrx_word' id='word_1_203' title='bbox 54 1262 71 1289; x_wconf 92' lang='lat' dir='ltr'>et</span> <span class='ocrx_word' id='word_1_204' title='bbox 83 1256 180 1290; x_wconf 88' lang='lat' dir='ltr'>sanctuaria</span> <span class='ocrx_word' id='word_1_205' title='bbox 193 1257 268 1300; x_wconf 89' lang='lat' dir='ltr'>quedam</span> <span class='ocrx_word' id='word_1_206' title='bbox 279 1256 326 1299; x_wconf 94' lang='lat' dir='ltr'>prius</span> <span class='ocrx_word' id='word_1_207' title='bbox 338 1255 459 1300; x_wconf 84' lang='lat' dir='ltr'>diripuerunt³.</span> <span class='ocrx_word' id='word_1_208' title='bbox 482 1256 560 1298; x_wconf 85' lang='lat' dir='ltr'>Cumque</span> <span class='ocrx_word' id='word_1_209' title='bbox 573 1255 692 1297; x_wconf 81' lang='lat' dir='ltr'>frigidaeque</span> <span class='ocrx_word' id='word_1_210' title='bbox 705 1264 757 1297; x_wconf 88' lang='lat' dir='ltr'>super</span> 
     </span>
     <span class='ocr_line' id='line_1_23' title="bbox 53 1303 755 1349; baseline -0.001 -11"><span class='ocrx_word' id='word_1_211' title='bbox 53 1306 128 1340; x_wconf 91' lang='lat' dir='ltr'>frontem</span> <span class='ocrx_word' id='word_1_212' title='bbox 146 1306 203 1340; x_wconf 85' lang='lat' dir='ltr'>feretri</span> <span class='ocrx_word' id='word_1_213' title='bbox 221 1306 324 1348; x_wconf 81' lang='lat' dir='ltr'>funderetur,</span> <span class='ocrx_word' id='word_1_214' title='bbox 343 1307 440 1340; x_wconf 87' lang='lat' dir='ltr'>ceciderunt</span> <span class='ocrx_word' id='word_1_215' title='bbox 456 1304 540 1349; x_wconf 72' lang='lat' dir='ltr'>preciosi⁴</span> <span class='ocrx_word' id='word_1_216' title='bbox 556 1304 622 1347; x_wconf 89' lang='lat' dir='ltr'>lapides</span> <span class='ocrx_word' id='word_1_217' title='bbox 638 1310 655 1338; x_wconf 89' lang='lat' dir='ltr'>et</span> <span class='ocrx_word' id='word_1_218' title='bbox 672 1303 721 1347; x_wconf 80' lang='lat' dir='ltr'>quasi</span> <span class='ocrx_word' id='word_1_219' title='bbox 738 1304 755 1337; x_wconf 93' lang='lat' dir='ltr'>in</span> 
     </span>
     <span class='ocr_line' id='line_1_24' title="bbox 54 1355 757 1400; baseline 0 -11"><span class='ocrx_word' id='word_1_220' title='bbox 54 1357 142 1400; x_wconf 91' lang='lat' dir='ltr'>puluerem</span> <span class='ocrx_word' id='word_1_221' title='bbox 147 1357 213 1390; x_wconf 90' lang='lat' dir='ltr'>redacti</span> <span class='ocrx_word' id='word_1_222' title='bbox 218 1362 263 1390; x_wconf 91' lang='lat' dir='ltr'>sunt.</span> <span class='ocrx_word' id='word_1_223' title='bbox 283 1357 331 1391; x_wconf 86' lang='lat' dir='ltr'>Claui</span> <span class='ocrx_word' id='word_1_224' title='bbox 339 1363 396 1391; x_wconf 88' lang='lat' dir='ltr'>autern</span> <span class='ocrx_word' id='word_1_225' title='bbox 404 1357 466 1400; x_wconf 89' lang='lat' dir='ltr'>quibus</span> <span class='ocrx_word' id='word_1_226' title='bbox 470 1355 534 1390; x_wconf 86' lang='lat' dir='ltr'>lamine</span> <span class='ocrx_word' id='word_1_227' title='bbox 541 1361 622 1398; x_wconf 83' lang='lat' dir='ltr'>argentee</span> <span class='ocrx_word' id='word_1_228' title='bbox 628 1355 757 1397; x_wconf 84' lang='lat' dir='ltr'>configebantur</span> 
     </span>
     <span class='ocr_line' id='line_1_25' title="bbox 53 1405 756 1449; baseline -0.003 -9"><span class='ocrx_word' id='word_1_229' title='bbox 53 1407 121 1447; x_wconf 83' lang='lat' dir='ltr'>feretro,</span> <span class='ocrx_word' id='word_1_230' title='bbox 129 1407 220 1440; x_wconf 84' lang='lat' dir='ltr'>exiliebant</span> <span class='ocrx_word' id='word_1_231' title='bbox 230 1418 241 1440; x_wconf 89' lang='lat' dir='ltr'>a</span> <span class='ocrx_word' id='word_1_232' title='bbox 252 1407 299 1449; x_wconf 85' lang='lat' dir='ltr'>ligno</span> <span class='ocrx_word' id='word_1_233' title='bbox 306 1409 366 1441; x_wconf 86' lang='lat' dir='ltr'>subtus</span> <span class='ocrx_word' id='word_1_234' title='bbox 374 1407 463 1440; x_wconf 90' lang='lat' dir='ltr'>combusto</span> <span class='ocrx_word' id='word_1_235' title='bbox 471 1406 494 1439; x_wconf 87' lang='lat' dir='ltr'>ad</span> <span class='ocrx_word' id='word_1_236' title='bbox 506 1405 634 1449; x_wconf 89' lang='lat' dir='ltr'>spissitudinem</span> <span class='ocrx_word' id='word_1_237' title='bbox 641 1405 690 1438; x_wconf 86' lang='lat' dir='ltr'>vnius</span> <span class='ocrx_word' id='word_1_238' title='bbox 701 1405 756 1448; x_wconf 88' lang='lat' dir='ltr'>digiti,</span> 
     </span>
     <span class='ocr_line' id='line_1_26' title="bbox 54 1454 785 1499; baseline 0 -11"><span class='ocrx_word' id='word_1_239' title='bbox 54 1462 72 1489; x_wconf 89' lang='lat' dir='ltr'>et</span> <span class='ocrx_word' id='word_1_240' title='bbox 80 1457 179 1498; x_wconf 88' lang='lat' dir='ltr'>pendebant</span> <span class='ocrx_word' id='word_1_241' title='bbox 188 1455 267 1499; x_wconf 86' lang='lat' dir='ltr'>[lamine]</span> <span class='ocrx_word' id='word_1_242' title='bbox 276 1456 313 1489; x_wconf 90' lang='lat' dir='ltr'>sine</span> <span class='ocrx_word' id='word_1_243' title='bbox 320 1457 375 1489; x_wconf 88' lang='lat' dir='ltr'>clauis</span> <span class='ocrx_word' id='word_1_244' title='bbox 382 1467 416 1489; x_wconf 86' lang='lat' dir='ltr'>vna</span> <span class='ocrx_word' id='word_1_245' title='bbox 424 1467 445 1489; x_wconf 86' lang='lat' dir='ltr'>ex</span> <span class='ocrx_word' id='word_1_246' title='bbox 452 1457 511 1489; x_wconf 78' lang='lat' dir='ltr'>altera</span> <span class='ocrx_word' id='word_1_247' title='bbox 532 1457 590 1488; x_wconf 86' lang='lat' dir='ltr'>Aurea</span> <span class='ocrx_word' id='word_1_248' title='bbox 597 1456 667 1498; x_wconf 89' lang='lat' dir='ltr'>quidem</span> <span class='ocrx_word' id='word_1_249' title='bbox 675 1454 757 1488; x_wconf 88' lang='lat' dir='ltr'>maiestas</span> <span class='ocrx_word' id='word_1_250' title='bbox 766 1468 785 1497; x_wconf 80' lang='lat'>25</span> 
     </span>
     <span class='ocr_line' id='line_1_27' title="bbox 54 1505 758 1550; baseline -0.001 -11"><span class='ocrx_word' id='word_1_251' title='bbox 54 1505 72 1539; x_wconf 87' lang='lat' dir='ltr'>in</span> <span class='ocrx_word' id='word_1_252' title='bbox 83 1505 138 1539; x_wconf 83' lang='lat' dir='ltr'>fronte</span> <span class='ocrx_word' id='word_1_253' title='bbox 149 1506 206 1539; x_wconf 80' lang='lat' dir='ltr'>feretri</span> <span class='ocrx_word' id='word_1_254' title='bbox 218 1516 257 1539; x_wconf 92' lang='lat' dir='ltr'>cum</span> <span class='ocrx_word' id='word_1_255' title='bbox 267 1505 370 1550; x_wconf 90' lang='lat' dir='ltr'>quibusdam</span> <span class='ocrx_word' id='word_1_256' title='bbox 382 1505 468 1550; x_wconf 84' lang='lat' dir='ltr'>lapidibus</span> <span class='ocrx_word' id='word_1_257' title='bbox 478 1506 560 1540; x_wconf 83' lang='lat' dir='ltr'>remansit</span> <span class='ocrx_word' id='word_1_258' title='bbox 571 1506 620 1539; x_wconf 81' lang='lat' dir='ltr'>firma</span> <span class='ocrx_word' id='word_1_259' title='bbox 631 1510 648 1538; x_wconf 92' lang='lat' dir='ltr'>et</span> <span class='ocrx_word' id='word_1_260' title='bbox 661 1505 730 1546; x_wconf 84' lang='lat' dir='ltr'>intacta,</span> <span class='ocrx_word' id='word_1_261' title='bbox 740 1511 758 1538; x_wconf 91' lang='lat' dir='ltr'>et</span> 
     </span>
     <span class='ocr_line' id='line_1_28' title="bbox 54 1555 758 1600; baseline 0 -11"><span class='ocrx_word' id='word_1_262' title='bbox 54 1556 129 1599; x_wconf 87' lang='lat' dir='ltr'>pulcrior</span> <span class='ocrx_word' id='word_1_263' title='bbox 139 1562 178 1598; x_wconf 92' lang='lat' dir='ltr'>post</span> <span class='ocrx_word' id='word_1_264' title='bbox 189 1556 248 1598; x_wconf 82' lang='lat' dir='ltr'>ignem</span> <span class='ocrx_word' id='word_1_265' title='bbox 260 1565 312 1599; x_wconf 83' lang='lat' dir='ltr'>quarn</span> <span class='ocrx_word' id='word_1_266' title='bbox 323 1563 379 1598; x_wconf 87' lang='lat' dir='ltr'>antea,</span> <span class='ocrx_word' id='word_1_267' title='bbox 388 1557 428 1600; x_wconf 90' lang='lat' dir='ltr'>quia</span> <span class='ocrx_word' id='word_1_268' title='bbox 439 1562 476 1589; x_wconf 89' lang='lat' dir='ltr'>tota</span> <span class='ocrx_word' id='word_1_269' title='bbox 487 1565 539 1590; x_wconf 89' lang='lat' dir='ltr'>aurea</span> <span class='ocrx_word' id='word_1_270' title='bbox 550 1556 587 1589; x_wconf 79' lang='lat' dir='ltr'>suit.</span> <span class='ocrx_word' id='word_1_271' title='bbox 610 1556 685 1597; x_wconf 83' lang='lat' dir='ltr'>contigit</span> <span class='ocrx_word' id='word_1_272' title='bbox 697 1555 758 1596; x_wconf 86' lang='lat' dir='ltr'>eciam,</span> 
     </span>
     <span class='ocr_line' id='line_1_29' title="bbox 55 1605 758 1649; baseline 0 -10"><span class='ocrx_word' id='word_1_273' title='bbox 55 1607 122 1640; x_wconf 89' lang='lat' dir='ltr'>volente</span> <span class='ocrx_word' id='word_1_274' title='bbox 130 1607 168 1646; x_wconf 91' lang='lat' dir='ltr'>deo,</span> <span class='ocrx_word' id='word_1_275' title='bbox 176 1612 217 1639; x_wconf 90' lang='lat' dir='ltr'>tunc</span> <span class='ocrx_word' id='word_1_276' title='bbox 224 1605 306 1649; x_wconf 86' lang='lat' dir='ltr'>temporis</span> <span class='ocrx_word' id='word_1_277' title='bbox 313 1617 394 1649; x_wconf 87' lang='lat' dir='ltr'>magnam</span> <span class='ocrx_word' id='word_1_278' title='bbox 406 1606 474 1639; x_wconf 89' lang='lat' dir='ltr'>trabem</span> <span class='ocrx_word' id='word_1_279' title='bbox 485 1616 518 1649; x_wconf 92' lang='lat' dir='ltr'>que</span> <span class='ocrx_word' id='word_1_280' title='bbox 528 1606 595 1639; x_wconf 89' lang='lat' dir='ltr'>solebat</span> <span class='ocrx_word' id='word_1_281' title='bbox 604 1616 642 1639; x_wconf 86' lang='lat' dir='ltr'>esse</span> <span class='ocrx_word' id='word_1_282' title='bbox 653 1606 696 1638; x_wconf 86' lang='lat' dir='ltr'>vltra</span> <span class='ocrx_word' id='word_1_283' title='bbox 705 1605 758 1639; x_wconf 82' lang='lat' dir='ltr'>altare</span> 
     </span>
     <span class='ocr_line' id='line_1_30' title="bbox 54 1655 758 1700; baseline 0 -11"><span class='ocrx_word' id='word_1_284' title='bbox 54 1657 140 1689; x_wconf 86' lang='lat' dir='ltr'>sublatam</span> <span class='ocrx_word' id='word_1_285' title='bbox 152 1656 212 1699; x_wconf 90' lang='lat' dir='ltr'>[esse],</span> <span class='ocrx_word' id='word_1_286' title='bbox 223 1662 241 1689; x_wconf 93' lang='lat' dir='ltr'>ut</span> <span class='ocrx_word' id='word_1_287' title='bbox 253 1667 299 1697; x_wconf 84' lang='lat' dir='ltr'>noua</span> <span class='ocrx_word' id='word_1_288' title='bbox 310 1658 397 1700; x_wconf 84' lang='lat' dir='ltr'>sculptura</span> <span class='ocrx_word' id='word_1_289' title='bbox 407 1662 520 1699; x_wconf 88' lang='lat' dir='ltr'>repararetur.</span> <span class='ocrx_word' id='word_1_290' title='bbox 549 1655 626 1698; x_wconf 85' lang='lat' dir='ltr'>Contigit</span> <span class='ocrx_word' id='word_1_291' title='bbox 635 1661 653 1689; x_wconf 88' lang='lat' dir='ltr'>et</span> <span class='ocrx_word' id='word_1_292' title='bbox 662 1666 730 1689; x_wconf 87' lang='lat' dir='ltr'>cmcem</span> <span class='ocrx_word' id='word_1_293' title='bbox 741 1662 758 1689; x_wconf 89' lang='lat' dir='ltr'>et</span> 
     </span>
     <span class='ocr_line' id='line_1_31' title="bbox 55 1705 786 1748; baseline 0.003 -10"><span class='ocrx_word' id='word_1_294' title='bbox 55 1706 130 1738; x_wconf 90' lang='lat' dir='ltr'>Mariam</span> <span class='ocrx_word' id='word_1_295' title='bbox 136 1712 153 1739; x_wconf 89' lang='lat' dir='ltr'>et</span> <span class='ocrx_word' id='word_1_296' title='bbox 159 1706 280 1746; x_wconf 85' lang='lat' dir='ltr'>Iohannem,et</span> <span class='ocrx_word' id='word_1_297' title='bbox 285 1706 360 1739; x_wconf 88' lang='lat' dir='ltr'>loculum</span> <span class='ocrx_word' id='word_1_298' title='bbox 365 1716 403 1740; x_wconf 91' lang='lat' dir='ltr'>cum</span> <span class='ocrx_word' id='word_1_299' title='bbox 409 1705 631 1739; x_wconf 85' lang='lat' dir='ltr'>camisiasanctiEdmundi</span> <span class='ocrx_word' id='word_1_300' title='bbox 637 1711 654 1738; x_wconf 89' lang='lat' dir='ltr'>et</span> <span class='ocrx_word' id='word_1_301' title='bbox 659 1705 758 1747; x_wconf 83' lang='lat' dir='ltr'>philacteria</span> <span class='ocrx_word' id='word_1_302' title='bbox 767 1719 786 1748; x_wconf 75' lang='lat'>³0</span> 
     </span>
     <span class='ocr_line' id='line_1_32' title="bbox 55 1754 757 1799; baseline -0.003 -10"><span class='ocrx_word' id='word_1_303' title='bbox 55 1765 94 1789; x_wconf 89' lang='lat' dir='ltr'>cum</span> <span class='ocrx_word' id='word_1_304' title='bbox 102 1754 182 1798; x_wconf 87' lang='lat' dir='ltr'>reliquiis,</span> <span class='ocrx_word' id='word_1_305' title='bbox 187 1765 221 1799; x_wconf 90' lang='lat' dir='ltr'>que</span> <span class='ocrx_word' id='word_1_306' title='bbox 225 1755 248 1788; x_wconf 89' lang='lat' dir='ltr'>ab</span> <span class='ocrx_word' id='word_1_307' title='bbox 253 1755 315 1788; x_wconf 90' lang='lat' dir='ltr'>eadem</span> <span class='ocrx_word' id='word_1_308' title='bbox 322 1756 370 1789; x_wconf 90' lang='lat' dir='ltr'>trabe</span> <span class='ocrx_word' id='word_1_309' title='bbox 378 1756 453 1799; x_wconf 89' lang='lat' dir='ltr'>pendere</span> <span class='ocrx_word' id='word_1_310' title='bbox 461 1754 545 1796; x_wconf 84' lang='lat' dir='ltr'>solebant,</span> <span class='ocrx_word' id='word_1_311' title='bbox 553 1761 570 1789; x_wconf 93' lang='lat' dir='ltr'>et</span> <span class='ocrx_word' id='word_1_312' title='bbox 577 1755 612 1788; x_wconf 84' lang='lat' dir='ltr'>alia</span> <span class='ocrx_word' id='word_1_313' title='bbox 619 1754 716 1788; x_wconf 80' lang='lat' dir='ltr'>sanctuaria</span> <span class='ocrx_word' id='word_1_314' title='bbox 723 1764 757 1798; x_wconf 89' lang='lat' dir='ltr'>que</span> 
     </span>
     <span class='ocr_line' id='line_1_33' title="bbox 55 1803 758 1849; baseline -0.003 -10"><span class='ocrx_word' id='word_1_315' title='bbox 55 1816 106 1848; x_wconf 91' lang='lat' dir='ltr'>super</span> <span class='ocrx_word' id='word_1_316' title='bbox 117 1806 184 1839; x_wconf 87' lang='lat' dir='ltr'>trabem</span> <span class='ocrx_word' id='word_1_317' title='bbox 194 1804 282 1846; x_wconf 79' lang='lat' dir='ltr'>steterant,</span> <span class='ocrx_word' id='word_1_318' title='bbox 290 1805 349 1839; x_wconf 91' lang='lat' dir='ltr'>omnia</span> <span class='ocrx_word' id='word_1_319' title='bbox 360 1805 408 1849; x_wconf 91' lang='lat' dir='ltr'>prius</span> <span class='ocrx_word' id='word_1_320' title='bbox 418 1816 456 1839; x_wconf 90' lang='lat' dir='ltr'>esse</span> <span class='ocrx_word' id='word_1_321' title='bbox 465 1804 542 1839; x_wconf 84' lang='lat' dir='ltr'>sublata:</span> <span class='ocrx_word' id='word_1_322' title='bbox 554 1804 636 1848; x_wconf 85' lang='lat' dir='ltr'>allioquin</span> <span class='ocrx_word' id='word_1_323' title='bbox 646 1803 705 1837; x_wconf 87' lang='lat' dir='ltr'>ornnia</span> <span class='ocrx_word' id='word_1_324' title='bbox 712 1815 758 1838; x_wconf 87' lang='lat' dir='ltr'>corn-</span> 
     </span>
     <span class='ocr_line' id='line_1_34' title="bbox 54 1854 756 1899; baseline 0 -11"><span class='ocrx_word' id='word_1_325' title='bbox 54 1856 105 1888; x_wconf 89' lang='lat' dir='ltr'>busta</span> <span class='ocrx_word' id='word_1_326' title='bbox 116 1860 179 1897; x_wconf 87' lang='lat' dir='ltr'>essent,</span> <span class='ocrx_word' id='word_1_327' title='bbox 190 1860 208 1887; x_wconf 89' lang='lat' dir='ltr'>vt</span> <span class='ocrx_word' id='word_1_328' title='bbox 221 1854 311 1895; x_wconf 88' lang='lat' dir='ltr'>credimus,</span> <span class='ocrx_word' id='word_1_329' title='bbox 323 1856 367 1889; x_wconf 91' lang='lat' dir='ltr'>sicut</span> <span class='ocrx_word' id='word_1_330' title='bbox 377 1866 445 1899; x_wconf 88' lang='lat' dir='ltr'>pannus</span> <span class='ocrx_word' id='word_1_331' title='bbox 456 1855 535 1898; x_wconf 90' lang='lat' dir='ltr'>depictus</span> <span class='ocrx_word' id='word_1_332' title='bbox 545 1856 644 1889; x_wconf 89' lang='lat' dir='ltr'>combustus</span> <span class='ocrx_word' id='word_1_333' title='bbox 654 1854 686 1888; x_wconf 81' lang='lat' dir='ltr'>tuit</span> <span class='ocrx_word' id='word_1_334' title='bbox 697 1854 726 1897; x_wconf 87' lang='lat' dir='ltr'>qui</span> <span class='ocrx_word' id='word_1_335' title='bbox 738 1855 756 1888; x_wconf 93' lang='lat' dir='ltr'>in</span> 
     </span>
     <span class='ocr_line' id='line_1_35' title="bbox 55 1903 757 1948; baseline 0 -10"><span class='ocrx_word' id='word_1_336' title='bbox 55 1905 93 1938; x_wconf 90' lang='lat' dir='ltr'>loco</span> <span class='ocrx_word' id='word_1_337' title='bbox 104 1905 157 1939; x_wconf 91' lang='lat' dir='ltr'>trabis</span> <span class='ocrx_word' id='word_1_338' title='bbox 165 1905 257 1947; x_wconf 85' lang='lat' dir='ltr'>pendebat.</span> <span class='ocrx_word' id='word_1_339' title='bbox 280 1905 310 1938; x_wconf 87' lang='lat' dir='ltr'>Set</span> <span class='ocrx_word' id='word_1_340' title='bbox 320 1905 361 1948; x_wconf 85' lang='lat' dir='ltr'>quid</span> <span class='ocrx_word' id='word_1_341' title='bbox 374 1906 422 1939; x_wconf 91' lang='lat' dir='ltr'>fieret</span> <span class='ocrx_word' id='word_1_342' title='bbox 431 1905 446 1938; x_wconf 92' lang='lat' dir='ltr'>si</span> <span class='ocrx_word' id='word_1_343' title='bbox 457 1904 530 1938; x_wconf 83' lang='lat' dir='ltr'>ecclesia</span> <span class='ocrx_word' id='word_1_344' title='bbox 540 1910 581 1938; x_wconf 90' lang='lat' dir='ltr'>tunc</span> <span class='ocrx_word' id='word_1_345' title='bbox 592 1904 676 1938; x_wconf 85' lang='lat' dir='ltr'>cortinata</span> <span class='ocrx_word' id='word_1_346' title='bbox 687 1903 757 1938; x_wconf 87' lang='lat' dir='ltr'>suisset!</span> 
     </span>
     <span class='ocr_line' id='line_1_36' title="bbox 56 1953 785 1997; baseline 0 -9"><span class='ocrx_word' id='word_1_347' title='bbox 56 1955 100 1988; x_wconf 86' lang='lat' dir='ltr'>Cum</span> <span class='ocrx_word' id='word_1_348' title='bbox 108 1965 149 1996; x_wconf 88' lang='lat' dir='ltr'>ergo</span> <span class='ocrx_word' id='word_1_349' title='bbox 159 1953 213 1988; x_wconf 90' lang='lat' dir='ltr'>securi</span> <span class='ocrx_word' id='word_1_350' title='bbox 225 1964 301 1987; x_wconf 90' lang='lat' dir='ltr'>essemus</span> <span class='ocrx_word' id='word_1_351' title='bbox 311 1955 357 1997; x_wconf 91' lang='lat' dir='ltr'>quod</span> <span class='ocrx_word' id='word_1_352' title='bbox 367 1954 413 1996; x_wconf 85' lang='lat' dir='ltr'>ignis</span> <span class='ocrx_word' id='word_1_353' title='bbox 423 1954 440 1988; x_wconf 95' lang='lat' dir='ltr'>in</span> <span class='ocrx_word' id='word_1_354' title='bbox 451 1954 498 1987; x_wconf 92' lang='lat' dir='ltr'>nullo</span> <span class='ocrx_word' id='word_1_355' title='bbox 508 1954 547 1988; x_wconf 90' lang='lat' dir='ltr'>loco</span> <span class='ocrx_word' id='word_1_356' title='bbox 557 1954 658 1996; x_wconf 80' lang='lat' dir='ltr'>perforasset</span> <span class='ocrx_word' id='word_1_357' title='bbox 667 1953 758 1988; x_wconf 84' lang='lat' dir='ltr'>feretrum:</span> <span class='ocrx_word' id='word_1_358' title='bbox 767 1963 785 1994; x_wconf 77' lang='lat'>35</span> 
     </span>
     <span class='ocr_line' id='line_1_37' title="bbox 55 2003 758 2050; baseline 0.001 -13"><span class='ocrx_word' id='word_1_359' title='bbox 55 2004 108 2037; x_wconf 84' lang='lat' dir='ltr'>rimas</span> <span class='ocrx_word' id='word_1_360' title='bbox 123 2011 140 2038; x_wconf 91' lang='lat' dir='ltr'>et</span> <span class='ocrx_word' id='word_1_361' title='bbox 155 2003 239 2037; x_wconf 81' lang='lat' dir='ltr'>foramina</span> <span class='ocrx_word' id='word_1_362' title='bbox 250 2003 265 2037; x_wconf 89' lang='lat' dir='ltr'>si</span> <span class='ocrx_word' id='word_1_363' title='bbox 278 2014 312 2048; x_wconf 90' lang='lat' dir='ltr'>qua</span> <span class='ocrx_word' id='word_1_364' title='bbox 324 2010 381 2038; x_wconf 87' lang='lat' dir='ltr'>essent</span> <span class='ocrx_word' id='word_1_365' title='bbox 396 2003 509 2050; x_wconf 84' lang='lat' dir='ltr'>attentissime</span> <span class='ocrx_word' id='word_1_366' title='bbox 524 2003 652 2047; x_wconf 88' lang='lat' dir='ltr'>inuestigantes,</span> <span class='ocrx_word' id='word_1_367' title='bbox 667 2009 685 2037; x_wconf 93' lang='lat' dir='ltr'>et</span> <span class='ocrx_word' id='word_1_368' title='bbox 700 2004 758 2038; x_wconf 84' lang='lat' dir='ltr'>omnia</span> 
     </span>
     <span class='ocr_line' id='line_1_38' title="bbox 55 2052 759 2098; baseline -0.001 -9"><span class='ocrx_word' id='word_1_369' title='bbox 55 2054 117 2097; x_wconf 79' lang='lat' dir='ltr'>frigida</span> <span class='ocrx_word' id='word_1_370' title='bbox 128 2065 166 2090; x_wconf 90' lang='lat' dir='ltr'>esse</span> <span class='ocrx_word' id='word_1_371' title='bbox 176 2055 296 2098; x_wconf 84' lang='lat' dir='ltr'>percipientes,</span> <span class='ocrx_word' id='word_1_372' title='bbox 310 2056 396 2098; x_wconf 83' lang='lat' dir='ltr'>mitigatus</span> <span class='ocrx_word' id='word_1_373' title='bbox 406 2061 432 2089; x_wconf 87' lang='lat' dir='ltr'>est</span> <span class='ocrx_word' id='word_1_374' title='bbox 444 2055 461 2088; x_wconf 91' lang='lat' dir='ltr'>in</span> <span class='ocrx_word' id='word_1_375' title='bbox 471 2060 519 2097; x_wconf 90' lang='lat' dir='ltr'>parte</span> <span class='ocrx_word' id='word_1_376' title='bbox 531 2052 581 2087; x_wconf 85' lang='lat' dir='ltr'>dolor</span> <span class='ocrx_word' id='word_1_377' title='bbox 591 2061 654 2088; x_wconf 87' lang='lat' dir='ltr'>noster.</span> <span class='ocrx_word' id='word_1_378' title='bbox 677 2056 707 2088; x_wconf 88' lang='lat' dir='ltr'>Set</span> <span class='ocrx_word' id='word_1_379' title='bbox 718 2065 759 2089; x_wconf 87' lang='lat' dir='ltr'>ecce</span> 
     </span>
     <span class='ocr_line' id='line_1_39' title="bbox 55 2104 758 2147; baseline 0.003 -11"><span class='ocrx_word' id='word_1_380' title='bbox 55 2105 172 2138; x_wconf 88' lang='lat' dir='ltr'>clamauerunt</span> <span class='ocrx_word' id='word_1_381' title='bbox 186 2104 257 2146; x_wconf 89' lang='lat' dir='ltr'>quidam</span> <span class='ocrx_word' id='word_1_382' title='bbox 271 2115 292 2137; x_wconf 82' lang='lat' dir='ltr'>ex</span> <span class='ocrx_word' id='word_1_383' title='bbox 306 2105 386 2138; x_wconf 82' lang='lat' dir='ltr'>fratribus</span> <span class='ocrx_word' id='word_1_384' title='bbox 402 2115 441 2138; x_wconf 90' lang='lat' dir='ltr'>cum</span> <span class='ocrx_word' id='word_1_385' title='bbox 456 2114 518 2145; x_wconf 90' lang='lat' dir='ltr'>magno</span> <span class='ocrx_word' id='word_1_386' title='bbox 533 2105 601 2145; x_wconf 87' lang='lat' dir='ltr'>eiulatu,</span> <span class='ocrx_word' id='word_1_387' title='bbox 617 2105 688 2147; x_wconf 88' lang='lat' dir='ltr'>ciphum</span> <span class='ocrx_word' id='word_1_388' title='bbox 702 2105 758 2138; x_wconf 88' lang='lat' dir='ltr'>sancti</span> 
     </span>
     <span class='ocr_line' id='line_1_40' title="bbox 55 2153 759 2197; baseline 0.003 -12"><span class='ocrx_word' id='word_1_389' title='bbox 55 2154 143 2186; x_wconf 89' lang='lat' dir='ltr'>Edmundi</span> <span class='ocrx_word' id='word_1_390' title='bbox 150 2164 188 2186; x_wconf 89' lang='lat' dir='ltr'>esse</span> <span class='ocrx_word' id='word_1_391' title='bbox 193 2154 306 2185; x_wconf 89' lang='lat' dir='ltr'>combustum.</span> <span class='ocrx_word' id='word_1_392' title='bbox 324 2156 402 2196; x_wconf 85' lang='lat' dir='ltr'>Cumque</span> <span class='ocrx_word' id='word_1_393' title='bbox 409 2154 466 2196; x_wconf 84' lang='lat' dir='ltr'>plures</span> <span class='ocrx_word' id='word_1_394' title='bbox 474 2153 514 2185; x_wconf 88' lang='lat' dir='ltr'>hinc</span> <span class='ocrx_word' id='word_1_395' title='bbox 522 2159 539 2186; x_wconf 91' lang='lat' dir='ltr'>et</span> <span class='ocrx_word' id='word_1_396' title='bbox 547 2153 587 2187; x_wconf 90' lang='lat' dir='ltr'>inde</span> <span class='ocrx_word' id='word_1_397' title='bbox 594 2160 684 2197; x_wconf 90' lang='lat' dir='ltr'>quererent</span> <span class='ocrx_word' id='word_1_398' title='bbox 692 2155 759 2196; x_wconf 87' lang='lat' dir='ltr'>lapides</span> 
     </span>
     <span class='ocr_line' id='line_1_41' title="bbox 55 2203 787 2247; baseline 0.003 -11"><span class='ocrx_word' id='word_1_399' title='bbox 55 2208 72 2236; x_wconf 89' lang='lat' dir='ltr'>et</span> <span class='ocrx_word' id='word_1_400' title='bbox 80 2203 152 2236; x_wconf 84' lang='lat' dir='ltr'>laminas</span> <span class='ocrx_word' id='word_1_401' title='bbox 160 2203 205 2237; x_wconf 89' lang='lat' dir='ltr'>inter</span> <span class='ocrx_word' id='word_1_402' title='bbox 212 2203 294 2236; x_wconf 88' lang='lat' dir='ltr'>carbones</span> <span class='ocrx_word' id='word_1_403' title='bbox 302 2210 319 2237; x_wconf 94' lang='lat' dir='ltr'>et</span> <span class='ocrx_word' id='word_1_404' title='bbox 327 2203 402 2237; x_wconf 88' lang='lat' dir='ltr'>cineres:</span> <span class='ocrx_word' id='word_1_405' title='bbox 413 2208 520 2237; x_wconf 79' lang='lat' dir='ltr'>extraxerunt</span> <span class='ocrx_word' id='word_1_406' title='bbox 530 2203 600 2247; x_wconf 91' lang='lat' dir='ltr'>ciphum</span> <span class='ocrx_word' id='word_1_407' title='bbox 608 2204 679 2237; x_wconf 92' lang='lat' dir='ltr'>omnino</span> <span class='ocrx_word' id='word_1_408' title='bbox 686 2203 759 2238; x_wconf 90' lang='lat' dir='ltr'>inuiola·</span> <span class='ocrx_word' id='word_1_409' title='bbox 766 2217 787 2247; x_wconf 78' lang='lat'>40</span> 
     </span>
     <span class='ocr_line' id='line_1_42' title="bbox 55 2253 760 2297; baseline 0.003 -10"><span class='ocrx_word' id='word_1_410' title='bbox 55 2259 98 2294; x_wconf 88' lang='lat' dir='ltr'>tum,</span> <span class='ocrx_word' id='word_1_411' title='bbox 105 2253 190 2287; x_wconf 85' lang='lat' dir='ltr'>iacentem</span> <span class='ocrx_word' id='word_1_412' title='bbox 198 2253 216 2287; x_wconf 92' lang='lat' dir='ltr'>in</span> <span class='ocrx_word' id='word_1_413' title='bbox 227 2253 285 2287; x_wconf 89' lang='lat' dir='ltr'>medio</span> <span class='ocrx_word' id='word_1_414' title='bbox 294 2264 397 2297; x_wconf 84' lang='lat' dir='ltr'>magnorum</span> <span class='ocrx_word' id='word_1_415' title='bbox 408 2254 503 2288; x_wconf 86' lang='lat' dir='ltr'>carbonum</span> <span class='ocrx_word' id='word_1_416' title='bbox 515 2254 545 2297; x_wconf 87' lang='lat' dir='ltr'>qui</span> <span class='ocrx_word' id='word_1_417' title='bbox 554 2254 590 2288; x_wconf 91' lang='lat' dir='ltr'>iam</span> <span class='ocrx_word' id='word_1_418' title='bbox 602 2254 671 2289; x_wconf 82' lang='lat' dir='ltr'>extincti</span> <span class='ocrx_word' id='word_1_419' title='bbox 679 2261 733 2297; x_wconf 86' lang='lat' dir='ltr'>erant,</span> <span class='ocrx_word' id='word_1_420' title='bbox 742 2261 760 2289; x_wconf 89' lang='lat' dir='ltr'>et</span> 
     </span>
     <span class='ocr_line' id='line_1_43' title="bbox 56 2303 759 2348; baseline 0.004 -13"><span class='ocrx_word' id='word_1_421' title='bbox 56 2303 157 2337; x_wconf 89' lang='lat' dir='ltr'>inuenerunt</span> <span class='ocrx_word' id='word_1_422' title='bbox 164 2304 239 2338; x_wconf 91' lang='lat' dir='ltr'>eundem</span> <span class='ocrx_word' id='word_1_423' title='bbox 247 2303 317 2347; x_wconf 90' lang='lat' dir='ltr'>ciphum</span> <span class='ocrx_word' id='word_1_424' title='bbox 324 2305 419 2338; x_wconf 91' lang='lat' dir='ltr'>inuolutum</span> <span class='ocrx_word' id='word_1_425' title='bbox 427 2304 444 2338; x_wconf 94' lang='lat' dir='ltr'>in</span> <span class='ocrx_word' id='word_1_426' title='bbox 452 2314 510 2347; x_wconf 91' lang='lat' dir='ltr'>panno</span> <span class='ocrx_word' id='word_1_427' title='bbox 520 2304 566 2338; x_wconf 88' lang='lat' dir='ltr'>lineo</span> <span class='ocrx_word' id='word_1_428' title='bbox 573 2311 600 2339; x_wconf 91' lang='lat' dir='ltr'>set</span> <span class='ocrx_word' id='word_1_429' title='bbox 608 2304 691 2338; x_wconf 88' lang='lat' dir='ltr'>semiusto</span> <span class='ocrx_word' id='word_1_430' title='bbox 698 2316 703 2345; x_wconf 67' lang='grc' dir='ltr'><strong><em>ς</em></strong></span> <span class='ocrx_word' id='word_1_431' title='bbox 714 2305 759 2348; x_wconf 89' lang='lat' dir='ltr'>pixis</span> 
     </span>
     <span class='ocr_line' id='line_1_44' title="bbox 55 2353 759 2398; baseline 0.004 -11"><span class='ocrx_word' id='word_1_432' title='bbox 55 2364 96 2387; x_wconf 92' lang='lat' dir='ltr'>vero</span> <span class='ocrx_word' id='word_1_433' title='bbox 102 2353 184 2396; x_wconf 84' lang='lat' dir='ltr'>quercina</span> <span class='ocrx_word' id='word_1_434' title='bbox 190 2354 208 2388; x_wconf 92' lang='lat' dir='ltr'>in</span> <span class='ocrx_word' id='word_1_435' title='bbox 214 2354 393 2397; x_wconf 88' lang='lat' dir='ltr'>quaciphusdemore</span> <span class='ocrx_word' id='word_1_436' title='bbox 399 2355 500 2397; x_wconf 87' lang='lat' dir='ltr'>ponebatur,</span> <span class='ocrx_word' id='word_1_437' title='bbox 506 2355 660 2390; x_wconf 83' lang='lat' dir='ltr'>combustaeratin</span> <span class='ocrx_word' id='word_1_438' title='bbox 666 2356 759 2398; x_wconf 88' lang='lat' dir='ltr'>puluerem,</span> 
     </span>
     <span class='ocr_line' id='line_1_45' title="bbox 56 2403 759 2448; baseline 0.004 -13"><span class='ocrx_word' id='word_1_439' title='bbox 56 2409 73 2436; x_wconf 91' lang='lat' dir='ltr'>et</span> <span class='ocrx_word' id='word_1_440' title='bbox 81 2403 117 2436; x_wconf 89' lang='lat' dir='ltr'>sole</span> <span class='ocrx_word' id='word_1_441' title='bbox 124 2403 197 2446; x_wconf 86' lang='lat' dir='ltr'>ligature</span> <span class='ocrx_word' id='word_1_442' title='bbox 204 2404 258 2437; x_wconf 78' lang='lat' dir='ltr'>ferree</span> <span class='ocrx_word' id='word_1_443' title='bbox 267 2410 284 2437; x_wconf 87' lang='lat' dir='ltr'>et</span> <span class='ocrx_word' id='word_1_444' title='bbox 293 2415 332 2437; x_wconf 85' lang='lat' dir='ltr'>sera</span> <span class='ocrx_word' id='word_1_445' title='bbox 338 2405 393 2438; x_wconf 80' lang='lat' dir='ltr'>ferrea</span> <span class='ocrx_word' id='word_1_446' title='bbox 402 2404 473 2438; x_wconf 88' lang='lat' dir='ltr'>inuente</span> <span class='ocrx_word' id='word_1_447' title='bbox 483 2411 528 2438; x_wconf 90' lang='lat' dir='ltr'>sunt.</span> <span class='ocrx_word' id='word_1_448' title='bbox 550 2405 593 2439; x_wconf 91' lang='lat' dir='ltr'>Viso</span> <span class='ocrx_word' id='word_1_449' title='bbox 605 2405 661 2448; x_wconf 90' lang='lat' dir='ltr'>itaque</span> <span class='ocrx_word' id='word_1_450' title='bbox 671 2405 759 2447; x_wconf 85' lang='lat' dir='ltr'>miraculo,</span> 
     </span>
     <span class='ocr_line' id='line_1_46' title="bbox 56 2452 785 2498; baseline 0.001 -12"><span class='ocrx_word' id='word_1_451' title='bbox 56 2463 117 2486; x_wconf 89' lang='lat' dir='ltr'>omnes</span> <span class='ocrx_word' id='word_1_452' title='bbox 124 2452 208 2487; x_wconf 86' lang='lat' dir='ltr'>lacrimati</span> <span class='ocrx_word' id='word_1_453' title='bbox 216 2463 275 2487; x_wconf 85' lang='lat' dir='ltr'>sumus</span> <span class='ocrx_word' id='word_1_454' title='bbox 281 2463 313 2497; x_wconf 89' lang='lat' dir='ltr'>pre</span> <span class='ocrx_word' id='word_1_455' title='bbox 319 2454 388 2497; x_wconf 84' lang='lat' dir='ltr'>gaudio.</span> <span class='ocrx_word' id='word_1_456' title='bbox 411 2452 498 2488; x_wconf 80' lang='lat' dir='ltr'>maiorem</span> <span class='ocrx_word' id='word_1_457' title='bbox 508 2464 550 2497; x_wconf 90' lang='lat' dir='ltr'>ergo</span> <span class='ocrx_word' id='word_1_458' title='bbox 560 2460 627 2498; x_wconf 88' lang='lat' dir='ltr'>partem</span> <span class='ocrx_word' id='word_1_459' title='bbox 634 2454 695 2488; x_wconf 80' lang='lat' dir='ltr'>frontis</span> <span class='ocrx_word' id='word_1_460' title='bbox 701 2454 759 2488; x_wconf 87' lang='lat' dir='ltr'>t&#39;eretri</span> <span class='ocrx_word' id='word_1_461' title='bbox 766 2462 785 2491; x_wconf 77' lang='grc'>45</span> 
     </span>
    </p>
   </div>
   <div class='ocr_carea' id='block_1_4' title="bbox 57 2558 760 2636">
    <p class='ocr_par' dir='ltr' id='par_1_4' title="bbox 57 2558 760 2636">
     <span class='ocr_line' id='line_1_47' title="bbox 76 2558 760 2599; baseline 0.003 -12"><span class='ocrx_word' id='word_1_462' title='bbox 76 2558 82 2575; x_wconf 85' lang='lat'>¹</span> <span class='ocrx_word' id='word_1_463' title='bbox 92 2558 116 2587; x_wconf 82' lang='lat' dir='ltr'>cf.</span> <span class='ocrx_word' id='word_1_464' title='bbox 123 2559 157 2597; x_wconf 89' lang='lat' dir='ltr'>Joc.</span> <span class='ocrx_word' id='word_1_465' title='bbox 164 2558 183 2588; x_wconf 90' lang='lat' dir='ltr'>de</span> <span class='ocrx_word' id='word_1_466' title='bbox 190 2558 277 2588; x_wconf 87' lang='lat' dir='ltr'>Bralrelond</span> <span class='ocrx_word' id='word_1_467' title='bbox 284 2558 341 2590; x_wconf 86' lang='lat' dir='ltr'>Chron.</span> <span class='ocrx_word' id='word_1_468' title='bbox 349 2570 364 2599; x_wconf 90' lang='lat' dir='ltr'>p.</span> <span class='ocrx_word' id='word_1_469' title='bbox 372 2561 396 2598; x_wconf 72' lang='lat'>78.</span> <span class='ocrx_word' id='word_1_470' title='bbox 481 2559 487 2576; x_wconf 74' lang='lat'>²</span> <span class='ocrx_word' id='word_1_471' title='bbox 497 2559 531 2589; x_wconf 84' lang='lat' dir='ltr'>MS.</span> <span class='ocrx_word' id='word_1_472' title='bbox 538 2559 579 2589; x_wconf 79' lang='lat' dir='ltr'>ferri.</span> <span class='ocrx_word' id='word_1_473' title='bbox 661 2558 667 2576; x_wconf 83' lang='lat'>³</span> <span class='ocrx_word' id='word_1_474' title='bbox 678 2558 711 2588; x_wconf 83' lang='lat' dir='ltr'>MS:</span> <span class='ocrx_word' id='word_1_475' title='bbox 718 2559 760 2589; x_wconf 85' lang='lat' dir='ltr'>diru—</span> 
     </span>
     <span class='ocr_line' id='line_1_48' title="bbox 57 2597 615 2636; baseline 0.004 -9"><span class='ocrx_word' id='word_1_476' title='bbox 57 2603 126 2636; x_wconf 86' lang='lat' dir='ltr'>puerunt.</span> <span class='ocrx_word' id='word_1_477' title='bbox 206 2597 212 2616; x_wconf 76' lang='lat'><strong>⁴</strong></span> <span class='ocrx_word' id='word_1_478' title='bbox 222 2598 242 2629; x_wconf 84' lang='lat' dir='ltr'>ol.</span> <span class='ocrx_word' id='word_1_479' title='bbox 251 2607 282 2628; x_wconf 70' lang='lat' dir='ltr'>orn.</span> <span class='ocrx_word' id='word_1_480' title='bbox 614 2608 615 2611; x_wconf 53' lang='lat'>¹</span> 
     </span>
    </p>
   </div>
   <div class='ocr_carea' id='block_1_5' title="bbox 0 0 889 2803">
    <p class='ocr_par' dir='ltr' id='par_1_5' title="bbox 0 0 889 2803">
     <span class='ocr_line' id='line_1_49' title="bbox 0 0 889 2803; baseline 0 0"><span class='ocrx_word' id='word_1_481' title='bbox 0 0 889 2803; x_wconf 95' lang='lat' dir='ltr'> </span> 
     </span>
    </p>
   </div>
  </div>
 </body>
</html>
