1762 2803
72 74 191 119 11111111]
278 72 324 128 bt
338 70 441 125 banaa
458 71 563 127 11111111.
727 76 771 131 487

71 194 103 230 Si1
111 199 173 229 tamen
181 192 285 237 diligentius
296 193 362 227 eadem
371 191 446 226 historia
455 192 587 235 consideretur,
595 192 680 227 facillime
692 193 773 228 animad-

71 252 144 284 uertent
154 247 194 282 illas
202 246 283 281 virorum
293 245 391 290 gubernari
403 245 484 288 consilio,
492 245 582 280 adiutorio
589 251 608 281 et
616 246 722 282 ministerio.
738 247 773 282 Le-

71 301 120 346 gitur
129 300 148 334 in
157 299 246 334 Passione
256 299 328 334 illarum
337 298 390 343 quia²
397 300 432 333 sub
439 299 493 334 vnius
501 298 536 334 diei
546 306 564 334 et
575 298 633 334 noctis
641 300 704 344 spacio
714 310 773 344 prope

72 354 166 388 Coloniam
174 354 290 387 velificantes
301 358 391 387 venerunt
403 353 426 386 ad
438 352 513 396 opidum
524 353 597 387 forense
605 353 636 387 vbi
647 352 722 387 nauium
732 354 774 387 vela

72 404 214 445 dimittebantur,
232 404 262 437 etl
280 403 360 439 anchore
379 405 524 446 exponebantur,
544 404 623 447 hospitia
642 405 670 439 eis
688 415 791 449 prepara-5

71 457 137 490 bantur
144 454 178 489 ⁴ad
190 455 341 499 pernoctandum,
349 464 403 488 mane
411 453 447 488 illis
457 453 562 489 necessaria
573 453 686 496 emebantur,
694 454 775 489 anchore

72 508 228 551 retrahebantur⁴,
242 508 283 542 vela
298 507 317 541 in
332 506 385 541 malis
404 507 570 551 suspendebantur,
585 506 691 551 classesque
709 507 775 551 guber-

71 561 140 596 naculis
153 562 270 605 regebantur.
301 560 337 595 Per
351 571 398 605 quos
412 559 447 595 ista
461 560 530 593 fiebant
543 559 578 593 nisi
590 571 624 604 per
634 559 684 594 viros
695 559 725 594 inl
735 566 775 595 arte

71 615 151 658 peritos?
174 614 271 648 Audemus
286 624 330 648 sane
346 613 461 655 confirmare,
475 613 500 647 vti
515 613 569 657 paulo
584 619 627 648 ante
642 613 729 648 diuinitus
746 619 775 648 est

72 666 178 707 reuelatum,
193 666 290 710 plusquam
304 670 397 700 trecentos
411 665 466 700 esse⁰
480 666 530 700 viros
548 665 567 699 in
586 666 669 700 1111111111ἶ
684 666 775 708 comitatu,
785 679 803 701 1ο

72 730 148 766 quorum
160 720 233 755 ducenti
245 725 263 754 et
274 719 327 764 pauci
338 719 402 763 plures
413 729 455 754 cum
467 717 495 753 eis
502 718 603 753 voluntarie
611 718 686 753 martirii
695 719 774 764 palmam

72 773 172 808 subierunt.
195 773 242 808 Pre⁸
257 772 389 807 numerositate
404 782 448 807 vero
463 772 554 817 virginum
572 772 677 815 multarum,
692 773 742 808 nulla
756 774 775 808 in

73 826 160 860 Passione
169 826 241 860 illarum
253 826 284 860 fito
295 825 364 860 mentio
375 831 500 860 matronarum
512 831 543 859 aut
552 825 639 860 virorum.
662 826 742 861 Domina
752 827 775 860 si-

72 880 145 922 quidem
158 879 253 913 Elizabetlr
265 884 284 913 et
294 879 344 912 viros
357 883 375 911 et
389 885 489 919 matronas,
500 879 513 898 ¹⁰
518 878 592 921 reginas
606 884 624 912 et
639 877 741 913 comitissas
755 879 774 913 in

73 941 135 967 earum
143 931 205 965 scribit
213 931 299 965 societate
307 930 370 972 luisse,
378 931 427 975 quod
435 936 453 964 et
461 941 495 964 nos
503 931 633 975 approbamus.
785 941 803 970 ¹5

102 1004 116 1040 ll
129 1002 183 1045 Quod
191 1002 231 1038 sine
239 1001 371 1047 impedimento
378 1006 397 1036 et
404 1000 474 1046 absque
481 1000 587 1036 difficultate
595 1012 630 1047 per
637 1006 696 1037 arctas
704 1001 744 1036 vias

259 1060 278 1090 et
285 1055 368 1090 difficiles
376 1054 459 1088 alacriter
466 1055 587 1089 incesserunt.

95 1106 154 1148 Porro
161 1113 271 1148 vestimenta
278 1113 350 1147 illarum
358 1118 377 1147 et
384 1113 502 1147 calciamenta
510 1113 560 1147 nullo
570 1114 695 1147 atterebantur
701 1114 775 1155 labore3

72 1166 105 1200 sed
116 1177 150 1200 nee
161 1177 229 1210 magno
239 1165 316 1209 aliqua¹¹
324 1175 386 1199 earum
397 1165 446 1200 tedio
457 1165 550 1199 laborabat
562 1170 593 1200 aut
603 1165 655 1209 graui
666 1165 776 1201 difficultate.

73 1220 111 1253 Nec
119 1220 174 1253 etiam
185 1219 293 1264 egritudinis
304 1218 379 1252 alicuius
389 1223 488 1252 senserunt
499 1217 623 1262 dispendium,
631 1229 691 1262 neque
702 1218 758 1253 nimie
764 1218 776 1240 ¹¹

73 1272 185 1306 lassitudinis
203 1273 326 1316 grauabantur
342 1271 419 1305 fastidio.
449 1271 517 1305 Omnia
533 1270 560 1305 eis
576 1270 675 1305 extiterunt
692 1272 776 1314 iocunda,

72 1325 157 1359 uniuersa
172 1325 207 1360 illis
221 1325 342 1360 succedebant
355 1334 449 1368 prospera.
478 1323 562 1368 Denique
574 1329 592 1358 et
603 1323 663 1368 puelle
675 1330 716 1359 octo
727 1325 776 1359 aut¹³
785 1337 804 1357 zo

73 1378 153 1421 quinque
164 1389 254 1412 annorum
266 1388 307 1412 cum
318 1377 389 1421 ingenti
400 1377 492 1411 alacritate
502 1376 553 1411 ibant
564 1382 582 1411 et
590 1376 622 1412 uix
629 1376 684 1412 vllam
696 1378 776 1422 quando·

73 1440 109 1473 que
116 1430 242 1465 lassitudinem
250 1430 359 1464 sentiebant.
378 1429 461 1463 Mirabile
469 1434 497 1463 est
505 1429 549 1462 satis
556 1430 604 1473 quod
613 1439 661 1463 nunc
669 1431 777 1471 reseremus,

74 1484 105 1517 sed
114 1485 165 1518 duris
173 1484 259 1519 cordibus
267 1488 285 1518 et
293 1483 380 1517 obturatis
388 1484 462 1517 aun'bus
469 1482 604 1517 serevidcbitur
611 1482 726 1518 incredibile:
734 1484 777 1527 quia

74 1537 122 1571 nulla
136 1537 163 1572 eis
177 1537 212 1580 via,
226 1541 387 1582 quantumcunque
402 1541 452 1570 arcta
466 1535 520 1570 luerit
535 1539 553 1570 et
567 1540 651 1580 angusta,
663 1546 705 1571 esse
718 1537 777 1581 potuit

73 1589 217 1633 impediment03
236 1592 282 1624 adeo
297 1600 342 1624 sane
357 1589 443 1633 expedite
456 1589 475 1622 in
490 1588 586 1623 laboriosis
600 1588 730 1633 gradiebantur
743 1590 777 1625 viis
786 1604 804 1634 ²5

74 1644 228 1684 quemadmodum
237 1642 253 1676 si
264 1643 283 1675 in
294 1641 354 1685 planis
365 1642 413 1676 irent
424 1653 445 1675 ac
456 1641 552 1684 spaeiosis.
574 1642 625 1676 Sicut
637 1642 686 1676 enim
698 1643 777 1686 quedam

74 1697 172 1730 earundem
182 1696 274 1739 virginum
286 1705 379 1729 sacrarum
390 1704 451 1739 nuper
461 1694 597 1738 respondebant
608 1705 650 1728 cum
662 1705 719 1738 super
729 1694 777 1738 ipsa-

74 1758 114 1782 rum
121 1748 157 1783 viis
166 1748 322 1792 interrogarentur
330 1752 348 1781 et
355 1747 426 1791 itinere,
435 1748 450 1781 si
459 1747 537 1792 aliquam
545 1747 564 1781 in
572 1747 655 1791 angustis
660 1748 672 1766 ¹⁴
681 1747 777 1782 itineribus

74 1801 198 1836 difficultatem
209 1807 326 1845 paterentur:
338 1801 388 1835 nullo
395 1811 416 1835 se
423 1800 495 1835 viarum
505 1800 638 1844 incom[m]odo
649 1800 721 1845 grauari
733 1801 778 1836 sate-

74 1853 139 1888 bantur
147 1854 178 1889 uel
187 1854 252 1896 artari;
264 1859 319 1898 atque
329 1852 435 1888 adiicientes
446 1853 542 1888 dicebant:
555 1852 620 1887 ‘veluti
628 1853 644 1887 si
652 1853 708 1888 multe
715 1853 777 1889 anime
786 1870 805 1900 ³⁰

74 1906 92 1940 in
104 1919 161 1950 paruo
175 1908 250 1941 alicuius
262 1906 341 1951 paradisi
355 1917 413 1949 regno
424 1906 453 1940 vel
464 1906 504 1940 loco
517 1911 624 1940 tenerentur
634 1905 712 1949 modico,
723 1907 748 1941 ita
759 1913 778 1942 et

74 1969 108 1993 nos
121 1960 140 1994 in
154 1960 195 2004 ipso
208 1960 274 1994 itinere
286 1959 355 1994 nullius
367 1958 396 1993 vie
409 1959 514 1993 artabamur
526 1958 637 2002 grauamine.
651 1958 737 2003 nullaque
748 1960 778 1994 via

74 2012 127 2047 nobis
138 2013 171 2047 suit
182 2014 269 2056 angusta!
291 2012 332 2054 Que
340 2021 382 2046 cum
389 2022 434 2055 sepe
445 2012 468 2045 ad
479 2012 535 2053 riuos,
544 2011 581 2054 [ad]
591 2011 687 2046 fluminum
695 2013 747 2053 vada,
755 2013 778 2048 ad

74 2066 176 2102 artissimos
184 2067 281 2101 lluuiorum
289 2065 377 2101 transitus
384 2065 484 2108 venissent,
492 2064 561 2109 absque
568 2063 675 2101 difficultate
682 2070 701 2101 et
708 2066 778 2111 absque

75 2119 103 2152 sui
118 2119 188 2154 lesione
201 2120 313 2154 transierunt
328 2119 368 2154 sine
381 2119 483 2153 ministerio
496 2118 564 2162 nauigii
578 2119 654 2153 alicuius
667 2125 698 2154 aut
712 2120 778 2164 pontis.
787 2135 806 2166 35

75 2170 158 2213 Qualiter
169 2172 205 2207 ista
216 2173 282 2208 fierent
293 2176 312 2208 et
321 2172 414 2217 quomodo
425 2181 459 2216 per
469 2177 519 2206 artas
530 2171 637 2206 incederent
643 2171 683 2206 vias
694 2183 716 2207 ac
726 2183 779 2207 mon·

75 2223 120 2258 tium
130 2227 187 2260 ardua
197 2226 350 2260 transcenderent
361 2230 380 2259 et
391 2224 488 2259 fluminum
498 2226 546 2259 uada
556 2225 662 2266 transirent,
673 2225 779 2269 ignoramus

75 2276 154 2320 penitus,
163 2288 197 2312 nec
207 2278 263 2312 etiam
272 2282 292 2312 vt
301 2277 412 2320 reuelentur,
421 2278 490 2311 orando
500 2278 612 2322 inuestigare
622 2279 718 2312 audemus.
740 2278 780 2312 Nos

76 2337 120 2364 sane
132 2341 174 2366 cum
185 2330 294 2367 mirantibus
305 2330 374 2376 pariter
384 2330 508 2374 ammiramur,
518 2335 536 2366 et
547 2330 566 2366 in
578 2330 614 2365 hiis
625 2330 672 2365 sicut
682 2329 701 2365 in
713 2331 780 2366 ceteris

96 2398 185 2430 ¹B.sedt.
194 2402 208 2431 d.
217 2401 235 2432 si.
280 2400 315 2430 ²13.
324 2401 371 2438 quodi
416 2400 515 2431 tonina.
560 2398 677 2431 ⁴-tominB,
720 2399 780 2430 effi„

76 2436 110 2468 hac.
155 2440 251 2471 ⁶Brsuisse.
297 2439 403 2472 ⁷B.eode1u.
448 2440 483 2470 ³13.
491 2440 699 2479 Propternumerositatem.
745 2439 780 2469 ⁰13.

73 2476 110 2507 suit.
146 2478 247 2518 ¹⁰Eietreg.
278 2479 289 2500 ¹¹
300 2480 519 2518 B.alique...laborabant.
554 2480 565 2500 ¹¹
576 2480 595 2511 B.
604 2480 674 2512 minimo.
710 2478 750 2511 ¹³13.
758 2485 778 2511 111.

77 2515 88 2542 l*
99 2518 117 2547 E.
125 2520 207 2556 angustiis.
