1762 2803
233 102 279 158 me
294 100 394 154 &anno
409 99 595 158 thatthotomeo.
723 116 761 147 101

63 224 153 258 confitens
161 229 179 258 et
186 223 260 258 veniam
266 228 338 268 petens,
343 222 480 267 omnibus[que]
488 233 524 267 que
530 222 608 256 habebat
616 220 689 263 relictis,
694 221 764 255 cunetis

64 278 129 311 diebus
137 278 174 311 vite
182 289 215 311 sue
223 282 307 311 sanctum
315 282 390 310 secutus
398 281 426 309 est
434 276 576 320 Augustinum¹.

108 373 133 410 2ll
146 366 179 408 Dc
191 372 273 408 sancrol
286 365 433 407 Bnnrrrocoruao
444 382 505 406 srnuo
517 382 548 405 our
561 371 590 415 [rr
602 369 718 414 ironncrro]⁴.

106 451 124 484 lr
137 451 167 484 dei
180 451 325 493 Bartholomeus,
337 450 356 484 in
367 450 462 494 prouincia
473 449 556 484 Whitebi
570 449 665 490 oriundus,
677 459 688 482 a
701 458 765 493 paren-

126 503 175 537 tibus
187 504 247 546 primo
259 504 334 537 Tostius
346 503 405 537 dietus
417 508 450 537 est.
473 503 519 536 Cum
531 513 576 536 vero
591 501 723 535 monasterium
738 501 766 534 in·

63 559 130 589 trasset
142 555 189 589 seliei
201 555 286 600 presagio
298 555 376 598 celebre,
385 566 421 599 quo
433 566 481 588 nunc
489 561 565 588 vocatur
576 565 645 588 nomen
657 565 668 587 a
679 552 783 593 fratribus5

63 608 80 642 ei
93 607 198 652 imponitur,
212 609 297 652 quatinus
311 609 351 643 eius
362 608 381 642 in
394 608 433 642 celo
447 608 524 642 coheres
537 607 598 652 gaudii
612 608 664 641 lieret
679 607 731 641 euius
746 607 765 640 in

63 666 112 695 terra
124 661 235 696 consortium
246 661 329 696 vocabuli
341 661 415 696 sortitus
427 667 460 696 est.
483 661 504 695 ln
516 660 582 706 puerili
593 666 641 695 etate
651 660 765 702 constitutus,

63 716 138 758 putabat
153 726 174 749 se
192 715 211 749 in
230 716 270 750 loco
288 715 396 749 admirande
410 714 507 749 viriditatis
522 720 540 748 et
555 714 658 748 amenitatis
674 713 764 754 constitui,

63 767 163 811 lumenque
176 768 194 801 in
208 779 231 802 eo
244 767 296 812 quasi
309 767 363 801 nubis
377 767 454 801 candide
467 767 496 801 vel
510 777 575 800 aurore
589 766 681 810 surgentis
694 766 766 801 intueri.

64 820 147 863 Cumque
158 832 239 863 superne
251 820 327 854 claritati
338 819 396 854 aciem
408 819 518 860 intenderet,
526 818 571 868 vidit
582 818 677 852 dominum
690 818 765 852 lhesum
776 832 794 853 ιο

64 872 136 906 eminus
154 878 239 913 stantem,
257 877 375 915 sanctamque
396 876 474 904 matrem
493 870 533 904 eius
554 869 638 913 Mariam,
654 869 766 914 Petrumque

63 925 166 969 apostolum
182 931 200 959 et
214 925 316 958 Iohannem
329 923 467 968 euangelistam.
491 923 550 966 Quem
566 923 619 957 beata
628 923 681 967 virgo
695 923 767 967 placido

63 977 114 1011 vultu
125 977 195 1017 intuita,
204 982 293 1020 protensa
304 987 360 1010 manu
372 976 434 1020 ipsum
447 981 492 1010 nutu
503 976 582 1019 quodam
594 975 671 1016 uocauit,
680 981 698 1010 et
708 975 766 1010 dixit:

65 1030 152 1072 ‘Accede,
160 1029 223 1073 inquit,
231 1035 250 1063 et
261 1029 293 1062 filii
304 1029 341 1062 mei
349 1029 427 1073 vestigia
437 1029 554 1073 amplectere,
562 1034 580 1062 et
588 1034 607 1062 vt
616 1028 641 1062 tui
653 1028 767 1069 miscreatur,

65 1082 104 1116 eius
112 1083 199 1126 pietatem
207 1082 300 1116 humiliter
306 1083 386 1126 deposce
391 1081 407 1115 ⁰2
432 1082 535 1125 Statimque
541 1093 563 1115 eo
571 1081 590 1115 in
598 1081 663 1115 faciem
671 1087 767 1126 prostrato,
777 1095 794 1126 ¹5

64 1140 82 1169 et
93 1136 183 1169 clamante
195 1135 232 1169 iam
244 1135 297 1169 tertio
310 1135 408 1169 ‘miserere
420 1135 457 1168 mei
469 1134 543 1168 domine
555 1134 631 1178 lhesu';
648 1135 723 1169 eleuans
736 1134 767 1169 ille

64 1200 139 1222 manum
150 1188 244 1222 benedixit
253 1199 301 1229 eum,
309 1188 383 1223 dicens:
396 1188 430 1222 ‘Et
440 1200 475 1232 ego
485 1188 510 1221 tui
520 1188 615 1229 misereor,
626 1193 645 1222 et
654 1188 673 1222 in
682 1194 766 1222 eternum

64 1241 176 1275 miserebor!
200 1242 240 1275 Hoc
251 1241 300 1275 idern
311 1242 392 1275 secundo
401 1241 420 1275 in
430 1241 513 1285 sompnis
521 1240 576 1282 vidit3
589 1247 607 1275 et
617 1252 641 1275 ne
651 1241 766 1285 phantastica

64 1294 125 1327 illusio
139 1294 238 1334 videretur,
253 1294 307 1327 tertio
322 1293 405 1336 vigilans,
421 1293 525 1327 carnalibus
540 1293 597 1326 oculis
612 1293 708 1327 manifeste
723 1304 766 1327 con·

64 1345 130 1389 spexit.
168 1338 287 1379 Adolescens
295 1350 362 1386 autern,
372 1344 487 1379 diuersarum
495 1344 578 1388 gentium
586 1344 670 1379 nationes
678 1350 696 1379 et
704 1355 766 1379 mores
775 1357 794 1378 20

64 1397 165 1441 inquirens,
178 1397 197 1430 in
214 1397 311 1441 Norwegia
327 1398 401 1431 tandem
417 1397 489 1431 cuidam
504 1396 607 1441 presbitero
622 1397 699 1438 adhesit,
712 1403 730 1432 et
743 1398 767 1432 ab
790 1436 791 1439 Ἴ

65 1450 152 1494 episcopo
160 1450 195 1484 loci
203 1450 303 1484 sacerdocii
311 1451 388 1493 gradum
397 1450 483 1493 suscepit.
528 1442 616 1495 Quadam
628 1449 677 1484 enim
685 1450 715 1484 die
726 1460 767 1484 cum

64 1504 144 1548 quodam
159 1503 227 1537 iuuene
241 1502 322 1537 saciens⁶
334 1502 374 1544 iter,
387 1502 418 1547 qui
431 1503 531 1547 malignum
545 1501 630 1547 spiritum
644 1503 710 1537 adesse
724 1515 767 1537 con·

65 1556 147 1600 spiciens
161 1567 217 1600 quem
232 1556 324 1600 prouintie
339 1556 388 1590 illius
403 1556 462 1591 incole
476 1555 586 1599 Kambeyn⁷
599 1561 671 1598 vocant,
684 1556 767 1591 alludens

65 1609 99 1645 ait:
116 1609 226 1644 ‘Eeceille’
249 1609 283 1644 Cui
296 1609 447 1644 Bartholomeus:
467 1608 548 1643 ‘Vellem
564 1608 691 1643 eumvidere!
715 1609 794 1651 Iubetr5

64 1674 108 1707 ergo
123 1674 165 1697 eurn
181 1674 237 1706 supra
251 1663 310 1706 pedes
325 1662 383 1707 ipsius
398 1669 452 1704 stare,
468 1662 577 1706 etpedibus
592 1661 631 1696 suis
646 1667 714 1697 terram
730 1674 767 1697 non

65 1721 145 1759 tangere,
156 1715 246 1758 pollicens
258 1716 306 1758 quod
319 1715 358 1749 suis
372 1715 442 1749 artibus
454 1720 515 1759 optate
526 1714 602 1749 visionis
613 1715 705 1749 desiderio
719 1715 767 1749 frue-

65 1774 126 1802 retur:
145 1768 205 1810 Quem
218 1767 261 1812 qui⁸
274 1768 333 1802 semel
347 1767 424 1802 intuitus
437 1767 508 1809 suisset,
521 1773 611 1812 perpetuo
623 1767 686 1802 videre
699 1774 767 1812 posset.

66 1821 106 1862 Quo
120 1820 181 1854 audito
196 1820 224 1854 vir
239 1819 269 1854 dei
284 1820 378 1854 hominem
392 1820 443 1854 illum
458 1820 519 1860 irrisit,
532 1819 638 1853 societatem
652 1821 767 1864 contempsit,

65 1873 155 1906 visionem
174 1873 282 1916 nephariam
301 1874 413 1906 detestando.
443 1873 507 1906 Fidem
521 1872 570 1905 enirn
586 1872 709 1912 christianam,
721 1873 795 1916 sicut5o

65 1930 129 1969 postea
135 1925 231 1967 referebat,
237 1925 333 1967 lederet‚si
339 1923 662 1969 contemplationi⁰diaboliceiugiter
668 1923 767 1959 inhereret.

65 1971 155 2021 Angliam
166 1989 210 2010 vero
221 1977 301 2019 rediens,
312 1977 332 2011 in
344 1978 456 2011 monasterio
468 1976 585 2010 dunelmensi
598 1976 692 2021 religionis
705 1977 767 2011 habitu

85 2057 90 2074 ¹
102 2057 135 2087 lllS.
142 2056 160 2086 T.
167 2056 196 2085 has
203 2059 219 2085 at
226 2056 254 2087 the
261 2056 321 2086 bottom
328 2057 346 2086 ol
350 2057 377 2087 the
384 2066 424 2095 page
432 2057 459 2087 the
467 2056 548 2094 following
555 2056 638 2095 Antiphon
645 2057 676 2086 und
684 2056 753 2088 Collecti

86 2100 104 2137 0
114 2107 160 2136 beate
169 2105 264 2143 Augustino,
271 2110 287 2135 te
298 2111 394 2136 uenerantes
405 2111 455 2144 tuere,
465 2116 499 2136 cum
510 2106 581 2136 omnibus
591 2115 630 2144 quos
641 2106 704 2136 domino
714 2107 767 2144 adqui·

65 2147 105 2182 sisti,
118 2156 147 2183 pro
161 2146 216 2183 quibus
230 2146 296 2174 animam
310 2146 376 2182 posuisti
389 2151 405 2175 et
418 2147 467 2176 sine.
479 2169 482 2176 .
493 2168 497 2176 .
509 2168 512 2176 .
523 2146 599 2175 meruisti.
619 2146 638 2176 V.
650 2146 728 2175 Sacerdos
742 2147 767 2176 dei

65 2186 158 2222 Augustino,
166 2189 220 2222 pastor
226 2184 295 2222 egregie,
302 2194 330 2213 ora
337 2194 366 2221 pro
373 2186 419 2214 nobis
426 2186 477 2215 deum.
497 2185 516 2215 V.
528 2186 560 2214 Ora
567 2195 596 2222 pro
604 2185 654 2214 nobis.

85 2227 133 2263 Deus
144 2233 170 2270 qui
180 2233 242 2261 beatum
253 2231 357 2268 Augustiuum
369 2232 465 2268 pontificem,
476 2232 543 2269 primurn
555 2233 635 2260 doctorem
646 2231 720 2270 [populo]
730 2241 767 2261 cou-

65 2272 127 2301 cessisti
134 2273 227 2309 Anglorum,
234 2271 268 2300 eius
275 2271 365 2300 interuentu
372 2271 418 2300 uobis
425 2271 476 2300 tribue
482 2272 544 2300 ueniam
553 2276 653 2308 pcccatorum
663 2275 679 2300 et
688 2280 723 2300 curn
732 2272 767 2310 ipso

65 2312 146 2341 celestium
153 2312 209 2349 gaudia
217 2311 315 2348 premiorum,
323 2319 356 2347 per.

86 2352 134 2388 Deus
139 2359 166 2396 qui
171 2359 187 2387 in
193 2358 260 2388 diuersis
265 2358 346 2387 nacionum
351 2356 412 2395 populis
418 2357 498 2394 preclaros
502 2367 540 2386 uere
546 2357 583 2385 fidei
588 2357 683 2387 constituisti
688 2357 768 2396 doctores,

65 2400 134 2428 concede
143 2404 161 2428 ut
170 2409 225 2428 omnes
234 2399 261 2436 qui
270 2397 363 2428 sanctissimi
371 2397 439 2426 doctoris
446 2397 496 2426 nostri
503 2397 586 2434 Augustini
593 2397 677 2435 implorant
687 2399 768 2436 auxilium,

65 2439 143 2476 presentis
150 2439 260 2476 prosperitatis
267 2439 323 2476 gaudia
330 2442 346 2468 et
353 2437 403 2467 future
410 2437 511 2467 beatitudinis
518 2437 578 2474 premia
585 2443 707 2475 consequantur.

85 2479 91 2496 ²
101 2479 182 2515 Abridged
189 2479 228 2507 from
239 2479 266 2507 the
273 2479 309 2507 Vita
317 2477 400 2516 (probably
407 2477 428 2513 by
435 2477 462 2506 the
473 2477 530 2506 author
540 2477 558 2506 ol
566 2477 593 2506 the
601 2477 637 2507 Vita
647 2478 664 2508 b.
672 2479 743 2516 Godn'ci)
751 2480 767 2508 in

65 2517 255 2555 Act.SS.Boll.JuneV.
263 2527 278 2556 p.
286 2527 319 2556 714.
359 2516 455 2546 ³om.inT.
496 2516 613 2547 ‘addedin'L
654 2517 767 2558 'Edeposse

65 2557 147 2589 ⁵r.seeitl
186 2558 308 2588 ⁷Vit.Rabem.
349 2557 396 2587 ⁸Vit.
404 2567 486 2595 quemque.
526 2557 561 2587 οΕ.
569 2559 707 2596 contemplatione.
