1762 2803
238 88 283 145 be
298 86 400 141 aaran
416 87 579 151 widinen.
715 94 761 147 469

60 213 140 259 virgines
148 211 251 257 mulgentes
259 215 328 245 tantam
337 210 389 245 lactis
396 211 497 246 vbertatem
505 215 643 255 expresserunt,
651 216 670 246 vt
678 211 761 256 hydriam

61 269 134 313 plenam
147 266 183 299 duo
195 264 229 298 viri
242 263 307 297 iniecto
320 273 355 307 per
366 273 421 297 ansas
432 269 484 297 vecte
495 263 577 297 humeris
590 263 628 297 suis
641 264 732 305 efferrent,
744 270 762 298 et

62 319 146 354 omnibus
162 316 214 360 copia
228 315 348 350 habundaret
377 315 430 357 Quod
445 314 522 349 audiens
536 314 641 359 prepositus
653 315 702 358 ville,
713 321 763 350 tanta

62 370 148 409 miracula
162 368 298 414 paruipendere
311 373 329 402 et
342 367 418 401 irridere
433 367 491 413 cepit:
509 373 527 401 et
540 368 598 402 liuore
612 368 686 402 demum
699 379 720 403 ac
735 368 763 402 in·

63 424 166 469 dignatione
178 423 286 463 stimulatus,
298 422 381 456 adductis
395 422 471 456 canibus
484 422 567 456 insontes
579 423 628 456 seras
639 432 706 466 capere
719 423 780 460 nite-5

20 494 22 498 ·
62 481 119 513 batur.
142 476 211 509 Eadem
222 485 266 509 vero
277 474 322 509 hora
333 474 376 509 dum
388 474 437 509 seras
448 475 552 516 Insectatur,
561 485 619 519 equus
630 475 649 510 in
661 475 763 510 obstantem

63 540 126 574 sepem
138 527 238 562 calcaribus
245 527 351 570 vrgentibus
362 526 443 568 incurrit,
451 527 538 571 sepisque
547 532 599 561 acuta
609 528 655 561 sude
663 528 764 562 transfixus

62 584 91 617 ilia
107 583 150 615 dum
166 580 265 614 resiliendo
280 580 417 623 tergiuersatur‚
430 590 494 613 sessor
507 579 584 623 supino¹
600 579 658 623 capite
673 579 765 614 excutitur

63 637 154 679 fractaque
162 633 234 668 ceruice
242 632 360 667 exanimatur.
383 632 450 668 Ablata
459 638 519 667 autem
527 633 573 668 lacte
581 632 650 669 serino:
663 644 699 668 non
708 632 764 669 detuit

63 687 147 724 dominus
158 686 229 720 ancillis
241 686 285 728 suis,
296 687 329 720 sed
341 685 399 728 rediit,
409 685 439 730 qui
451 685 539 729 defuerat,
546 686 605 721 victus
616 691 699 731 tempore
710 697 764 731 opor·
775 695 793 718 ro

63 749 111 777 tuno.
141 740 224 773 Tandem
240 740 294 782 plena
311 739 398 782 operibus
413 740 466 774 bonis
481 744 500 773 et
512 739 599 774 virtutum
613 739 709 783 exemplis¹
722 751 764 774 cum

63 793 169 837 virginitatis
185 793 247 836 palma
262 792 336 826 celestia
351 792 462 834 conscendit,
477 797 496 826 et
510 792 529 826 in
544 791 633 827 cimiterio
648 792 726 827 ecclesie
741 793 765 828 de

64 847 143 883 Derham
151 855 193 878 cum
201 845 271 878 honore
279 854 346 889 corpus
356 843 396 878 eius
407 850 455 878 terre
467 844 611 878 commendatur⁴
657 837 704 878 Post
712 844 765 889 quin·

63 898 148 945 quaginta
159 898 240 942 quinque
251 908 315 940 annos,
327 903 408 933 reserata
420 897 459 933 eius
470 898 538 939 tumba,
550 897 574 933 ita
585 897 726 934 incontaminata
737 897 764 933 in-

64 959 118 988 uenta
128 957 156 986 est
165 952 247 985 vestibus
257 957 275 985 et
285 956 323 985 toto
334 962 416 995 corpore,
424 952 471 986 sicut
482 951 543 996 primo
554 951 583 985 die
594 950 613 985 in
625 951 695 985 tumulo
706 951 764 986 suerat
775 960 792 991 15

63 1007 152 1040 collocata.
175 1005 291 1038 Translatum
301 1010 329 1038 est
339 1010 400 1038 autem
408 1005 447 1038 eius
454 1004 559 1038 venerabile
567 1015 634 1048 corpus
642 1004 661 1038 in
669 1004 764 1039 ecclesiam

64 1068 117 1101 quarn
129 1058 170 1101 ipsa
180 1057 245 1091 viuens
257 1056 325 1090 ibidem
337 1062 468 1091 construxerat.
495 1056 524 1091 De
537 1056 577 1091 loco
589 1061 650 1091 autem
664 1067 700 1101 quo
713 1057 764 1102 prius

64 1110 134 1154 sepulta
148 1110 212 1151 suerat,
227 1109 269 1144 sons
284 1120 331 1153 aque
347 1108 459 1143 lucidissime
476 1114 555 1152 emanat,
570 1108 632 1143 multis
649 1109 763 1144 diuersarum

64 1163 151 1198 beneficia
165 1162 263 1196 conferens
278 1162 380 1197 sanitatum.
407 1161 508 1197 Cenobium
524 1162 598 1197 tandem
613 1162 657 1197 illud
670 1161 764 1207 virginale,

63 1217 167 1250 incursione
179 1215 273 1249 Danorum
285 1221 430 1259 tempestateque
441 1215 531 1249 bellorum
542 1215 603 1260 fugato
614 1214 705 1259 virginum
717 1221 764 1258 cetu,
774 1227 793 1249 ao

64 1270 82 1302 in
89 1269 194 1311 parochiam
202 1274 230 1302 est
238 1268 349 1302 destitutum.
393 1261 490 1311 Tempore
499 1268 547 1311 regis
556 1267 623 1311 Edgari
630 1269 695 1303 beatus
704 1268 764 1303 Ethel-

64 1320 133 1354 woldus
150 1319 248 1365 episcopus
264 1318 396 1354 monasterium
413 1319 495 1354 heliense
510 1319 607 1363 repararit,
623 1325 641 1354 et
656 1325 765 1364 congregata

64 1374 193 1410 monachorum
207 1379 285 1417 caterua,
299 1373 415 1408 Brithnotum
428 1374 509 1418 priorem
522 1373 622 1417 wintonie,
633 1373 714 1419 primum
728 1374 765 1410 illis

65 1428 147 1462 abbatem
158 1427 209 1470 secit3
223 1427 325 1470 adiecitque
334 1437 367 1461 rex
378 1427 438 1461 eidem
448 1427 559 1462 monasterio
571 1428 667 1462 cenobium
677 1427 765 1470 Derham,

64 1491 99 1514 vna
112 1491 153 1514 cum
167 1480 253 1514 thezauro
266 1491 301 1513 suo
311 1479 408 1524 Witburga
419 1479 494 1524 virgine.
518 1480 564 1514 Cum
578 1485 639 1514 autern
653 1480 710 1515 abbas
723 1492 764 1515 curn
775 1492 792 1522 ²5

65 1532 157 1567 monachis
168 1543 189 1566 ac
201 1531 264 1566 militia
276 1537 344 1566 armata
356 1541 423 1575 corpus
435 1532 458 1566 de
469 1536 518 1566 terra
529 1532 614 1573 leuasset,
625 1541 646 1566 ac
657 1541 690 1575 per
701 1533 765 1576 viginti

65 1584 140 1619 miliaria
153 1584 235 1620 terrestri
247 1584 277 1619 via
288 1593 399 1627 progressus
411 1582 480 1626 suisset,
492 1584 515 1618 ad
531 1583 607 1618 fluuium
620 1583 639 1618 in
655 1584 766 1619 Branduna²

65 1638 183 1680 deuenerunt,
195 1637 310 1682 ingressique
322 1648 380 1671 naues
391 1636 448 1671 remis
462 1643 480 1671 et
491 1637 609 1672 armamentis
621 1637 703 1672 certatim
714 1638 765 1672 incu-

65 1691 130 1733 buere·‚
142 1697 215 1736 totoque
227 1691 258 1725 illo
269 1691 335 1725 itinere
346 1702 380 1734 per
390 1696 446 1724 totam
457 1690 496 1724 sere
508 1696 580 1724 noctem
592 1690 644 1725 stella
655 1690 765 1736 splendidis-

65 1743 110 1777 sima
127 1755 184 1787 super
200 1744 276 1787 virginis
294 1754 360 1788 corpus
377 1743 461 1777 rutilabat
478 1748 496 1777 et
513 1743 572 1778 claros
589 1743 651 1779 radios
667 1743 765 1780 effundens
774 1755 794 1785 3⁰

65 1795 129 1838 iugiter
137 1807 199 1831 comes
209 1797 252 1832 ibat.
275 1796 298 1830 Et
307 1807 351 1831 ecce
360 1796 440 1840 populus
447 1796 471 1830 de
480 1795 561 1830 Derham
571 1795 664 1831 associatis
672 1795 707 1831 sibi
717 1796 765 1832 illius

65 1848 128 1891 plage³
135 1849 220 1893 plebibus
226 1849 317 1894 fugientes
324 1848 442 1893 consequitur
447 1854 538 1883 armatus:
551 1848 609 1892 [nam]
615 1848 621 1868 ⁴
627 1859 694 1893 sopore
700 1860 766 1885 omnes

65 1903 134 1945 grauati
149 1904 193 1937 dum
207 1903 276 1938 tardius
289 1903 391 1947 explorant,
403 1912 469 1947 corpus
481 1901 557 1947 virginis
571 1901 651 1937 ablatum
665 1902 765 1947 reperiunt,

66 1959 83 1987 et
95 1956 117 1988 ad
127 1967 178 1990 arma
188 1955 310 2001 prosilientes,
319 1954 400 1989 vnanimi
409 1954 479 2000 impetu
489 1961 587 1999 proruunt:
599 1955 684 1998 bipartito
692 1956 765 2000 agmine

65 2011 160 2052 Vtramque
173 2010 233 2053 ripam
247 2014 340 2051 occupant,
354 2008 420 2041 iactant
434 2007 516 2049 conuitia,
531 2007 634 2041 intentant³
646 2008 721 2051 spicula,
734 2019 765 2043 ex·
774 2018 793 2048 35

65 2060 151 2101 probrant
162 2061 262 2106 sacrilegia,
273 2060 372 2095 terroribus
384 2065 401 2095 et
413 2059 521 2095 clamoribus
532 2071 553 2094 ac
565 2059 620 2094 minis
631 2059 706 2104 implent
718 2071 766 2096 aera.

66 2112 129 2148 Abbas
141 2115 190 2150 enirn
203 2126 245 2150 cum
258 2115 297 2150 suis
310 2120 396 2159 tanquam
410 2115 477 2147 surdus
490 2124 527 2147 non
541 2114 618 2148 audiens
631 2115 749 2159 pertransibit
754 2116 766 2159 ⁶,

66 2164 183 2212 diuinumque
196 2167 283 2203 auxilium
296 2166 365 2203 crebris
378 2166 489 2202 orationibus
502 2167 593 2210 obtinens,
607 2168 636 2202 dei
652 2168 766 2212 protectIone

67 2218 152 2261 munitus,
164 2221 214 2255 fesso
229 2221 288 2255 reditu
302 2219 383 2255 confusis
395 2220 564 2264 persequutoribus,
576 2221 645 2264 absque
660 2221 766 2265 cuiusquam

67 2269 174 2306 detrimento
182 2285 223 2307 cum
230 2279 292 2307 sancto
299 2284 375 2318 corpore
384 2272 452 2315 euasit3
462 2278 480 2306 et
487 2272 537 2307 iuxta
544 2273 627 2307 tumbam
635 2277 697 2307 sancte
705 2273 766 2308 Ethel-
774 2281 794 2312 40

66 2322 121 2357 drede
136 2325 154 2359 in
169 2327 239 2361 tumulo
255 2327 354 2360 honorifice
370 2332 468 2371 preparato
484 2326 582 2360 collocauit.
612 2325 707 2371 Depositio
722 2338 767 2362 vero

66 2375 104 2410 cius
113 2384 176 2413 octauo
186 2380 228 2414 idus
240 2380 279 2414 Iulii
291 2381 397 2415 celebratur.
443 2373 501 2415 Facta
512 2386 540 2415 est
551 2386 612 2414 autem
624 2380 717 2414 translatio
728 2392 767 2415 me-

66 2436 135 2466 morata
148 2433 183 2467 sub
199 2433 293 2468 Brithnoto
306 2434 371 2468 abbate
386 2432 474 2469 heliensis
487 2432 563 2469 ecclesie
576 2443 624 2467 anno
638 2432 707 2467 domini
721 2444 766 2467 non-

91 2502 202 2544 ¹T.suppino.
244 2507 501 2537 ²E.brenduna.=thebrandon
509 2507 631 2537 riverorLittle
639 2507 686 2537 Orrse.
722 2506 764 2538 ³vit

65 2541 141 2575 affinibus.
183 2546 269 2585 *soVitaj
279 2547 297 2577 T.
305 2547 323 2578 E.
331 2547 366 2578 scd.
406 2546 548 2585 ⁶E.inteu1ptaut.
588 2546 766 2585 ’Vitperstrepcntes
