1762 2803
112 130 158 185 mc
173 127 273 181 &aaut
289 126 405 188 iohanne
419 132 449 180 uc
463 127 647 191 burianum.
702 135 730 185 (η

28 252 147 286 considerans
155 250 318 292 grauitatem,egre
326 248 349 281 ad
355 253 429 292 tempus
436 248 509 283 sustulit
516 247 592 293 spiritus
599 248 721 284 estuationern
727 263 732 289 ;

28 304 103 339 tandem
117 301 174 336 diuini
190 301 249 335 solatii
264 301 352 335 hauriens
367 300 461 345 perfusam
477 300 599 344 dulcedinem,
612 313 692 347 superna
705 302 733 337 in-

28 358 116 392 formatus
128 356 186 398 gratia
197 354 304 398 concipiens
314 354 403 388 maiorem
412 354 466 389 etatis
476 356 598 390 maturitatem
610 361 629 390 et
640 355 732 400 prouidio·

29 420 68 445 rem
80 407 195 443 discretionis
206 407 362 448 deliberationem,
372 408 534 453 consideransque,
545 414 614 453 quanto
625 409 733 444 laboriosior

29 462 113 498 instantis
120 460 272 506 peregrinationis
280 461 364 496 incessus
372 466 406 501 est,
412 467 463 496 tanto
470 472 504 506 per
511 463 589 506 gratiam
598 467 647 497 esset
655 462 750 504 nobi110r5

29 516 133 559 triumphus
139 515 236 549 tirannidis
243 514 344 555 infernalis,
349 514 411 548 oneris
419 515 481 558 iugum
489 515 610 560 suspend[it]¹
618 514 636 549 in
645 515 733 557 humeris,

29 569 124 603 confidens
136 568 154 602 in
163 568 260 602 clementia
267 566 369 601 saluatoris.
414 559 542 602 Confirmatus
550 568 568 601 in
576 569 634 612 gradu
641 568 733 612 prioratus

30 622 108 667 qualiter
120 620 140 655 in
153 620 231 664 agendis
244 632 265 655 se
280 619 363 664 gesserit,
378 625 442 654 nostra
457 619 552 654 modicitas
568 619 681 655 sufficienter
696 631 732 655 non

29 673 101 708 euoluit.
126 673 210 717 Namque
224 674 291 707 famem
305 672 368 712 reficit,
382 671 482 707 nuditatem
493 672 554 713 vestit,
567 671 625 717 frigus
636 679 733 719 temperat,

29 727 111 761 dolorem
127 727 202 768 solatur,
215 726 270 762 ssetus
283 724 344 768 siccat,
358 735 459 769 oppressos
473 724 543 767 liberat,
559 736 643 762 carceres
658 732 763 769 reseratio

29 780 105 825 gratiam
117 780 206 821 conciliat,
219 780 273 815 ledus
284 784 387 824 perpetuat,
402 777 450 823 sopit
465 780 513 821 lites,
528 779 588 815 differt
603 779 667 824 prelia,
679 786 734 824 auget

29 834 114 874 indutias,
122 834 172 878 egris
182 834 259 867 salutem
270 833 307 874 dat,
315 833 375 866 seruis
385 832 494 873 libertatem,
502 832 562 866 menia
570 831 638 873 dilatat,
646 839 734 877 usurpato

29 886 84 930 pallio
94 886 192 920 clementie
204 886 330 919 crudelitatem
342 883 414 928 spoliat,
422 890 497 919 cunctas
509 884 632 928 deprehendit
643 886 733 931 nequitias

29 939 71 973 ficte
81 939 153 973 virtutis
165 939 243 973 clamide
254 943 356 982 coopertas.
365 938 429 972 deruta
439 943 522 980 renouat,
532 937 585 972 struit
595 937 671 979 edificia,
679 949 734 983 agros

29 992 139 1026 secundans²
149 997 167 1026 et
179 992 249 1026 horrea.
269 989 375 1025 imitanter³
382 990 430 1035 cepit
442 990 543 1025 seruentius
554 990 610 1034 quieti
621 992 760 1036 contempla-15

29 1044 83 1079 tionis
96 1045 205 1086 auscultare,
215 1055 257 1078 cum
271 1049 363 1078 conuentu
375 1043 453 1088 peruigil
466 1043 516 1079 horis
530 1043 624 1078 nocturnis
635 1043 704 1088 pariter
715 1051 733 1079 et

29 1097 100 1132 diurnis
112 1098 179 1132 diuinis
191 1097 269 1132 oraculis
281 1097 369 1131 insistens
381 1102 419 1131 tarn
431 1096 518 1138 studiose,
529 1102 549 1131 vt
560 1096 627 1131 auditis
638 1097 734 1143 campanis

29 1151 52 1184 ad
67 1151 168 1192 seruitium,
184 1150 215 1186 tali
228 1161 274 1185 voce
289 1149 405 1191 lamentabili,
418 1149 492 1184 deditus
504 1149 583 1194 negotiis
595 1150 657 1193 seculi,
670 1152 734 1195 sepius

30 1215 83 1239 aures
96 1205 207 1239 confratrum
219 1204 316 1238 astantium
328 1204 435 1248 occupauit:
447 1203 511 1237 ‘Nunc
522 1203 590 1247 aspirat
602 1202 682 1247 spiritus,
690 1204 734 1239 alias

30 1257 142 1301 prepeditus,
147 1256 213 1292 ceteris
221 1268 262 1291 curn
270 1256 367 1305 comitibus
375 1256 471 1290 ecclesiam
480 1256 614 1299 frequentare':
626 1256 652 1290 sic
661 1256 733 1291 Rache·
743 1269 762 1290 ao

30 1310 52 1343 lis
69 1310 184 1353 amplexibus
201 1311 318 1353 congaudens
330 1309 391 1343 casto⁴
411 1309 490 1351 feruore,
503 1309 552 1353 quod
567 1308 606 1354 Lye
621 1309 733 1355 diligentiam

30 1372 65 1396 non
82 1363 152 1407 spreuit
167 1363 285 1408 perimplere.
334 1355 380 1397 Hoc
395 1363 450 1405 igitur
464 1362 621 1406 preclarissimum
637 1363 734 1407 magnifice

31 1417 167 1460 resplendentie
178 1416 229 1449 sidus
241 1415 364 1459 perspicuum,
378 1414 488 1450 adueniente
499 1414 544 1449 hora
555 1425 590 1460 qua
602 1414 667 1451 solaris
682 1416 734 1451 clari-

31 1468 72 1503 tatis
80 1469 151 1514 lampas
159 1468 272 1513 splendisera
283 1479 348 1503 aurore
359 1468 452 1502 nubilosas
463 1470 550 1503 tenebras
561 1469 657 1503 excutiens
668 1479 734 1504 aureos

32 1522 91 1555 radios
99 1521 146 1556 uisui
158 1521 247 1556 sensitiuo
258 1521 374 1556 terrestrium
386 1521 450 1555 solitus
461 1527 490 1555 est
501 1521 614 1566 expandere,
622 1521 672 1555 omni
684 1522 734 1566 frigi-
744 1534 762 1564 ²⁵

32 1574 107 1608 dissime
115 1580 198 1619 tempore
206 1574 281 1618 glaciali,
290 1584 379 1608 accensus
387 1573 457 1609 feruido
468 1574 554 1609 incendio
566 1574 654 1619 principis
662 1574 735 1617 siderei,

32 1627 74 1662 dum
87 1627 185 1663 missarum
197 1627 300 1671 solempnia
311 1627 396 1661 continue
408 1628 528 1670 persolueret,
536 1633 598 1660 mente
609 1628 734 1662 exardescens

32 1686 70 1713 estu
86 1682 154 1714 amoris
169 1679 293 1723 inexplicabili
308 1679 368 1723 aliqua
382 1679 432 1712 exuit
445 1679 561 1722 vestimenta,
572 1679 650 1723 gelantis
662 1679 735 1724 frigoris

31 1738 106 1776 propter
115 1733 187 1767 interne
198 1732 299 1767 affectionis
307 1731 400 1766 dulcorem
411 1732 503 1767 semidam
514 1742 551 1767 non
561 1732 644 1767 sentiens
655 1733 735 1778 asperri-

32 1794 81 1820 mum
91 1785 241 1820 circumuentum.
263 1785 294 1820 Ad
302 1787 353 1820 cuius
360 1786 492 1820 lucidissimam
504 1785 668 1828 confirmationem,
677 1787 735 1821 maxi·
743 1799 763 1829 go

32 1837 66 1871 inis
78 1839 176 1883 frigoribus
188 1844 237 1873 terre
252 1838 316 1873 taciem
328 1839 492 1883 preoccupantibus
503 1840 526 1873 de
538 1839 566 1873 sui
579 1839 643 1884 capitis
656 1839 735 1875 eulmine

32 1890 92 1926 iunius
105 1892 183 1927 enalauit
195 1892 326 1936 permaximus,
337 1903 359 1926 ac
372 1891 388 1926 si
400 1902 447 1936 aqua
460 1891 560 1936 suppositis
572 1892 635 1926 iaculis
647 1892 735 1928 intentius

33 1944 111 1979 ebuliret.
142 1945 158 1979 O
177 1944 315 1980 interminabilis
332 1944 404 1979 virtutis
423 1945 508 1980 deuotio!
539 1944 555 1979 O
574 1947 632 1988 gratia
653 1946 735 1988 largitlua

33 1999 129 2032 conditoris
143 1998 223 2041 irrigans
234 1997 343 2031 distillantes
354 1998 433 2041 guttulas
446 1997 525 2031 amoris!
549 1996 566 2031 Ο
579 1997 681 2032 animarum
694 1997 734 2032 vni-

33 2057 126 2085 uersarum
141 2051 242 2094 prestolata
257 2049 340 2085 medela!
353 2051 394 2095 quis
407 2060 488 2093 vnquam
500 2049 569 2084 audiuit
584 2049 627 2084 talia
641 2051 735 2094 presentis
744 2063 763 2092 35

34 2103 120 2146 temporis
125 2104 175 2138 vitali
183 2104 257 2137 labente
265 2103 360 2145 curriculo,
368 2104 412 2137 dum
420 2102 526 2148 principalis
533 2102 653 2147 perlustrator
660 2103 735 2140 etheree

33 2155 132 2191 mansionis
138 2163 175 2191 tam
182 2156 276 2202 flagrantis
282 2155 363 2202 pectoris
371 2157 477 2192 solatiosurn
485 2156 585 2201 hospitium
593 2157 627 2192 sibi
635 2157 735 2193 thalamum

34 2207 127 2244 dedicauit.
151 2210 179 2245 En
187 2211 249 2245 feruor
256 2210 320 2244 intima
330 2221 426 2253 perurens,
434 2209 529 2244 declinans
537 2210 609 2245 steriles
617 2210 636 2244 in
644 2211 735 2254 peccatis!

34 2261 62 2302 qui
74 2263 137 2297 fontali
149 2264 238 2307 sapientia
249 2269 314 2297 cuncta
325 2262 453 2308 prospiciens⁶
460 2263 536 2307 proprie
544 2262 625 2298 essentie
632 2263 736 2308 perpetuali

35 2315 112 2358 speculo,
124 2316 179 2351 huius
191 2316 252 2350 cordis
263 2322 323 2350 ortum
335 2317 443 2350 deliciosum
456 2316 544 2360 plantulis
554 2317 642 2350 virtutum
654 2317 736 2350 delicatis
743 2329 764 2358 4⁰

35 2369 166 2410 comptantauit,
175 2370 244 2403 lumine
255 2379 289 2401 suo
298 2368 374 2411 proprio
382 2368 493 2408 secundanh,
501 2373 520 2402 et
528 2369 576 2401 inter
584 2373 635 2402 cetus
643 2368 736 2411 angelicos

35 2424 73 2456 post
86 2421 168 2455 laborem
184 2420 317 2466 perpetualiter
329 2420 421 2464 quietauit.
443 2419 503 2455 Tanto
518 2420 573 2465 igitur
586 2421 644 2455 sancti
660 2421 736 2465 spiritus

35 2467 101 2515 fulgore
119 2475 242 2509 vehementer
260 2474 319 2508 suerat
337 2474 468 2516 inflammatus,
483 2475 532 2518 quod
551 2479 614 2508 rnente
634 2480 697 2518 raptus
716 2473 736 2508 iu

36 2553 60 2627 μὲ
69 2556 198 2630 E:s;1³spendens.
254 2558 369 2590 ²r.iecundat.
423 2557 452 2588 ³r.
460 2557 528 2589 intimat
585 2557 651 2589 ’Βεδ-
707 2559 736 2590 θῐ.

61 2604 100 2633 spici

370 2657 399 2680 Η
