1762 2803
105 91 107 97 ’
113 109 156 162 586
206 170 207 174 Ἰ
378 104 501 165 appennis
519 106 551 151 ΙΙ.

112 227 176 261 Christi
190 226 289 261 seuissimus
303 226 367 260 Christi
380 233 483 271 persecutor.
506 227 548 261 Ideo
560 238 591 270 pro
603 226 684 270 temporis
696 233 713 261 et
726 240 776 263 casus
788 231 813 265 in-

111 278 173 312 stantis
182 277 273 323 exigencia,
282 277 375 311 necessitas
383 289 444 320 vrgens
455 278 569 320 permutanda
578 284 604 311 est
614 277 632 311 in
640 278 725 320 virtutem,
733 287 749 313 et
759 282 813 317 hostis

111 329 206 361 vincendus
221 328 247 360 est
262 328 322 369 pocius
339 328 427 369 paciencia
442 339 494 370 quarn
512 329 564 369 ascia,
579 329 674 361 humilitate
690 330 746 370 magis
762 341 813 372 quarn

111 377 195 419 pugione3
208 376 248 419 quia
257 387 290 409 nec
301 376 388 410 Christum
397 388 465 418 negare,
475 388 507 410 uec
519 376 596 410 seruituti
609 377 666 410 addici
679 377 711 410 nisi
721 378 813 414 christiane

94 436 102 467 5
112 427 161 461 decet
172 427 293 461 Christianum.
316 428 354 470 Ego
368 427 415 470 genti
427 427 484 462 inclite
495 428 522 461 cui
533 427 612 471 presideo
624 427 664 471 quia
675 428 768 471 presidium
779 440 813 464 non

111 488 182 519 possum
193 479 240 519 ferre,
252 489 321 520 possum
333 489 364 521 pro
374 479 399 511 eis
410 486 426 511 et
439 489 478 511 cum
489 480 514 511 eis
525 486 597 511 mortem
611 479 677 511 subire!
700 479 733 511 Vix
745 487 813 514 sanctus

111 529 164 560 verba
177 529 302 569 compleuerat:
321 530 426 561 truculentus
442 530 509 569 lngrvar
521 528 615 561 adueniens
629 528 676 561 iubet
690 528 813 565 circumuallari

111 578 201 618 palacium,
219 583 236 610 et
254 588 313 619 regem
332 589 362 611 suo
379 578 459 611 tribunali
478 576 519 611 loris
536 577 646 611 constrictum
663 578 762 620 presentari.
785 579 815 613 Ex

111 627 184 659 cronicis
196 627 289 669 [Westmi.
313 629 386 660 Sanctus
400 628 457 669 itaque
468 637 497 660 rex
509 628 611 660 Edmundus
623 637 661 660 cum
673 638 691 660 se
703 628 725 660 ab
737 629 813 663 hostibus

85 686 104 707 10
112 676 187 720 vndique
198 677 280 709 vallatum
292 682 414 719 cognosceret:
431 678 452 710 de
462 677 532 710 consilio
544 676 642 710 Hunberthi
654 677 730 720 episcopi
738 679 814 721 confugit

112 727 135 759 ad
145 726 236 760 ecclesiam
248 732 267 760 ut
276 738 294 760 se
305 727 401 760 membrum
412 727 475 760 Christi
486 728 594 768 ostenderet;
608 733 624 760 et
632 728 683 760 armis
693 728 814 770 temporalibus

112 776 197 818 proiectis,
210 776 279 809 celestia
292 776 352 817 induit,
365 776 450 810 humiliter
461 783 527 819 patrem
539 782 555 810 et
568 777 621 809 filium
633 788 671 810 cum
683 784 743 810 sancto
756 778 814 820 spiritu

112 826 206 868 deprecans
214 831 233 859 vt
243 826 260 858 in
271 826 351 867 passione
362 836 392 858 sua
404 826 521 859 constanciam
533 831 550 859 et
560 826 666 868 pacienciam
678 827 709 859 sibi
720 826 814 868 largiretur.

113 876 167 918 Igitur
178 887 189 908 a
200 875 282 908 ministris
296 874 391 918 iniquitatis
404 875 426 908 ab
440 875 513 909 ecclesia
526 875 625 918 extrahitur,
638 875 711 909 vinculis
723 875 814 911 arcioribus

86 936 103 966 15
112 933 177 958 artatus
185 927 311 968 constringitur,
319 933 370 968 atque
380 926 462 958 innocens
473 927 540 958 ducitur
551 933 590 958 aute
600 927 672 969 impium
681 927 755 959 iudicem
766 929 814 970 quasi

113 976 191 1010 Christus
199 981 239 1009 ante
247 976 320 1009 Pilatum
328 976 418 1019 presidem,
427 977 497 1019 cupiens
506 977 542 1009 eius
551 977 598 1019 sequi
607 977 679 1019 vestigia
687 977 715 1019 qui
725 987 756 1020 pro
765 978 814 1011 nobis

112 1026 209 1059 immolatus
221 1032 247 1059 est
259 1026 321 1059 hostia.
347 1027 470 1069 Warengford.
490 1028 513 1059 Et
522 1028 587 1059 iactum
596 1033 622 1060 est
635 1038 674 1059 cum
684 1033 747 1060 astaret
758 1038 814 1060 coram

113 1077 180 1116 lugwar
191 1081 208 1107 et
220 1075 353 1116 interrogaretur
362 1076 377 1108 si
387 1076 473 1108 Christum
486 1077 599 1116 confiteretur,
611 1077 706 1118 intrepidus
717 1077 814 1118 respoudit:

112 1124 210 1158 ‘Confiteor
223 1125 278 1166 plane,
291 1131 307 1158 et
320 1124 389 1157 vnicum
403 1125 454 1158 deum
468 1126 510 1166 colo,
524 1125 575 1158 credo
589 1125 606 1158 in
622 1126 708 1159 Christum
721 1125 749 1158 dei
763 1126 815 1159 filium

85 1184 104 1206 20
113 1173 220 1207 incarnatum
228 1175 250 1207 de
258 1174 318 1216 spiritu
326 1180 390 1215 sancto,
399 1186 420 1207 ex
427 1175 492 1216 virgine
503 1176 560 1208 Maria
570 1181 636 1215 natum,
644 1186 675 1218 pro
683 1176 737 1209 salute
745 1176 814 1209 humani

112 1224 179 1266 generis
187 1225 289 1265 crucifixum,
298 1225 350 1258 tercia
358 1225 386 1258 die
393 1225 518 1267 resuscitatum,
527 1232 544 1259 et
552 1226 683 1269 quadragesima
693 1227 815 1260 ascendentem

112 1275 130 1308 in
143 1275 211 1308 dextera
226 1275 253 1308 dei
269 1275 322 1318 patris
336 1277 442 1318 collocatum,
454 1282 471 1310 et
485 1276 502 1310 in
518 1277 552 1310 fine
567 1277 619 1310 seculi
633 1283 722 1310 venturum
735 1277 783 1310 vinos
799 1283 815 1311 et

112 1331 188 1357 mortuos
201 1324 320 1366 iudicaturum,
333 1327 377 1358 bene
390 1326 486 1367 promeritis
500 1326 553 1359 vitam
566 1333 647 1368 eternam,
659 1338 693 1360 non
707 1328 815 1360 credentibus

112 1379 129 1405 et
142 1372 208 1415 perdite
218 1373 314 1406 uiuentibus
329 1374 420 1407 iehennam
432 1375 548 1416 redditurum3
560 1377 582 1408 ab
593 1375 629 1408 eius
641 1376 711 1409 caritate
721 1387 756 1408 non
766 1387 815 1418 sepa·

86 1435 104 1463 ²5
113 1423 157 1455 rabit
171 1433 200 1454 me
215 1424 281 1464 gladius
299 1424 418 1466 persecutoris,
432 1437 468 1457 non
487 1425 624 1457 blandimentum
640 1425 762 1468 promissionis,
781 1438 815 1459 non

112 1484 164 1514 mors,
173 1484 207 1505 non
216 1473 256 1513 uita,
264 1485 298 1506 non
306 1474 385 1516 preterita
392 1486 427 1507 non
437 1475 522 1507 instancia
529 1486 564 1507 non
572 1476 627 1508 sutura
636 1475 739 1509 discrimina.
762 1477 814 1508 lstam

113 1523 165 1555 fidem
180 1522 198 1554 in
211 1533 245 1565 qua
260 1524 327 1555 adoleui
342 1534 377 1556 non
392 1525 458 1566 desero,
474 1525 577 1566 degenerem
594 1525 693 1558 seruitutem
707 1536 742 1557 non
757 1527 815 1565 subeo,

114 1573 202 1605 thesauros
215 1579 283 1605 nostros
296 1584 331 1605 non
346 1573 416 1606 dimidio
428 1580 455 1607 set
470 1574 544 1616 integros
559 1585 636 1617 expon0;
656 1576 677 1609 de
692 1576 768 1609 donariis
782 1575 815 1608 tuis

114 1622 197 1654 ditescere
212 1623 280 1664 penitus
295 1633 362 1664 respuo,
376 1624 416 1665 quia
431 1624 454 1656 ad
468 1625 546 1666 pociores
561 1625 633 1657 diuicias
648 1625 711 1667 aspiro,
726 1635 769 1667 quas
784 1634 815 1657 nec

86 1682 105 1713 30
113 1676 189 1706 vetustas
205 1672 261 1705 reddit
276 1671 348 1714 viliores,
363 1683 395 1707 nec
409 1673 484 1707 habendi
500 1673 591 1707 assiduitas
609 1674 722 1717 abiecciores;
745 1685 778 1718 que
794 1674 815 1707 de

113 1722 172 1755 innata
180 1722 264 1756 suauitate
275 1734 343 1765 semper
352 1723 431 1765 ingerunt
442 1724 551 1765 desiderium,
560 1725 581 1757 de
590 1724 672 1758 sacietate
682 1725 763 1758 continua
772 1736 815 1758 nun-

113 1783 165 1814 quam
172 1779 255 1813 generant
262 1772 360 1813 fastidium
372 1784 405 1815 que
414 1773 515 1816 principium
526 1781 588 1807 norunt
598 1781 623 1808 set
634 1776 685 1807 finem
696 1776 771 1815 nullum;
783 1785 815 1817 que

113 1823 135 1854 de
143 1822 232 1863 temporali
240 1823 286 1854 douo
294 1833 327 1854 nec
337 1823 439 1864 proueniunt
447 1833 479 1855 nec
489 1824 511 1856 de
519 1824 606 1856 voluntate
614 1824 700 1856 tolluntur.
723 1826 751 1857 De
759 1830 815 1856 cetero

113 1872 164 1913 igitur
176 1871 252 1913 profiteri
262 1871 350 1904 dominum
361 1883 412 1915 quem
421 1884 456 1905 non
465 1873 520 1905 haheo
531 1873 549 1905 in
560 1874 593 1906 fide
604 1873 675 1912 socium,
686 1884 718 1906 nec
729 1872 816 1915 sanguinis

86 1932 104 1961 35
113 1922 195 1964 permittit
207 1922 318 1963 generositas,
330 1932 361 1955 uec
374 1923 452 1956 alacritas
463 1923 502 1956 fidei
512 1923 610 1957 christiane.
632 1925 678 1957 Toto
693 1924 744 1965 igitur
756 1922 815 1963 malig-

113 1972 172 2006 nitatis
187 1978 217 2006 tue
234 1973 331 2006 debachare
348 1973 413 2015 spiritu,
431 1979 448 2006 et
465 1973 542 2007 inuenies
558 1985 619 2007 manus
637 1980 675 2007 tuas
691 1974 776 2007 inualidas
793 1972 816 2006 ad

113 2023 202 2057 inserenda
210 2028 298 2064 tormenta,
307 2033 340 2065 que
347 2034 378 2066 pro
386 2024 420 2056 fide
429 2024 491 2057 Christi
500 2031 517 2057 et
525 2025 583 2066 populi
591 2025 624 2057 mei
634 2025 712 2058 libertate
723 2023 816 2067 perieram!

113 2072 128 2106 ii
140 2073 168 2104 Ad
181 2073 213 2103 hec
224 2072 302 2104 tirannus
313 2074 369 2104 surore
381 2084 472 2105 succensus
484 2074 549 2114 pariter
560 2082 577 2106 et
590 2074 710 2115 indignacione
724 2074 815 2111 debriatus,

114 2120 163 2154 iussit
170 2120 243 2154 fustibus
251 2121 288 2155 cedi
297 2128 376 2155 sanctum
386 2133 443 2163 regern
455 2123 571 2156 Edmundum.
593 2123 666 2156 Vinctus
676 2122 734 2167 itaque
744 2122 815 2156 fustibus

87 2184 106 2213 40
114 2171 230 2204 crudelissime
239 2182 259 2204 ac
269 2172 364 2205 diutissime
376 2173 446 2214 ceditur,
457 2173 572 2217 deficiuntque
582 2174 670 2207 carnifices
681 2174 699 2206 in
710 2173 815 2217 torquend03

114 2227 140 2253 set
148 2227 218 2253 sanctus
225 2231 260 2253 non
271 2223 359 2255 lassescit¹
367 2222 384 2254 in
393 2224 458 2256 orando
468 2233 500 2256 nec
510 2224 567 2257 deficit
579 2224 595 2256 in
606 2225 695 2266 paciendo,
703 2230 729 2257 set
741 2225 816 2257 dolorem

114 2281 183 2304 omnem
198 2270 253 2303 calore
268 2270 307 2303 fidei
322 2277 411 2313 temperat,
426 2278 443 2305 et
458 2273 546 2306 Christum
560 2273 645 2307 indelessa
659 2284 702 2307 voce
717 2273 816 2308 inclamitat.

115 2322 168 2352 Porro
176 2325 248 2352 tortores
256 2330 291 2352 non
299 2321 372 2352 ferentes
381 2323 485 2354 salutiferum
494 2333 557 2354 nomen
566 2323 629 2355 Christi
640 2325 662 2355 ab
671 2334 692 2355 eo
702 2324 816 2356 indesinenter

114 2370 217 2410 inoccatum,
230 2369 253 2402 ad
265 2370 351 2409 quandam
362 2371 441 2404 arborem
452 2371 525 2405 vicinam
536 2372 607 2414 alligant
621 2373 684 2407 Christi
695 2374 815 2410 confessorem,

86 2435 104 2465 45
114 2427 131 2454 et
144 2426 210 2454 stantes
221 2418 288 2453 eminus
300 2419 348 2463 quasi
359 2420 434 2454 ludendo
446 2421 469 2455 ad
480 2420 549 2464 signum
560 2422 630 2465 sagittas
640 2423 709 2458 mittunt
719 2424 741 2457 ad
751 2421 815 2464 regium

114 2481 181 2515 corpus,
194 2476 211 2504 et
224 2471 295 2505 vulnera
308 2470 407 2504 uulneribus
419 2471 516 2513 infligentes
528 2473 616 2515 geminant
630 2474 708 2508 dolorem
721 2485 742 2507 ex
755 2472 815 2506 ictibus

402 2535 409 2553 ¹
420 2536 453 2566 MS.
460 2537 528 2568 lacescit.
