1762 2803
236 109 281 165 bt
296 107 396 162 &euno
412 108 584 161 williberto.
714 124 760 168 449

58 231 164 277 acquisitam
175 234 249 274 gentem
260 239 313 264 sacro
324 227 434 272 baptismate
444 229 519 262 abluere
531 229 604 272 studuit,
616 238 650 263 nec
662 229 758 274 quicquam

58 286 132 330 antique
139 282 235 319 vetustatis
243 286 261 316 et
268 281 336 317 erroris
344 280 362 316 in
371 292 392 317 ea
400 292 497 317 remanere
505 281 594 327 permisit.
633 275 692 318 Venit
699 288 760 319 autem

57 340 85 375 vir
93 338 122 373 dei
130 338 153 372 ad
161 337 253 381 quandam
261 335 339 370 insulam
347 335 377 369 vbi
386 335 461 379 ydolum
468 334 560 380 quoddam
569 335 661 371 colebatur
668 346 679 370 a
687 336 760 381 populo.

58 392 111 436 Quod
122 401 164 425 cum
173 389 212 424 zelo
222 388 265 424 fidei
276 387 401 424 comminuere
411 388 505 430 niteretur,
513 394 575 424 custos
586 389 636 433 ydoli
647 389 708 425 furore
720 400 761 425 suc-

57 455 124 479 census
136 443 232 486 euaginato
245 442 305 485 gladio
317 442 433 475 sacerdotem
443 441 473 475 dei
485 440 589 475 interficere
602 442 713 477 conabatur:
725 443 778 483 deos

57 503 119 531 tamen
130 499 244 540 protegente,
253 494 321 527 nullam
333 494 423 528 lesionem
433 493 462 527 vir
473 499 547 528 sanctus
558 493 638 530 incurrit.
661 494 714 530 Tunc
725 494 760 531 hiis

58 550 88 596 qui
96 550 172 585 aderaut
181 558 222 583 cum
230 558 252 583 eo
260 546 279 582 in
287 547 364 593 impium
375 552 524 593 presumptorem
535 546 652 590 irruentibus,
659 547 688 584 vir
696 547 726 584 dei
737 549 760 585 de

57 603 142 638 manibus
151 612 214 636 eorum
222 602 304 635 liberauit
312 611 361 635 eum.
378 600 449 635 Eodem
457 607 519 635 tamen
527 600 557 636 die
565 613 575 635 a
583 602 662 636 demone
669 607 760 646 arreptus,

58 657 87 691 die
97 655 150 690 tertia
159 654 255 689 infeliciter
267 653 364 697 expirauit.
407 646 453 688 Alio
465 664 538 697 quoque
549 659 633 697 tempore
645 665 687 688 cum
698 660 760 689 custos

57 713 141 752 segetum
153 711 236 740 sanctum
247 710 374 739 transeuntem
385 705 527 749 blasphemaret,
537 711 554 740 et
566 705 611 740 socii
622 705 656 740 viri
667 706 697 740 dei
708 706 759 741 illum
769 720 788 741 ro

57 759 123 795 necare
131 759 204 801 vellent,
212 758 305 804 prohibuit
312 764 392 801 sanctus,
400 759 466 793 nolens
473 758 502 793 sui
510 770 565 793 causa
574 769 685 804 quemquam
693 760 760 805 perire,

57 815 88 859 qui
96 814 173 849 salutem
184 813 270 847 omnibus
277 812 362 848 veniebat
374 812 480 857 predicare:
492 818 511 847 et
518 811 548 847 via
558 823 595 857 qua
601 818 677 848 venerat
687 825 760 860 regres-

57 880 94 910 sus,
102 866 162 901 locum
168 866 195 901 ire
203 866 257 901 dedit.
273 866 349 901 Postera
356 872 417 900 autem
426 866 456 901 die
464 866 528 901 infelix
536 866 656 911 blasphemus
663 867 760 912 repentina

57 927 115 955 morte
123 926 221 965 prereptus
229 924 263 954 est.
308 912 362 954 Dum
370 919 420 954 enlm
428 919 468 953 loca
475 919 560 954 circuiret
570 919 666 962 maritima¹
673 920 704 955 vbi
712 931 760 966 aque
795 925 801 932 “

57 979 95 1007 erat
103 973 185 1017 penuria,
192 972 278 1017 grauem¹
286 973 388 1006 sustinebat
395 973 480 1006 ardorem
486 972 532 1007 sitis.
550 972 606 1006 lussit
613 973 674 1017 itaque
682 984 758 1018 paruam
769 987 786 1019 15

57 1027 124 1061 fossam
132 1026 172 1060 fieri
180 1026 227 1060 intra
236 1024 334 1061 tentorium
345 1035 403 1066 suum,
412 1031 430 1060 et
440 1025 494 1060 flexis
506 1025 584 1070 genibus
595 1025 653 1061 orauit
663 1026 759 1061 dominum

56 1085 75 1114 vt
90 1080 121 1125 qui
135 1079 204 1125 populo
217 1079 274 1114 lsrael
288 1078 306 1113 in
320 1080 394 1114 deserto
407 1090 473 1124 aquam
485 1079 572 1124 produxit
585 1080 609 1115 de
621 1085 679 1124 petra,
692 1081 758 1115 eadem

57 1133 180 1167 misericordia
188 1133 247 1167 seruis
255 1132 293 1167 suis
301 1133 324 1167 de
332 1143 409 1167 arenosa
416 1137 465 1167 terra
473 1143 538 1176 aquam
546 1133 662 1176 produceret.
684 1133 708 1168 Et
715 1144 759 1169 eece

56 1185 96 1219 fons
102 1184 194 1228 limpidus,
200 1184 270 1218 cunctis
274 1184 378 1219 videntibus
386 1189 404 1218 et
412 1186 467 1218 deum
472 1185 490 1218 in
497 1190 560 1218 sancto
568 1195 602 1218 suo
610 1185 758 1228 glorificantibus,

57 1238 80 1271 de
91 1243 139 1271 terra
151 1237 234 1281 protinus
246 1247 331 1272 emanare
342 1237 395 1281 cepit.
440 1229 570 1273 Occurrerunt
578 1242 639 1272 autem
646 1237 686 1272 viro
694 1243 758 1273 sancto
767 1252 787 1274 ao

56 1289 90 1324 iter
97 1291 159 1334 agenti
166 1291 263 1325 duodecim
271 1290 330 1335 egeni,
338 1290 453 1334 postulantes
462 1291 485 1324 ab
496 1301 518 1325 eo
529 1289 597 1336 aliquid
608 1289 643 1326 sibi
655 1290 699 1326 dari.
722 1291 758 1335 Qui

56 1344 138 1388 precepit
151 1344 235 1378 ministro
250 1345 294 1378 dare
309 1345 336 1378 eis
351 1344 451 1379 flasconem
468 1343 537 1387 optimo
549 1344 592 1378 vino
607 1344 689 1389 plenum.
717 1345 758 1388 Quo

57 1402 136 1442 accepto,
143 1407 202 1442 usque
210 1398 233 1431 ad
241 1397 342 1431 satietatem
350 1407 416 1432 omnes
423 1396 518 1432 biberunt:
531 1401 549 1431 et
559 1396 595 1432 illis
605 1397 713 1433 abeuntibus
720 1409 759 1441 vas,

57 1456 75 1484 vt
82 1451 138 1494 prius,
147 1451 222 1494 plenum
230 1450 268 1484 fuit.
305 1443 364 1484 Venit
371 1450 470 1494 aliquando
477 1449 558 1484 inuisere
566 1451 696 1485 monasterium
705 1462 759 1485 suum

58 1502 92 1545 (vir
106 1502 155 1545 dei)²
168 1508 186 1537 et
201 1507 242 1546 post
256 1502 348 1537 orationes
363 1507 381 1536 et
396 1501 515 1536 salutationes
529 1501 605 1537 fratrum
621 1501 696 1537 circuire
710 1503 759 1548 cepit
767 1512 786 1543 ²5

56 1554 162 1598 habitacula,
170 1555 235 1590 volens
242 1556 305 1590 videre
312 1555 328 1590 si
339 1555 382 1600 quid
393 1554 412 1589 in
422 1554 458 1589 illis
467 1555 603 1590 emendandum
613 1555 664 1591 foret.
686 1556 760 1592 Accidit

57 1614 117 1643 autem
124 1615 143 1644 vt
151 1609 243 1644 cellarium
251 1609 338 1644 intraret:
349 1609 380 1643 vbi
389 1609 436 1643 dolio
447 1614 520 1654 reperto
529 1620 571 1644 cum
582 1608 654 1643 modico
661 1608 710 1653 vino,
718 1609 759 1645 fusa

56 1662 79 1696 ad
87 1663 142 1697 deum
149 1674 210 1707 prece,
218 1662 363 1697 benedictionis³
370 1663 455 1697 baculum
463 1661 512 1697 misit
519 1663 538 1697 in
546 1662 613 1707 ipsum.
632 1662 656 1697 Et
663 1663 759 1698 confestim

56 1713 117 1749 vinum
126 1715 145 1750 in
153 1716 201 1750 dolio
209 1717 227 1749 in
235 1721 306 1749 tantum
314 1716 400 1755 excreuit,
407 1721 426 1749 vt
434 1716 483 1749 vasis
491 1716 593 1759 marginem
601 1716 759 1759 superascendere

56 1766 153 1802 videretur.
198 1760 284 1802 Puellam
293 1778 304 1801 a
312 1769 398 1802 demonio
409 1774 501 1812 arreptam
513 1773 576 1802 sancta
587 1778 620 1802 sua
631 1768 759 1804 benedictione
767 1779 788 1810 50

56 1821 127 1856 sanitati
138 1821 214 1866 pristine
225 1820 308 1857 restituit.
331 1821 422 1865 Pipinum‚
434 1826 505 1865 patrem
515 1821 575 1856 Caroli
585 1821 652 1866 magni,
660 1822 758 1866 baptizauit

56 1877 74 1906 et
93 1875 174 1909 omnium
192 1874 331 1919 precedentium
350 1874 461 1909 Francorum
480 1875 557 1908 ducibus
574 1875 696 1918 potentiorem
716 1886 758 1910 eum

56 1925 134 1962 futurum
143 1928 227 1972 predixit.
272 1920 319 1962 Erat
326 1932 387 1961 autem
395 1927 459 1961 beatus
466 1926 600 1961 Willebrordus
610 1928 660 1961 omni
670 1927 758 1970 dignitate

4 1986 6 1991 ’
56 1980 153 2021 preclarus,
161 1986 229 2014 statura
241 1979 323 2022 decorus,
331 1979 376 2014 facie
387 1984 481 2021 venustus,
491 1979 545 2013 corde
556 1979 608 2020 letus,
620 1990 652 2014 ore
662 1981 758 2022 iocundus‚

56 2032 129 2067 consilio
138 2033 213 2077 sapiens
221 2033 299 2077 (simul)⁴
308 2039 326 2067 et
333 2032 428 2077 prouidus,
437 2032 518 2066 moribus
526 2032 642 2077 compositus,
650 2039 669 2068 et
678 2033 697 2068 in
707 2035 758 2069 omni
767 2042 785 2074 35

57 2093 112 2128 opere
120 2086 150 2121 dei
158 2091 248 2121 strenuus.
262 2086 331 2121 Plenus
336 2086 411 2121 tandem
419 2085 472 2120 bonis
480 2084 567 2129 operibus
574 2090 593 2119 et
601 2085 651 2120 omni
657 2086 758 2123 sanctitatis

56 2139 149 2182 exercitio,
154 2139 232 2184 septimo
241 2138 284 2174 Idus
292 2138 407 2175 nouemhris⁴
416 2137 500 2182 migrauit
508 2139 531 2173 ad
537 2139 641 2175 dominum:
652 2147 670 2175 ct
678 2140 758 2185 positum

56 2196 155 2235 estcorpus
161 2193 200 2227 eius
206 2194 224 2226 in
232 2193 345 2236 sarcophago
353 2202 455 2226 marmoreo
461 2192 479 2225 in
485 2193 662 2236 monasterio⁶quod
668 2193 708 2237 lpse
715 2204 758 2228 con-

56 2245 146 2279 struxerat
159 2244 178 2279 in
190 2245 260 2279 honore
272 2251 334 2279 sancte
347 2244 436 2278 trinitatis.
459 2244 513 2287 Quod
526 2245 600 2289 quidem
612 2246 758 2292 sarcophagum⁶

56 2296 98 2338 quia
111 2299 134 2332 ad
148 2309 213 2343 corpus
229 2299 287 2333 sancti
301 2298 415 2333 insufficiens
427 2303 446 2332 et
459 2298 516 2333 breue
527 2297 623 2333 inuentum
634 2304 679 2342 erat,
693 2300 758 2336 fratres
766 2316 786 2345 40

56 2349 99 2391 quid
110 2362 167 2397 super
177 2353 212 2386 hoc
223 2357 299 2397 agerent
311 2351 424 2395 hesitabant;
440 2357 458 2386 et
470 2362 513 2386 ecce
524 2352 570 2387 miro
581 2353 636 2387 modo
647 2353 671 2388 ita
683 2353 757 2397 longum

56 2409 148 2445 repertum
162 2411 190 2439 est
203 2405 255 2450 quasi
268 2406 291 2440 ad
305 2415 410 2439 mensuram
424 2404 504 2449 corporis
516 2405 575 2440 sancti
586 2405 651 2440 fuisset
663 2417 704 2441 cum
718 2406 758 2441 dili-

57 2529 227 2587 ³¹T.grauemcum.
265 2534 399 2564 'virdeiounin
407 2535 426 2566 Τ.
463 2534 622 2576 ’Sur.ben.graua.
660 2536 708 2570 ⁴0m.
716 2537 731 2568 in
739 2537 757 2569 T.

73 2581 94 2602 sc.
104 2572 198 2612 Epternaeo.
258 2574 265 2593 ⁶
274 2576 293 2606 T.
300 2576 432 2615 sarchophagum.

78 2638 118 2665 vor.
126 2642 145 2667 11.
391 2642 423 2678 og
