1762 2803
131 152 176 197 374
209 201 210 204 Ἴ
322 140 402 192 nauta
417 137 534 200 tarmus
549 137 642 200 analio.

133 272 170 304 qua
188 260 261 305 penitus
280 260 324 294 mihi
343 260 440 294 deuinctus
455 266 499 302 erat,
515 261 606 304 octoginta
621 265 699 304 quatuor
714 258 800 293 mansas¹
815 258 834 293 in

132 313 201 348 ambitu
208 314 243 348 loci
250 314 299 348 illius
307 313 338 357 qui
346 313 559 348 ‘et-Hamme2’dicitur.
568 338 571 347 .
580 339 584 347 .
592 338 596 347 .
616 313 660 347 Post
665 313 756 347 modicum
761 317 835 356 tempus

132 368 229 402 Aldelmus
245 368 341 411 religiosus
357 368 455 410 episcopus
473 366 558 411 migrauit
573 368 596 400 ad
612 366 719 400 dominum:
736 367 784 409 quod
800 376 835 409 ego

133 432 168 464 per
186 420 317 455 reuelationem
336 431 445 463 agnoscens,
461 420 566 454 conuocatis
582 419 668 453 fratribus
684 424 702 453 et
717 418 789 453 clericis
805 429 835 452 ex-

117 483 207 513 5cessum
220 473 320 507 venerandi
333 472 390 516 patris
402 474 429 506 eis
443 473 506 516 aperui
511 473 522 514 ³,
535 473 583 506 etin
597 472 713 506 meldunensi
725 471 836 505 monasterio

134 536 175 560 cum
183 525 253 559 honore
261 525 343 570 sepeliui.
367 525 410 559 Post
421 525 455 560 hec
462 536 507 560 vero
515 536 557 559 cum
565 525 653 560 Kenredo
664 536 708 569 rege
720 524 836 565 Marciorum,

134 583 152 612 et
162 578 203 612 Offa
213 589 257 621 rege
269 577 391 612 Orientalium
403 578 506 621 Anglorurn
518 578 597 612 Romam
608 578 688 622 perrexi,
698 583 716 612 et
727 578 750 611 de
761 576 837 611 cenobio

133 630 227 663 fundando
246 632 269 664 ad
284 635 326 664 vota
343 635 408 663 cuncta
424 622 499 673 peregi!
545 624 614 664 Fertur
629 630 679 664 enim
694 630 743 673 quod
762 630 806 662 dum
818 629 837 662 in

134 682 200 718 itinere
212 682 243 716 illo
253 693 287 726 per
297 687 394 716 montuosa
405 687 424 716 et
435 682 486 716 arida
497 683 532 716 iret
545 682 590 723 loca,
604 682 634 716 die
646 683 725 726 quadam
737 681 791 722 same,
803 681 838 721 siti,

107 747 126 770 ιο
135 741 153 769 et
161 735 268 769 lassitudine
276 735 351 769 omnino
359 735 453 769 addictus⁴
462 741 495 776 est,
503 741 521 769 et
529 735 573 769 socii
581 736 626 776 eius,
634 746 676 769 cum
686 734 765 778 plurima
775 734 838 778 populi

134 789 192 823 turba.
216 788 298 833 Rogatus
309 788 364 833 igitur
375 799 385 822 a
397 788 451 823 sociis
463 793 537 823 sanctus
551 787 655 833 episcopus,
668 798 734 833 preces
748 788 770 822 ad
783 787 838 822 deum

134 842 191 876 fudit:
211 847 229 875 et
247 843 288 876 fons
307 853 354 885 aque
375 842 504 885 limpidissime
525 853 550 875 ex
571 842 646 875 harenis
668 842 730 875 statim
751 841 838 884 prosiliit;

135 895 251 938 acceptisque
268 894 347 939 panibus
362 900 380 928 et
395 896 458 938 paucis
474 895 552 936 cibariis,
568 905 604 937 que
618 895 698 928 habebat
713 904 747 938 per
761 894 839 937 populos

136 946 234 990 dispersit3
246 946 369 990 resectisque⁵
381 948 466 980 omnibus
479 948 534 981 deum
547 946 566 979 in
577 951 640 980 sancto
652 958 685 980 suo
697 945 823 990 glorificabant
829 946 840 979 ⁰.

110 1012 128 1042 15
138 992 211 1033 Detulit
223 1004 284 1033 autem
297 1009 360 1033 secum
372 1010 382 1033 a
395 999 455 1033 Roma
466 999 495 1033 vir
507 998 536 1032 dei
549 998 671 1043 priuilegium,
685 999 736 1032 cuius
750 997 790 1031 talis
802 1003 840 1031 erat

137 1056 201 1085 tenor:
214 1045 372 1086 ⁷‘Constantinus
384 1051 482 1094 episcopus
494 1061 560 1085 seruus
572 1060 668 1084 seruorum
682 1051 717 1093 dci,
729 1050 840 1084 Brithwaldo

139 1103 275 1137 Britanniarum
294 1103 381 1139 ecclesiel
397 1103 476 1147 primati,
493 1103 571 1138 salutem
590 1108 608 1137 et
622 1103 740 1147 apostolicam
756 1102 840 1137 benedic-

138 1156 212 1190 tionem.
234 1156 365 1190 Venerabilem
380 1156 440 1190 virum
456 1156 554 1200 nginum
569 1155 683 1199 episcopum,
698 1166 753 1200 quern
768 1155 796 1189 bis
811 1160 842 1190 tua

138 1209 242 1243 fraternitas
254 1210 277 1243 ad
289 1208 407 1253 apostolicam
421 1209 485 1243 sedem
498 1208 552 1251 misit,
564 1208 619 1242 etiarn
631 1219 679 1243 nunc
691 1209 773 1243 secundo
785 1208 842 1242 mani·

111 1276 130 1298 20
139 1261 188 1306 pulis
199 1261 269 1295 iusticie
281 1261 370 1295 refertum
381 1261 415 1295 tibi
427 1261 543 1304 remittimus,
555 1266 653 1295 monentes
665 1262 750 1305 quatinus
761 1261 787 1295 sic
799 1272 843 1295 suos

139 1315 228 1348 effectust
243 1314 346 1348 adiuuando
365 1315 490 1358 prosequaris,
507 1314 559 1347 sicuti
574 1313 626 1347 illum
641 1325 651 1347 a
666 1315 701 1347 deo
717 1313 810 1357 incepisse
825 1319 843 1347 et

139 1367 158 1401 in
167 1366 196 1401 via
204 1366 233 1400 dei
244 1366 346 1400 cucurrisse
357 1367 464 1410 cognouisti
487 1367 544 1400 Porro
552 1366 576 1400 de
583 1366 654 1400 visione
664 1366 700 1408 illa,
712 1366 768 1399 immo
780 1372 843 1409 aperta

140 1420 251 1461 ostensione,
259 1431 295 1463 qua
303 1430 323 1453 se
331 1420 384 1453 beata
391 1419 443 1463 virgo
452 1419 510 1453 Maria
521 1418 538 1452 ei
547 1418 674 1461 manifestauit,
682 1429 729 1462 eque
737 1418 762 1452 ita
773 1424 843 1453 certum

141 1483 183 1506 esse
189 1476 273 1505 tenemus
278 1472 292 1491 u
299 1472 453 1515 quemadmodum
461 1473 484 1505 de
490 1471 525 1506 viri
529 1471 609 1505 bonitate
617 1482 654 1504 non
660 1472 769 1505 dubitamus.
787 1471 844 1505 Deni-

114 1538 131 1567 25
141 1535 177 1567 que
184 1524 297 1566 vigilantiam
304 1528 354 1557 tuam
362 1525 483 1558 admonemus
490 1523 575 1567 quatinus
586 1523 622 1557 illis
632 1523 651 1557 in
661 1524 744 1567 partibus
752 1523 770 1557 in
778 1523 844 1567 quibus

142 1576 265 1611 manifestatio
277 1576 338 1611 habita
351 1576 407 1611 luisse
420 1576 503 1619 refertur,
514 1576 610 1610 concilium
623 1576 678 1610 totius
688 1576 755 1620 Anglie
766 1587 821 1620 cogas
826 1576 844 1619 ¹¹,

143 1630 242 1675 episcopos
250 1630 334 1674 sacrique
342 1629 411 1664 ordinis
421 1629 515 1674 religiosas
525 1639 614 1673 personas
625 1629 667 1663 illuc
677 1629 776 1663 conuenire
784 1629 844 1671 facias,

144 1684 278 1727 optimatesque
293 1683 345 1726 regni
359 1694 401 1716 cum
412 1683 519 1726 proceribus
530 1683 568 1716 suis
580 1683 646 1716 adesse
657 1682 753 1726 precipias.
776 1683 846 1724 Quibus

145 1736 164 1770 in
177 1735 251 1770 nomine
261 1735 330 1770 domini
341 1736 455 1779 congregatis
466 1736 598 1769 denunciamus
608 1736 657 1779 quod
666 1737 702 1769 duo
712 1746 766 1781 reges
778 1736 846 1780 Anglie

116 1805 135 1832 50
146 1789 246 1822 Kenredus
261 1794 279 1821 et
295 1788 341 1829 Offa,
357 1799 399 1821 cum
415 1788 481 1831 quibus
499 1788 536 1821 iam
555 1788 613 1820 dictus
632 1788 730 1831 episcopus
746 1789 769 1820 ad
784 1788 847 1821 limina

145 1841 270 1885 apostolorum
281 1840 336 1882 venit,
350 1840 369 1873 in
383 1841 422 1873 loco
438 1847 512 1874 ostense
525 1839 601 1874 visionis
613 1841 691 1883 plurima
703 1842 726 1874 de
739 1840 778 1875 suis
790 1841 847 1875 bene-

146 1892 192 1927 ficiis
200 1893 219 1926 in
228 1892 321 1936 presentia
329 1898 396 1934 nostra,
407 1893 457 1936 regia
466 1893 549 1926 libertate
559 1894 624 1926 donata
632 1897 650 1926 et
658 1893 758 1936 apostolica
769 1893 847 1926 auctori-

144 1951 182 1980 tate
190 1946 297 1979 confirmata
301 1945 314 1965 1²
323 1946 445 1989 contulerunt,
455 1946 540 1990 quatinus
548 1944 616 1978 ibidem
624 1944 740 1990 congregatio
749 1945 847 1979 monacho·

146 2010 187 2033 rum
203 2000 304 2032 secundum
320 1999 401 2042 regulam
416 1998 531 2033 memorandi
546 1998 603 2042 patris
619 1998 718 2041 Benedicti,
734 2009 770 2042 que
786 1999 847 2033 minus

117 2064 135 2094 35
145 2052 164 2085 in
180 2051 215 2085 illis
231 2052 313 2095 partibus
328 2051 404 2085 adhuc¹³
418 2052 500 2094 habetur,
511 2051 570 2095 possit
583 2051 680 2085 instaurari
692 2056 710 2085 et
722 2050 848 2087 indesinenter

147 2105 220 2139 Christo
243 2105 332 2146 famulari.
362 2105 415 2148 ipsas
433 2111 495 2139 autem
513 2104 621 2137 donationes
640 2109 658 2138 et
676 2104 766 2138 beneficia
784 2106 849 2149 prelati

146 2169 200 2203 reges
207 2157 219 2176 ¹*
227 2157 246 2191 in
254 2158 337 2202 ipsorum
349 2158 445 2202 priuilegio
455 2157 563 2192 nominatim
573 2158 740 2192 determinauerunt
750 2163 768 2191 et
777 2159 849 2193 anobis

147 2212 261 2256 corroborari
273 2212 360 2245 iecerunt.
384 2211 447 2254 igitur,
459 2211 516 2245 frater
527 2210 598 2252 dilecte,
611 2222 684 2254 quoquo
698 2211 753 2244 modo
765 2211 849 2246 Christus

147 2264 269 2297 annuncietur
282 2265 353 2297 lucrum
367 2263 435 2297 Christi
450 2264 527 2307 inquire,
540 2274 586 2306 opus
602 2264 669 2297 Christi
683 2273 754 2305 exerce,
768 2265 849 2307 promul-

118 2332 138 2362 4⁰
147 2316 231 2360 gatisque
243 2316 261 2350 in
274 2315 351 2350 concilio
362 2315 443 2358 undique
454 2316 550 2350 sententiis
562 2321 600 2349 tum
612 2326 623 2350 a
634 2316 669 2350 deo
681 2321 756 2350 ostense
768 2315 849 2355 visionis,

147 2375 186 2404 tum
200 2369 298 2413 apostolice
313 2368 430 2411 auctoritatis,
443 2374 482 2403 tum
494 2368 544 2413 regie
557 2368 645 2403 libertatis
657 2374 675 2403 et
691 2368 798 2411 donationis,
810 2374 849 2404 tum

166 2459 297 2490 1Boll.mansos.
338 2459 448 2488 “lihommo.
488 2459 600 2496 tnapperui.
644 2458 751 2489 ⁴r.afflictns.
793 2459 851 2489 ⁵T.et

148 2500 215 2529 refectis.
252 2499 258 2516 i
269 2500 309 2529 Boll.
317 2499 450 2536 glorificauerunt.
486 2498 492 2516 ⁷
503 2499 526 2529 Ci.
534 2499 571 2529 Chr.
579 2499 636 2530 Evesh.
644 2509 659 2537 p.
668 2508 701 2536 171.
741 2499 746 2516 ⁸
756 2508 787 2529 orn.
795 2499 815 2529 in.
824 2499 850 2536 R.,

149 2539 302 2570 Boll.ecclesiarum.
332 2539 442 2570 ⁹E.affectus.
474 2539 485 2557 ¹⁰
495 2540 514 2570 al.
522 2543 609 2570 teneamus.
639 2539 651 2557 ¹¹
661 2540 679 2569 E.
687 2547 740 2577 rogas.
767 2538 850 2569 ¹²E.con·

149 2578 226 2608 firmitate.
263 2579 468 2617 13ΒοΙΙ.ῑιεΠιιιοίηιῚΙίερ.
505 2578 603 2616 nE.regcs.
