1762 2803
121 126 165 179 236
312 121 392 174 noue
407 118 523 182 toruus
539 116 632 182 anglia

121 243 181 278 uincie
196 242 303 278 imminente
318 242 432 284 mortalitate,
447 247 466 276 et
480 242 578 287 impetraui
593 253 604 277 a
618 242 693 277 domino
709 253 751 278 meo
767 239 821 280 Ihesu

121 297 194 330 Christo
202 302 221 331 vt
228 296 309 330 visitaret
320 296 407 339 populum
415 304 489 329 meum:
501 301 544 328 tunc
552 295 647 329 dominum
655 306 689 339 pro
699 301 717 330 te
727 298 796 340 rogaui,
804 304 822 331 et

121 350 144 384 ab
155 350 260 383 infirmitate
270 355 301 383 tna
310 349 398 383 liberatus
406 348 442 381 vite
450 348 591 383 conuersionem
600 347 710 392 promisisti:
722 354 740 383 et
748 360 772 382 ex
780 355 822 384 tunc

122 404 145 437 de
153 402 201 437 malo
209 402 227 436 in
235 402 287 446 peius
295 400 383 436 victitasti.
407 401 448 444 Qua
458 400 513 445 igitur
522 401 587 444 fronte,
595 401 664 436 luchris
674 405 693 435 et
703 403 756 446 nugis
765 404 822 438 curia-

105 456 166 493 5lium
177 456 254 497 deditus,
263 466 292 489 me
302 455 389 489 inuocare
398 455 514 498 presumis?'
537 455 620 497 Cumque
630 455 778 488 emendationem
785 457 822 491 vite

122 519 164 542 cum
176 507 268 542 lachrimis
279 506 419 551 spospondisset
425 508 436 549 ¹,
446 507 477 540 illa
485 507 537 542 vultu
549 507 634 541 hilariore
644 507 695 541 illum
704 507 778 542 intuens
787 509 820 545 ait:

122 561 222 595 ‘Misereor
228 560 258 602 tui,
265 560 281 595 si
289 560 314 594 tui
322 559 363 604 ipse
371 560 457 594 misertus
465 560 500 594 deo
508 559 579 594 seruire
584 559 613 594 vel
622 570 664 595 sero
669 559 759 594 volueris)
778 560 822 597 Eius

122 624 166 648 vero
174 618 222 648 tactu
231 618 310 655 sanatus,
317 613 399 647 habitum
405 612 498 656 religIonis
506 613 593 657 suscepit,
599 617 617 646 et
622 612 688 647 deuote
695 613 730 647 deo
738 613 821 649 seruiens

122 666 141 699 in
152 666 232 710 priorem
243 666 306 700 Sancti
317 665 441 699 Bartholomei
451 664 552 699 Londoniis
563 666 632 699 electus
643 670 676 699 est.
722 659 822 700 Mulierem

96 730 115 751 10
123 725 234 754 contractam
242 720 311 762 erexit;
323 719 386 754 iuueni
397 724 447 754 muto
459 724 477 753 et
489 719 544 754 surdo
556 718 648 763 loquelam
660 724 678 753 et
690 719 770 754 auditum
781 721 823 755 recl-

123 773 172 816 didit,
181 778 199 806 et
207 772 269 807 multis
276 773 316 807 aliis
324 783 379 817 opem
387 773 426 807 eius
433 772 452 806 in
461 783 494 806 sua
501 772 607 807 infirmitate
615 773 754 816 implorantibus
765 774 823 808 salute

123 831 198 871 recepta
213 828 303 861 subuenit.
348 819 415 861 Puella
429 826 508 870 quedam
523 825 582 860 officio
596 825 666 860 brachii
681 825 706 859 ita
720 825 792 870 priuata
804 833 823 861 vt

123 879 176 912 lateri
187 878 345 922 inseparabiliter²
356 879 458 919 adhereret,
470 889 511 912 cum
523 878 593 912 meritis
606 883 669 912 sancte
681 878 746 912 Osithe
761 885 824 913 sanata

124 932 206 976 perfecte
217 931 287 975 fuisset,
295 936 357 965 votum
369 930 481 964 continentie
492 930 593 973 commisit;
605 941 694 974 processu
706 936 767 963 tamen
779 936 824 964 tem-

97 994 114 1025 15
124 984 174 1029 poris
182 994 223 1019 curn
232 985 311 1028 quodam
319 985 386 1019 iuuene
392 984 528 1018 matrimonium
535 983 629 1018 contraxit.
648 983 682 1018 Cui
690 988 753 1017 sancta
760 983 824 1017 Ositha

123 1048 221 1082 apparens,
228 1048 260 1071 cur
267 1037 365 1072 temerario
373 1048 418 1071 ausu
426 1043 468 1071 vota
476 1048 512 1081 que
518 1036 641 1070 distinxerunt
647 1036 695 1070 labia
700 1047 734 1070 sua
740 1036 824 1079 rupisset,

123 1090 383 1135 spurcissimum³e0niugium
391 1091 533 1134 improperando
542 1089 639 1132 redarguit,
645 1095 664 1124 et
669 1090 778 1134 compedum
785 1090 824 1124 vin·

124 1145 164 1178 culo
176 1142 262 1178 inuisibili
274 1144 332 1188 pedes
343 1144 383 1177 eius
394 1143 461 1178 arctius
473 1143 614 1188 constringebat,
621 1148 641 1177 vt
651 1143 718 1187 pedem
728 1142 771 1187 pedi
782 1144 824 1177 sub-

124 1199 191 1232 iectum
202 1197 290 1231 diuellere
301 1208 338 1230 non
346 1197 415 1237 valens,
424 1196 484 1230 officio
492 1198 560 1240 pedum
568 1207 644 1240 prorsus
652 1196 743 1238 destituta,
751 1196 824 1230 vltionis

97 1262 115 1284 ro
124 1250 186 1284 diuine
197 1249 299 1293 ssagellum⁴
309 1250 404 1285 sentiebat.
428 1249 498 1284 Meritis
510 1249 584 1283 tandem
594 1254 657 1283 sancte
666 1248 730 1283 Osithe
741 1249 824 1292 sospitati

124 1302 632 1345 reddita,correetiorivitedereliquostuduitadherere.
669 1294 824 1345 Mulierquedam

125 1357 194 1400 pedum
202 1354 261 1388 officio
269 1355 331 1388 multis
338 1355 392 1388 annis
400 1355 490 1397 destituta,
498 1365 540 1388 cum
548 1365 558 1387 a
566 1354 672 1388 custodibus
682 1354 759 1389 ecclesie
767 1355 824 1389 sancti

125 1407 218 1442 Edmundi
228 1412 314 1452 tanquam
326 1407 445 1451 obprobrium
455 1407 550 1440 hominum
561 1413 579 1441 et
589 1407 649 1450 plebis
661 1406 738 1441 abiectio
748 1407 825 1451 proiice·

125 1466 185 1501 retur·,
197 1460 271 1503 quidam
280 1461 341 1494 vultus
352 1460 452 1495 venerandi
463 1459 482 1493 in
492 1460 532 1494 visu
544 1458 561 1493 ei
572 1470 664 1503 apparens
675 1460 731 1494 dixit:
744 1460 825 1502 ‘Mulier‚

98 1523 116 1553 ²5
125 1513 169 1557 quid
181 1512 210 1546 hic
222 1513 312 1547 moraris?
334 1513 409 1547 Frustra
420 1513 450 1546 hic
462 1517 549 1556 expectas
560 1513 609 1556 quod
620 1512 673 1555 petis.
696 1513 765 1556 Surge:
781 1514 826 1546 alias

126 1565 158 1599 tibi
166 1565 260 1608 querenda
268 1569 296 1599 est
304 1565 353 1599 salus
362 1575 416 1608 quam
425 1564 524 1607 efflagitas?
547 1564 570 1598 Et
578 1564 619 1598 illa:
631 1565 687 1607 ‘Quis
698 1575 724 1607 es,
732 1565 826 1599 domine?'

126 1621 131 1639 ‘
137 1618 181 1662 Ego,
190 1616 252 1661 inquit,
263 1628 304 1651 sum
315 1628 381 1651 seruus
392 1618 422 1651 dei
433 1618 552 1660 Edmundus;
563 1618 610 1652 vade
621 1619 644 1652 ad
656 1617 752 1652 ecclesiam
763 1623 826 1652 sancte

126 1672 197 1714 Osithe,
208 1677 228 1705 vt
241 1671 337 1705 sanitatem
349 1671 448 1715 perfectam
460 1670 547 1715 consequi
559 1671 656 1705 merearis!
679 1671 720 1714 Quo
731 1682 773 1705 curn
784 1681 826 1716 per-

127 1726 214 1767 uenisset,
222 1724 285 1758 dolore
293 1726 419 1759 membrorum
427 1724 532 1768 quiescente
541 1729 603 1758 sanata
611 1724 696 1758 surrexit.

149 1837 196 1882 [MS.
205 1838 244 1872 Tib.
252 1839 309 1873 adds:
429 1837 514 1872 Narratio
518 1838 530 1873 ⁵.

100 1926 119 1955 50
150 1905 195 1946 Duo
204 1911 289 1956 religiosi,
298 1912 344 1945 sicut
355 1912 374 1945 in
381 1911 429 1945 Vitis
437 1916 509 1955 patrum
517 1912 599 1954 habetur,
607 1912 659 1956 quasi
667 1918 743 1957 propter
750 1920 827 1956 regnum

128 1966 208 2000 celorum
218 1976 239 1999 se
251 1970 383 2000 castrauerunt.
406 1966 460 2008 Quod
469 1965 544 2000 audiens
553 1966 655 2010 episcopus,
664 1964 828 2000 excommunicauit

129 2030 166 2053 eos.
190 2018 219 2052 Illi
230 2023 292 2053 autem
303 2024 389 2063 putantes
401 2019 443 2062 quia
454 2020 502 2054 bene
513 2019 605 2062 iecissent,
613 2019 701 2064 indignati
712 2024 755 2054 sunt
767 2024 828 2054 contra

129 2083 177 2113 eum,
186 2071 277 2106 dicentes:
290 2072 339 2105 ‘Nos
349 2077 425 2116 propter
435 2083 492 2115 regna
502 2073 583 2106 celorum
593 2072 713 2106 castrauimus
724 2083 763 2113 nos,
772 2079 790 2107 et
799 2071 827 2105 hic

128 2124 295 2158 excommunicanit
309 2127 367 2159 nos?’
390 2125 413 2157 Et
424 2125 519 2168 conquesti
532 2125 670 2169 archiepiscopo
681 2124 828 2163 ierosolimitana,

101 2188 120 2218 35
129 2177 160 2210 ille
171 2175 206 2210 ait:
222 2176 256 2209 ‘Et
268 2188 302 2220 ego
313 2188 346 2211 uos
358 2179 507 2212 excommunico)
530 2177 552 2211 Id
565 2177 614 2211 idem
626 2176 668 2212 fecit
680 2177 829 2221 archiepiscopus

130 2229 260 2271 antiochenus;
272 2230 356 2264 similiter
363 2236 381 2264 et
389 2241 442 2275 papa.
464 2231 516 2265 Tunc
524 2231 636 2273 deficientes,
645 2231 731 2264 dixerunt
741 2231 788 2264 intra
797 2240 828 2263 se:

129 2283 172 2317 ‘lsti
185 2281 267 2327 episcopi
280 2282 315 2316 sibi
329 2282 408 2317 inuicem
420 2284 550 2318 consenciunt:
568 2289 597 2319 set
611 2295 675 2318 eamus
690 2285 713 2318 ad
727 2284 787 2318 uirum
799 2281 828 2317 dei

130 2341 215 2371 sanctum
228 2335 352 2379 Epiphaniam
367 2336 476 2380 episcopum
489 2339 512 2371 de
525 2336 585 2381 Cipro,
603 2336 645 2381 quia
660 2338 750 2381 propheta
763 2343 796 2379 est,
812 2340 829 2368 et

129 2399 229 2435 personam
240 2389 320 2422 hominis
331 2399 368 2423 non
380 2390 454 2433 accipit)
477 2390 523 2424 Cum
534 2396 595 2424 autem
607 2390 775 2434 appropinquarent
786 2388 829 2423 ciui-

102 2453 122 2483 40
129 2442 161 2477 tati
173 2441 217 2484 eius,
228 2442 329 2475 reuelatum
339 2447 367 2475 est
377 2442 394 2475 ei
404 2443 427 2475 de
437 2442 488 2486 ipsis.
510 2443 533 2475 Et
545 2443 619 2477 mittens
629 2442 648 2476 in
659 2454 756 2477 occursum
766 2451 829 2477 eorum

150 2534 305 2573 ¹T.spopondisset.
359 2534 393 2564 1Ε.
401 2535 530 2572 inseperabiliter.
582 2535 745 2574 ³E,spursissimum.
796 2531 830 2563 ’Β

129 2575 210 2613 flagellam.
271 2575 277 2593 ⁵
287 2575 310 2605 (ῐὶ.
317 2573 348 2606 Vit.
357 2574 397 2605 Patr.
405 2584 420 2613 p.
427 2576 463 2614 968.
