1762 2803
240 135 285 190 Ur
300 133 400 187 &uncto
416 134 540 188 miniano.
694 149 738 189 219

38 252 128 289 Hibernia
138 254 230 299 presbiter
240 260 258 290 et
268 255 324 289 abbas
335 255 396 289 habitu
405 260 423 289 et
430 256 467 290 vita
478 255 562 290 monachi
572 253 656 300 insignis,
664 255 738 289 nornine

37 307 130 351 Columba,
143 308 261 351 Britanniam,
273 309 399 353 predicaturus
410 311 488 344 verbum
500 310 530 344 dei
541 308 641 353 prouinciis
654 309 739 353 Septem·

36 361 140 396 trionalium
149 362 247 405 Pictorum,
256 362 297 407 qui¹
305 363 367 397 arduis
375 368 429 407 atque
437 363 555 398 horrentibus
563 360 653 396 montium
660 361 708 406 iugis
716 362 739 396 ab

36 415 146 449 australibus
158 426 222 449 eorum
233 421 276 449 sunt
288 416 393 459 regionibus
404 415 519 458 sequestrati.
542 415 590 448 Nam
597 414 633 458 ipsi
641 414 739 447 Australes

38 466 88 506 Picti,
102 467 133 510 qui
146 467 194 501 inter
208 468 284 502 eosdem
299 472 371 501 montes
383 467 450 502 habent
462 468 521 508 sedes
534 467 591 501 multo
602 472 644 501 ante
656 472 757 511 tempore5

37 518 100 553 relicto
116 530 179 554 errore
195 520 278 554 idolatrie
294 521 351 554 fidem
364 520 446 555 veritatis
461 525 576 564 acceperant,
591 520 697 565 predicante
712 518 740 554 eis

39 571 118 606 Niniauo
133 573 219 618 episcopo
235 574 385 608 reuerentissimo
401 580 419 607 et
435 573 550 607 sanctissimo
567 573 612 613 viro,
627 573 650 606 de
666 573 740 606 natione

38 624 139 668 Britonum,
156 626 186 669 qui
203 632 242 660 erat
259 626 319 661 Rome
336 626 443 670 regulariter
460 627 516 660 fidem
533 631 551 660 et
567 625 648 660 misteria
659 626 740 659 veritatis

38 678 119 712 edoctus.
142 678 198 713 Cuius
211 680 275 714 sedem
286 679 402 724 episcopatus
412 681 470 714 sancti
481 679 555 714 Martini
566 678 648 722 episcopi
660 679 740 720 nomine,

38 736 56 764 et
63 731 159 765 ecclesiam
165 732 262 775 insignem,
268 734 298 765 vbi
305 734 345 775 ipse
350 733 406 766 etiam
411 743 488 775 corpore
494 742 531 765 vna
537 743 578 765 cum
584 732 667 775 pluribus
672 730 741 764 sanctis
750 742 769 764 ro

38 783 142 826 requiescit,
150 784 192 818 iecit
199 785 220 828 (i)
226 784 237 827 ⁹,
245 784 276 829 qui
285 783 350 830 [locus]
356 784 363 804 ³
370 784 425 829 vulgo
433 789 508 820 vocatur
516 784 548 820 ‘ad
560 784 656 819 candidam
667 785 740 825 casam,’

39 848 61 870 eo
75 838 123 880 quod
137 838 162 871 ibi
177 838 273 872 ecclesiam
287 839 310 873 de
323 838 390 883 lapide,
402 837 474 872 insolito
488 837 583 872 Britonum
597 848 654 880 more,
667 836 740 871 iecerit.¹

39 889 109 924 Verum
124 891 174 935 quod
190 891 240 926 Beda
255 892 330 926 breuius
349 891 428 935 scripsit,
443 892 500 926 lacius
515 891 550 925 deo
565 896 639 925 auctore
654 891 741 935 prosequi

39 944 103 986 placet.
149 937 173 978 in
187 944 282 978 Britannia
294 944 359 978 Maiori
372 944 429 989 regali
441 955 465 978 ex
478 943 564 988 prosapia
576 944 640 979 beatus
652 943 742 977 Ninianus

39 995 98 1029 extitit
114 997 207 1037 oriundus,
222 997 241 1030 in
257 1007 284 1038 ea,
297 1003 317 1031 vt
331 1003 410 1040 putatur,
422 997 497 1039 regione
509 1007 546 1040 que
558 996 577 1029 in
591 996 671 1030 occiduis
683 996 741 1039 ipsius
751 1008 769 1039 ις

39 1046 99 1080 insule
111 1047 199 1091 partibus,
209 1048 239 1083 vbi
250 1060 340 1083 occeanus
351 1048 402 1093 quasi
413 1048 507 1083 brachium
517 1047 620 1093 porrigens,
632 1054 650 1082 et
662 1058 685 1083 ex
695 1054 742 1082 vtra-

40 1111 76 1143 que
87 1106 139 1144 parte
151 1101 203 1145 quasi
212 1102 259 1136 duos
269 1103 346 1146 angulos
357 1101 430 1143 faciens
442 1102 538 1136 Scotorum
549 1112 598 1135 nunc
611 1106 629 1134 et
639 1101 741 1145 Anglorum

40 1152 125 1197 [regna]¹
137 1154 202 1189 diuidit
213 1155 315 1197 constituta,
327 1166 385 1199 vsque
396 1155 419 1189 ad
430 1154 532 1189 nouissima
542 1154 646 1199 Anglorum
657 1160 741 1199 tempora

40 1208 135 1250 proprium
147 1207 233 1242 habuisse
245 1219 314 1253 regem,
326 1219 363 1242 non
376 1208 436 1242 solum
447 1207 563 1241 historiarum
573 1208 614 1250 fide,
624 1208 657 1242 sed
669 1213 687 1241 et
697 1218 742 1251 quo·

41 1260 119 1293 rundam
127 1271 200 1303 quoque
207 1261 296 1295 memoria
304 1262 436 1305 comprobatur,
460 1261 514 1295 Pater
521 1260 561 1295 eius
568 1271 602 1294 rex
610 1260 648 1302 suit,
653 1261 742 1304 religione
751 1270 771 1291 πο

41 1310 156 1355 christianus,
162 1319 179 1348 et
187 1324 231 1348 vere
239 1314 283 1349 felix
288 1315 319 1358 qui
324 1314 379 1348 talem
385 1314 457 1358 prolem
463 1314 532 1348 habere
538 1313 610 1348 meruit.
637 1306 687 1348 Cum
693 1314 742 1348 enim

42 1365 132 1398 Ninianus
140 1376 199 1399 annos
206 1367 288 1410 pueriles
296 1367 422 1410 transegisset,
430 1366 477 1400 mira
484 1366 510 1400 illi
518 1365 566 1400 circa
573 1365 662 1400 ccclesias
670 1366 743 1400 deuotio

42 1423 87 1460 erat,
96 1418 142 1452 mira
153 1418 200 1453 circa
210 1419 270 1453 socios
278 1418 356 1454 dilectio.
379 1419 401 1452 in
411 1419 452 1452 cibo
462 1418 539 1461 sobrius,
547 1429 614 1463 parcus
622 1419 641 1452 in
649 1419 716 1459 verbis,
724 1419 743 1451 in

42 1470 120 1505 lectione
133 1471 223 1514 assiduus,
234 1472 296 1515 grauis
308 1471 395 1514 moribus,
406 1471 440 1506 ioci
450 1472 550 1514 abstinens,
559 1477 577 1506 et
588 1471 658 1516 spiritui
669 1481 744 1515 semper

43 1534 117 1558 carnem
126 1524 229 1559 subiiciens.
244 1525 328 1559 Tandem
335 1525 393 1560 sancti
399 1525 475 1569 spiritus
481 1525 568 1559 instinctu
574 1525 670 1567 animatus,
676 1524 744 1568 spretis
753 1534 771 1563 25

42 1576 115 1618 diuitiis,
131 1578 253 1622 omnibusque
268 1577 341 1612 calcatis
355 1578 486 1620 allectionibus,
499 1577 664 1622 peregrinationem
678 1576 744 1611 nobilis

43 1629 151 1664 adolescens
162 1631 243 1674 arripuit.
265 1630 367 1665 Transiens
377 1641 421 1665 vero
434 1641 490 1672 mare,
502 1635 520 1664 et
531 1641 565 1674 per
576 1629 674 1674 gallicanas
685 1630 745 1673 Alpes

42 1682 138 1726 ingressus
154 1683 229 1724 Italiam,
245 1693 335 1727 prospero
351 1683 416 1718 itinere
432 1682 512 1717 Romam
525 1694 583 1726 vsque
596 1682 686 1727 peruenit.
708 1683 745 1716 Ac·

44 1735 113 1769 cedens
123 1741 185 1769 autem
194 1737 217 1771 ad
225 1746 318 1771 summum
330 1736 437 1780 pontificem
445 1747 486 1770 cum
494 1738 511 1770 ei
518 1736 588 1771 itineris
596 1738 624 1771 sui
632 1746 705 1770 causam
713 1746 745 1770 ex-

44 1787 142 1832 posuisset,
148 1789 265 1834 amplexatus
273 1790 313 1825 eius
319 1790 436 1824 deuotioaem
444 1789 532 1834 pontifex,
538 1790 625 1824 lucoeum
633 1789 665 1824 filii
673 1800 746 1824 summa
754 1800 774 1829 30

44 1852 85 1874 cum
98 1842 195 1876 deuotione
209 1843 296 1888 suscepit,
307 1841 476 1887 doctorilbu]sque⁵
488 1842 576 1885 veritatis,
589 1842 632 1877 fidei
644 1841 746 1886 disciplinis

45 1905 65 1927 ac
73 1896 123 1928 sanis
133 1895 223 1938 scripture
232 1895 318 1929 sensibus
328 1896 402 1929 tradidit
413 1895 536 1930 imbuendum.
559 1895 674 1929 Adolescens
684 1894 745 1938 itaque

44 1952 82 1980 tota
93 1947 160 1980 deinde
170 1948 255 1981 auiditate
267 1948 340 1980 inhians
350 1948 406 1981 verbo
418 1947 453 1987 dei,
463 1948 521 1980 instar
529 1948 570 1991 apis
581 1952 710 1991 argumentose
722 1957 746 1981 ex

44 1998 123 2033 diuersis
132 1999 225 2033 doctorum
233 1999 336 2040 sententiis,
341 2000 393 2044 quasi
402 2011 425 2034 ex
432 2000 484 2034 multi
490 2001 564 2043 generis
570 2000 650 2041 floribus,
656 2000 746 2044 sapientie

46 2052 81 2085 sibi
94 2052 146 2086 fauos
160 2053 266 2097 composuit,
280 2058 335 2097 atque
348 2053 367 2087 in
381 2052 452 2087 alueolo
466 2052 494 2086 sui
508 2052 587 2095 pectoris
600 2053 710 2093 recondens,
723 2053 746 2086 ad
756 2060 775 2091 35

45 2105 136 2139 interioris
150 2106 230 2140 hominis
246 2105 275 2140 sui
291 2105 409 2140 relectionem
424 2105 538 2149 aliorumque
553 2105 652 2140 multorum
664 2105 747 2140 consola-

45 2157 115 2193 tionem
128 2158 247 2194 ruminandos
262 2159 419 2203 proterendosque
435 2159 520 2192 seruauit.
545 2158 617 2193 Interea
629 2159 673 2192 dum
687 2165 748 2193 castus

45 2222 127 2255 corpore,
146 2212 218 2246 animo⁰
236 2213 325 2256 prudens,
343 2212 362 2246 in
381 2211 462 2246 consiliis
483 2211 576 2256 prouidus,
595 2212 614 2246 in
633 2212 683 2246 omni
707 2218 748 2245 actu

46 2266 139 2309 verboque
158 2265 301 2310 circumspectus
320 2267 342 2301 ab
363 2265 448 2299 omuibus
465 2264 595 2309 prediceretur,
611 2265 675 2300 accidit
691 2271 710 2299 vt
725 2265 748 2298 ad

46 2317 105 2360 ipsius
125 2318 192 2351 summi
211 2319 302 2361 pontificis
321 2319 398 2362 gratiam
415 2318 591 2361 sarniliaritatemque
611 2318 748 2351 conscenderet.
756 2333 777 2362 40

47 2368 132 2404 Pluribus
144 2368 198 2414 igitur
211 2370 264 2405 annis
277 2370 296 2405 in
308 2370 358 2405 Vrbe
372 2369 486 2405 laudabiliter
498 2376 619 2405 conuersatus
630 2375 648 2404 et
659 2370 678 2403 in
691 2370 748 2404 sacris

46 2423 142 2466 scripturis
157 2423 270 2458 sufficienter
285 2424 372 2465 eruditus,
386 2424 409 2457 ad
421 2422 508 2458 virtutum
522 2434 595 2459 sumina
607 2423 719 2468 prouehitur,
731 2429 749 2458 et

47 2476 114 2519 pennis
132 2476 224 2511 charitatis
241 2478 340 2512 subuectus
355 2478 377 2511 ad
393 2476 467 2511 celestia
484 2477 624 2521 contemplanda
642 2475 749 2511 sustollitur.

66 2561 165 2599 ¹Bedque.
212 2562 268 2592 'Beth
276 2563 306 2593 iam
314 2562 497 2600 nuncAnglorumgens
505 2562 571 2592 obtinet.
615 2561 662 2591 ³om.
702 2561 749 2590 ¹om.

47 2600 63 2629 in
71 2601 89 2631 E.
125 2602 131 2619 ⁵
140 2602 159 2632 T.
167 2602 185 2631 E.
193 2602 299 2640 doctorisque.
331 2601 336 2619 ⁸
347 2603 365 2632 E.
371 2603 465 2640 aalmoque3
475 2611 506 2639 que
513 2611 544 2632 om,
551 2602 567 2631 in
574 2601 593 2632 T.
