1762 2803
247 106 409 165 Damnum
424 106 556 165 luitberto.
711 121 754 165 335

53 230 149 265 lraudauit.
172 231 195 265 Et
206 241 254 265 nuuc
262 230 301 264 scio
311 229 371 265 euim¹
379 230 483 275 quiavelon
494 234 523 264 est
534 228 635 274 depositiol
644 228 757 263 tabernaculi

54 285 96 326 mei,
111 294 166 329 quam
181 288 284 320 vestrarum
299 284 402 319 orationum
417 283 503 327 suffragio
517 288 561 328 peto
576 282 695 317 communiri!
718 282 757 316 Do-

54 337 148 380 minic[a]³
163 339 213 373 enim
225 338 315 382 sequenti,
330 348 367 382 que
378 337 411 372 luit
424 337 443 371 in
456 337 535 371 crastino
550 337 668 371 dedicationis
683 336 757 371 basilice

54 390 140 434 predicte,
149 391 191 425 licet
198 391 291 425 laboribus
299 390 385 434 predictis
393 396 411 425 et
419 390 526 424 infirmitate
534 390 618 424 demotus
622 389 634 431 ⁴,
642 389 687 423 hora
695 394 757 424 tamen

55 443 142 487 surgendi
147 442 232 477 nesciens
240 443 324 477 tetricare
330 443 341 484 ⁵,
349 453 404 477 mane
410 443 508 477 oratorium
516 443 612 486 ingressus
618 442 698 485 psallere
704 441 758 485 cepit.
766 453 775 482 5

55 494 104 528 Dum
112 501 173 529 autem
183 496 206 529 ad
214 495 291 530 missam
299 495 409 530 audiendam
420 494 507 537 stetisset,
515 499 533 529 et
543 494 608 529 morbo
617 494 758 538 ingrauescente

55 549 138 583 membra
153 548 243 584 imbecilla
258 553 362 583 sustentare
377 559 415 583 non
430 548 511 591 valens‘,
525 546 577 594 quasi
593 547 676 593 sincopin
691 558 758 593 passus

55 600 161 646 pauimento
177 603 305 647 prosternitur.
333 603 413 638 Suorum
431 602 486 646 igitur
505 602 589 636 manibus
608 601 720 642 subleuatus,
735 601 758 635 ad

55 656 122 688 lectum
134 656 231 694 reducitur,
242 656 348 698 ibidemque
359 655 462 689 reclinatur.
486 654 520 687 Et⁷
532 654 604 687 cuidam
616 653 716 694 Wilielmo,
729 663 758 688 ca·

55 707 129 751 pellano
138 718 177 751 suo,
185 709 202 742 el
209 708 263 742 valde
274 707 363 748 familiari,
371 708 417 742 dixit
428 708 476 752 quod
487 707 510 742 ab
521 707 552 741 illa
562 706 668 741 infirmitate
679 706 759 741 euadere
769 718 788 739 ro
800 737 804 742 ,

56 772 93 794 non
107 763 175 805 potuit:
193 762 282 806 iussitque
298 771 340 796 eum
355 760 416 796 funeri
431 760 536 796 necessaria
551 765 603 796 caute
615 771 722 806 preparare,
735 771 759 797 ne

56 813 124 849 familia
135 826 168 850 sua
178 815 283 859 percipiens
294 815 408 857 turbaretur,
420 820 438 849 et
449 814 537 859 magistro
547 814 618 850 Simoni
628 815 652 849 de
659 814 760 859 Teriinges

57 874 127 903 certum
133 868 182 903 diem
190 869 251 903 obitus
259 868 287 903 sui
295 868 360 903 indixit
367 869 378 903 ⁸.
396 869 557 913 Amplexetusque
565 868 664 912 imaginem
672 868 760 909 crucifixi,

57 931 112 965 quarn
123 922 158 955 sibi
170 921 238 955 deferri
248 923 314 956 deuote
322 921 453 965 postulauerat,
461 921 500 955 loca
507 921 604 954 vulnerum
615 920 645 964 pie
656 921 759 954 deuotionis

57 973 132 1015 osculis,
143 984 164 1008 ac
175 973 191 1007 si
202 978 287 1008 recenter
297 973 406 1009 morientem
418 973 529 1008 saluatorem
539 973 616 1015 videret,
624 972 672 1019 cepit
683 972 761 1008 dulciter
769 984 788 1014 ¹5

57 1027 169 1068 demulcere,
182 1026 201 1060 in
216 1027 250 1061 hec
263 1027 320 1062 verba
334 1038 469 1072 prorumpens:
486 1027 568 1062 ‘Gratias
584 1026 615 1062 tibi
631 1037 671 1072 ago,
686 1027 760 1063 domine

58 1079 114 1115 Ihesu
125 1080 202 1122 Christe,
210 1082 234 1114 de
244 1082 329 1116 omnibus
340 1080 479 1125 beneficiisque
489 1080 534 1114 mihi
544 1079 650 1124 prestitisti;
662 1090 696 1124 pro
706 1079 760 1124 penis

57 1138 76 1167 et
95 1132 198 1177 obprobriis
215 1144 251 1178 que
267 1134 315 1178 [pro]
330 1144 361 1168 me
376 1133 471 1178 pertulisti,
487 1138 563 1178 propter
577 1143 614 1178 que
628 1133 712 1178 planctus
729 1133 761 1168 ille

58 1186 180 1220 lamentabilis
188 1198 231 1220 vere
239 1187 272 1220 tibi
279 1187 406 1230 competebat:
418 1187 476 1220 “Non
484 1191 513 1221 est
521 1186 573 1220 dolor
580 1185 644 1220 similis
652 1186 698 1220 sicut
708 1187 761 1220 dolor

59 1240 128 1272 meus.”
144 1238 167 1272 Et
175 1244 194 1272 tu
202 1238 256 1280 nosti,
266 1239 346 1281 domine,
353 1239 402 1283 quod
410 1239 426 1273 si
434 1238 466 1273 tibi
474 1239 561 1283 placeret,
568 1237 630 1274 omnia
638 1238 736 1283 obprobria
742 1244 761 1274 et
770 1253 789 1275 io

59 1296 151 1325 tormenta
160 1297 215 1336 atque
225 1298 304 1326 mortem
311 1303 346 1336 pro
354 1298 373 1326 te
383 1297 458 1336 paratus
468 1302 530 1326 essem
541 1291 643 1327 sustinere:
655 1298 674 1326 et
684 1291 731 1327 sicut
741 1297 763 1337 tu

59 1344 95 1379 scis
111 1345 145 1379 hoc
157 1355 221 1379 verum
237 1355 284 1387 esse,
296 1345 385 1379 miserere
400 1346 442 1385 mei,
454 1345 497 1389 quia
511 1345 544 1379 tibi
557 1346 666 1380 commendo
681 1344 761 1379 animam

59 1398 130 1431 meam!
159 1397 212 1432 illam
224 1403 286 1432 autem
299 1398 395 1443 psalmisto
406 1408 470 1433 vocem
482 1409 518 1443 que
531 1397 584 1432 dicit:
600 1397 631 1432 ‘In
643 1408 709 1432 manus
720 1403 762 1432 tuas

60 1451 134 1485 domine
143 1452 251 1486 commendo
260 1451 344 1496 spiritum
352 1453 424 1494 meum,¹
433 1451 548 1496 frequentius
557 1452 631 1493 iterans,
640 1457 658 1486 et
666 1452 688 1486 ad
697 1451 761 1496 glorio

60 1514 100 1537 sam
104 1503 194 1547 virginem
203 1504 283 1538 vicissim
291 1505 346 1539 corde
354 1504 408 1539 simul
416 1509 435 1538 et
442 1515 487 1538 voce
495 1515 516 1539 se
524 1510 640 1545 conuertens,
646 1504 682 1539 ait:
694 1505 763 1539 ‘Maria
772 1514 790 1544 ²5

60 1562 119 1589 mater
126 1556 188 1600 gratie,
196 1561 255 1591 mater
263 1556 393 1600 misericordie,
400 1562 419 1591 tu
427 1567 462 1591 nos
472 1556 495 1591 ab
505 1556 558 1591 hoste
569 1561 651 1601 protege,
659 1562 678 1591 et
688 1557 707 1592 in
718 1558 763 1592 bora

61 1608 125 1644 mortis
136 1609 230 1654 suscipe'.¹
244 1615 263 1644 et
274 1610 358 1654 precepit
370 1610 471 1655 capellanis
483 1611 532 1654 quod
544 1610 575 1645 illa
586 1612 643 1645 verba
656 1610 675 1645 in
688 1611 763 1646 auribus

61 1664 99 1697 suis
107 1662 169 1697 dicere
176 1674 213 1698 non
222 1669 321 1698 cessarent.
344 1663 396 1699 Inter
405 1664 485 1708 suspiria
494 1664 550 1708 igitur
556 1664 587 1708 pie
595 1664 698 1699 deuotionis
708 1670 763 1709 atque

61 1717 117 1750 verba
132 1727 184 1751 sacre
199 1717 292 1758 orationis,
307 1717 409 1751 astantibus
423 1717 519 1761 religiosis,
534 1716 642 1761 presbiteris
657 1728 678 1751 ac
693 1716 763 1751 clericis

61 1768 131 1812 pariter
149 1775 167 1803 et
185 1770 236 1803 laicis
255 1770 345 1810 fidelibus,
364 1770 433 1804 Beatus
450 1769 554 1803 Richardus
572 1769 659 1810 animam,
677 1770 764 1814 supernis
773 1776 793 1804 30

61 1822 142 1855 ciuibusl
157 1821 283 1865 copulandam,
296 1821 375 1856 reddidit
392 1822 474 1856 creatori.
505 1821 586 1855 Transiit
602 1822 625 1856 de
643 1821 677 1856 hoc
694 1823 765 1857 mundo

62 1874 115 1909 etatis
125 1884 159 1908 sue
168 1884 216 1908 anno
225 1873 297 1909 circiter
304 1874 456 1919 quinquagesimo
466 1874 542 1918 semem,
550 1875 667 1920 pontificatus
677 1876 705 1910 sui
715 1885 764 1910 armo

62 1937 117 1969 nono,
128 1928 182 1962 tertio
195 1927 258 1961 Nonas
271 1928 340 1972 aprilis,
352 1928 400 1962 circa
412 1929 471 1962 noctis
481 1928 568 1969 medium,
577 1938 613 1973 quo
619 1927 630 1948 ¹¹
642 1938 723 1973 sponsus
734 1929 765 1964 ille

62 1981 135 2016 celestis
143 1981 166 2015 ad
173 1980 247 2025 nuptias
252 1980 341 2016 venturus
347 1981 461 2015 describitur.
484 1981 528 2016 Post
535 1980 586 2016 euius
593 1981 689 2017 transitum
697 1993 765 2027 corpus

62 2034 122 2079 ipsius
130 2040 218 2076 sanctum,
229 2040 283 2069 antea
287 2033 300 2054 ¹²
309 2040 406 2078 grauatum
413 2034 485 2079 vigiliis,
492 2040 541 2070 terre
549 2035 616 2069 duritia
623 2035 643 2069 in
651 2046 688 2079 qua
695 2036 765 2070 solebat
774 2042 793 2073 ³⁵

63 2088 170 2130 frequenter
177 2088 268 2122 decubare
276 2087 395 2129 confractum,
402 2086 475 2121 ieiuniis
486 2092 604 2129 maceratum,
612 2088 766 2123 macerationibus

63 2138 125 2173 multis
137 2139 234 2173 afflictum:
246 2145 309 2183 preter
319 2140 421 2174 humanum
428 2150 499 2174 morem
507 2139 638 2174 nitidissimum
649 2141 739 2186 apparuit,
746 2147 766 2177 vt

63 2193 155 2236 quoddam
163 2192 223 2226 future
231 2192 371 2227 resurrectionis
377 2191 450 2237 insigne
457 2192 638 2237 videreturprelerre
645 2194 662 2228 ¹³.
684 2193 767 2239 Corpore

64 2251 124 2279 autem
138 2244 191 2280 rite¹⁴
202 2250 263 2289 aptato
272 2257 293 2280 ac
303 2245 493 2290 scemate¹⁵1pontifici
502 2247 558 2290 digno
566 2246 585 2280 in
597 2246 665 2281 feretro
675 2247 767 2289 collocato,

64 2303 82 2332 et
97 2298 116 2332 in
131 2297 209 2333 ecclesia
223 2298 305 2343 predicta
319 2309 354 2344 per
369 2309 412 2334 eum
427 2299 528 2334 dedicatall
542 2300 651 2344 deportato:
666 2300 765 2346 undique¹¹
774 2308 795 2339 4ο

84 2409 89 2427 ¹
101 2409 123 2440 Sl.
130 2409 211 2447 carissimi,
219 2409 238 2441 B.
246 2409 302 2447 inquit.
366 2410 373 2429 ¹
383 2410 401 2441 E.
409 2411 499 2449 dispositio.
565 2411 572 2428 ³
582 2411 601 2443 E.
608 2411 697 2449 Demoleo,
704 2411 724 2444 B.
731 2412 766 2444 Die.

64 2449 188 2480 ‘Sideuictus
229 2448 264 2480 ⁵13.
272 2450 359 2480 setricare.
403 2451 510 2481 ⁸B.valeret
557 2450 655 2482 'om.inB.
703 2451 767 2482 ¹E.in-

65 2490 115 2519 duxit.
180 2489 186 2507 ³
196 2489 215 2519 E.
221 2490 294 2528 superius
300 2489 387 2520 cuiuslibet.
458 2490 471 2508 ¹⁹
481 2491 499 2521 E.
507 2490 653 2530 quinquagesimum
660 2495 733 2526 sextum
743 2491 766 2524 Sl.

65 2529 243 2567 quadragesimosexto.
314 2530 325 2548 ¹¹
335 2530 353 2560 E.
361 2540 397 2568 que.
466 2530 570 2563 ‘'ominB.
640 2531 651 2550 ¹³
662 2531 680 2562 E.
690 2532 767 2570 prolerre.

65 2569 77 2587 ¹⁴
88 2569 105 2601 E.
113 2570 183 2607 ante,al.
192 2579 222 2601 om.
268 2569 388 2601 ”Estemata
438 2569 582 2602 ¹⁸Ededicatum.
631 2570 768 2603 ¹¹E.vud.vero.
