1762 2803
246 115 292 171 Q&
306 112 407 168 &aneto
423 113 552 167 ἶίίίῐΐΐίῦῦ.
705 129 748 172 431

49 240 141 279 Colmane,
149 237 184 271 hec
193 236 218 269 illi
228 235 284 271 Petro
294 234 342 270 dicta
354 235 419 269 suntt’
442 234 477 277 Qui
489 234 524 269 ait:
537 233 596 268 ‘Vere
608 235 652 269 ren.¹
675 233 698 268 Et
709 232 750 269 ille:

49 290 142 333 ‘Habetis,
149 288 213 335 inquit,
221 299 254 324 vos
261 287 345 333 proferre
352 287 420 332 aliquid
428 292 478 322 tante
486 286 582 332 potestatis
589 292 651 321 vestro
662 286 751 321 Columbe

49 344 132 381 datum?’
160 341 183 376 Et
201 341 242 377 ille:
259 340 330 376 ‘Nihil'
358 340 440 375 Rursum
458 351 503 375 rex:
523 340 554 375 ‘Si
572 340 644 384 utrique
662 345 752 382 vestrum,

49 397 106 443 inquit
112 396 123 438 ¹,
134 396 153 430 in
165 395 199 430 hoc
211 395 251 430 sine
262 394 299 429 vlla
310 394 435 429 controuersia
446 394 569 435 consentiunt,
578 394 627 439 quod
638 393 673 429 hec
684 392 753 438 princi-

49 452 114 497 paliter
121 448 263 493 [Petro]²dicta‚
269 452 287 482 et
295 447 311 482 ei
319 447 381 482 claues
389 447 442 492 regni
449 447 531 482 celorum
539 446 576 481 sint
581 446 634 481 date¹¹¹
640 457 651 481 a
657 446 751 481 domino?¹
761 452 770 483 5

50 501 205 546 Responderunt:
218 501 223 518 ‘
229 500 300 534 Etiam’
327 501 353 533 At
364 500 395 534 ille
406 501 431 534 ita
442 499 542 535 conclusit:
555 499 589 534 ‘Et
601 509 636 543 ego
646 499 699 534 vobis
711 499 752 533 dico

49 555 90 601 quia
100 554 129 589 hic
141 557 169 588 est
179 552 265 587 ostiarius
276 552 306 587 ille
314 552 343 587 cui
350 563 386 597 ego
393 553 519 588 contradicere
525 552 579 595 nolo;
591 552 624 586 sed
633 551 652 586 in
664 557 752 596 quantum

50 607 93 644 noui
99 606 129 642 uel
136 605 195 648 valeo,
202 604 257 641 huius
264 606 319 650 cupio
328 606 348 640 in
356 605 442 640 omnibus
452 606 527 640 obedire
536 606 618 647 statutis;
630 616 654 639 ne
662 604 714 648 forte,
721 616 752 640 me

50 659 160 696 adueniente
171 659 194 693 ad
205 658 255 694 sores
266 658 318 704 regui
330 659 417 702 celorum,
425 670 462 695 non
472 659 496 694 sit
507 659 538 705 qui
549 663 621 694 reseret
626 659 639 704 ⁴,
646 669 713 694 auerso
721 658 753 694 illo

50 714 81 760 qui
92 714 154 748 claues
165 720 230 748 tenere
240 713 339 758 probatur:
363 713 404 747 Hec
416 713 489 747 dicente
500 724 551 757 rege,
559 712 644 747 sauerunt
655 723 726 755 omnes,
734 718 752 747 et
762 722 781 746 ιο

51 766 132 801 abdicata
139 766 201 799 minus
211 766 292 808 perfecta
302 765 421 807 institutione,
429 766 453 799 ad
463 775 485 799 ea
495 776 531 809 que
543 765 619 799 meliora
629 770 753 809 cognouerant

51 830 71 855 se
82 817 182 853 transferre
193 816 309 853 festinabant.
332 817 391 852 Finito
402 822 463 852 autem
475 817 566 861 conflictu,
578 818 678 852 colmanus
688 817 753 853 lindis-

50 871 141 908 farnensis
149 871 247 915 episcopus
254 870 320 906 videns
328 876 410 916 spretam
417 882 471 906 suam
482 872 590 914 doctrinam,
597 877 753 915 sectamque-esse

51 927 161 968 despectam,
169 924 269 967 assumptis
277 924 312 958 hiis
320 924 351 968 qui
359 924 411 969 sequi
419 924 521 967 voluerunt,
528 924 559 969 qui
567 923 636 968 pascha
644 924 752 959 catholicum

51 983 68 1012 et
83 982 177 1011 tonsuram
193 987 326 1011 corone-nam
341 983 360 1012 et
375 978 398 1012 de
414 978 448 1012 hoc
463 976 535 1020 questio
550 987 587 1011 non
602 977 679 1011 minima
692 982 753 1010 erat-
763 990 781 1018 ¹5

51 1030 134 1073 recipere
141 1029 228 1064 nolebant
233 1028 245 1071 ³,
252 1028 332 1064 Scotiam
341 1040 438 1073 regressus
445 1035 479 1072 est,
484 1029 605 1064 tractaturus⁸
612 1039 654 1063 cum
662 1030 701 1064 suis
709 1029 752 1075 quid

51 1083 74 1117 de
85 1082 120 1116 hiis
132 1081 193 1116 facere
204 1081 285 1117 deberet.
307 1081 370 1117 Cedda
383 1088 443 1119 autem
457 1083 561 1129 episeopus,
572 1083 641 1119 relictis
655 1083 752 1119 Scotorum

50 1136 137 1181 vestigiis,
145 1136 207 1181 agnita
213 1136 341 1171 obseruatione
349 1136 432 1172 catholici
440 1137 510 1181 pasche
520 1137 543 1171 ad
554 1137 618 1171 sedern
630 1147 682 1171 suam
693 1136 753 1171 rediit.

52 1189 106 1224 Facta
114 1193 142 1223 est
151 1194 212 1223 autem
223 1189 257 1224 hee
268 1188 340 1233 questio
350 1199 399 1223 anno
409 1188 478 1223 domini
488 1188 624 1224 sexcentesimo
635 1189 753 1235 sexagesimo

51 1248 120 1286 quarto.
169 1234 206 1277 Vir
220 1247 281 1276 autem
296 1242 364 1276 domini
379 1242 477 1276 Wilfridus
492 1243 540 1286 apud
560 1251 625 1276 omnes
639 1241 752 1277 venerationi
761 1251 781 1272 ²0

53 1293 129 1336 habitus,
137 1305 148 1328 a
155 1305 200 1338 rege
208 1294 280 1328 Alfrido
288 1299 306 1328 et
314 1300 350 1328 tota
361 1295 415 1339 plebe
425 1295 448 1328 ad
460 1294 585 1338 pontificatum
594 1294 733 1336 (eboracensem
737 1294 752 1337 7)

52 1346 134 1392 eligitur;
146 1351 164 1381 et
172 1346 214 1382 licet
221 1352 259 1382 toto
267 1346 338 1389 annisu,
346 1357 370 1382 ne
377 1346 412 1382 hoc
420 1346 472 1382 fieret
479 1346 566 1381 resistere
574 1351 677 1390 temptaret,
684 1346 753 1392 impor-

51 1400 126 1435 tunitate
141 1399 223 1435 omnium
238 1400 313 1436 tandem
325 1400 388 1442 victus,
401 1400 424 1435 ad
440 1400 508 1435 Gallias
521 1400 597 1435 mittitur
612 1402 754 1436 consecrandus.

52 1452 93 1495 Quo
104 1453 129 1488 ibi
141 1464 212 1488 moram
227 1454 317 1495 trahente,
332 1452 383 1488 Oswi
395 1464 434 1497 rex,
446 1454 536 1488 malorum
547 1454 664 1498 instigatione
676 1455 754 1489 circum·

51 1511 123 1548 uentus,
138 1507 220 1541 Ceddam
236 1507 319 1541 abbatem
338 1507 432 1551 Lestingai
451 1506 558 1541 eboracensi
576 1506 654 1541 ecclesie
672 1506 781 1551 prefecit.²5

52 1557 148 1593 Wilfridus
155 1560 230 1593 tandem
238 1559 261 1592 ad
268 1559 346 1604 patriam
351 1559 432 1601 rediens,
437 1560 508 1594 marina
514 1564 624 1604 tempestate
631 1560 650 1594 in
658 1558 754 1604 regionem

51 1610 165 1646 Australium
180 1612 308 1656 [Saxonum]⁸,
320 1613 415 1657 paganicis
430 1613 523 1647 erroribus
538 1612 639 1654 detentam,
650 1611 754 1657 proiicitur;

51 1664 136 1699 fluetibus
143 1674 188 1699 uero
199 1665 218 1699 in
230 1666 281 1700 sinus
289 1675 333 1700 suos
340 1665 389 1701 illico
399 1665 487 1709 retractis,
495 1666 562 1710 pagani
569 1665 655 1710 indigene
663 1665 754 1708 aduolant,

52 1727 118 1752 nauem
125 1723 144 1753 et
151 1719 213 1752 omnia
220 1729 256 1763 que
263 1718 283 1752 in
292 1730 314 1753 ea
322 1725 374 1753 erant
381 1718 400 1752 in
408 1718 437 1753 ius
445 1729 498 1753 suum
506 1719 608 1760 vendicant,
616 1725 634 1752 et
642 1724 673 1752 aut
680 1719 754 1763 captiui·

51 1775 88 1804 tate
95 1776 126 1804 aut
133 1776 192 1804 morte
202 1770 236 1804 sibi
249 1770 364 1809 resistentes,
372 1772 464 1805 obstinato
475 1772 530 1805 corde
541 1771 635 1805 inuoluere
644 1776 754 1815 proponunt.
763 1782 782 1812 30

52 1821 92 1864 Quo
101 1823 177 1867 cognito,
185 1822 213 1857 vir
220 1822 250 1857 dei
258 1824 363 1867 copiosam⁹
370 1823 397 1858 eis
405 1822 502 1868 pecuniam
508 1823 522 1843 ¹⁰
530 1824 599 1865 obtulit,
608 1828 625 1858 et
633 1828 652 1857 vt
660 1824 683 1857 ab
694 1823 754 1858 inten-

51 1875 100 1910 tione
111 1886 145 1911 sua
155 1876 269 1919 recederent,
281 1876 403 1920 postulatione
408 1877 420 1895 ¹¹
433 1876 497 1911 humili
512 1875 612 1911 admonuit.
634 1876 717 1921 Cumque
728 1877 754 1911 illi

52 1928 150 1964 ferociores
161 1929 221 1964 effecti
232 1940 243 1964 a
254 1929 348 1974 proposito
359 1930 464 1964 nullatenus
475 1931 558 1965 reuocari
570 1934 652 1974 possent,
660 1930 754 1974 pontilicis

52 1982 100 2024 socii,
109 1983 200 2026 premissa
211 1983 234 2016 ad
244 1983 299 2017 deum
311 1994 372 2027 prece,
380 1993 432 2016 arma
441 1981 536 2026 arripiunt,
545 1982 603 2026 magis
613 1982 697 2017 volentes
704 1983 754 2017 bello

52 2036 160 2070 occumbere
170 2045 224 2080 quam
236 2034 302 2079 ignaua
314 2034 417 2080 captiuitate
428 2034 515 2079 longioris
522 2035 559 2070 vite
571 2034 634 2080 spacia
644 2036 736 2070 seruando
741 2034 754 2055 ¹²
762 2044 780 2074 35

52 2089 159 2130 producere.
181 2087 260 2132 Paganis
275 2086 337 2133 itaque
350 2088 387 2122 tela
399 2087 525 2132 dirigentibus,
537 2087 653 2123 sacerdotum
666 2089 754 2135 princeps

51 2141 147 2184 ydolorum
159 2141 178 2176 in
191 2142 261 2177 tumulo
272 2143 353 2184 excelso,
363 2141 402 2176 suis
411 2141 565 2177 incantationibus
577 2142 629 2187 quasi
642 2152 686 2178 suos
698 2143 755 2178 bene-

52 2194 129 2229 dicendo
142 2194 251 2239 confortare,
266 2200 284 2230 et
303 2195 337 2229 viri
353 2195 411 2230 sancti
430 2196 489 2229 socios
503 2195 631 2230 maledicendo
647 2196 755 2231 eneruare¹³

52 2249 149 2292 satagebat.
171 2248 194 2283 Et
204 2259 247 2283 ecce
258 2248 330 2284 iuuenis
341 2249 414 2293 quidam
422 2248 502 2283 Wilfridi
513 2248 598 2284 minister
607 2248 663 2283 sunda
674 2250 754 2293 lapidem

51 2300 98 2343 iecit,
103 2306 121 2335 et
128 2312 202 2345 magum
210 2302 229 2335 in
237 2301 316 2336 frontem
324 2302 429 2345 percutiens
436 2301 519 2336 extinxit.
542 2300 701 2345 Insurgentibus1⁴
709 2312 754 2345 ergo
762 2313 783 2342 40

52 2354 140 2390 acerrime
151 2364 265 2400 paganorum
276 2353 379 2396 insultibus,
390 2353 488 2389 Wilfridus
499 2353 522 2389 ad
533 2365 599 2400 preces
611 2365 632 2389 se
643 2356 753 2400 prosternit:

71 2449 188 2483 ¹T.E.i.rex.
228 2451 273 2482 ²om.
312 2451 347 2482 ³T.
355 2451 373 2481 E.
381 2451 417 2482 dati,
459 2450 518 2481 ⁴113,
527 2456 592 2481 reserat.
634 2451 753 2483 'Euolebant

51 2488 201 2522 ⁰T.E.tracturus.
247 2491 404 2522 ⁷om.inT.Eadm.
449 2491 497 2522 ⁸om.
536 2492 571 2521 ⁹E.
580 2491 665 2529 copiosum.
712 2492 724 2509 ¹⁰
735 2491 753 2521 E.

52 2533 154 2565 pecuniarum
161 2532 261 2566 thesaurum
271 2532 289 2561 T.
298 2531 352 2561 Eadm.
359 2531 448 2568 pecuniam.
503 2531 514 2551 ¹¹
525 2531 543 2560 E.
551 2531 658 2568 postulationi.
708 2529 722 2549 ¹²
732 2531 753 2560 al.

54 2571 137 2601 servanda.
177 2570 189 2601 ³³
199 2570 217 2602 Ε.
227 2580 305 2601 enarrare.
339 2570 351 2589 ¹⁴
362 2570 380 2600 T.
388 2569 483 2607 lnsurgenti.
