1762 2803
119 121 164 198 600
228 200 230 206 Α
383 150 507 210 aarum
524 152 555 196 11.

119 270 227 305 luminarium
242 271 359 306 oblacionibus
374 277 415 306 uota
430 277 522 315 parentum
537 282 576 306 cum
592 271 654 306 mentis
669 272 736 315 affectu,
752 279 821 309 caterua

119 323 173 357 nimia
184 324 298 367 constipante,
309 324 396 367 persoluit

121 394 180 468 Vlr
193 394 263 451 quidam
276 406 327 427 senex
336 396 358 427 de
369 394 446 437 partibus
460 395 504 427 Nort
505 393 583 426 humbrie
595 393 617 426 ab
629 399 675 426 etate
686 394 754 427 iuuenili
767 405 821 437 cecus,

183 454 222 477 cum
236 445 296 477 vicinis
311 451 328 477 et
342 445 406 484 amicis,
419 445 486 477 seruulo
499 455 530 478 suo
545 442 619 485 panter¹
635 443 698 476 ducent
692 449 714 484 te,
726 444 758 477 iter
772 456 821 486 pere-

103 507 112 537 5
119 493 223 535 grinacionis
231 500 248 528 et
256 494 341 528 oracionis
349 504 402 538 vsque
411 494 433 527 ad
441 499 520 527 sanctum
528 494 639 527 Edmundum
647 493 723 535 arripuit.
747 496 821 528 Transe-

119 543 166 576 undo
178 543 229 586 igitur
236 556 296 578 versus
307 544 369 586 locum,
377 545 446 588 preuisa
457 543 558 578 celsitudine
569 542 671 586 campanilis
682 545 754 578 ecclesie
766 547 820 579 sancti

121 595 210 628 Edmundi
218 607 279 630 omnes
287 596 364 630 eiusdem
371 595 451 636 consocii,
457 602 474 629 et
482 595 518 639 ipse
527 606 577 628 cecus
585 606 624 628 cum
631 593 674 636 aliis,
681 595 754 637 genibus
761 596 821 630 tlexis²

121 645 154 677 deo
169 651 186 677 et
201 653 261 678 sancto
277 647 371 678 Edmundo
388 646 490 688 supplicant,
506 651 580 687 votaque
595 644 679 677 secrecius
695 647 786 678 enucleant
804 654 821 680 et

120 694 214 728 effundunt.
237 696 317 730 Tandem
331 701 415 738 exurgunt
429 701 446 728 et
460 696 541 728 incedunt
556 700 574 727 ut
589 694 621 727 iter
633 700 721 736 arreptum
734 702 821 738 peragant.

96 759 113 779 ιο
121 746 144 778 At
152 756 202 780 cecus
210 746 255 780 inter
262 752 328 780 ceteros
336 757 428 788 exsurgens
436 746 500 788 profert
507 751 524 779 et
532 745 627 780 exclamat:
635 745 661 778 ‘0
671 745 764 780 Edmunde
772 757 821 780 sanc-

120 796 192 837 tissime,
204 807 225 829 en
237 797 347 839 temetipsum
362 798 423 836 vide03
441 808 463 829 en
476 802 493 829 te
508 795 536 829 hic
548 796 598 828 video
613 796 740 838 precedentem.
764 798 779 829 Ο
791 808 822 831 uos

122 846 207 880 conuicini
223 848 257 880 mei
272 848 370 889 ductorque,
384 847 444 880 laudes
459 847 492 879 deo
505 851 522 879 et
537 851 597 879 sancto
610 846 704 879 Edmundo
716 847 822 890 persoluatis,

121 895 166 937 quia,
175 897 208 928 deo
219 898 288 937 gratias,
296 908 328 937 ego
340 898 387 937 regia
398 896 427 927 via
437 902 517 937 rectoque
528 896 602 936 uestIgio
612 896 649 927 sine
660 896 730 928 ductore
742 898 821 938 procedo,

120 955 151 977 vos
160 947 254 987 subsequor
261 951 278 978 et
285 946 370 987 precedo.’
393 945 478 978 Mirantur
486 955 525 977 eum
533 944 562 987 qui
573 955 623 977 cecus
632 950 669 977 erat
677 945 733 978 solum
741 945 822 980 incedere

94 1004 113 1035 15
121 1002 137 1030 et
149 996 203 1030 eciam
214 996 306 1038 precedere
317 998 355 1039 plus
367 1006 419 1040 quam
427 1002 445 1029 vt
456 996 546 1030 estimatur
557 1006 587 1029 sex
598 996 678 1037 milibus;
696 1006 769 1039 eumque
781 998 821 1030 sub-

120 1053 202 1088 sequutur
213 1047 236 1079 ad
248 1046 336 1080 basilicam
349 1046 403 1080 sancti
414 1047 508 1088 Edmundi,
520 1047 615 1079 exultantes
631 1051 648 1079 et
663 1046 715 1079 deum
728 1047 745 1079 in
761 1054 821 1080 sancto

120 1106 151 1129 suo
159 1097 254 1129 Edmundo
261 1096 382 1139 glorificantes.

158 1168 234 1208 Empore
242 1178 276 1210 quo
288 1167 372 1201 Ricardus
380 1178 410 1200 rex
417 1167 479 1209 Anglie
486 1168 576 1201 Achonem
584 1166 657 1207 obsedit,
666 1166 736 1209 quidam
747 1168 768 1201 de
777 1173 822 1201 terra

179 1216 252 1259 gloriose
261 1217 330 1259 virginis
338 1218 443 1251 Etheldrede
453 1217 470 1250 in
481 1217 519 1260 ipsa
528 1216 618 1250 obsidione
628 1216 721 1249 miserabili
729 1216 820 1251 inflacione

93 1281 113 1303 20
120 1273 156 1301 toto
167 1277 238 1309 corpore
246 1268 361 1309 torquebatur,
371 1268 388 1300 in
397 1273 464 1301 tantum
475 1273 493 1301 vt
502 1277 533 1301 nec
545 1267 589 1300 oculi
601 1277 633 1301 nec
645 1267 705 1300 dentes
717 1277 749 1300 nec
759 1268 821 1308 ungule

119 1328 202 1352 inanuum
213 1318 240 1351 vel
252 1318 314 1360 pedum
326 1324 397 1361 possent
409 1318 493 1360 discemi3
507 1318 577 1360 insuper
586 1329 597 1351 a
609 1317 670 1351 lumbis
679 1328 732 1360 usque
744 1318 767 1351 ad
777 1318 821 1351 talos

120 1369 174 1410 niger,
183 1368 232 1411 quasi
243 1378 311 1410 pannus
323 1367 446 1411 niger[r]imus,
454 1368 490 1411 suit,
498 1379 531 1402 nec
538 1369 608 1401 verbum
616 1368 695 1411 proferre,
703 1379 735 1401 nec
745 1368 822 1411 aliquau-

120 1420 173 1451 tulum
188 1429 206 1451 se
221 1429 290 1451 mouere
303 1418 368 1459 potuim
385 1424 402 1452 et
417 1418 441 1451 sic
455 1419 521 1452 duobus
534 1419 596 1451 diebus
610 1417 710 1460 permansit.
733 1419 767 1451 Die
780 1429 821 1451 vero

120 1466 172 1500 tercia
180 1466 273 1509 inspirabat
282 1466 297 1499 ei
305 1467 352 1507 deus,
360 1466 453 1509 gloriosum
462 1474 479 1501 et
490 1466 578 1501 martirem
588 1466 705 1507 Edmundum,
717 1477 748 1509 pro
756 1466 821 1509 populis

93 1530 112 1559 ²5
120 1516 214 1558 Anglorum
223 1516 356 1550 interuentorem
365 1517 454 1560 optimum,
462 1518 535 1551 fideliter
546 1517 625 1551 inuocare
637 1523 653 1551 et
665 1528 726 1560 corpus
738 1529 788 1550 suum
799 1517 821 1549 ad

120 1579 159 1600 euru
165 1579 268 1602 mensurare.
286 1568 324 1609 Quo
331 1568 386 1602 facto:
398 1566 458 1602 statim
464 1568 536 1602 surrexit
544 1574 561 1601 et
569 1579 621 1602 sanus
629 1568 709 1602 inuentus
716 1569 753 1602 fuit.
771 1568 822 1610 Quod

120 1618 221 1651 miraculum
228 1619 312 1652 intuentes
318 1625 335 1653 et
344 1620 434 1653 audientes
442 1625 519 1653 sanctum
526 1617 648 1653 Edmundum³
655 1618 821 1661 com[m]endabant,

120 1673 138 1700 et
149 1667 167 1699 in
178 1677 199 1701 eo
210 1668 299 1701 dominum
311 1669 361 1702 deum
372 1669 495 1711 glorificabant,
504 1669 532 1712 qui
543 1669 640 1703 martiribus
648 1668 683 1702 suis
691 1668 821 1703 amaritudinem

120 1721 243 1751 tormentorum
250 1724 370 1759 recompensat
377 1727 408 1761 per
415 1718 523 1752 dulcedinem
531 1717 656 1751 miraculorum.

92 1800 112 1830 30
154 1787 231 1820 Acerdos
246 1787 316 1831 quidam
332 1788 350 1820 in
366 1788 467 1831 episcopatu
483 1788 581 1822 cicestrensi
599 1787 663 1821 carnali
682 1788 752 1821 lasciuie
770 1786 821 1820 nimis

176 1837 242 1871 deditus
252 1837 288 1878 tuit,
297 1837 325 1880 qui
334 1848 373 1870 cum
384 1850 394 1871 a
402 1837 442 1871 uiris
450 1838 518 1880 magnis
526 1843 543 1871 et
550 1837 627 1871 honestis
638 1836 696 1880 sepius
704 1838 821 1880 corriperetur,

120 1900 152 1922 nec
163 1900 193 1931 pro
204 1888 303 1921 reuerencia
313 1889 339 1921 sui
351 1888 421 1931 ordinis,
429 1900 462 1922 nec
472 1901 503 1932 pro
513 1901 570 1922 amore
580 1888 633 1932 patrie
641 1888 714 1929 celestis,
722 1900 754 1921 nec
762 1887 822 1921 timore

120 1950 165 1980 pene
172 1938 266 1971 iehennalis
274 1940 365 1970 emendare
370 1940 428 1971 voluit.
442 1941 531 1971 Dccidens
538 1946 596 1971 autern
602 1940 620 1971 in
628 1937 820 1980 egritudinem,tande1n

120 1987 196 2031 penituit,
203 1993 220 2020 et
227 1988 255 2021 dei
262 1987 397 2021 misericordiam
405 1989 483 2032 precibus
490 1989 557 2022 deuotis
565 1987 661 2032 implorauit
668 2000 672 2028 5
680 1988 750 2020 beatum
755 1996 821 2031 quoque

92 2050 110 2080 35
121 2039 232 2075 Ednrundum
241 2039 304 2072 Christi
316 2039 403 2073 martirem
415 2039 448 2073 sibi
459 2040 476 2073 in
484 2040 564 2074 auxilium
573 2044 671 2074 constanter
678 2038 758 2078 exorauit,
767 2042 784 2070 et
792 2046 821 2069 sue

120 2089 238 2131 correccionis,
249 2090 265 2131 si
280 2090 414 2130 conualesceret,
426 2090 474 2132 quasi
486 2090 566 2124 obsidem
579 2091 625 2133 apud
639 2089 690 2122 deum
704 2087 782 2121 flebiliter
796 2086 821 2118 in·

121 2140 179 2173 stituit.
210 2140 278 2173 Positus
294 2146 351 2172 autem
367 2140 384 2172 in
399 2141 472 2181 agonia:
492 2142 562 2173 domurn
578 2142 647 2183 plenam
667 2139 767 2171 demonibus
786 2136 822 2169 eius

120 2191 195 2222 animam
203 2200 262 2229 rapere
270 2190 378 2221 volentibus¹
386 2190 464 2231 inspexit
489 2192 559 2222 Intuens
567 2190 652 2232 siquidem
660 2188 741 2220 intereos
752 2189 821 2219 beatum

121 2239 237 2277 Edmundum,
251 2238 317 2271 audiuit
329 2249 369 2271 euru
382 2239 479 2272 dicentem:
498 2239 553 2282 ‘Quid
567 2238 617 2280 agitis
629 2238 663 2278 hic,
676 2236 765 2279 peruersi?
781 2234 822 2276 quid

92 2302 113 2332 40
121 2289 149 2322 hic
164 2287 239 2331 queritis,
253 2288 344 2330 malignii'
372 2290 396 2322 Et
408 2289 496 2323 dixerunt:
513 2288 605 2322 ‘Animam
621 2287 671 2321 huius
686 2284 780 2330 presbiteri,
793 2282 821 2326 qui

120 2340 205 2373 luxuriose
213 2339 287 2371 viuendo
295 2345 352 2372 nostre
360 2350 379 2373 se
387 2339 464 2373 subdidit
472 2339 560 2373 seruituti?
582 2339 649 2382 Quibus
656 2338 716 2371 martir
723 2334 821 2379 respondit:

121 2392 174 2424 ‘Non
187 2396 213 2423 est
226 2396 288 2429 vester,
302 2389 342 2431 quia
355 2390 390 2422 iam
402 2390 481 2431 penituit,
494 2395 553 2422 votum
566 2389 619 2422 michi
633 2388 673 2421 lecit
687 2393 704 2420 et
719 2398 746 2420 me
759 2396 790 2428 pro
802 2395 822 2416 eo

120 2440 237 2474 fideiussorem
250 2446 266 2472 et
276 2439 406 2472 intercessorem
417 2439 440 2472 ad
451 2440 502 2472 deum
514 2438 598 2471 instituit.'
621 2440 694 2471 Sumens
707 2447 748 2478 ergo
762 2437 822 2468 beatus

120 2490 224 2524 Edmundus
239 2490 291 2530 filum,
307 2500 340 2532 quo
356 2490 378 2522 ad
393 2500 433 2521 eum
447 2494 554 2521 mensuratus
571 2495 613 2528 erat,
628 2487 669 2521 fecit
684 2497 724 2519 cum
741 2486 778 2527 ipso
793 2483 822 2515 filo

92 2551 111 2582 45
120 2541 202 2575 circulum
215 2540 259 2574 circa
270 2540 362 2581 infirmum,
374 2545 390 2573 et
402 2538 437 2572 ait:
455 2539 482 2572 ‘0
495 2538 552 2572 miseri
564 2543 581 2571 et
593 2536 669 2581 maligni,
682 2536 696 2570 si
708 2533 785 2579 potestis,
797 2533 821 2565 in·

132 2610 238 2654 ²Ms.'pater.
278 2613 403 2650 1ΜΞᾹΙρηίὶηη.
444 2612 639 2643 ³MS.sanctiEdmu11di.
681 2610 729 2641 ⁴MS.
740 2609 812 2639 volentes.
