1762 2803
31 157 164 197 asanaa]
185 148 230 203 bu
244 147 280 200 ἓ).
292 149 424 200 uumuuuu
438 158 496 211 tuuc
510 154 534 200 ut
547 155 664 211 matuta
686 153 731 208 657

54 268 156 310 Quanam
167 275 252 303 sauctus
263 269 376 304 Ennuunus
387 278 412 304 aa
423 279 507 305 saucius
519 272 602 305 Tuouas
612 278 711 306 arenaun-

146 327 202 352 nunr
213 327 288 353 curnam
300 328 384 355 nonnum
395 329 433 356 rao
445 329 512 356 aroana
524 328 569 355 rna
580 329 618 355 sur.

33 382 141 462 OUidam
148 385 207 418 valens
215 391 232 418 et
239 385 317 427 egregius
325 386 389 427 Symon
398 397 455 420 comes
463 387 523 428 dictus,
531 387 599 420 unicum
607 386 667 421 habuit
675 387 734 427 filium,

39 452 71 474 A
96 432 126 475 qui
134 433 168 466 iam
176 433 193 466 in
201 433 278 476 proximo
285 434 338 467 armis
346 436 447 469 militaribus
457 436 544 470 sublimari
555 436 619 477 debuit,
627 444 653 471 set
664 438 734 479 langore

31 490 48 517 et
56 489 111 516 morte
118 489 238 525 preocupatus,
246 490 312 526 patrem
320 485 385 527 absque
394 485 458 518 herede
468 485 576 527 superstitem
587 486 650 520 inuitus
660 485 734 529 reliquit.

33 533 87 575 Igitur
93 539 142 575 pater
149 532 185 567 eius
193 533 253 567 dolens
261 534 339 577 precibus
347 534 421 568 assiduis
428 535 461 568 deo
469 541 486 568 et
497 542 557 568 sancto
567 536 660 570 Edmundo
669 536 734 570 martiri

33 589 49 617 et
66 588 126 616 sancto
145 583 212 617 Thome
229 583 340 628 archipresuli
357 584 479 619 dorobemensi
496 586 559 619 deuote
577 586 654 620 vacabat.
677 587 751 628 Nocte5

32 633 117 677 siquidem
128 644 162 667 vna
173 640 256 677 tanquam
268 634 285 668 in
295 634 362 667 visione
373 634 406 668 uiri
417 636 452 668 duo
464 641 512 668 veste
524 636 601 678 preclara
613 636 645 669 sibi
660 637 734 676 astitere,

32 694 104 727 quorum
111 694 156 717 vaus
162 684 187 717 sic
194 695 242 718 orsus
250 690 286 718 est:
298 684 367 726 ‘Quare
374 690 423 718 tanta
433 684 497 717 doloris
507 684 592 718 anxietate
601 685 735 727 constringeris?

33 734 88 766 Doles
98 738 165 766 tanturn
176 744 207 775 pro
218 734 253 766 filio
264 737 305 766 tuo?
328 734 369 766 Noli
381 734 449 767 dolere:
464 734 509 766 filius
519 734 565 766 enim
576 739 615 767 tuus
624 734 687 775 gaudio
696 744 735 776 per·

33 782 102 824 fruitur;
118 782 157 815 veni
169 789 187 816 et
199 783 248 816 vide!
271 783 338 826 Quibus
349 783 377 817 ille
388 783 488 827 respondit:
506 782 591 825 ‘Quinam
603 783 645 816 estis
656 794 687 817 uos
699 789 736 816 tarn

32 833 125 877 preclarii'
152 834 175 868 Et
192 834 227 868 illi:
247 833 307 869 ‘Serui
324 832 391 868 domini
408 833 463 867 nostri
484 833 546 874 ihesu3
567 845 589 867 en
606 833 639 867 iste
655 839 682 867 est
698 833 736 866 Ed·
745 844 764 864 ιο

32 884 106 918 mundus
115 884 193 927 egregius
202 896 232 918 rec
238 890 256 918 et
263 884 327 924 martir,
335 896 368 926 ego
375 895 417 917 uero
425 884 489 917 Christi
497 895 557 918 seruus
565 890 582 917 et
592 884 652 917 martir
659 884 736 918 Thomas

33 934 168 974 cantuariensis3
182 941 199 968 et
210 934 250 977 quia
258 934 330 970 basilica
341 934 369 968 ubi
380 934 423 967 filius
435 940 474 968 tuus
485 933 567 977 sepelitur
578 934 611 967 mei
623 943 682 967 amore
693 944 735 967 cou-

33 984 107 1026 struitur,
118 984 220 1018 territon’um
231 994 272 1019 vero
284 984 301 1019 in
313 994 346 1028 quo
357 983 460 1019 construitur
470 983 521 1017 huius
531 989 558 1017 est
570 982 626 1017 sancti
640 983 735 1023 Edmundi,

33 1045 65 1067 nos
73 1035 135 1067 iccirco
142 1040 171 1067 tue
179 1033 294 1068 consolacioni
302 1044 385 1068 assumus.
408 1034 432 1067 Et
439 1039 458 1067 ut
467 1033 562 1076 perfeccius
570 1033 604 1067 iam
611 1032 663 1067 dictis
670 1034 736 1073 credas,

34 1084 72 1118 veni
80 1090 97 1118 et
106 1084 145 1118 uide
152 1084 167 1117 si
177 1094 270 1126 cognoscas
280 1084 333 1118 tilium
343 1084 401 1118 tuum!
424 1085 447 1117 Et
456 1084 563 1117 adduxerunt
574 1094 613 1117 eum
624 1089 707 1127 tanquam
718 1082 735 1117 in
746 1094 763 1125 ¹5

33 1135 104 1168 domum
115 1134 152 1168 dei:
166 1141 184 1169 et
194 1134 238 1169 vidit
247 1134 302 1168 filium
314 1145 363 1168 suum
375 1135 420 1168 inter
430 1134 500 1168 iuuenes
514 1133 603 1168 dealbatos
614 1133 708 1174 ludentem,
719 1139 736 1167 et

34 1186 138 1225 gaudentem
151 1185 196 1218 inter
207 1185 292 1226 preclaros
304 1184 322 1217 in
336 1186 389 1218 domo
401 1184 434 1217 dei.
460 1183 514 1224 Vidit,
528 1189 545 1216 et
560 1181 658 1216 videntem¹
673 1183 736 1225 alloqui

35 1234 111 1275 optauit:
123 1239 149 1266 set
159 1234 182 1265 ab
191 1234 257 1266 eisdem
269 1233 333 1266 sanctis
342 1233 443 1276 prohibitus,
452 1232 557 1266 allocucione
569 1232 646 1276 priuatus
657 1232 736 1266 discedit.

36 1284 75 1316 ilec
85 1283 176 1327 episcopis,
190 1283 280 1318 abbatibus
294 1283 367 1327 uirisque
380 1288 440 1318 sancte
451 1282 538 1325 religionis
551 1282 648 1324 enucleans,
660 1282 688 1316 dei
699 1293 737 1316 ma-

34 1333 93 1376 gnalia
104 1334 216 1376 glorificabat.
746 1341 765 1361 ²0

120 1434 150 1466 DE
160 1441 230 1467 TRIBUS
241 1441 293 1467 VIRIS
304 1441 340 1485 51113
352 1441 412 1468 UNDIS
423 1440 483 1467 aratus
494 1441 506 1466 Α
518 1439 653 1466 suuntuksiottu

250 1490 377 1515 MIRABILITER
388 1489 524 1516 PRESERUATIS.

78 1547 94 1580 X
104 1548 189 1581 relacione
196 1546 229 1580 uiri
238 1547 284 1580 bone
294 1546 388 1589 opinionis,
394 1546 475 1580 monachi
485 1552 502 1581 et
512 1545 606 1580 sacerdotis
617 1545 705 1589 Radulphi
716 1546 738 1579 de

100 1597 190 1637 Carleiiod,
205 1596 269 1631 Christi
281 1598 340 1630 laudes
353 1603 370 1630 et
383 1597 438 1630 sancti
451 1597 539 1630 Edmundi
551 1597 643 1630 multorum
657 1596 740 1629 memorie

36 1649 104 1681 tradere
115 1647 216 1681 curauimus,
239 1647 328 1690 Siquidem
341 1646 403 1687 aiebat,
417 1647 525 1691 quamplures
539 1647 621 1689 Anglicos
635 1646 704 1688 nauigio
716 1646 739 1680 de

36 1699 113 1740 partibus
125 1698 208 1740 aquilonis
219 1707 277 1730 versus
286 1697 368 1738 Angliam
375 1708 423 1730 more
433 1696 538 1729 mercenario
549 1697 630 1729 tendere:
643 1702 670 1729 set
682 1695 740 1728 subito

37 1752 130 1790 tempestas
141 1747 166 1780 eis
179 1746 245 1779 diucius
256 1746 363 1786 incumbens,
374 1757 428 1779 naues
439 1747 526 1788 preclaras
537 1745 617 1788 dispersit
628 1750 645 1778 et
657 1755 686 1778 eas
698 1745 739 1778 diri·
748 1756 765 1787 ²5

36 1797 78 1840 puit,
85 1802 123 1830 turn
132 1797 164 1830 has
173 1795 286 1838 confringens,
294 1802 330 1829 tum
340 1796 371 1829 has
382 1797 498 1837 submergens.
521 1796 561 1828 Heu
572 1795 630 1828 dolor!
642 1800 667 1827 tot
677 1794 739 1836 anime,

37 1858 76 1881 cum
83 1846 184 1881 multimoda
193 1845 293 1879 diuiciarum
304 1845 358 1888 copia,
366 1846 454 1879 submerse
466 1852 577 1886 euanuernnt,
584 1845 654 1889 vitaque
664 1846 739 1889 presenti

37 1897 81 1931 inira
91 1899 142 1931 breue
150 1902 246 1930 caruerunt.
268 1897 308 1929 Hoc
316 1896 364 1936 inter,
375 1903 409 1929 tres
419 1896 484 1929 ibidem
491 1896 523 1928 viri
536 1896 581 1929 inter
591 1897 653 1929 fluctus
663 1896 739 1930 marinos

37 1948 70 1980 hac
78 1947 151 1990 illacque
159 1946 221 1985 iactati,
230 1957 283 1990 usque
291 1946 309 1979 in
318 1946 404 1979 cumulum
411 1956 503 1979 arenosum
513 1946 531 1978 in
538 1945 597 1978 medio
604 1946 648 1978 mari
656 1946 740 1989 propelle-

37 1998 104 2030 bantur.
128 1997 205 2038 Quorum
212 2005 262 2036 vnus,
271 1994 329 2037 gladio
338 1994 430 2036 accinctus,
438 1994 470 2029 etsi
481 1995 508 2028 vix
519 2001 577 2028 tamen
585 1995 628 2028 duos
637 1995 739 2038 alloquitur:
749 2003 769 2033 30

38 2046 151 2079 ‘Innocemus
158 2045 210 2077 deum
217 2050 235 2077 et
242 2049 321 2077 sanctum
329 2045 441 2077 Edmundum
453 2055 492 2078 cum
502 2044 582 2084 lacrimis,
590 2051 608 2077 ut
619 2054 651 2078 nos
663 2056 674 2078 a
685 2051 740 2079 morte

38 2095 129 2138 dignentur
143 2094 218 2137 eripere!
242 2094 296 2128 Maris
310 2093 360 2136 igitur
372 2094 462 2128 fluctuacio
475 2094 561 2135 tumescit,
573 2094 633 2129 circuit
646 2101 664 2129 et
676 2106 740 2140 appro-

38 2146 120 2189 pinquat:
137 2151 155 2179 et
168 2144 304 2188 quantomagis,
317 2150 366 2178 tanto
380 2151 397 2178 et
411 2145 435 2177 hii
448 2144 509 2178 timent
522 2151 539 2178 et
552 2146 659 2187 proclamant
671 2156 694 2180 ne
706 2146 742 2180 vita

38 2196 158 2237 periclitentur.
181 2194 244 2228 Circuit
256 2205 297 2236 ergo
308 2205 356 2227 mare
367 2194 446 2227 fluctibus
458 2201 476 2227 et
490 2196 565 2237 spargit3
581 2197 621 2228 Hac
632 2196 690 2238 frigus,
702 2196 742 2231 inde

38 2245 94 2285 timor,
102 2244 142 2287 quia
149 2255 195 2277 mors
202 2243 259 2277 vicina
267 2243 344 2286 patescit.
367 2244 406 2276 Deo
413 2243 466 2286 igitur
472 2244 572 2287 inspirante,
581 2246 627 2280 solus
637 2246 664 2280 ille
675 2246 742 2288 gladia·
750 2257 768 2287 35

38 2300 66 2327 tus
75 2294 141 2337 exurgit
151 2300 168 2328 et
180 2293 198 2327 in
210 2294 280 2328 nomine
291 2295 319 2328 dei
331 2301 351 2339 et
360 2294 414 2328 sancti
425 2294 513 2329 Edmundi
524 2295 600 2338 gladium
611 2296 693 2338 edacem,
703 2308 743 2331 curn

39 2346 73 2378 fide
82 2346 157 2388 perlecta
167 2355 199 2387 pro
209 2356 227 2378 se
238 2345 322 2388 sociisque
333 2345 368 2379 suis
379 2351 426 2386 orat;
440 2351 457 2379 et
468 2345 491 2380 ait
502 2346 536 2379 eis:
551 2346 577 2380 ‘0
587 2346 635 2389 socii,
645 2354 743 2381 constantes

39 2400 93 2429 estote
101 2394 119 2429 in
127 2395 210 2435 oracione,
218 2400 235 2429 et
243 2395 295 2429 nolite
303 2395 362 2429 timere
369 2397 373 2428 l
386 2396 476 2429 Habemus
484 2392 531 2430 enim
541 2404 629 2440 potentem
640 2397 743 2431 aduocatum

39 2451 57 2477 et
66 2444 160 2486 dominum,
168 2451 248 2478 sanctum
256 2456 315 2487 regem
325 2452 342 2479 et
352 2446 440 2479 martirem
450 2446 574 2487 Edmundum
590 2447 618 2479 hic
627 2447 662 2479 suis
670 2447 743 2489 perfecte

39 2494 159 2526 inuocantibus
173 2504 206 2527 nec
220 2499 265 2527 terra
280 2504 313 2527 nec
327 2494 370 2527 mari
386 2495 447 2528 deesse
465 2496 512 2528 solet.
536 2497 638 2529 inuocemus
654 2495 709 2537 igitur,
726 2502 743 2530 et
750 2510 772 2541 40

40 2553 133 2576 voueamus
146 2549 213 2576 nosmet
226 2543 242 2576 ei
254 2543 271 2576 in
284 2544 352 2577 Christo
364 2550 383 2577 ut
394 2545 476 2587 quamdiu
486 2545 632 2588 supervixerimus,
643 2556 690 2579 anno
701 2555 743 2590 quo·

345 2607 351 2625 ¹
361 2619 373 2639 r.
380 2610 435 2639 visum.

62 2667 104 2694 ΥΟΕ.
113 2667 133 2693 11.
378 2667 391 2694 U
400 2670 411 2692 ll
