1762 2803
248 189 295 244 Dr
309 187 409 242 banuo
426 193 520 254 guono.
707 195 736 251 87

32 317 108 359 propter
115 316 190 355 peccata
197 310 260 355 populi
268 315 318 345 tanta
327 310 387 345 sames
396 310 477 351 inualuit,
484 316 504 345 vt
515 317 575 345 mater
584 311 645 352 filiam,
654 312 736 346 etlilium

32 370 90 410 pater,
103 363 191 406 multique
204 362 270 406 prelati
283 363 376 397 subditum
389 363 425 398 sibi
438 364 527 409 populum
539 364 662 400 comederent.
685 364 737 400 Reli-

32 417 78 463 giosi
90 416 168 460 proinde
178 415 213 450 viri
224 416 321 451 duodecim
329 422 396 451 terram
407 417 501 462 propriam
511 418 642 461 relinquentes,
651 417 737 461 regiones

32 471 99 506 multas
110 469 246 514 peregrinando
257 474 372 506 transmeare
382 470 482 515 elegerunt.
505 469 592 514 Quicum
604 470 683 507 Romam
695 483 737 517 per-

33 524 133 566 uenissent,
141 524 218 558 consilio
225 535 274 568 pape
282 525 305 558 ab
313 523 391 558 inuicem
398 524 478 568 separati
482 524 494 565 ¹,
499 524 619 569 dispositione
624 525 654 559 dei
662 530 737 559 sanctus
745 537 754 567 5

32 579 73 611 Yuo
84 587 126 611 cum
137 576 196 611 Sithio
208 581 281 620 nepote,
289 581 307 610 et
320 576 391 610 luthio²
401 583 478 621 cognato
488 588 527 619 suo,
538 576 615 621 aliisque
627 577 737 622 quibusdam

33 629 146 665 Britanniam
159 628 239 664 intrauit.
262 629 341 664 Sanctus
353 640 398 664 vero
408 630 512 665 Athanatus
525 631 548 665 ad
561 631 656 665 heremum
670 630 689 666 in
701 642 737 675 qua

32 684 83 728 prius
96 684 174 726 degebat
186 682 267 724 rediens,
279 688 297 717 et
307 683 363 717 vitam
373 683 451 725 liniens;
468 683 486 717 in
499 685 578 727 quodam
589 684 663 718 excelso
675 689 737 717 monte

33 746 99 778 corpus
111 736 170 768 adhuc
183 736 222 768 eius
234 735 360 779 incorruptum
372 735 501 779 permane[t]³,
515 735 647 770 monachorum
660 735 737 780 collegio

33 790 136 831 honoratur,
150 793 168 822 et
181 797 291 832 vnoquoque
305 797 370 823 mense
382 798 393 822 a
405 787 499 823 monachis
512 800 584 832 vngues
596 800 683 823 manuum
697 789 737 823 eius
747 801 765 822 ro

33 841 141 883 inciduntur,
153 841 213 885 capilli
227 842 331 883 tondentur,
345 846 364 876 et
376 841 399 876 ab
413 841 498 877 omnibus
510 852 545 886 per
557 846 613 876 totam
629 841 694 877 Grecie
708 853 737 876 re·

33 895 106 940 gionem
121 895 221 930 honoratur
236 899 254 930 et
269 888 457 931 colitur—Ductor
474 896 585 940 apostolicus
602 902 621 930 et
635 896 675 930 veri
693 896 737 930 solis

33 948 115 990 nuncius,
133 948 174 983 Yuo
188 948 251 992 presul
270 947 348 989 inclitus,
362 959 381 982 m
401 948 477 983 Persida
495 955 552 991 ortus,
571 949 638 983 finibus
657 949 737 983 occiduis

34 1002 127 1035 Britannie
146 1011 157 1034 a
175 1002 250 1035 domino
271 1006 299 1034 est
318 1001 425 1034 destinatus.
452 1001 536 1045 Cumque
556 1007 624 1034 terram
643 1001 737 1045 propriam

33 1058 108 1098 propter
119 1054 174 1087 deum
186 1052 322 1097 peregrinando
333 1052 443 1097 reliquisset,
455 1053 553 1097 multisque
566 1058 657 1087 terrarum
671 1053 737 1098 spaciis
747 1064 764 1094 ¹5

33 1105 114 1141 decursis
130 1105 207 1140 Galliam
221 1116 263 1140 cum
276 1105 315 1139 suis
329 1105 421 1147 intrasset,
436 1116 447 1139 a
462 1116 506 1150 rege
522 1112 540 1140 et
554 1106 622 1150 populo
637 1106 738 1141 honorifice

33 1164 134 1203 susceptus,
143 1169 177 1194 nec
185 1158 221 1193 vlla
229 1157 287 1202 gratia
294 1164 372 1200 terrena,
380 1158 464 1203 quamuis
474 1158 554 1194 assiduis
564 1159 650 1204 precibus
658 1165 737 1204 rogatus,

33 1213 55 1246 ab
63 1212 109 1256 ipsis
120 1211 195 1246 retineri
205 1217 281 1256 poterat,
290 1212 323 1246 sed
335 1211 448 1247 Britanniam
458 1212 570 1256 ingrediens,
578 1212 597 1247 in
604 1212 647 1247 villa
657 1213 736 1256 quadam

33 1265 91 1299 tribus
103 1265 204 1299 miliaribus
215 1266 238 1298 ab
252 1264 397 1308 Huntingdonia,
409 1266 484 1299 nomine
498 1265 559 1308 Slepe,
572 1276 631 1308 vsque
644 1266 667 1298 ad
681 1266 737 1298 finem

33 1318 70 1351 vite
84 1329 118 1351 sue
132 1318 151 1350 in
167 1317 238 1361 uigiliis,
253 1316 332 1358 ieiuniis,
347 1321 365 1351 et
383 1317 494 1351 orationibus
513 1317 548 1351 deo
564 1317 630 1362 iugiter
646 1316 737 1359 seruiens,
746 1328 766 1348 πο

33 1371 101 1414 plenus
108 1370 161 1405 bonis
171 1370 259 1414 operibus
266 1369 322 1404 vitam
333 1369 396 1404 finiuit.
441 1362 517 1414 Elapsis
524 1381 569 1405 vero
580 1371 673 1405 nonnullis
683 1372 737 1405 annis

34 1424 112 1457 rusticus
123 1423 203 1468 quidam,
214 1433 289 1457 vomere
300 1427 367 1458 terram
379 1422 451 1468 aperire
463 1429 562 1468 temptans
573 1424 592 1458 in
604 1425 737 1468 sarcophagum

34 1476 120 1521 impegit:
133 1481 151 1510 et
162 1486 196 1521 spe
204 1476 249 1510 lucri
259 1480 351 1518 attractus,
359 1476 417 1510 boues
425 1476 511 1511 arautes⁴
519 1482 598 1518 reuocat,
609 1482 627 1512 et
637 1482 675 1512 toto
685 1477 738 1512 nisu⁵

33 1530 93 1564 locum
105 1534 176 1574 purgat.
200 1529 223 1564 Et
238 1529 342 1564 conuocatis
357 1531 459 1565 aratoribus
472 1530 613 1575 circumquaque
625 1530 696 1574 positis,
709 1531 737 1564 in-

33 1589 124 1627 uenioque
132 1583 230 1627 sepulchro
238 1588 256 1617 et
265 1589 334 1626 aperto,
342 1583 450 1626 episcopum
459 1582 593 1626 pontificalibus
603 1582 686 1617 indutum
694 1594 737 1617 con·
745 1592 764 1622 ²5

33 1636 117 1679 spiciunt.
144 1635 250 1670 Accersitofl
262 1640 324 1670 autem
339 1636 430 1669 monacho
445 1636 487 1670 ville
502 1636 601 1680 preposito,
616 1636 691 1671 nomine
706 1635 737 1670 El-

34 1687 115 1729 nomast
124 1699 191 1732 corpus
202 1689 289 1722 decenter
296 1689 353 1722 lotum
362 1689 386 1722 ad
394 1689 490 1723 ecclesiam
498 1689 582 1723 deterunt
590 1694 608 1723 et
619 1688 669 1723 iuxta
679 1689 737 1724 altare

34 1751 74 1775 cum
87 1752 154 1786 magna
165 1741 283 1776 veneratione
296 1741 390 1776 collocant.
413 1741 519 1787 Sequente⁸
529 1752 573 1777 vero
587 1747 640 1777 nocte
652 1742 737 1787 apparuit

33 1794 81 1829 idem
97 1795 194 1840 episcopus
209 1795 281 1830 cuidam
296 1795 348 1830 fabro
363 1796 396 1829 Ezi
410 1786 491 1837 v'ocat0⁵,
505 1800 574 1830 statura
586 1806 679 1839 procerus,
691 1795 737 1830 facie

34 1849 126 1890 candidus,
134 1849 196 1893 specie
207 1848 280 1883 uiuidus
286 1849 298 1891 ⁹,
306 1849 399 1883 oculorum
407 1849 446 1883 acie
457 1848 560 1888 flammeus,
572 1849 647 1882 dicens:
661 1848 737 1889 ‘Quem
746 1857 766 1884 30

34 1900 97 1944 inquit,
103 1903 158 1934 modo
163 1901 182 1934 in
190 1901 220 1935 tali
229 1901 268 1935 ioco
277 1901 370 1940 miramini¹
375 1905 475 1944 repertum,
485 1900 527 1944 ipse
536 1910 577 1934 sum
584 1900 625 1934 Yuo
632 1900 737 1946 episcopus,

34 1953 64 1996 qui
76 1953 105 1989 hic
116 1964 157 1988 cum
165 1953 223 1988 beatis
231 1953 285 1988 sociis
295 1954 385 1988 hactenus
396 1953 439 1988 latui
447 1951 552 1987 tumulatus.
571 1953 667 1987 Denuncia
673 1953 686 1972 ¹⁰
693 1963 737 1996 ergo

34 2007 93 2040 abbati
102 2006 200 2040 Rameseie
207 2006 292 2040 Ednotho
297 2006 383 2050 quatinus
388 2016 418 2040 me
424 2016 466 2040 cum
471 2005 542 2040 eisdem
551 2004 606 2040 sociis
612 2005 660 2040 meis
666 2016 700 2040 suo
707 2016 737 2041 ce-

35 2059 87 2093 nobio
93 2058 194 2095 transferre
200 2059 283 2094 festinet.¹
295 2059 378 2104 Cumque
383 2058 597 2104 pauper[spiritu]'¹visa
603 2059 737 2094 reserrelormi-

34 2112 90 2155 daret,
98 2113 182 2157 apparuit
193 2113 209 2146 ei
218 2113 285 2147 iterum
296 2113 401 2157 episcopus,
408 2118 463 2156 atque
472 2111 531 2153 tertio,
539 2112 662 2155 negligentem
672 2111 739 2147 acriter
746 2125 765 2154 ³5

35 2167 157 2210 redarguens;
169 2172 187 2201 et
198 2166 271 2210 signum
281 2171 389 2210 querentem
399 2164 499 2210 episcopali
507 2166 558 2209 virga
569 2164 654 2210 pulsauit,
663 2165 737 2202 dicens:

34 2218 84 2253 ‘Hoc
93 2219 166 2264 signum
174 2219 257 2262 habebis,
263 2230 300 2264 quo
307 2229 422 2264 nequaquam
431 2220 502 2254 carebis
510 2219 546 2253 nisi
553 2218 603 2252 iussa
611 2218 738 2252 nuntiaueris?

36 2269 199 2316 Euigilans¹²verq
208 2272 226 2305 in
235 2273 275 2306 loco
283 2271 301 2305 in
310 2281 346 2315 quo
353 2281 454 2314 percussus
462 2270 527 2311 iuerat,
532 2281 553 2304 ac
561 2270 577 2304 si
585 2269 634 2304 ferro
642 2271 739 2305 confossus

35 2322 103 2365 luisset¹
112 2324 195 2360 dolorem
206 2328 277 2359 tantum
287 2334 354 2367 passus
368 2329 401 2358 est.
424 2323 470 2357 Cum
482 2330 543 2358 autem
554 2325 593 2359 visa
602 2324 663 2358 abbati
669 2323 682 2343 ¹³
689 2330 738 2358 retu-

35 2374 91 2420 lisset,
99 2377 172 2412 sanitati
182 2376 276 2412 restitutus
288 2383 322 2411 est.
367 2369 477 2422 Propositus
488 2377 548 2421 itaque
559 2376 653 2421 predictus
661 2378 737 2412 credere
745 2389 766 2418 4⁰

35 2430 99 2473 renuit,
111 2436 129 2465 et
141 2430 228 2465 rusticum
239 2431 290 2464 velut
301 2430 370 2464 fatuum
382 2430 475 2474 repellens
487 2430 542 2464 dixit:
557 2429 596 2463 ‘En
608 2429 654 2463 viles
666 2430 737 2464 cineres

36 2482 130 2518 cuiuslibet
149 2482 217 2518 sutoris
232 2482 352 2517 transserre¹⁴
368 2488 386 2517 et
405 2482 466 2516 colere
487 2482 576 2517 debemus
594 2493 629 2525 pro
648 2482 738 2516 sanctisi’

55 2541 87 2571 ¹13.
95 2544 184 2580 separatim.
219 2541 254 2570 ²13.
262 2541 318 2570 iuthio⁴
353 2540 420 2576 ³soT.‚
428 2541 446 2570 E.
455 2549 555 2576 permanens.
591 2539 648 2569 ‘Boii
656 2540 737 2569 herentes.

35 2575 68 2609 5Ε,
76 2581 115 2611 visu.
156 2580 285 2611 ⁶E.Accercito.
325 2578 499 2610 ⁷nameominlloll.
539 2578 661 2616 ¹¹T.chuenti.
701 2579 736 2609 ⁹3.

36 2617 102 2651 uiuidus.
163 2620 175 2639 1⁰
186 2620 226 2650 Boii.
235 2620 306 2657 Suggerc
316 2619 398 2656 preposito
408 2623 425 2649 ut
434 2619 468 2656 ipse
478 2618 540 2648 nuntiet
547 2618 608 2652 abbati:
618 2619 646 2647 but
653 2618 672 2648 ci.
680 2618 736 2648 llatth.

36 2654 102 2691 Westm.
144 2659 155 2678 ¹¹
166 2670 197 2690 om.
238 2659 379 2697 ¹²E.Euigulaus.
421 2657 433 2675 ¹¹³
444 2658 484 2688 Bell.
493 2657 579 2696 preposito,
600 2657 611 2675 ¹¹
620 2658 639 2689 E.
647 2659 736 2690 transferri.
