1762 2803
260 57 306 112 De
321 55 420 109 aaron
435 57 525 117 atttutu.
716 72 744 115 55

42 191 107 217 sonum
118 177 218 218 admirans,
225 188 262 221 quo
273 176 376 211 deferretur
385 176 452 211 didicit.
476 177 522 210 Cum
532 182 593 211 autem
602 182 677 211 sanctus
685 177 744 211 Dauid

43 234 139 270 cimbalum
148 231 167 264 in
175 230 260 264 manibus
268 236 344 272 teneret,
352 236 370 264 et
378 230 448 264 nullum
456 241 522 264 sonum
531 221 624 273 redderet}
630 230 724 275 inquisiuit
730 231 745 265 si

43 295 150 331 aquoquam
158 283 210 318 invia
218 283 314 327 probatum
319 283 349 317 vel
356 288 424 318 tactum
432 283 501 318 fuisset.
525 283 548 318 Et
556 284 617 318 audito
623 283 672 328 quod
678 282 745 318 sactum

42 342 105 381 fuerat,
114 339 149 373 ait:
161 336 213 371 ‘Scio
221 337 270 381 quod
282 336 369 380 magister
379 342 442 371 noster
452 337 519 371 lltutus
530 336 574 371 illud
585 337 673 372 allectans
681 343 745 381 petere

43 393 105 436 noluit,
117 391 179 427 sciens
188 390 233 425 illud
245 390 292 425 mitti
305 390 328 424 ad
341 401 376 425 me.
400 390 503 425 Reuertere
513 401 558 435 crgo
570 391 592 425 ad
603 390 716 436 speluncam,
726 395 763 436 et5

43 446 140 482 cimbalum
155 455 179 477 ex
194 449 247 487 parte
262 454 304 477 mea
322 443 410 487 magistro
429 455 471 477 meo
486 443 570 478 conferre
586 445 651 478 stude!
674 443 745 486 Quibus

42 499 113 540 auditis,
120 501 212 531 venerunt
220 497 304 530 monachi
313 502 331 530 et
339 497 423 530 abbatem
433 497 507 530 Iltutum
516 507 557 530 cum
566 497 633 540 gaudio
640 497 662 530 ad
671 507 745 530 monas·

42 552 108 586 terium
116 550 235 584 reduxerunt.
266 542 387 592 Prepositus1
395 550 445 593 regis
452 549 471 583 in
480 550 565 583 arcendis
576 550 649 593 pascuis
656 560 745 592 pecorum

44 610 61 638 et
68 606 194 637 armentorum
202 602 296 636 aduersari
305 611 350 644 sepe
357 607 375 635 et
380 601 474 636 offendere
481 606 564 635 sanetum
573 601 603 636 dei
611 608 629 636 et
634 601 700 636 fratres
708 612 745 635 non

43 656 112 690 timuit:
125 665 193 699 pecora
200 655 310 698 quandoque
318 665 353 697 per
360 655 440 687 triduum
449 654 536 688 claudens
546 654 597 688 exire
607 666 644 688 non
655 654 745 698 permisit.
755 664 774 684 10

44 710 108 743 iltutus
116 712 178 742 autem
186 707 241 741 deum
249 707 316 752 iugiter
328 707 411 741 exorauit
418 713 438 741 vt
449 708 472 741 ad
484 718 516 740 cor
527 708 602 742 rediens
612 709 716 742 correctus²
723 708 746 742 ab

43 763 136 806 iniquitate
151 766 295 794 conuerteretur.
318 761 400 804 Cumque
412 761 469 795 vitam
484 761 584 795 emendare
600 767 745 805 contempneret,

43 816 97 850 tellus
109 825 130 849 os
142 824 196 848 suum
209 815 295 858 aperiens
308 813 404 858 deglutiuit
417 825 465 849 eum.
488 814 529 856 Quo
541 814 603 849 audito
613 825 647 849 rex
658 814 745 855 offensus,

43 874 127 903 sanctum
136 867 210 900 lltutum
217 873 247 901 aut
253 867 357 901 interficere
365 873 396 901 aut
401 868 424 902 de
431 878 464 901 suo
471 867 564 902 domini0⁸
572 868 645 911 penitus
650 868 746 911 expellere

44 922 112 962 volens,
120 926 202 954 armatus
209 921 233 954 de
241 926 301 954 castro
311 930 398 964 egressus
410 920 433 954 ad
444 925 516 965 portam
528 920 634 955 monasterii
644 920 700 954 venit.
723 920 746 955 Et
755 930 773 962 15

43 976 87 1008 dum
100 975 123 1008 ad
139 973 257 1007 homicidium
269 974 414 1017 perpetrandum
428 978 502 1017 paratus
516 978 578 1015 staret,
592 979 641 1008 terra
652 974 746 1007 absorbuit

43 1038 91 1061 eum.
134 1018 254 1070 Aggrauatus
266 1027 340 1060 demum
354 1025 420 1060 Iltutus
432 1036 442 1059 a
455 1025 572 1060 multitudine
582 1026 714 1060 confluentium
728 1032 745 1060 et

44 1079 62 1113 in
70 1078 183 1113 orationibus
190 1078 229 1113 suls
234 1079 339 1122 impeditus,
344 1078 403 1113 tribus
409 1079 462 1113 annis
467 1079 485 1113 in
494 1078 582 1122 spelunca
589 1079 668 1124 quadam
673 1078 746 1119 mansit,

44 1132 93 1166 omni
101 1132 131 1166 die
139 1132 184 1165 hora
191 1142 240 1166 nona
248 1132 335 1166 celestem
344 1137 417 1176 pastum
427 1133 450 1166 ab
458 1133 523 1175 angelo
531 1132 566 1166 sibi
574 1133 655 1166 delatum
663 1143 746 1166 sumens.

45 1178 107 1219 Nocte
115 1185 193 1228 quadam
201 1185 237 1218 duo
246 1185 326 1218 latrones
334 1195 409 1227 gregem
417 1194 515 1228 porcorum
520 1185 554 1219 viri
563 1185 621 1219 sancti
629 1185 682 1219 furati
691 1190 744 1220 sunt:
754 1196 774 1217 υ

45 1243 62 1270 et
70 1248 111 1270 cum
120 1236 228 1271 estimarent
235 1243 305 1271 rectam
313 1241 378 1271 tenere
385 1237 439 1280 viam,
446 1247 480 1281 per
487 1242 543 1271 totam
551 1244 623 1273 noctem
629 1243 718 1281 vagantes
726 1238 745 1272 in

44 1300 108 1324 aurora
120 1290 143 1324 ad
155 1290 262 1324 monasterii
275 1295 347 1334 portam
361 1290 431 1324 inuenti
445 1295 493 1325 sunt.
521 1290 544 1324 Et
558 1291 661 1326 cumidem
675 1290 746 1325 lacinus

44 1348 96 1378 nocte
104 1343 185 1378 secunda
193 1343 357 1388 presumpsissent,
365 1348 383 1377 et
391 1343 437 1378 sicut
445 1343 497 1388 prius
505 1343 524 1378 in
532 1355 598 1378 aurora
605 1343 704 1385 redissent,
712 1355 745 1378 rex

44 1396 117 1431 celestis
125 1397 143 1430 in
152 1397 223 1440 lapides
229 1398 281 1437 duos,
286 1407 345 1440 vsque
350 1396 404 1430 hodie
409 1398 428 1430 in
434 1397 516 1431 miraculi
523 1397 648 1431 testimonium
655 1403 745 1438 ostensos,

44 1459 120 1491 corpora
138 1460 202 1482 eorum
214 1450 348 1483 transmutauit.
392 1444 465 1484 Volens
478 1449 544 1482 Iltutus
556 1450 630 1483 visitare
649 1450 773 1494 ecclesiam25

44 1511 79 1543 que
94 1507 127 1535 estv
141 1500 159 1534 in
174 1500 237 1535 Monte
249 1502 326 1543 Tumha,
339 1501 426 1536 fratribus
439 1501 523 1547 precepit
535 1507 554 1536 vt
565 1507 624 1536 totum
638 1502 744 1536 monasterii

44 1554 156 1589 frumentum
164 1566 263 1589 excussum
270 1555 288 1589 in
297 1555 386 1599 granariis
395 1561 501 1600 poneretur.
524 1555 568 1590 Post
577 1555 745 1600 peregrinationem

45 1607 118 1642 rediens
133 1617 174 1641 eum
187 1608 258 1643 videret
273 1608 341 1642 multos
356 1608 417 1642 inedia
432 1608 514 1651 afflictos,
528 1608 622 1643 dominum
639 1608 747 1653 suppliciter

44 1662 136 1695 exorauit:
149 1667 167 1695 et
175 1673 217 1696 ecce
225 1662 299 1696 allatum
310 1668 339 1696 est
350 1662 437 1697 diuinitus
448 1663 561 1696 frumentum
568 1662 659 1706 usquead
671 1667 745 1706 portum

45 1713 63 1746 in
72 1714 138 1748 Minori
148 1714 242 1749 Britannia
251 1720 343 1759 optatum;
355 1716 405 1749 vnde
412 1727 433 1749 se
441 1720 478 1749 tota
485 1715 544 1759 patria
552 1715 619 1749 virtute
626 1714 656 1749 dei
664 1715 719 1759 pauit,
727 1721 746 1750 et
755 1727 774 1756 30

45 1766 67 1799 ad
75 1767 205 1801 seminandum
213 1767 289 1802 suffecit.
333 1760 423 1802 Transito
431 1774 473 1813 post
485 1768 519 1802 hee
528 1766 574 1802 mari
582 1769 605 1802 ad
613 1767 745 1803 monasterinm

45 1829 98 1853 suum
105 1820 167 1862 venit3
179 1826 251 1854 etcum
263 1821 305 1854 finis
313 1820 350 1854 vite
361 1822 523 1865 appropinquaret,
534 1822 557 1854 ad
570 1821 662 1855 Minorem
673 1821 746 1854 Britan·

45 1871 93 1905 niam
102 1883 203 1916 regressus,
212 1874 260 1917 apud
272 1872 363 1907 ciuitatem
375 1873 471 1907 dolensem
483 1873 543 1906 clarus
554 1872 647 1907 miraculis
659 1878 677 1905 et
688 1872 746 1917 signis

45 1929 99 1968 atque
106 1926 194 1970 prodigiis
203 1926 285 1969 celebris,
294 1932 343 1960 terre
351 1937 424 1970 corpus,
432 1926 516 1970 spiritum
524 1926 599 1970 quidem
607 1927 642 1961 deo
652 1936 746 1961 commen-

45 1978 99 2021 dauit,
111 1984 175 2013 octauo
187 1980 228 2013 idus
240 1979 351 2013 nouembris.
394 1973 500 2023 Anglorum
515 1990 549 2013 rex
561 1979 650 2024 Edgarus,
661 1979 746 2014 bachanti
756 1991 774 2022 35

45 2030 105 2066 lurore
113 2038 220 2074 commotus,
228 2033 327 2067 commouit
335 2033 435 2066 exercitum
446 2043 500 2066 suum
512 2038 587 2076 propter
596 2033 745 2076 Morganensium

45 2082 192 2128 inobedientiam,
200 2092 254 2131 atque
263 2086 305 2120 illuc
313 2086 411 2127 adducens,
417 2086 502 2121 violando
513 2092 617 2120 sanctorum
629 2085 720 2120 territoria
728 2093 746 2121 et

46 2136 85 2178 ipsa
95 2139 169 2182 templa,
178 2140 247 2172 nullam
258 2139 319 2172 villam
331 2149 341 2171 a
352 2139 495 2181 depopulatione
507 2138 608 2172 immunem
622 2138 701 2182 reliquit.
724 2139 745 2173 ln

46 2187 79 2222 hac
86 2190 147 2235 itaque
158 2191 253 2225 inuasione
262 2192 322 2225 ablata
333 2190 366 2223 suit
378 2191 420 2224 nola
430 2191 488 2225 sancti
501 2190 550 2225 Iltuti
562 2192 585 2224 ab
596 2191 673 2225 ecclesia
681 2202 719 2234 sua,
728 2198 746 2226 et

46 2242 69 2274 ad
81 2243 167 2288 Angliam
179 2255 190 2278 a
202 2245 281 2288 quodam
294 2244 376 2288 predone
388 2244 463 2287 perlata.
486 2243 589 2277 Remeante
603 2244 652 2278 enim
665 2245 746 2279 exercitu
755 2256 775 2285 40

46 2292 99 2337 ligata
107 2302 134 2332 est
143 2297 185 2331 nola
191 2297 239 2332 circa
247 2297 313 2331 collum
321 2296 363 2340 equi
372 2296 471 2338 cuiusdam,
479 2295 509 2340 qui
517 2296 536 2330 in
546 2302 608 2331 monte
616 2297 695 2341 quodam
704 2308 745 2332 eum

47 2349 111 2384 ceteris
123 2350 215 2385 exercitus
227 2350 279 2395 equis
290 2350 366 2385 herbam
378 2351 468 2395 carpebat.
492 2349 513 2383 In
524 2349 600 2384 meridie
608 2361 652 2384 vero
660 2350 704 2383 dum
713 2361 746 2385 rex

47 2399 65 2433 in
76 2403 155 2437 tentorio
163 2403 270 2448 quiesceret,
281 2404 342 2438 visum
355 2409 384 2437 est
396 2404 435 2448 regi
447 2403 495 2448 quod
506 2403 580 2447 quidam
594 2402 681 2437 terribilis
693 2403 747 2439 miles

48 2463 99 2489 suum
106 2462 170 2500 pectus
178 2457 242 2491 lancea
249 2458 362 2501 perforasset
369 2469 373 2499 ;
385 2463 403 2491 et
415 2458 496 2501 grauiter
507 2466 540 2490 rex
548 2456 637 2490 excitatus
645 2457 747 2500 suspirans¹¹

65 2522 71 2540 ¹
80 2523 99 2554 V.
107 2525 171 2555 nomine
179 2526 250 2564 Cesygid.
271 2525 277 2543 ⁹
287 2526 305 2556 Et
313 2530 395 2563 correptus
401 2535 405 2562 ;
411 2525 431 2556 V.
438 2524 543 2562 corrigeretur
549 2529 570 2555 et.
590 2524 596 2543 ³
604 2525 622 2556 E.
631 2525 686 2555 desua
694 2525 746 2557 domo.
