1762 2803
229 151 275 208 lla
289 148 389 205 banno
405 149 535 209 tonatur.
692 166 733 207 147

112 277 126 314 ‘ll
141 268 174 311 Dr
185 285 256 311 sancro
268 267 377 310 errrnano
388 284 475 309 eriscoro
487 284 510 308 rr
521 284 638 309 consessore
644 274 655 308 ¹,

36 339 133 421 Dignus
145 339 179 375 deo
191 337 268 374 antistes
276 338 396 381 Lethardus¹,
406 349 505 382 precursor
515 344 533 373 et
545 338 611 372 ianitor
617 337 689 372 venturi
697 338 736 371 Au-

97 392 166 436 gustini
177 393 196 426 in
207 391 275 436 Anglia
286 390 376 436 apparuit.
399 391 485 426 Preuenit
496 391 548 425 illum
559 396 579 425 vt
590 390 655 425 lucifer
665 390 735 432 solem3

33 445 104 492 parauit
113 445 129 480 ei
137 444 191 486 viam,
197 444 301 490 ingressum
309 450 327 479 et
334 444 401 486 locum,
406 449 426 479 vt
432 443 462 479 ille
470 449 544 489 pararet
550 443 630 478 domino.
646 442 736 487 Prodigus

34 499 125 544 uigentis³
140 498 201 533 anime
218 509 255 532 non
270 498 330 531 timuit
345 497 423 531 ferinam
441 498 536 541 gentilium
554 496 664 536 barbariem,
679 496 736 529 seculi
752 492 754 502 ³

34 551 147 596 principibus
154 550 261 585 terribilem.
277 550 320 594 Ipse
328 550 357 584 dei
365 549 433 584 lamule
440 549 503 594 regine
512 549 621 590 Berte,dum
631 549 737 584 Ethelbcrto
745 556 754 587 5

34 604 73 649 regi
80 604 140 638 adhuc
148 604 211 648 gentili
218 604 317 639 christiana
327 614 338 638 a
347 608 425 648 paterno
436 613 494 647 regno
506 602 618 637 Francorum
629 602 737 644 mitteretur,

34 659 77 700 dux,
89 668 156 699 comes,
169 658 237 698 doctor,
250 662 337 698 seruator,
349 668 371 692 ac
386 656 441 691 totius
456 656 530 701 pietatis
545 656 646 701 instigator,
658 668 669 691 a
684 667 737 691 mon-

35 712 111 746 struosis
130 711 194 745 ritibus
213 710 352 753 munimentum,
368 711 391 745 ab
410 710 501 755 ydolatria
519 709 625 753 sacrarium,
644 720 654 744 a
671 708 738 744 diaboli

35 763 141 800 venabulis¹
157 764 276 806 obstaculum,
292 764 311 798 in
330 763 380 798 omni
396 763 506 798 aduersitate
521 762 579 807 patris
594 768 633 797 erat
648 763 738 798 solatium.

36 819 76 861 Que
87 817 142 851 etiam
154 817 206 851 cum¹
217 818 283 851 eodem
295 822 358 850 sancto
369 815 438 859 patrel,
449 826 470 848 ac
482 826 526 858 rege
537 815 572 849 iam
584 815 656 849 Christo
667 821 738 849 sacrato
748 824 767 846 ιο

36 868 146 913 consepeliri
157 868 229 903 meruit.
252 868 291 903 Nec
303 868 353 902 illam
364 867 474 902 arbitramur
485 867 614 909 illaudabilem,
625 879 660 903 nec
671 867 738 913 pietate

36 923 55 957 in
70 923 125 956 deum
141 927 239 965 carentem,
254 923 287 956 sed
303 922 397 967 religione,
411 921 522 963 elemosinis,
539 921 641 965 ceterisque
656 921 739 956 moribus

37 976 133 1021 benignis⁷
147 976 254 1021 pollentem,
266 986 302 1020 que
317 975 352 1009 err¹
363 974 468 1009 christianis
482 974 558 1018 regibus
573 986 593 1009 ac
608 974 683 1020 populis
696 981 739 1009 nata

36 1035 106 1064 tantum
119 1029 182 1064 habuit
196 1029 325 1064 institutorem.
349 1028 400 1063 Inter
414 1028 521 1072 prophanas
536 1027 604 1063 Christi
619 1028 660 1062 tulit
673 1028 739 1071 obpro·

36 1084 101 1122 brium,
113 1082 133 1115 in
146 1082 224 1116 ecclesia
235 1082 337 1121 ridiculum,
350 1082 370 1114 in
384 1081 413 1115 dei
425 1081 453 1114 sui
466 1081 515 1114 cultu
528 1081 632 1114 ludibrium.
659 1080 681 1114 ln
693 1079 767 1119 anti-15

37 1134 125 1180 quissima
133 1134 191 1169 sancti
199 1133 280 1178 presulis
289 1132 363 1169 Martini
371 1132 448 1168 ecclesia
456 1133 490 1168 sub
496 1133 542 1167 vrbe
547 1133 587 1174 sita,
593 1133 647 1167 beato
653 1133 740 1177 pontifice

38 1187 142 1222 Lethardo¹
152 1186 264 1231 presidente,
276 1186 402 1230 frequentabat
415 1185 478 1230 regina
491 1186 590 1220 missarum
604 1192 622 1221 et
637 1187 739 1221 orationum

38 1245 152 1274 sacramenta
163 1251 204 1274 cum
216 1250 291 1274 suorum
304 1238 390 1273 comitum
402 1238 469 1273 familia
482 1239 586 1273 christiana.
609 1239 740 1274 Sanctissimus

37 1303 81 1327 vero
93 1293 202 1335 Lethardus,
210 1293 251 1337 quis
263 1292 319 1337 digne
330 1291 403 1326 estimet
415 1297 483 1336 quanta
494 1292 582 1327 miracula
592 1303 626 1337 per
637 1297 664 1326 tot
675 1293 740 1328 merita

39 1345 141 1381 exhibuerit
152 1346 172 1380 in
182 1345 225 1389 vita,
236 1346 289 1380 euius
300 1351 351 1380 tanta
364 1346 482 1380 crebrescunt
494 1346 562 1380 nostris
574 1346 687 1390 temporibus
698 1352 741 1390 post
749 1355 769 1378 to

39 1405 64 1434 tot
72 1399 101 1433 sui
109 1399 169 1433 obitus
177 1400 248 1441 secula;
260 1400 283 1434 dc
291 1398 358 1443 quibus
365 1398 431 1434 iniuria
439 1404 466 1434 est
473 1399 562 1434 memorie
568 1410 605 1433 non
611 1395 741 1434 commendare

39 1450 104 1493 aliqua.
128 1442 193 1484 Puella
199 1450 394 1494 quedamanatiuitate
400 1449 640 1494 ceca'adipsiustumulum
646 1450 742 1493 accedens,

40 1502 110 1537 meritis
125 1502 183 1536 sancti
198 1501 291 1543 Lethardi,
306 1502 372 1545 fugatis
387 1503 481 1536 oculorum
495 1502 578 1537 tenebris
591 1502 652 1537 visum
667 1503 742 1547 recepit.

40 1555 148 1589 Contractus
161 1554 240 1599 quidam,
254 1555 318 1590 solutis
332 1555 422 1590 calcaneis
436 1560 454 1590 et
467 1555 551 1591 extensis
563 1555 612 1591 tibiis
625 1566 669 1591 mox
683 1557 743 1601 pedes

41 1609 99 1643 erexit
118 1615 136 1643 et
155 1609 249 1643 ambulare
264 1609 318 1654 cepit.
361 1602 429 1644 Abbas
444 1609 573 1644 Abendonie¹u
588 1610 662 1644 anulum
678 1610 742 1654 regine
751 1626 770 1656 ²⁵

41 1662 137 1706 Edgithe¹¹
149 1673 192 1696 casu
204 1662 276 1696 fortuito
288 1662 375 1706 perdens,
385 1662 452 1706 vbique
460 1662 512 1696 illum
523 1673 604 1707 querens
611 1663 694 1698 inuenire
706 1673 743 1698 non

41 1716 103 1758 potuit.
126 1714 173 1750 Cum
190 1714 284 1749 lachrimis
299 1715 375 1749 demum
390 1720 408 1748 et
423 1715 509 1759 precibus
524 1715 611 1749 Lethardi
627 1715 743 1751 clementiam

42 1767 134 1811 exposcit:
150 1772 168 1802 ct
180 1766 228 1801 illico
240 1767 311 1809 anulus,
323 1766 353 1801 vbi
365 1768 434 1810 orabat,
445 1768 518 1803 reluxit.
564 1761 652 1803 Matrona
664 1770 743 1812 quedam

41 1831 106 1862 parere
114 1832 151 1854 non
158 1820 228 1863 valens,
236 1821 324 1865 angustiis
332 1826 395 1864 partus
403 1831 452 1864 pene
460 1820 569 1863 exanimata,
575 1821 594 1855 in
600 1821 651 1855 ardui
658 1820 726 1856 montis
731 1820 744 1842 ¹¹

43 1874 166 1918 supercilium,
173 1879 193 1909 vt
203 1873 238 1908 sibi
249 1874 268 1908 in
279 1872 343 1918 spiritu
353 1874 413 1908 visum
423 1873 461 1915 snit,
470 1874 544 1918 rapitur,
552 1880 571 1909 et
582 1874 633 1909 tetris
644 1875 743 1910 demonum
752 1887 772 1918 ³⁰

42 1927 123 1962 tenebris
135 1927 202 1969 territa,
216 1927 239 1961 ab
252 1926 391 1962 immanissimis
403 1927 502 1962 tortoribus
516 1938 556 1961 eam
572 1928 685 1972 rapientibus
700 1939 743 1964 cum

43 1979 86 2014 diris
98 1980 192 2025 suppliciis
203 1985 303 2024 torquetur.
332 1980 408 2024 lamque
419 1991 454 2024 per
465 1986 535 2015 arctum
547 1980 630 2015 foramen
641 1986 682 2015 rote
692 1981 743 2018 illam

42 2035 140 2068 extrudere
154 2038 209 2078 atque
224 2033 325 2075 detrahere,
341 2039 359 2068 et
370 2032 390 2068 in
407 2034 533 2078 sulphureas¹¹
547 2035 576 2068 sui
590 2033 657 2068 baratri
672 2034 744 2070 abissos

43 2087 151 2129 precipitare
162 2092 256 2120 conantur.
278 2086 312 2120 Cui
323 2086 342 2119 in
351 2091 402 2119 tanto
413 2086 478 2120 timore
489 2092 507 2121 et
519 2091 599 2121 tremore
609 2086 676 2131 iugiter
685 2087 745 2121 salua·

43 2141 101 2173 torem
108 2138 218 2180 inclamanti,
229 2137 356 2172 inestimabilis
364 2139 451 2174 claritatis
458 2139 510 2175 sidus
519 2139 590 2175 eminus
597 2140 688 2184 apparuit,
695 2140 745 2185 quod
753 2149 773 2182 ³5

43 2197 111 2233 quanto
124 2192 250 2237 propinquius,
263 2198 314 2227 tanto
326 2192 392 2227 clarius
407 2193 468 2228 radios
483 2203 527 2228 suos
542 2192 611 2228 effudit.
634 2193 657 2228 Et
670 2205 713 2229 eece
726 2194 745 2228 in

44 2245 104 2279 medio
114 2246 162 2280 illius
172 2246 261 2280 chorusce
270 2245 316 2280 lucis
326 2246 391 2281 beatus
401 2245 505 2281 Lethardus
517 2246 596 2290 emicuit,
604 2247 635 2292 qui
646 2247 745 2292 pontificali

43 2298 148 2334 auctoritate
167 2298 276 2343 perditionis
295 2298 390 2334 ministros
411 2300 536 2334 exterminans
557 2300 612 2334 dixit:
635 2301 745 2342 ‘Discedite

62 2361 68 2379 ¹
79 2362 108 2392 Ed.
115 2364 132 2392 in
139 2363 174 2391 Act.
182 2363 211 2391 SS,
218 2364 259 2392 Boll.
268 2372 287 2399 24
295 2364 339 2392 Febr.
347 2363 375 2392 111.
384 2372 399 2401 p.
407 2371 441 2401 475.
462 2363 499 2393 nor.
510 2363 550 2394 from
559 2362 647 2394 Goscelin’s
656 2363 747 2394 Translatio

44 2397 60 2429 S.
67 2400 151 2438 Augustini
161 2402 176 2431 ll
187 2403 203 2431 in
214 2401 248 2432 MS.
259 2402 301 2433 Cott.
311 2402 360 2441 Vesp.
371 2403 385 2432 B
395 2403 433 2439 XX,
445 2403 470 2433 ed.
481 2403 498 2432 in
506 2402 525 2433 Α.
538 2403 567 2434 SS.
576 2403 616 2434 Boll.
627 2404 664 2441 lrlay
674 2404 701 2434 Vl.
712 2414 747 2442 437.

45 2437 68 2468 Cl
73 2440 132 2472 Chron.
137 2442 192 2472 Thorn
197 2442 213 2471 in
220 2442 373 2480 Dec.Soript.1767.
403 2442 410 2459 ¹
420 2443 437 2473 E.
443 2442 541 2479 lethardum
551 2443 570 2474 T.
575 2443 594 2475 G.
601 2444 682 2475 letardus.
712 2443 718 2461 ³
728 2444 747 2475 T.

44 2478 228 2520 uigentis;E.ingentis.
269 2482 388 2514 ‘Evenabilis
429 2483 491 2514 ¹E.in.
528 2482 748 2522 ¹T.sanctopatresancto;

45 2517 63 2547 G.
71 2520 123 2551 eidem
131 2533 145 2553 s.
154 2523 194 2560 patri
203 2532 238 2559 suo,
248 2532 283 2553 cum
293 2532 322 2553 suo
333 2532 376 2560 rege.
416 2522 541 2560 'Rhenignus
581 2524 673 2555 ”aaa
712 2524 748 2554 ⁹T.

46 2555 115 2605 Puellam
122 2563 200 2600 quandam
208 2584 212 2591 .
219 2584 223 2592 .
230 2571 288 2593 cecam.
349 2563 361 2579 ¹⁸
372 2563 391 2592 G.
398 2563 437 2592 adds
444 2562 509 2593 aurificii
517 2564 641 2602 probatissimus.
705 2564 716 2582 ¹¹
728 2564 746 2594 E.

46 2599 103 2635 egithe.
145 2601 185 2632 1’Β
193 2602 252 2634 mortis.
293 2602 331 2633 1’Ἱὶ
339 2603 463 2640 Esulphureos.

382 2659 411 2683 La
