<?xml version="1.0" encoding="UTF-8"?>
<!DOCTYPE html PUBLIC "-//W3C//DTD XHTML 1.0 Transitional//EN"
    "http://www.w3.org/TR/xhtml1/DTD/xhtml1-transitional.dtd">
<html xmlns="http://www.w3.org/1999/xhtml" xml:lang="en" lang="en">
 <head>
  <title>
</title>
<meta http-equiv="Content-Type" content="text/html;charset=utf-8" />
  <meta name='ocr-system' content='tesseract 3.04.00' />
  <meta name='ocr-capabilities' content='ocr_page ocr_carea ocr_par ocr_line ocrx_word'/>
</head>
<body>
  <div class='ocr_page' id='page_1' title='image "./MN5111ucmf_0/MN5111ucmf_0_0878.png"; bbox 0 0 1762 2803; ppageno 0'>
   <div class='ocr_carea' id='block_1_1' title="bbox 118 134 628 197">
    <p class='ocr_par' dir='ltr' id='par_1_1' title="bbox 118 134 628 197">
     <span class='ocr_line' id='line_1_1' title="bbox 118 134 628 197; baseline 0.004 -16"><span class='ocrx_word' id='word_1_1' title='bbox 118 143 161 182; x_wconf 75' lang='lat'>262</span> <span class='ocrx_word' id='word_1_2' title='bbox 310 139 392 189; x_wconf 54' lang='lat' dir='ltr'>iiluna,</span> <span class='ocrx_word' id='word_1_3' title='bbox 405 136 521 197; x_wconf 56' lang='lat' dir='ltr'>llssssssslfflfl</span> <span class='ocrx_word' id='word_1_4' title='bbox 537 134 628 196; x_wconf 61' lang='lat' dir='ltr'>fissgllss.</span> 
     </span>
    </p>
   </div>
   <div class='ocr_carea' id='block_1_2' title="bbox 92 255 854 2468">
    <p class='ocr_par' dir='ltr' id='par_1_2' title="bbox 92 255 854 2468">
     <span class='ocr_line' id='line_1_2' title="bbox 118 255 819 302; baseline -0.006 -9"><span class='ocrx_word' id='word_1_5' title='bbox 118 258 217 294; x_wconf 89' lang='lat' dir='ltr'>Deirorum</span> <span class='ocrx_word' id='word_1_6' title='bbox 233 257 281 293; x_wconf 90' lang='lat' dir='ltr'>filius</span> <span class='ocrx_word' id='word_1_7' title='bbox 294 257 356 292; x_wconf 80' lang='lat' dir='ltr'>Ettriei</span> <span class='ocrx_word' id='word_1_8' title='bbox 372 257 431 302; x_wconf 90' lang='lat' dir='ltr'>patrui</span> <span class='ocrx_word' id='word_1_9' title='bbox 445 256 490 300; x_wconf 93' lang='lat' dir='ltr'>eius,</span> <span class='ocrx_word' id='word_1_10' title='bbox 504 255 578 291; x_wconf 89' lang='lat' dir='ltr'>nomine</span> <span class='ocrx_word' id='word_1_11' title='bbox 590 255 672 298; x_wconf 87' lang='lat' dir='ltr'>Osricus,</span> <span class='ocrx_word' id='word_1_12' title='bbox 684 265 762 299; x_wconf 85' lang='lat' dir='ltr'>regnum</span> <span class='ocrx_word' id='word_1_13' title='bbox 775 265 819 290; x_wconf 89' lang='lat' dir='ltr'>vero</span> 
     </span>
     <span class='ocr_line' id='line_1_3' title="bbox 118 308 820 356; baseline -0.007 -9"><span class='ocrx_word' id='word_1_14' title='bbox 118 313 245 347; x_wconf 90' lang='lat' dir='ltr'>Berniciorum</span> <span class='ocrx_word' id='word_1_15' title='bbox 260 312 341 356; x_wconf 84' lang='lat' dir='ltr'>suscepit</span> <span class='ocrx_word' id='word_1_16' title='bbox 357 311 460 354; x_wconf 85' lang='lat' dir='ltr'>Eanfridus,</span> <span class='ocrx_word' id='word_1_17' title='bbox 474 310 523 344; x_wconf 90' lang='lat' dir='ltr'>filius</span> <span class='ocrx_word' id='word_1_18' title='bbox 538 309 634 343; x_wconf 88' lang='lat' dir='ltr'>Ethelsridi</span> <span class='ocrx_word' id='word_1_19' title='bbox 648 309 703 353; x_wconf 85' lang='lat' dir='ltr'>regis,</span> <span class='ocrx_word' id='word_1_20' title='bbox 715 308 771 343; x_wconf 80' lang='lat' dir='ltr'>frater</span> <span class='ocrx_word' id='word_1_21' title='bbox 784 309 820 343; x_wconf 90' lang='lat' dir='ltr'>Os-</span> 
     </span>
     <span class='ocr_line' id='line_1_4' title="bbox 118 362 819 407; baseline -0.007 -6"><span class='ocrx_word' id='word_1_22' title='bbox 118 366 183 400; x_wconf 71' lang='lat' dir='ltr'>waldi¹</span> <span class='ocrx_word' id='word_1_23' title='bbox 191 379 194 401; x_wconf 96' lang='lat'><strong>:</strong></span> <span class='ocrx_word' id='word_1_24' title='bbox 207 372 225 400; x_wconf 89' lang='lat' dir='ltr'>et</span> <span class='ocrx_word' id='word_1_25' title='bbox 233 367 290 400; x_wconf 90' lang='lat' dir='ltr'>fidem</span> <span class='ocrx_word' id='word_1_26' title='bbox 298 364 366 399; x_wconf 84' lang='lat' dir='ltr'>Christi</span> <span class='ocrx_word' id='word_1_27' title='bbox 377 363 488 406; x_wconf 84' lang='lat' dir='ltr'>abiicientes,</span> <span class='ocrx_word' id='word_1_28' title='bbox 496 363 594 407; x_wconf 86' lang='lat' dir='ltr'>ydolorum</span> <span class='ocrx_word' id='word_1_29' title='bbox 602 363 657 396; x_wconf 91' lang='lat' dir='ltr'>cultui</span> <span class='ocrx_word' id='word_1_30' title='bbox 665 373 686 396; x_wconf 87' lang='lat' dir='ltr'>se</span> <span class='ocrx_word' id='word_1_31' title='bbox 694 362 819 397; x_wconf 86' lang='lat' dir='ltr'>subdiderunt.</span> 
     </span>
     <span class='ocr_line' id='line_1_5' title="bbox 119 415 819 462; baseline -0.007 -8"><span class='ocrx_word' id='word_1_32' title='bbox 119 420 159 454; x_wconf 90' lang='lat' dir='ltr'>Nec</span> <span class='ocrx_word' id='word_1_33' title='bbox 170 431 227 462; x_wconf 88' lang='lat' dir='ltr'>mora,</span> <span class='ocrx_word' id='word_1_34' title='bbox 234 424 332 462; x_wconf 84' lang='lat' dir='ltr'>utrumque</span> <span class='ocrx_word' id='word_1_35' title='bbox 343 428 377 452; x_wconf 80' lang='lat' dir='ltr'>ren</span> <span class='ocrx_word' id='word_1_36' title='bbox 387 417 482 450; x_wconf 90' lang='lat' dir='ltr'>Britonum</span> <span class='ocrx_word' id='word_1_37' title='bbox 491 416 583 449; x_wconf 87' lang='lat' dir='ltr'>Cedwalla</span> <span class='ocrx_word' id='word_1_38' title='bbox 592 415 640 449; x_wconf 91' lang='lat' dir='ltr'>iusto</span> <span class='ocrx_word' id='word_1_39' title='bbox 648 415 678 450; x_wconf 89' lang='lat' dir='ltr'>dei</span> <span class='ocrx_word' id='word_1_40' title='bbox 689 415 752 449; x_wconf 91' lang='lat' dir='ltr'>iuditio</span> <span class='ocrx_word' id='word_1_41' title='bbox 763 416 819 449; x_wconf 89' lang='lat' dir='ltr'>inter-</span> 
     </span>
     <span class='ocr_line' id='line_1_6' title="bbox 101 468 820 514; baseline -0.008 -8"><span class='ocrx_word' id='word_1_42' title='bbox 101 473 169 513; x_wconf 82' lang='lat' dir='ltr'>5emit.</span> <span class='ocrx_word' id='word_1_43' title='bbox 192 473 263 514; x_wconf 80' lang='lat' dir='ltr'>Quibus</span> <span class='ocrx_word' id='word_1_44' title='bbox 275 471 299 504; x_wconf 92' lang='lat' dir='ltr'>ita</span> <span class='ocrx_word' id='word_1_45' title='bbox 312 471 382 510; x_wconf 88' lang='lat' dir='ltr'>deletis,</span> <span class='ocrx_word' id='word_1_46' title='bbox 390 468 534 513; x_wconf 83' lang='lat' dir='ltr'>superueniente</span> <span class='ocrx_word' id='word_1_47' title='bbox 545 479 587 501; x_wconf 87' lang='lat' dir='ltr'>cum</span> <span class='ocrx_word' id='word_1_48' title='bbox 598 478 656 511; x_wconf 89' lang='lat' dir='ltr'>paruo</span> <span class='ocrx_word' id='word_1_49' title='bbox 668 468 749 501; x_wconf 83' lang='lat' dir='ltr'>exercitu</span> <span class='ocrx_word' id='word_1_50' title='bbox 764 468 820 501; x_wconf 84' lang='lat' dir='ltr'>fratre</span> 
     </span>
     <span class='ocr_line' id='line_1_7' title="bbox 120 520 820 564; baseline -0.006 -6"><span class='ocrx_word' id='word_1_51' title='bbox 120 525 202 558; x_wconf 87' lang='lat' dir='ltr'>Eanfridi</span> <span class='ocrx_word' id='word_1_52' title='bbox 215 524 307 564; x_wconf 79' lang='lat' dir='ltr'>Oswaldo,</span> <span class='ocrx_word' id='word_1_53' title='bbox 321 522 389 557; x_wconf 83' lang='lat' dir='ltr'>Christi</span> <span class='ocrx_word' id='word_1_54' title='bbox 403 522 440 556; x_wconf 88' lang='lat' dir='ltr'>fide</span> <span class='ocrx_word' id='word_1_55' title='bbox 455 520 531 563; x_wconf 91' lang='lat' dir='ltr'>munito,</span> <span class='ocrx_word' id='word_1_56' title='bbox 545 520 637 555; x_wconf 88' lang='lat' dir='ltr'>Cedwalla</span> <span class='ocrx_word' id='word_1_57' title='bbox 652 531 694 555; x_wconf 89' lang='lat' dir='ltr'>cum</span> <span class='ocrx_word' id='word_1_58' title='bbox 709 521 747 555; x_wconf 87' lang='lat' dir='ltr'>suis</span> <span class='ocrx_word' id='word_1_59' title='bbox 763 520 820 564; x_wconf 89' lang='lat' dir='ltr'>copiis</span> 
     </span>
     <span class='ocr_line' id='line_1_8' title="bbox 119 573 820 621; baseline -0.007 -9"><span class='ocrx_word' id='word_1_60' title='bbox 119 578 221 619; x_wconf 80' lang='lat' dir='ltr'>immensis,</span> <span class='ocrx_word' id='word_1_61' title='bbox 230 578 295 621; x_wconf 87' lang='lat' dir='ltr'>quibus</span> <span class='ocrx_word' id='word_1_62' title='bbox 303 576 348 609; x_wconf 90' lang='lat' dir='ltr'>nihil</span> <span class='ocrx_word' id='word_1_63' title='bbox 355 574 442 608; x_wconf 87' lang='lat' dir='ltr'>resistere</span> <span class='ocrx_word' id='word_1_64' title='bbox 450 584 505 617; x_wconf 87' lang='lat' dir='ltr'>posse</span> <span class='ocrx_word' id='word_1_65' title='bbox 513 573 595 616; x_wconf 85' lang='lat' dir='ltr'>iactabat,</span> <span class='ocrx_word' id='word_1_66' title='bbox 603 573 709 608; x_wconf 89' lang='lat' dir='ltr'>interfectus</span> <span class='ocrx_word' id='word_1_67' title='bbox 718 579 746 608; x_wconf 87' lang='lat' dir='ltr'>est</span> <span class='ocrx_word' id='word_1_68' title='bbox 754 575 772 607; x_wconf 92' lang='lat' dir='ltr'>in</span> <span class='ocrx_word' id='word_1_69' title='bbox 780 574 820 608; x_wconf 93' lang='lat' dir='ltr'>loco</span> 
     </span>
     <span class='ocr_line' id='line_1_9' title="bbox 119 626 820 674; baseline -0.006 -9"><span class='ocrx_word' id='word_1_70' title='bbox 119 630 151 674; x_wconf 93' lang='lat' dir='ltr'>qui</span> <span class='ocrx_word' id='word_1_71' title='bbox 160 629 275 664; x_wconf 79' lang='lat' dir='ltr'>Denisburn²</span> <span class='ocrx_word' id='word_1_72' title='bbox 283 629 301 662; x_wconf 94' lang='lat' dir='ltr'>id</span> <span class='ocrx_word' id='word_1_73' title='bbox 309 634 337 663; x_wconf 88' lang='lat' dir='ltr'>est</span> <span class='ocrx_word' id='word_1_74' title='bbox 347 629 397 662; x_wconf 89' lang='lat' dir='ltr'>riuus</span> <span class='ocrx_word' id='word_1_75' title='bbox 406 626 471 661; x_wconf 88' lang='lat' dir='ltr'>Denisi</span> <span class='ocrx_word' id='word_1_76' title='bbox 478 631 558 661; x_wconf 90' lang='lat' dir='ltr'>vocatur.</span> <span class='ocrx_word' id='word_1_77' title='bbox 581 626 641 661; x_wconf 90' lang='lat' dir='ltr'>Locus</span> <span class='ocrx_word' id='word_1_78' title='bbox 651 631 712 660; x_wconf 91' lang='lat' dir='ltr'>autem</span> <span class='ocrx_word' id='word_1_79' title='bbox 723 626 753 661; x_wconf 92' lang='lat' dir='ltr'>ille</span> <span class='ocrx_word' id='word_1_80' title='bbox 761 638 820 671; x_wconf 92' lang='lat' dir='ltr'>vsque</span> 
     </span>
     <span class='ocr_line' id='line_1_10' title="bbox 119 679 821 726; baseline -0.004 -9"><span class='ocrx_word' id='word_1_81' title='bbox 119 684 174 717; x_wconf 93' lang='lat' dir='ltr'>hodie</span> <span class='ocrx_word' id='word_1_82' title='bbox 186 684 205 717; x_wconf 88' lang='lat' dir='ltr'>in</span> <span class='ocrx_word' id='word_1_83' title='bbox 217 693 283 726; x_wconf 84' lang='lat' dir='ltr'>magna</span> <span class='ocrx_word' id='word_1_84' title='bbox 292 680 408 716; x_wconf 83' lang='lat' dir='ltr'>veneratione</span> <span class='ocrx_word' id='word_1_85' title='bbox 420 681 508 714; x_wconf 88' lang='lat' dir='ltr'>habetur:</span> <span class='ocrx_word' id='word_1_86' title='bbox 520 679 551 714; x_wconf 89' lang='lat' dir='ltr'>vbi</span> <span class='ocrx_word' id='word_1_87' title='bbox 561 685 650 713; x_wconf 87' lang='lat' dir='ltr'>uenturus</span> <span class='ocrx_word' id='word_1_88' title='bbox 661 681 685 714; x_wconf 90' lang='lat' dir='ltr'>ad</span> <span class='ocrx_word' id='word_1_89' title='bbox 696 691 777 724; x_wconf 84' lang='lat' dir='ltr'>pugnam</span> <span class='ocrx_word' id='word_1_90' title='bbox 786 680 821 714; x_wconf 90' lang='lat' dir='ltr'>Os-</span> 
     </span>
     <span class='ocr_line' id='line_1_11' title="bbox 92 732 821 779; baseline -0.004 -10"><span class='ocrx_word' id='word_1_91' title='bbox 92 747 111 770; x_wconf 81' lang='lat'>10</span> <span class='ocrx_word' id='word_1_92' title='bbox 119 736 190 769; x_wconf 78' lang='lat' dir='ltr'>waldus</span> <span class='ocrx_word' id='word_1_93' title='bbox 202 736 275 779; x_wconf 87' lang='lat' dir='ltr'>signum</span> <span class='ocrx_word' id='word_1_94' title='bbox 285 739 347 768; x_wconf 90' lang='lat' dir='ltr'>sancte</span> <span class='ocrx_word' id='word_1_95' title='bbox 358 734 416 767; x_wconf 87' lang='lat' dir='ltr'>crucis</span> <span class='ocrx_word' id='word_1_96' title='bbox 427 732 492 774; x_wconf 83' lang='lat' dir='ltr'>erexit,</span> <span class='ocrx_word' id='word_1_97' title='bbox 500 742 521 764; x_wconf 90' lang='lat' dir='ltr'>ac</span> <span class='ocrx_word' id='word_1_98' title='bbox 532 733 586 765; x_wconf 81' lang='lat' dir='ltr'>flexis</span> <span class='ocrx_word' id='word_1_99' title='bbox 597 733 675 775; x_wconf 85' lang='lat' dir='ltr'>genibus</span> <span class='ocrx_word' id='word_1_100' title='bbox 687 734 781 766; x_wconf 90' lang='lat' dir='ltr'>dominum</span> <span class='ocrx_word' id='word_1_101' title='bbox 789 734 821 766; x_wconf 92' lang='lat' dir='ltr'>de-</span> 
     </span>
     <span class='ocr_line' id='line_1_12' title="bbox 119 785 821 831; baseline -0.003 -10"><span class='ocrx_word' id='word_1_102' title='bbox 119 793 205 831; x_wconf 86' lang='lat' dir='ltr'>precatus</span> <span class='ocrx_word' id='word_1_103' title='bbox 221 793 249 821; x_wconf 86' lang='lat' dir='ltr'>est</span> <span class='ocrx_word' id='word_1_104' title='bbox 260 793 280 821; x_wconf 89' lang='lat' dir='ltr'>vt</span> <span class='ocrx_word' id='word_1_105' title='bbox 294 786 312 820; x_wconf 92' lang='lat' dir='ltr'>in</span> <span class='ocrx_word' id='word_1_106' title='bbox 328 792 377 819; x_wconf 86' lang='lat' dir='ltr'>tanta</span> <span class='ocrx_word' id='word_1_107' title='bbox 392 796 454 818; x_wconf 87' lang='lat' dir='ltr'>rerum</span> <span class='ocrx_word' id='word_1_108' title='bbox 468 785 576 818; x_wconf 83' lang='lat' dir='ltr'>necessitate</span> <span class='ocrx_word' id='word_1_109' title='bbox 589 785 628 818; x_wconf 88' lang='lat' dir='ltr'>suis</span> <span class='ocrx_word' id='word_1_110' title='bbox 643 785 741 819; x_wconf 91' lang='lat' dir='ltr'>cultoribus</span> <span class='ocrx_word' id='word_1_111' title='bbox 754 786 821 819; x_wconf 84' lang='lat' dir='ltr'>auxilio</span> 
     </span>
     <span class='ocr_line' id='line_1_13' title="bbox 120 837 821 881; baseline -0.003 -7"><span class='ocrx_word' id='word_1_112' title='bbox 120 841 183 875; x_wconf 84' lang='lat' dir='ltr'>celesti</span> <span class='ocrx_word' id='word_1_113' title='bbox 192 844 310 874; x_wconf 89' lang='lat' dir='ltr'>succurreret.</span> <span class='ocrx_word' id='word_1_114' title='bbox 333 839 379 873; x_wconf 90' lang='lat' dir='ltr'>Cum</span> <span class='ocrx_word' id='word_1_115' title='bbox 387 839 437 872; x_wconf 91' lang='lat' dir='ltr'>enim</span> <span class='ocrx_word' id='word_1_116' title='bbox 446 849 491 872; x_wconf 81' lang='lat' dir='ltr'>crux</span> <span class='ocrx_word' id='word_1_117' title='bbox 498 837 559 881; x_wconf 82' lang='lat' dir='ltr'>lignea</span> <span class='ocrx_word' id='word_1_118' title='bbox 569 837 616 871; x_wconf 85' lang='lat' dir='ltr'>sacta</span> <span class='ocrx_word' id='word_1_119' title='bbox 625 838 689 872; x_wconf 83' lang='lat' dir='ltr'>luisset</span> <span class='ocrx_word' id='word_1_120' title='bbox 697 843 715 871; x_wconf 90' lang='lat' dir='ltr'>et</span> <span class='ocrx_word' id='word_1_121' title='bbox 723 843 789 880; x_wconf 89' lang='lat' dir='ltr'>erecta,</span> <span class='ocrx_word' id='word_1_122' title='bbox 797 839 821 872; x_wconf 88' lang='lat' dir='ltr'>ait</span> 
     </span>
     <span class='ocr_line' id='line_1_14' title="bbox 120 891 821 935; baseline -0.001 -8"><span class='ocrx_word' id='word_1_123' title='bbox 120 894 230 927; x_wconf 85' lang='lat' dir='ltr'>Oswaldus:</span> <span class='ocrx_word' id='word_1_124' title='bbox 243 893 267 925; x_wconf 87' lang='lat' dir='ltr'>‘F</span> <span class='ocrx_word' id='word_1_125' title='bbox 268 893 356 926; x_wconf 77' lang='lat' dir='ltr'>lactamus</span> <span class='ocrx_word' id='word_1_126' title='bbox 367 902 432 925; x_wconf 87' lang='lat' dir='ltr'>omnes</span> <span class='ocrx_word' id='word_1_127' title='bbox 442 901 507 934; x_wconf 84' lang='lat' dir='ltr'>genua,</span> <span class='ocrx_word' id='word_1_128' title='bbox 515 897 533 925; x_wconf 87' lang='lat' dir='ltr'>et</span> <span class='ocrx_word' id='word_1_129' title='bbox 541 891 596 925; x_wconf 89' lang='lat' dir='ltr'>deum</span> <span class='ocrx_word' id='word_1_130' title='bbox 607 891 751 935; x_wconf 88' lang='lat' dir='ltr'>omnipotentem</span> <span class='ocrx_word' id='word_1_131' title='bbox 758 891 821 926; x_wconf 94' lang='lat' dir='ltr'>viuum</span> 
     </span>
     <span class='ocr_line' id='line_1_15' title="bbox 119 944 821 990; baseline -0.003 -10"><span class='ocrx_word' id='word_1_132' title='bbox 119 957 140 980; x_wconf 88' lang='lat' dir='ltr'>ac</span> <span class='ocrx_word' id='word_1_133' title='bbox 148 956 212 980; x_wconf 90' lang='lat' dir='ltr'>verum</span> <span class='ocrx_word' id='word_1_134' title='bbox 220 948 341 990; x_wconf 89' lang='lat' dir='ltr'>deprecemur</span> <span class='ocrx_word' id='word_1_135' title='bbox 348 951 367 979; x_wconf 92' lang='lat' dir='ltr'>vt</span> <span class='ocrx_word' id='word_1_136' title='bbox 378 955 412 977; x_wconf 89' lang='lat' dir='ltr'>nos</span> <span class='ocrx_word' id='word_1_137' title='bbox 420 946 442 978; x_wconf 88' lang='lat' dir='ltr'>ab</span> <span class='ocrx_word' id='word_1_138' title='bbox 451 945 504 977; x_wconf 88' lang='lat' dir='ltr'>hoste</span> <span class='ocrx_word' id='word_1_139' title='bbox 514 945 594 988; x_wconf 88' lang='lat' dir='ltr'>superbo</span> <span class='ocrx_word' id='word_1_140' title='bbox 602 949 620 977; x_wconf 94' lang='lat' dir='ltr'>et</span> <span class='ocrx_word' id='word_1_141' title='bbox 628 944 694 986; x_wconf 82' lang='lat' dir='ltr'>feroce,</span> <span class='ocrx_word' id='word_1_142' title='bbox 702 955 735 978; x_wconf 88' lang='lat' dir='ltr'>sua</span> <span class='ocrx_word' id='word_1_143' title='bbox 746 945 821 978; x_wconf 87' lang='lat' dir='ltr'>misera-</span> 
     </span>
     <span class='ocr_line' id='line_1_16' title="bbox 93 997 821 1041; baseline -0.003 -8"><span class='ocrx_word' id='word_1_144' title='bbox 93 1011 111 1041; x_wconf 82' lang='lat'>15</span> <span class='ocrx_word' id='word_1_145' title='bbox 119 1000 169 1033; x_wconf 89' lang='lat' dir='ltr'>tione</span> <span class='ocrx_word' id='word_1_146' title='bbox 181 1000 272 1033; x_wconf 83' lang='lat' dir='ltr'>defendat.</span> <span class='ocrx_word' id='word_1_147' title='bbox 295 999 333 1033; x_wconf 89' lang='lat' dir='ltr'>Scit</span> <span class='ocrx_word' id='word_1_148' title='bbox 347 998 396 1032; x_wconf 90' lang='lat' dir='ltr'>enim</span> <span class='ocrx_word' id='word_1_149' title='bbox 408 997 448 1041; x_wconf 89' lang='lat' dir='ltr'>ipse</span> <span class='ocrx_word' id='word_1_150' title='bbox 461 997 503 1041; x_wconf 91' lang='lat' dir='ltr'>quia</span> <span class='ocrx_word' id='word_1_151' title='bbox 513 1008 548 1040; x_wconf 92' lang='lat' dir='ltr'>pro</span> <span class='ocrx_word' id='word_1_152' title='bbox 559 998 618 1031; x_wconf 84' lang='lat' dir='ltr'>salute</span> <span class='ocrx_word' id='word_1_153' title='bbox 629 997 689 1041; x_wconf 84' lang='lat' dir='ltr'>gentis</span> <span class='ocrx_word' id='word_1_154' title='bbox 700 1004 763 1032; x_wconf 88' lang='lat' dir='ltr'>nostre</span> <span class='ocrx_word' id='word_1_155' title='bbox 774 998 821 1031; x_wconf 84' lang='lat' dir='ltr'>iusta</span> 
     </span>
     <span class='ocr_line' id='line_1_17' title="bbox 120 1049 821 1093; baseline -0.001 -9"><span class='ocrx_word' id='word_1_156' title='bbox 120 1051 168 1085; x_wconf 90' lang='lat' dir='ltr'>bella</span> <span class='ocrx_word' id='word_1_157' title='bbox 176 1050 303 1093; x_wconf 68' lang='lat' dir='ltr'>suscepimus:</span> <span class='ocrx_word' id='word_1_158' title='bbox 326 1050 408 1092; x_wconf 88' lang='lat' dir='ltr'>Cumque</span> <span class='ocrx_word' id='word_1_159' title='bbox 415 1051 470 1084; x_wconf 92' lang='lat' dir='ltr'>deum</span> <span class='ocrx_word' id='word_1_160' title='bbox 477 1050 543 1083; x_wconf 90' lang='lat' dir='ltr'>deuota</span> <span class='ocrx_word' id='word_1_161' title='bbox 550 1053 611 1082; x_wconf 89' lang='lat' dir='ltr'>mente</span> <span class='ocrx_word' id='word_1_162' title='bbox 618 1054 718 1091; x_wconf 78' lang='lat' dir='ltr'>exorasset,</span> <span class='ocrx_word' id='word_1_163' title='bbox 723 1049 821 1093; x_wconf 84' lang='lat' dir='ltr'>incipiente</span> 
     </span>
     <span class='ocr_line' id='line_1_18' title="bbox 120 1101 854 1146; baseline -0.001 -10"><span class='ocrx_word' id='word_1_164' title='bbox 120 1103 198 1137; x_wconf 90' lang='lat' dir='ltr'>diluculo</span> <span class='ocrx_word' id='word_1_165' title='bbox 210 1103 229 1136; x_wconf 91' lang='lat' dir='ltr'>in</span> <span class='ocrx_word' id='word_1_166' title='bbox 241 1103 313 1136; x_wconf 86' lang='lat' dir='ltr'>hostem</span> <span class='ocrx_word' id='word_1_167' title='bbox 324 1103 422 1146; x_wconf 86' lang='lat' dir='ltr'>progressi,</span> <span class='ocrx_word' id='word_1_168' title='bbox 434 1102 485 1135; x_wconf 85' lang='lat' dir='ltr'>iuxta</span> <span class='ocrx_word' id='word_1_169' title='bbox 496 1101 582 1135; x_wconf 90' lang='lat' dir='ltr'>meritum</span> <span class='ocrx_word' id='word_1_170' title='bbox 594 1111 627 1135; x_wconf 87' lang='lat' dir='ltr'>sue</span> <span class='ocrx_word' id='word_1_171' title='bbox 639 1101 682 1136; x_wconf 91' lang='lat' dir='ltr'>fidei</span> <span class='ocrx_word' id='word_1_172' title='bbox 692 1101 767 1136; x_wconf 91' lang='lat' dir='ltr'>victoria</span> <span class='ocrx_word' id='word_1_173' title='bbox 779 1107 822 1136; x_wconf 86' lang='lat' dir='ltr'>sunt</span> <span class='ocrx_word' id='word_1_174' title='bbox 853 1102 854 1105; x_wconf 75' lang='grc'>’</span> 
     </span>
     <span class='ocr_line' id='line_1_19' title="bbox 119 1154 822 1201; baseline 0 -12"><span class='ocrx_word' id='word_1_175' title='bbox 119 1156 177 1201; x_wconf 85' lang='lat' dir='ltr'>potiti.</span> <span class='ocrx_word' id='word_1_176' title='bbox 200 1155 222 1189; x_wconf 88' lang='lat' dir='ltr'>ln</span> <span class='ocrx_word' id='word_1_177' title='bbox 230 1155 282 1189; x_wconf 91' lang='lat' dir='ltr'>cuius</span> <span class='ocrx_word' id='word_1_178' title='bbox 290 1155 422 1190; x_wconf 86' lang='lat' dir='ltr'>locoorationis</span> <span class='ocrx_word' id='word_1_179' title='bbox 430 1154 527 1189; x_wconf 87' lang='lat' dir='ltr'>innumere</span> <span class='ocrx_word' id='word_1_180' title='bbox 532 1154 608 1189; x_wconf 88' lang='lat' dir='ltr'>virtutes</span> <span class='ocrx_word' id='word_1_181' title='bbox 617 1154 714 1188; x_wconf 86' lang='lat' dir='ltr'>sanitatum</span> <span class='ocrx_word' id='word_1_182' title='bbox 721 1160 822 1189; x_wconf 89' lang='lat' dir='ltr'>noscuntur</span> 
     </span>
     <span class='ocr_line' id='line_1_20' title="bbox 120 1207 821 1253; baseline -0.003 -9"><span class='ocrx_word' id='word_1_183' title='bbox 120 1221 162 1244; x_wconf 87' lang='lat' dir='ltr'>esse</span> <span class='ocrx_word' id='word_1_184' title='bbox 170 1214 246 1253; x_wconf 88' lang='lat' dir='ltr'>patrate,</span> <span class='ocrx_word' id='word_1_185' title='bbox 254 1209 276 1243; x_wconf 93' lang='lat' dir='ltr'>ad</span> <span class='ocrx_word' id='word_1_186' title='bbox 284 1208 369 1243; x_wconf 87' lang='lat' dir='ltr'>inditium</span> <span class='ocrx_word' id='word_1_187' title='bbox 377 1213 395 1242; x_wconf 90' lang='lat' dir='ltr'>et</span> <span class='ocrx_word' id='word_1_188' title='bbox 406 1207 514 1242; x_wconf 85' lang='lat' dir='ltr'>memoriam</span> <span class='ocrx_word' id='word_1_189' title='bbox 523 1207 566 1241; x_wconf 91' lang='lat' dir='ltr'>fidei</span> <span class='ocrx_word' id='word_1_190' title='bbox 576 1207 630 1251; x_wconf 86' lang='lat' dir='ltr'>regis.</span> <span class='ocrx_word' id='word_1_191' title='bbox 654 1208 701 1242; x_wconf 91' lang='lat' dir='ltr'>Nam</span> <span class='ocrx_word' id='word_1_192' title='bbox 710 1212 728 1242; x_wconf 91' lang='lat' dir='ltr'>et</span> <span class='ocrx_word' id='word_1_193' title='bbox 738 1208 790 1243; x_wconf 89' lang='lat' dir='ltr'>multi</span> <span class='ocrx_word' id='word_1_194' title='bbox 798 1209 821 1242; x_wconf 91' lang='lat' dir='ltr'>de</span> 
     </span>
     <span class='ocr_line' id='line_1_21' title="bbox 93 1260 821 1306; baseline -0.001 -10"><span class='ocrx_word' id='word_1_195' title='bbox 93 1275 112 1297; x_wconf 80' lang='lat'>20</span> <span class='ocrx_word' id='word_1_196' title='bbox 120 1263 161 1306; x_wconf 90' lang='lat' dir='ltr'>ipso</span> <span class='ocrx_word' id='word_1_197' title='bbox 172 1263 222 1305; x_wconf 86' lang='lat' dir='ltr'>ligno</span> <span class='ocrx_word' id='word_1_198' title='bbox 234 1267 350 1295; x_wconf 85' lang='lat' dir='ltr'>sacrosancte</span> <span class='ocrx_word' id='word_1_199' title='bbox 361 1260 420 1295; x_wconf 89' lang='lat' dir='ltr'>crucis</span> <span class='ocrx_word' id='word_1_200' title='bbox 432 1261 513 1295; x_wconf 90' lang='lat' dir='ltr'>hastulas</span> <span class='ocrx_word' id='word_1_201' title='bbox 525 1260 606 1295; x_wconf 76' lang='lat' dir='ltr'>excisas³</span> <span class='ocrx_word' id='word_1_202' title='bbox 615 1261 634 1295; x_wconf 92' lang='lat' dir='ltr'>in</span> <span class='ocrx_word' id='word_1_203' title='bbox 645 1272 711 1305; x_wconf 88' lang='lat' dir='ltr'>aquam</span> <span class='ocrx_word' id='word_1_204' title='bbox 723 1262 821 1303; x_wconf 81' lang='lat' dir='ltr'>mittentes,</span> 
     </span>
     <span class='ocr_line' id='line_1_22' title="bbox 120 1313 822 1359; baseline -0.001 -10"><span class='ocrx_word' id='word_1_205' title='bbox 120 1314 249 1359; x_wconf 80' lang='lat' dir='ltr'>languentibus</span> <span class='ocrx_word' id='word_1_206' title='bbox 261 1314 365 1348; x_wconf 89' lang='lat' dir='ltr'>hominibus</span> <span class='ocrx_word' id='word_1_207' title='bbox 377 1319 408 1348; x_wconf 88' lang='lat' dir='ltr'>aut</span> <span class='ocrx_word' id='word_1_208' title='bbox 419 1313 519 1358; x_wconf 85' lang='lat' dir='ltr'>pecudibus</span> <span class='ocrx_word' id='word_1_209' title='bbox 531 1313 550 1347; x_wconf 90' lang='lat' dir='ltr'>in</span> <span class='ocrx_word' id='word_1_210' title='bbox 561 1318 624 1357; x_wconf 90' lang='lat' dir='ltr'>potum</span> <span class='ocrx_word' id='word_1_211' title='bbox 636 1314 725 1348; x_wconf 87' lang='lat' dir='ltr'>dederunt</span> <span class='ocrx_word' id='word_1_212' title='bbox 739 1315 779 1348; x_wconf 88' lang='lat' dir='ltr'>siue</span> <span class='ocrx_word' id='word_1_213' title='bbox 792 1325 822 1348; x_wconf 88' lang='lat' dir='ltr'>as-</span> 
     </span>
     <span class='ocr_line' id='line_1_23' title="bbox 119 1367 821 1412; baseline -0.001 -10"><span class='ocrx_word' id='word_1_214' title='bbox 119 1373 224 1412; x_wconf 89' lang='lat' dir='ltr'>perserunt,</span> <span class='ocrx_word' id='word_1_215' title='bbox 235 1372 254 1401; x_wconf 88' lang='lat' dir='ltr'>et</span> <span class='ocrx_word' id='word_1_216' title='bbox 265 1378 309 1401; x_wconf 79' lang='lat' dir='ltr'>mox</span> <span class='ocrx_word' id='word_1_217' title='bbox 321 1367 417 1401; x_wconf 85' lang='lat' dir='ltr'>sanitatem</span> <span class='ocrx_word' id='word_1_218' title='bbox 428 1372 543 1410; x_wconf 86' lang='lat' dir='ltr'>receperunt.</span> <span class='ocrx_word' id='word_1_219' title='bbox 565 1367 645 1401; x_wconf 86' lang='lat' dir='ltr'>Vocatur</span> <span class='ocrx_word' id='word_1_220' title='bbox 656 1373 716 1401; x_wconf 88' lang='lat' dir='ltr'>autem</span> <span class='ocrx_word' id='word_1_221' title='bbox 727 1367 778 1402; x_wconf 92' lang='lat' dir='ltr'>locus</span> <span class='ocrx_word' id='word_1_222' title='bbox 791 1367 821 1402; x_wconf 89' lang='lat' dir='ltr'>ille</span> 
     </span>
     <span class='ocr_line' id='line_1_24' title="bbox 121 1419 821 1462; baseline -0.001 -8"><span class='ocrx_word' id='word_1_223' title='bbox 121 1420 243 1461; x_wconf 82' lang='lat' dir='ltr'>Heuenseld&#39;,</span> <span class='ocrx_word' id='word_1_224' title='bbox 251 1419 269 1452; x_wconf 96' lang='lat' dir='ltr'>id</span> <span class='ocrx_word' id='word_1_225' title='bbox 277 1424 306 1452; x_wconf 91' lang='lat' dir='ltr'>est</span> <span class='ocrx_word' id='word_1_226' title='bbox 314 1420 397 1453; x_wconf 84' lang='lat' dir='ltr'>‘celestis</span> <span class='ocrx_word' id='word_1_227' title='bbox 406 1420 492 1462; x_wconf 84' lang='lat' dir='ltr'>campus,’</span> <span class='ocrx_word' id='word_1_228' title='bbox 500 1423 518 1452; x_wconf 86' lang='lat' dir='ltr'>et</span> <span class='ocrx_word' id='word_1_229' title='bbox 526 1424 554 1453; x_wconf 90' lang='lat' dir='ltr'>est</span> <span class='ocrx_word' id='word_1_230' title='bbox 561 1419 611 1452; x_wconf 78' lang='lat' dir='ltr'>iuxta</span> <span class='ocrx_word' id='word_1_231' title='bbox 621 1430 695 1453; x_wconf 91' lang='lat' dir='ltr'>murum</span> <span class='ocrx_word' id='word_1_232' title='bbox 705 1419 756 1454; x_wconf 94' lang='lat' dir='ltr'>illum</span> <span class='ocrx_word' id='word_1_233' title='bbox 764 1420 821 1453; x_wconf 81' lang='lat' dir='ltr'>famo-</span> 
     </span>
     <span class='ocr_line' id='line_1_25' title="bbox 122 1471 822 1515; baseline -0.001 -9"><span class='ocrx_word' id='word_1_234' title='bbox 122 1483 169 1515; x_wconf 90' lang='lat' dir='ltr'>sum,</span> <span class='ocrx_word' id='word_1_235' title='bbox 177 1474 200 1506; x_wconf 92' lang='lat' dir='ltr'>ad</span> <span class='ocrx_word' id='word_1_236' title='bbox 208 1472 319 1515; x_wconf 88' lang='lat' dir='ltr'>aquilonem,</span> <span class='ocrx_word' id='word_1_237' title='bbox 327 1483 363 1515; x_wconf 92' lang='lat' dir='ltr'>quo</span> <span class='ocrx_word' id='word_1_238' title='bbox 372 1471 451 1505; x_wconf 88' lang='lat' dir='ltr'>Romani</span> <span class='ocrx_word' id='word_1_239' title='bbox 459 1472 551 1514; x_wconf 86' lang='lat' dir='ltr'>quondam</span> <span class='ocrx_word' id='word_1_240' title='bbox 562 1471 597 1504; x_wconf 71' lang='lat' dir='ltr'>ad4</span> <span class='ocrx_word' id='word_1_241' title='bbox 604 1473 694 1506; x_wconf 88' lang='lat' dir='ltr'>arcendos</span> <span class='ocrx_word' id='word_1_242' title='bbox 702 1472 822 1505; x_wconf 89' lang='lat' dir='ltr'>barbarorum</span> 
     </span>
     <span class='ocr_line' id='line_1_26' title="bbox 94 1524 822 1568; baseline -0.001 -9"><span class='ocrx_word' id='word_1_243' title='bbox 94 1537 116 1567; x_wconf 55' lang='lat'>25&gt;</span> <span class='ocrx_word' id='word_1_244' title='bbox 121 1525 207 1568; x_wconf 83' lang='lat' dir='ltr'>impetus,</span> <span class='ocrx_word' id='word_1_245' title='bbox 219 1530 276 1557; x_wconf 92' lang='lat' dir='ltr'>totam</span> <span class='ocrx_word' id='word_1_246' title='bbox 289 1534 300 1556; x_wconf 83' lang='lat' dir='ltr'>a</span> <span class='ocrx_word' id='word_1_247' title='bbox 312 1524 358 1557; x_wconf 90' lang='lat' dir='ltr'>mari</span> <span class='ocrx_word' id='word_1_248' title='bbox 371 1524 394 1557; x_wconf 90' lang='lat' dir='ltr'>ad</span> <span class='ocrx_word' id='word_1_249' title='bbox 408 1534 458 1557; x_wconf 88' lang='lat' dir='ltr'>mare</span> <span class='ocrx_word' id='word_1_250' title='bbox 470 1524 579 1567; x_wconf 84' lang='lat' dir='ltr'>precinxere</span> <span class='ocrx_word' id='word_1_251' title='bbox 592 1524 708 1558; x_wconf 87' lang='lat' dir='ltr'>Britanniam.</span> <span class='ocrx_word' id='word_1_252' title='bbox 731 1525 759 1559; x_wconf 92' lang='lat' dir='ltr'>Ibi</span> <span class='ocrx_word' id='word_1_253' title='bbox 772 1525 822 1559; x_wconf 91' lang='lat' dir='ltr'>enim</span> 
     </span>
     <span class='ocr_line' id='line_1_27' title="bbox 121 1576 822 1621; baseline 0 -10"><span class='ocrx_word' id='word_1_254' title='bbox 121 1578 238 1621; x_wconf 88' lang='lat' dir='ltr'>postmodum</span> <span class='ocrx_word' id='word_1_255' title='bbox 248 1577 325 1611; x_wconf 87' lang='lat' dir='ltr'>ecclesia</span> <span class='ocrx_word' id='word_1_256' title='bbox 334 1582 437 1611; x_wconf 88' lang='lat' dir='ltr'>constructa</span> <span class='ocrx_word' id='word_1_257' title='bbox 447 1581 481 1617; x_wconf 89' lang='lat' dir='ltr'>est,</span> <span class='ocrx_word' id='word_1_258' title='bbox 489 1581 507 1610; x_wconf 89' lang='lat' dir='ltr'>et</span> <span class='ocrx_word' id='word_1_259' title='bbox 517 1578 540 1610; x_wconf 88' lang='lat' dir='ltr'>ab</span> <span class='ocrx_word' id='word_1_260' title='bbox 551 1576 627 1611; x_wconf 89' lang='lat' dir='ltr'>eeclesia</span> <span class='ocrx_word' id='word_1_261' title='bbox 637 1577 774 1621; x_wconf 82' lang='lat' dir='ltr'>hagustaldensi</span> <span class='ocrx_word' id='word_1_262' title='bbox 784 1588 822 1611; x_wconf 88' lang='lat' dir='ltr'>non</span> 
     </span>
     <span class='ocr_line' id='line_1_28' title="bbox 121 1629 821 1673; baseline 0.001 -10"><span class='ocrx_word' id='word_1_263' title='bbox 121 1631 199 1663; x_wconf 91' lang='lat' dir='ltr'>multum</span> <span class='ocrx_word' id='word_1_264' title='bbox 208 1631 276 1663; x_wconf 88' lang='lat' dir='ltr'>distare</span> <span class='ocrx_word' id='word_1_265' title='bbox 287 1630 373 1663; x_wconf 88' lang='lat' dir='ltr'>noscitur.</span> <span class='ocrx_word' id='word_1_266' title='bbox 396 1629 435 1663; x_wconf 90' lang='lat' dir='ltr'>Nec</span> <span class='ocrx_word' id='word_1_267' title='bbox 445 1634 487 1662; x_wconf 87' lang='lat' dir='ltr'>ante</span> <span class='ocrx_word' id='word_1_268' title='bbox 497 1634 580 1673; x_wconf 90' lang='lat' dir='ltr'>tempora</span> <span class='ocrx_word' id='word_1_269' title='bbox 590 1629 620 1663; x_wconf 87' lang='lat' dir='ltr'>illa</span> <span class='ocrx_word' id='word_1_270' title='bbox 627 1631 664 1664; x_wconf 88' lang='lat' dir='ltr'>vlla</span> <span class='ocrx_word' id='word_1_271' title='bbox 674 1630 757 1672; x_wconf 86' lang='lat' dir='ltr'>ecclesia,</span> <span class='ocrx_word' id='word_1_272' title='bbox 764 1631 821 1664; x_wconf 93' lang='lat' dir='ltr'>vllum</span> 
     </span>
     <span class='ocr_line' id='line_1_29' title="bbox 121 1682 822 1725; baseline 0 -9"><span class='ocrx_word' id='word_1_273' title='bbox 121 1684 178 1716; x_wconf 90' lang='lat' dir='ltr'>altare</span> <span class='ocrx_word' id='word_1_274' title='bbox 186 1683 205 1715; x_wconf 90' lang='lat' dir='ltr'>in</span> <span class='ocrx_word' id='word_1_275' title='bbox 213 1688 249 1715; x_wconf 91' lang='lat' dir='ltr'>tota</span> <span class='ocrx_word' id='word_1_276' title='bbox 258 1682 384 1716; x_wconf 88' lang='lat' dir='ltr'>Berniciorum</span> <span class='ocrx_word' id='word_1_277' title='bbox 391 1688 445 1725; x_wconf 82' lang='lat' dir='ltr'>gente</span> <span class='ocrx_word' id='word_1_278' title='bbox 453 1682 491 1723; x_wconf 86' lang='lat' dir='ltr'>fuit,</span> <span class='ocrx_word' id='word_1_279' title='bbox 499 1683 606 1725; x_wconf 82' lang='lat' dir='ltr'>priusquam</span> <span class='ocrx_word' id='word_1_280' title='bbox 615 1693 649 1717; x_wconf 83' lang='lat' dir='ltr'>rex</span> <span class='ocrx_word' id='word_1_281' title='bbox 657 1683 755 1717; x_wconf 87' lang='lat' dir='ltr'>Oswaldus</span> <span class='ocrx_word' id='word_1_282' title='bbox 764 1683 783 1716; x_wconf 91' lang='lat' dir='ltr'>in</span> <span class='ocrx_word' id='word_1_283' title='bbox 792 1683 822 1716; x_wconf 89' lang='lat' dir='ltr'>illa</span> 
     </span>
     <span class='ocr_line' id='line_1_30' title="bbox 121 1727 822 1778; baseline 0 -10"><span class='ocrx_word' id='word_1_284' title='bbox 121 1745 184 1778; x_wconf 85' lang='lat' dir='ltr'>pugna</span> <span class='ocrx_word' id='word_1_285' title='bbox 195 1745 268 1768; x_wconf 89' lang='lat' dir='ltr'>crucem</span> <span class='ocrx_word' id='word_1_286' title='bbox 279 1733 362 1777; x_wconf 87' lang='lat' dir='ltr'>erigeret.</span> <span class='ocrx_word' id='word_1_287' title='bbox 408 1727 513 1768; x_wconf 85' lang='lat' dir='ltr'>Monachus</span> <span class='ocrx_word' id='word_1_288' title='bbox 522 1734 595 1777; x_wconf 92' lang='lat' dir='ltr'>quidam</span> <span class='ocrx_word' id='word_1_289' title='bbox 606 1734 753 1778; x_wconf 83' lang='lat' dir='ltr'>hagustaldensis</span> <span class='ocrx_word' id='word_1_290' title='bbox 758 1735 770 1777; x_wconf 80' lang='lat'>⁶,</span> <span class='ocrx_word' id='word_1_291' title='bbox 778 1735 822 1768; x_wconf 94' lang='lat' dir='ltr'>dum</span> 
     </span>
     <span class='ocr_line' id='line_1_31' title="bbox 93 1787 822 1831; baseline 0 -9"><span class='ocrx_word' id='word_1_292' title='bbox 93 1797 113 1828; x_wconf 80' lang='grc' dir='ltr'>3ο</span> <span class='ocrx_word' id='word_1_293' title='bbox 121 1788 211 1822; x_wconf 91' lang='lat' dir='ltr'>incautius</span> <span class='ocrx_word' id='word_1_294' title='bbox 221 1787 267 1821; x_wconf 89' lang='lat' dir='ltr'>forte</span> <span class='ocrx_word' id='word_1_295' title='bbox 278 1792 332 1822; x_wconf 91' lang='lat' dir='ltr'>noctu</span> <span class='ocrx_word' id='word_1_296' title='bbox 342 1787 361 1821; x_wconf 90' lang='lat' dir='ltr'>in</span> <span class='ocrx_word' id='word_1_297' title='bbox 369 1787 427 1830; x_wconf 86' lang='lat' dir='ltr'>glacie</span> <span class='ocrx_word' id='word_1_298' title='bbox 435 1787 523 1821; x_wconf 87' lang='lat' dir='ltr'>incideret</span> <span class='ocrx_word' id='word_1_299' title='bbox 527 1787 538 1828; x_wconf 68' lang='lat'>⁰,</span> <span class='ocrx_word' id='word_1_300' title='bbox 546 1792 622 1831; x_wconf 90' lang='lat' dir='ltr'>repente</span> <span class='ocrx_word' id='word_1_301' title='bbox 630 1798 718 1822; x_wconf 90' lang='lat' dir='ltr'>corruens</span> <span class='ocrx_word' id='word_1_302' title='bbox 727 1787 822 1823; x_wconf 87' lang='lat' dir='ltr'>brachium</span> 
     </span>
     <span class='ocr_line' id='line_1_32' title="bbox 121 1839 823 1885; baseline 0 -10"><span class='ocrx_word' id='word_1_303' title='bbox 121 1841 206 1876; x_wconf 87' lang='lat' dir='ltr'>contriuit</span> <span class='ocrx_word' id='word_1_304' title='bbox 214 1846 231 1875; x_wconf 92' lang='lat' dir='ltr'>et</span> <span class='ocrx_word' id='word_1_305' title='bbox 242 1841 351 1884; x_wconf 86' lang='lat' dir='ltr'>grauissima</span> <span class='ocrx_word' id='word_1_306' title='bbox 359 1840 442 1875; x_wconf 89' lang='lat' dir='ltr'>molestia</span> <span class='ocrx_word' id='word_1_307' title='bbox 452 1839 522 1883; x_wconf 83' lang='lat' dir='ltr'>fatigari</span> <span class='ocrx_word' id='word_1_308' title='bbox 531 1841 583 1884; x_wconf 89' lang='lat' dir='ltr'>cepit.</span> <span class='ocrx_word' id='word_1_309' title='bbox 606 1840 635 1875; x_wconf 89' lang='lat' dir='ltr'>De</span> <span class='ocrx_word' id='word_1_310' title='bbox 642 1840 699 1876; x_wconf 87' lang='lat' dir='ltr'>veteri</span> <span class='ocrx_word' id='word_1_311' title='bbox 710 1851 778 1884; x_wconf 90' lang='lat' dir='ltr'>musco,</span> <span class='ocrx_word' id='word_1_312' title='bbox 787 1852 823 1885; x_wconf 88' lang='lat' dir='ltr'>quo</span> 
     </span>
     <span class='ocr_line' id='line_1_33' title="bbox 122 1892 823 1939; baseline -0.001 -10"><span class='ocrx_word' id='word_1_313' title='bbox 122 1894 230 1939; x_wconf 87' lang='lat' dir='ltr'>superficies</span> <span class='ocrx_word' id='word_1_314' title='bbox 241 1893 286 1938; x_wconf 86' lang='lat' dir='ltr'>ligni</span> <span class='ocrx_word' id='word_1_315' title='bbox 298 1900 337 1928; x_wconf 87' lang='lat' dir='ltr'>erat</span> <span class='ocrx_word' id='word_1_316' title='bbox 348 1893 411 1935; x_wconf 89' lang='lat' dir='ltr'>obsita,</span> <span class='ocrx_word' id='word_1_317' title='bbox 424 1893 472 1937; x_wconf 91' lang='lat' dir='ltr'>cepit</span> <span class='ocrx_word' id='word_1_318' title='bbox 483 1899 501 1927; x_wconf 93' lang='lat' dir='ltr'>et</span> <span class='ocrx_word' id='word_1_319' title='bbox 512 1892 562 1928; x_wconf 85' lang='lat' dir='ltr'>iuxta</span> <span class='ocrx_word' id='word_1_320' title='bbox 573 1904 594 1928; x_wconf 91' lang='lat' dir='ltr'>se</span> <span class='ocrx_word' id='word_1_321' title='bbox 605 1893 624 1927; x_wconf 90' lang='lat' dir='ltr'>in</span> <span class='ocrx_word' id='word_1_322' title='bbox 636 1894 703 1928; x_wconf 89' lang='lat' dir='ltr'>lectum</span> <span class='ocrx_word' id='word_1_323' title='bbox 714 1894 786 1938; x_wconf 90' lang='lat' dir='ltr'>posuit:</span> <span class='ocrx_word' id='word_1_324' title='bbox 802 1905 823 1928; x_wconf 87' lang='lat' dir='ltr'>ac</span> 
     </span>
     <span class='ocr_line' id='line_1_34' title="bbox 121 1946 823 1989; baseline 0 -9"><span class='ocrx_word' id='word_1_325' title='bbox 121 1947 193 1981; x_wconf 71' lang='lat' dir='ltr'>medio⁷</span> <span class='ocrx_word' id='word_1_326' title='bbox 202 1946 260 1980; x_wconf 83' lang='lat' dir='ltr'>nocti5</span> <span class='ocrx_word' id='word_1_327' title='bbox 267 1953 356 1989; x_wconf 90' lang='lat' dir='ltr'>tempore,</span> <span class='ocrx_word' id='word_1_328' title='bbox 365 1957 406 1979; x_wconf 90' lang='lat' dir='ltr'>cum</span> <span class='ocrx_word' id='word_1_329' title='bbox 417 1946 515 1989; x_wconf 85' lang='lat' dir='ltr'>euigilaret,</span> <span class='ocrx_word' id='word_1_330' title='bbox 524 1947 548 1979; x_wconf 90' lang='lat' dir='ltr'>ita</span> <span class='ocrx_word' id='word_1_331' title='bbox 558 1957 624 1980; x_wconf 90' lang='lat' dir='ltr'>sanum</span> <span class='ocrx_word' id='word_1_332' title='bbox 635 1946 729 1980; x_wconf 92' lang='lat' dir='ltr'>brachium</span> <span class='ocrx_word' id='word_1_333' title='bbox 740 1958 823 1980; x_wconf 90' lang='lat' dir='ltr'>manum-</span> 
     </span>
     <span class='ocr_line' id='line_1_35' title="bbox 121 1992 823 2043; baseline -0.001 -10"><span class='ocrx_word' id='word_1_334' title='bbox 121 2010 157 2043; x_wconf 90' lang='lat' dir='ltr'>que</span> <span class='ocrx_word' id='word_1_335' title='bbox 166 1998 248 2042; x_wconf 89' lang='lat' dir='ltr'>repperit</span> <span class='ocrx_word' id='word_1_336' title='bbox 259 2009 280 2031; x_wconf 86' lang='lat' dir='ltr'>ac</span> <span class='ocrx_word' id='word_1_337' title='bbox 292 1998 307 2031; x_wconf 90' lang='lat' dir='ltr'>si</span> <span class='ocrx_word' id='word_1_338' title='bbox 319 1998 364 2032; x_wconf 93' lang='lat' dir='ltr'>nihil</span> <span class='ocrx_word' id='word_1_339' title='bbox 371 2009 452 2041; x_wconf 86' lang='lat' dir='ltr'>unquam</span> <span class='ocrx_word' id='word_1_340' title='bbox 463 1998 508 2031; x_wconf 87' lang='lat' dir='ltr'>tanti</span> <span class='ocrx_word' id='word_1_341' title='bbox 519 1999 586 2032; x_wconf 89' lang='lat' dir='ltr'>laboris</span> <span class='ocrx_word' id='word_1_342' title='bbox 596 1998 695 2032; x_wconf 86' lang='lat' dir='ltr'>habuisset.</span> <span class='ocrx_word' id='word_1_343' title='bbox 740 1992 823 2034; x_wconf 84' lang='lat' dir='ltr'>Sanctus</span> 
     </span>
     <span class='ocr_line' id='line_1_36' title="bbox 94 2051 823 2095; baseline -0.001 -10"><span class='ocrx_word' id='word_1_344' title='bbox 94 2060 113 2092; x_wconf 76' lang='lat'>35</span> <span class='ocrx_word' id='word_1_345' title='bbox 121 2053 182 2095; x_wconf 86' lang='lat' dir='ltr'>itaque</span> <span class='ocrx_word' id='word_1_346' title='bbox 195 2051 298 2093; x_wconf 87' lang='lat' dir='ltr'>Oswaldus,</span> <span class='ocrx_word' id='word_1_347' title='bbox 310 2062 368 2095; x_wconf 91' lang='lat' dir='ltr'>nepos</span> <span class='ocrx_word' id='word_1_348' title='bbox 381 2051 453 2085; x_wconf 84' lang='lat' dir='ltr'>Edwini</span> <span class='ocrx_word' id='word_1_349' title='bbox 464 2052 513 2094; x_wconf 84' lang='lat' dir='ltr'>regis</span> <span class='ocrx_word' id='word_1_350' title='bbox 525 2057 543 2085; x_wconf 89' lang='lat' dir='ltr'>et</span> <span class='ocrx_word' id='word_1_351' title='bbox 555 2051 634 2085; x_wconf 87' lang='lat' dir='ltr'>martiris</span> <span class='ocrx_word' id='word_1_352' title='bbox 649 2062 672 2085; x_wconf 86' lang='lat' dir='ltr'>ex</span> <span class='ocrx_word' id='word_1_353' title='bbox 686 2061 754 2095; x_wconf 87' lang='lat' dir='ltr'>sorore,</span> <span class='ocrx_word' id='word_1_354' title='bbox 766 2062 823 2095; x_wconf 84' lang='lat' dir='ltr'>regno</span> 
     </span>
     <span class='ocr_line' id='line_1_37' title="bbox 121 2104 823 2149; baseline 0 -11"><span class='ocrx_word' id='word_1_355' title='bbox 121 2105 196 2149; x_wconf 91' lang='lat' dir='ltr'>potitus,</span> <span class='ocrx_word' id='word_1_356' title='bbox 210 2104 274 2148; x_wconf 90' lang='lat' dir='ltr'>petiuit</span> <span class='ocrx_word' id='word_1_357' title='bbox 287 2109 306 2137; x_wconf 90' lang='lat' dir='ltr'>et</span> <span class='ocrx_word' id='word_1_358' title='bbox 318 2104 395 2138; x_wconf 86' lang='lat' dir='ltr'>obtinuit</span> <span class='ocrx_word' id='word_1_359' title='bbox 411 2116 422 2139; x_wconf 83' lang='lat' dir='ltr'>a</span> <span class='ocrx_word' id='word_1_360' title='bbox 434 2109 489 2149; x_wconf 85' lang='lat' dir='ltr'>gente</span> <span class='ocrx_word' id='word_1_361' title='bbox 503 2105 606 2146; x_wconf 87' lang='lat' dir='ltr'>Scotorum,</span> <span class='ocrx_word' id='word_1_362' title='bbox 619 2104 667 2138; x_wconf 86' lang='lat' dir='ltr'>inter</span> <span class='ocrx_word' id='word_1_363' title='bbox 680 2116 726 2149; x_wconf 91' lang='lat' dir='ltr'>quos</span> <span class='ocrx_word' id='word_1_364' title='bbox 739 2110 823 2149; x_wconf 89' lang='lat' dir='ltr'>tempore</span> 
     </span>
     <span class='ocr_line' id='line_1_38' title="bbox 123 2156 823 2202; baseline -0.001 -10"><span class='ocrx_word' id='word_1_365' title='bbox 123 2157 173 2192; x_wconf 85' lang='lat' dir='ltr'>exilii</span> <span class='ocrx_word' id='word_1_366' title='bbox 185 2157 213 2190; x_wconf 88' lang='lat' dir='ltr'>sui</span> <span class='ocrx_word' id='word_1_367' title='bbox 225 2156 326 2200; x_wconf 87' lang='lat' dir='ltr'>baptizatus</span> <span class='ocrx_word' id='word_1_368' title='bbox 337 2158 400 2199; x_wconf 86' lang='lat' dir='ltr'>suerat,</span> <span class='ocrx_word' id='word_1_369' title='bbox 408 2158 468 2192; x_wconf 88' lang='lat' dir='ltr'>virum</span> <span class='ocrx_word' id='word_1_370' title='bbox 480 2163 564 2192; x_wconf 89' lang='lat' dir='ltr'>sanctum</span> <span class='ocrx_word' id='word_1_371' title='bbox 574 2158 672 2192; x_wconf 79' lang='lat' dir='ltr'>Aiuanum</span> <span class='ocrx_word' id='word_1_372' title='bbox 679 2158 792 2202; x_wconf 88' lang='lat' dir='ltr'>episcopum,</span> <span class='ocrx_word' id='word_1_373' title='bbox 800 2158 823 2191; x_wconf 91' lang='lat' dir='ltr'>ad</span> 
     </span>
     <span class='ocr_line' id='line_1_39' title="bbox 122 2210 823 2254; baseline 0 -10"><span class='ocrx_word' id='word_1_374' title='bbox 122 2210 250 2244; x_wconf 87' lang='lat' dir='ltr'>instruendam</span> <span class='ocrx_word' id='word_1_375' title='bbox 264 2214 338 2252; x_wconf 86' lang='lat' dir='ltr'>gentem</span> <span class='ocrx_word' id='word_1_376' title='bbox 353 2220 408 2254; x_wconf 87' lang='lat' dir='ltr'>quarn</span> <span class='ocrx_word' id='word_1_377' title='bbox 423 2211 503 2254; x_wconf 87' lang='lat' dir='ltr'>regebat.</span> <span class='ocrx_word' id='word_1_378' title='bbox 526 2213 570 2245; x_wconf 89' lang='lat' dir='ltr'>Erat</span> <span class='ocrx_word' id='word_1_379' title='bbox 585 2215 646 2245; x_wconf 86' lang='lat' dir='ltr'>autem</span> <span class='ocrx_word' id='word_1_380' title='bbox 661 2210 690 2245; x_wconf 91' lang='lat' dir='ltr'>vir</span> <span class='ocrx_word' id='word_1_381' title='bbox 705 2210 735 2246; x_wconf 90' lang='lat' dir='ltr'>ille</span> <span class='ocrx_word' id='word_1_382' title='bbox 751 2221 823 2246; x_wconf 87' lang='lat' dir='ltr'>summe</span> 
     </span>
     <span class='ocr_line' id='line_1_40' title="bbox 122 2261 823 2308; baseline 0 -12"><span class='ocrx_word' id='word_1_383' title='bbox 122 2261 268 2296; x_wconf 86' lang='lat' dir='ltr'>mansuetudinis</span> <span class='ocrx_word' id='word_1_384' title='bbox 276 2267 294 2295; x_wconf 89' lang='lat' dir='ltr'>et</span> <span class='ocrx_word' id='word_1_385' title='bbox 301 2262 374 2304; x_wconf 85' lang='lat' dir='ltr'>pietatis</span> <span class='ocrx_word' id='word_1_386' title='bbox 382 2274 403 2295; x_wconf 90' lang='lat' dir='ltr'>ac</span> <span class='ocrx_word' id='word_1_387' title='bbox 411 2263 547 2304; x_wconf 89' lang='lat' dir='ltr'>moderaminis,</span> <span class='ocrx_word' id='word_1_388' title='bbox 554 2264 625 2296; x_wconf 88' lang='lat' dir='ltr'>habens</span> <span class='ocrx_word' id='word_1_389' title='bbox 631 2264 691 2297; x_wconf 90' lang='lat' dir='ltr'>zelum</span> <span class='ocrx_word' id='word_1_390' title='bbox 698 2264 733 2305; x_wconf 90' lang='lat' dir='ltr'>dei,</span> <span class='ocrx_word' id='word_1_391' title='bbox 739 2264 823 2308; x_wconf 90' lang='lat' dir='ltr'>quamuis</span> 
     </span>
     <span class='ocr_line' id='line_1_41' title="bbox 94 2314 823 2360; baseline 0.003 -13"><span class='ocrx_word' id='word_1_392' title='bbox 94 2325 160 2357; x_wconf 74' lang='lat'>4011011</span> <span class='ocrx_word' id='word_1_393' title='bbox 171 2314 226 2358; x_wconf 88' lang='lat' dir='ltr'>plene</span> <span class='ocrx_word' id='word_1_394' title='bbox 237 2314 338 2348; x_wconf 90' lang='lat' dir='ltr'>secundum</span> <span class='ocrx_word' id='word_1_395' title='bbox 350 2314 449 2349; x_wconf 88' lang='lat' dir='ltr'>scientiam.</span> <span class='ocrx_word' id='word_1_396' title='bbox 472 2315 520 2348; x_wconf 89' lang='lat' dir='ltr'>Nam</span> <span class='ocrx_word' id='word_1_397' title='bbox 528 2315 577 2349; x_wconf 91' lang='lat' dir='ltr'>diem</span> <span class='ocrx_word' id='word_1_398' title='bbox 585 2316 654 2359; x_wconf 89' lang='lat' dir='ltr'>pasche</span> <span class='ocrx_word' id='word_1_399' title='bbox 662 2326 713 2350; x_wconf 91' lang='lat' dir='ltr'>more</span> <span class='ocrx_word' id='word_1_400' title='bbox 721 2327 755 2351; x_wconf 89' lang='lat' dir='ltr'>sue</span> <span class='ocrx_word' id='word_1_401' title='bbox 763 2315 823 2360; x_wconf 84' lang='lat' dir='ltr'>gentis</span> 
     </span>
     <span class='ocr_line' id='line_1_42' title="bbox 123 2367 824 2412; baseline 0 -10"><span class='ocrx_word' id='word_1_402' title='bbox 123 2379 133 2402; x_wconf 80' lang='lat' dir='ltr'>a</span> <span class='ocrx_word' id='word_1_403' title='bbox 145 2367 280 2411; x_wconf 84' lang='lat' dir='ltr'>quartadecima</span> <span class='ocrx_word' id='word_1_404' title='bbox 291 2367 335 2401; x_wconf 87' lang='lat' dir='ltr'>luna</span> <span class='ocrx_word' id='word_1_405' title='bbox 341 2378 400 2410; x_wconf 87' lang='lat' dir='ltr'>vsque</span> <span class='ocrx_word' id='word_1_406' title='bbox 412 2369 434 2401; x_wconf 89' lang='lat' dir='ltr'>ad</span> <span class='ocrx_word' id='word_1_407' title='bbox 441 2368 548 2402; x_wconf 83' lang='lat' dir='ltr'>vicesimam</span> <span class='ocrx_word' id='word_1_408' title='bbox 560 2370 679 2403; x_wconf 87' lang='lat' dir='ltr'>obseruabat:</span> <span class='ocrx_word' id='word_1_409' title='bbox 692 2371 740 2412; x_wconf 88' lang='lat' dir='ltr'>quod</span> <span class='ocrx_word' id='word_1_410' title='bbox 752 2375 770 2404; x_wconf 89' lang='lat' dir='ltr'>et</span> <span class='ocrx_word' id='word_1_411' title='bbox 782 2380 824 2412; x_wconf 89' lang='lat' dir='ltr'>sep-</span> 
     </span>
     <span class='ocr_line' id='line_1_43' title="bbox 122 2419 823 2468; baseline 0 -13"><span class='ocrx_word' id='word_1_412' title='bbox 122 2420 237 2456; x_wconf 85' lang='lat' dir='ltr'>tentrionalis</span> <span class='ocrx_word' id='word_1_413' title='bbox 245 2419 343 2453; x_wconf 90' lang='lat' dir='ltr'>Scotorum</span> <span class='ocrx_word' id='word_1_414' title='bbox 350 2419 444 2463; x_wconf 91' lang='lat' dir='ltr'>prouincia</span> <span class='ocrx_word' id='word_1_415' title='bbox 452 2425 470 2454; x_wconf 91' lang='lat' dir='ltr'>et</span> <span class='ocrx_word' id='word_1_416' title='bbox 478 2421 537 2455; x_wconf 92' lang='lat' dir='ltr'>omnis</span> <span class='ocrx_word' id='word_1_417' title='bbox 546 2421 594 2455; x_wconf 87' lang='lat' dir='ltr'>natio</span> <span class='ocrx_word' id='word_1_418' title='bbox 599 2421 695 2468; x_wconf 73' lang='lat' dir='ltr'>¹Pictorum</span> <span class='ocrx_word' id='word_1_419' title='bbox 702 2422 732 2455; x_wconf 88' lang='lat' dir='ltr'>illo</span> <span class='ocrx_word' id='word_1_420' title='bbox 740 2428 823 2466; x_wconf 88' lang='lat' dir='ltr'>tempore</span> 
     </span>
    </p>
   </div>
   <div class='ocr_carea' id='block_1_3' title="bbox 123 2542 824 2614">
    <p class='ocr_par' dir='ltr' id='par_1_3' title="bbox 123 2542 824 2614">
     <span class='ocr_line' id='line_1_44' title="bbox 142 2542 824 2581; baseline -0.003 -7"><span class='ocrx_word' id='word_1_421' title='bbox 142 2545 148 2562; x_wconf 82' lang='lat'>¹</span> <span class='ocrx_word' id='word_1_422' title='bbox 158 2545 176 2574; x_wconf 87' lang='lat' dir='ltr'>E.</span> <span class='ocrx_word' id='word_1_423' title='bbox 185 2543 262 2573; x_wconf 85' lang='lat' dir='ltr'>Oswaldt.</span> <span class='ocrx_word' id='word_1_424' title='bbox 362 2542 368 2560; x_wconf 75' lang='lat'>²</span> <span class='ocrx_word' id='word_1_425' title='bbox 378 2542 396 2572; x_wconf 91' lang='lat' dir='ltr'>T.</span> <span class='ocrx_word' id='word_1_426' title='bbox 404 2543 504 2578; x_wconf 82' lang='lat' dir='ltr'>Deuisbum;</span> <span class='ocrx_word' id='word_1_427' title='bbox 514 2543 532 2574; x_wconf 89' lang='lat' dir='ltr'>E.</span> <span class='ocrx_word' id='word_1_428' title='bbox 539 2545 641 2581; x_wconf 78' lang='lat' dir='ltr'>Devesburn3</span> <span class='ocrx_word' id='word_1_429' title='bbox 651 2545 691 2575; x_wconf 89' lang='lat' dir='ltr'>Bed.</span> <span class='ocrx_word' id='word_1_430' title='bbox 700 2545 824 2575; x_wconf 86' lang='lat' dir='ltr'>Denisesburna.</span> 
     </span>
     <span class='ocr_line' id='line_1_45' title="bbox 123 2581 822 2614; baseline -0.003 -1"><span class='ocrx_word' id='word_1_431' title='bbox 123 2584 233 2613; x_wconf 70' lang='lat' dir='ltr'>lTenscisas.</span> <span class='ocrx_word' id='word_1_432' title='bbox 255 2581 317 2612; x_wconf 68' lang='lat' dir='ltr'>⁴B.ob.</span> <span class='ocrx_word' id='word_1_433' title='bbox 339 2582 547 2614; x_wconf 74' lang='lat' dir='ltr'>⁵Bed.nomineBothelm.</span> <span class='ocrx_word' id='word_1_434' title='bbox 567 2583 711 2614; x_wconf 70' lang='lat' dir='ltr'>⁶Bedimederet.</span> <span class='ocrx_word' id='word_1_435' title='bbox 731 2583 822 2614; x_wconf 77' lang='lat' dir='ltr'>&#39;T.medie.</span> 
     </span>
    </p>
   </div>
   <div class='ocr_carea' id='block_1_4' title="bbox 0 0 891 2803">
    <p class='ocr_par' dir='ltr' id='par_1_4' title="bbox 0 0 891 2803">
     <span class='ocr_line' id='line_1_46' title="bbox 0 0 891 2803; baseline 0 0"><span class='ocrx_word' id='word_1_436' title='bbox 0 0 891 2803; x_wconf 95' lang='lat' dir='ltr'> </span> 
     </span>
    </p>
   </div>
  </div>
 </body>
</html>
