1762 2803
90 120 92 126 .
118 85 161 128 682
200 132 203 137 ,
384 82 508 145 appolonia
525 86 556 130 ll.

117 205 168 239 amici
176 205 248 239 nimium
256 206 356 247 contristati,
364 217 395 249 pro
403 207 458 240 salute
469 208 524 250 puelle
535 208 645 242 reformanda
655 208 706 242 nudis
718 208 790 252 pedibus
798 208 821 243 ad

118 257 202 299 capellam
210 256 264 290 sancti
272 256 361 290 Edmundi
368 257 390 292 de
399 258 448 299 Lyng
456 258 594 300 peregrinaturos
604 270 642 293 sese
652 259 719 292 deuotis
731 258 821 293 affectibus

118 307 237 350 promiserunt.
264 308 304 350 Quo
317 308 373 342 facto:
394 308 440 342 dicta
453 310 509 351 puelia
521 309 608 353 respirans
622 309 683 343 reuixit
698 315 715 343 et
731 310 822 351 conualuit,

118 359 170 392 deum
184 362 201 391 et
216 363 295 391 sanctum
309 358 421 391 Edmundum
435 359 509 393 laudans
524 365 541 393 et
559 360 675 400 benedieens3
693 369 715 392 ac
732 360 750 392 in
767 359 822 393 sancti

102 407 192 444 5martiris
207 408 290 440 honorem
304 418 338 440 vna
354 418 392 440 cum
407 414 455 450 patre
470 415 487 441 et
502 415 557 442 matre
570 410 607 441 eius
621 415 699 451 tempore
710 409 745 441 vite
758 418 821 448 eorum,

118 455 185 498 vigilias
193 456 269 490 eiusdem
277 456 351 490 martiris
359 457 376 490 in
384 468 429 500 pane
436 464 454 492 et
462 468 506 502 aqua
514 469 533 493 se
540 459 572 492 sub
579 464 620 492 voto
628 458 703 492 ieiunare
711 457 816 491 constrinxit.

228 621 259 653 DE
270 628 352 660 QUODAM
364 629 440 656 IUUENE
451 630 533 657 MORTUO
543 630 589 656 VITE
600 629 713 656 RESTlTUTO.

152 694 192 726 Nno
204 694 270 726 domini
281 694 424 736 M⁰.ccc⁰.ixxiij⁰.‚
432 693 503 736 quidam
514 693 580 727 iuuenis
589 693 629 726 viiie
641 693 663 726 de
674 694 723 735 Lyng
732 703 822 735 percussus

180 743 277 786 enormiter,
292 754 303 777 a
317 750 404 778 momento
419 743 477 778 statim
490 743 526 777 sine
541 754 572 786 spe
587 743 703 786 recuperande
718 743 777 777 salutis
792 754 823 786 per

119 801 187 838 tempus
198 794 274 827 notabile
286 793 375 827 defunctus
386 792 469 836 apparuit.
492 793 542 828 Vnde
553 800 608 828 mater
618 793 655 827 eius
666 794 735 827 turbata
746 799 763 827 et
774 793 823 835 quasi

93 857 112 877 ιο
120 852 167 879 extra
179 855 197 877 se
208 844 269 885 posita,
278 843 301 876 ad
312 843 366 876 saneti
379 843 467 876 Edmundi
478 844 563 885 capeliam
574 843 596 876 de
605 844 655 885 Lyng
666 842 761 885 predictam
772 853 823 876 eursu

120 894 174 928 veloci
182 893 274 927 festinant.
297 892 331 926 Vbi
342 894 395 926 deum
405 898 422 926 et
434 900 512 926 sanctum
524 894 635 927 Edmundum
646 904 678 936 pro
690 893 719 925 filii
730 893 756 926 sui
768 894 823 926 salute

120 944 181 985 iugiter
193 943 306 983 interpellans,
316 949 333 975 et
343 943 413 975 tandem
425 944 495 975 domum
505 942 614 985 regrediens:
626 953 703 985 puerum,
713 953 764 986 quem
774 942 823 985 quasi

120 998 205 1025 mortuum
220 997 237 1024 ct
255 991 331 1024 animam
347 993 442 1025 exulantem
459 991 531 1035 reliquit,
547 992 581 1035 vite
599 997 617 1027 et
635 992 705 1027 sanitati
723 991 824 1026 mirabiliter

120 1041 216 1076 restitutum
224 1053 255 1084 per
261 1042 321 1075 merita
329 1042 385 1075 sancti
392 1041 466 1075 martiris
475 1042 545 1075 inuenit.

301 1203 332 1234 DE
343 1209 427 1241 QUODAM
438 1209 539 1235 Lanuuino
551 1209 575 1235 ET
586 1208 647 1236 MUTQ

94 1282 112 1312 15
165 1274 231 1308 Uidam
239 1274 326 1307 iohannes
332 1274 426 1316 Skynnere,
433 1274 455 1308 de
461 1274 543 1315 Derham,
549 1284 595 1307 anno
601 1273 666 1307 domini
672 1272 825 1316 nr⁰.ccc⁰.ixxiiij⁰.‚

197 1323 242 1357 inter
263 1325 320 1357 natale
338 1323 403 1357 domini
426 1329 443 1358 et
465 1324 571 1358 dominicam
590 1323 723 1368 quadragesime
740 1324 788 1368 quasi
808 1323 826 1357 in

121 1375 200 1410 extremis
213 1375 323 1408 vehementer
336 1374 421 1416 elanguit:
438 1375 484 1408 vnde
497 1382 531 1408 tres
544 1375 581 1408 eius
593 1375 644 1408 amici
658 1374 741 1417 speciales
753 1375 825 1407 muitum

120 1424 222 1466 contristati,
229 1435 261 1467 pro
269 1423 305 1458 eius
313 1424 386 1457 sanitate
394 1424 511 1468 recuperanda
521 1424 544 1458 ad
554 1431 632 1459 sanctum
643 1424 755 1458 Edmundum
762 1429 779 1458 et
787 1423 824 1457 eius

122 1476 206 1519 capeliam
214 1476 236 1507 de
244 1476 293 1516 Lyng
300 1481 340 1508 vota
348 1481 436 1508 vouerunt.
456 1476 494 1515 Quo
502 1476 558 1508 sacto:
570 1476 646 1515 perfecte
654 1474 724 1506 sanitati
731 1473 826 1506 restituitur

95 1535 113 1557 κο
122 1525 150 1568 qui
158 1522 256 1557 modicum1
264 1530 304 1556 ante
311 1530 385 1556 mortem
392 1523 449 1557 subire
456 1523 532 1557 vicinam
538 1524 560 1557 ab
566 1524 645 1557 omnibus
651 1524 747 1566 putabatur.
763 1524 826 1556 Postea

122 1585 162 1607 curn
172 1573 214 1606 dicti
226 1573 276 1607 amici
287 1573 338 1607 simui
349 1584 388 1607 cum
399 1573 437 1616 ipso
449 1574 526 1607 Iohanne
539 1574 616 1617 predicto
628 1573 752 1618 peregrinando
766 1583 825 1607 versus

123 1625 207 1667 capellam
214 1633 245 1666 pro
253 1629 293 1656 voto
303 1635 334 1657 suo
346 1624 428 1658 soluendo
439 1626 562 1667 procederent:
575 1625 662 1658 Iohannes
673 1624 759 1667 predictos
770 1624 826 1657 subito

123 1675 140 1707 in
149 1675 214 1715 itincre,
219 1675 284 1716 plectro
292 1673 350 1715 lingue
358 1685 388 1707 sue
396 1680 490 1715 contracto,
498 1681 555 1707 mutus
562 1675 638 1714 omnino,
646 1680 664 1706 et
671 1674 720 1716 quasi
728 1674 825 1707 insensatus

122 1724 192 1757 effectus
204 1729 236 1756 est.
259 1723 310 1766 Quod
321 1723 372 1756 amici
383 1724 420 1757 eius
431 1723 522 1763 inruentes,
534 1730 551 1757 et
563 1734 614 1766 supra
625 1724 696 1756 modum
707 1723 798 1766 stupefacti
810 1728 827 1755 et

71 1787 73 1791 ·
96 1786 114 1815 ²5
123 1773 197 1814 attoniti,
203 1772 282 1805 dixerunt
289 1772 304 1805 ei
312 1780 316 1803 τ
329 1773 384 1806 ‘Vere
392 1772 426 1806 iam
434 1779 481 1815 patet
489 1774 535 1816 quod
543 1784 577 1806 non
586 1774 647 1806 deuote
655 1774 736 1806 obseruas
745 1778 785 1805 vota
793 1782 827 1815 que

123 1835 154 1866 pro
162 1829 179 1856 te
187 1822 279 1855 emisimus,
303 1823 348 1856 Sede
356 1833 397 1864 ergo
407 1823 508 1857 festinanter
517 1829 534 1855 et
545 1829 563 1856 te
574 1822 631 1865 ipsum
641 1821 728 1863 discalcia,
736 1827 754 1855 vt
762 1821 786 1855 sie
794 1821 827 1854 deo

123 1879 140 1907 et
152 1879 212 1907 sancto
224 1873 317 1908 Edmundo
328 1873 389 1908 melius
401 1874 476 1916 placens,
488 1872 564 1916 graciam
575 1879 592 1907 et
604 1872 695 1907 sanitatem
707 1872 827 1915 consequaris.¹

124 1925 158 1966 Qui
171 1924 230 1958 statim
243 1923 338 1957 amicorum
353 1934 423 1956 suorum
437 1923 513 1957 consiliis
526 1929 543 1957 et
556 1923 625 1957 monitis
639 1922 758 1966 adquiescens,
770 1922 827 1956 subito

124 1986 174 2008 vsum
185 1974 242 2016 lingue
253 1981 270 2007 et
282 1975 348 2016 loquele
360 1975 487 2016 expressionem
500 1974 601 2006 miraculose
614 1973 690 2014 recepit;
707 1979 724 2005 et
737 1972 762 2005 sic
776 1972 827 2004 deum

97 2035 116 2063 30
125 2030 142 2057 et
150 2030 229 2058 sanctum
236 2024 347 2057 Edmundum
357 2023 467 2064 benedicens,
475 2021 556 2057 deuocius
566 2022 674 2066 prosequitur
684 2021 732 2064 quod
742 2020 827 2062 necligen-

125 2074 161 2107 cius
169 2075 265 2107 inchoabat.

346 2195 377 2227 Dn
388 2200 477 2226 ureniana
488 2199 607 2226 conrxnc‘m.

170 2264 239 2298 Uedam
246 2264 307 2297 mulier
314 2264 336 2297 de
344 2265 423 2305 Repham
431 2274 462 2306 per
471 2262 493 2305 vij
502 2273 557 2296 annos
563 2262 588 2295 sie
597 2267 634 2295 erat
644 2265 734 2294 contracta
742 2259 788 2302 quod
796 2257 829 2291 nisi

191 2313 273 2347 curuata²
281 2323 331 2355 super
338 2323 400 2352 manus
407 2319 425 2346 et
432 2324 488 2355 genua
495 2313 563 2346 valebat
571 2311 655 2345 incedere.
677 2311 729 2345 Vnde
736 2309 829 2343 addictam

125 2366 210 2408 capeliam
225 2365 247 2397 de
263 2363 307 2406 Ling
325 2364 347 2396 ob
366 2363 420 2397 sancti
439 2363 527 2397 Edmundi
546 2362 682 2402 veneracionem,
701 2371 746 2394 anno
765 2356 829 2392 domini

98 2424 117 2453 35
127 2416 219 2449 Millesimo
228 2416 338 2457 ccctlxxvt,
345 2413 471 2457 peregrinando
479 2412 554 2454 veniens,
563 2422 594 2455 per
602 2411 664 2445 merita
677 2409 732 2444 sancti
741 2406 829 2443 Edmundi

126 2466 182 2500 sanari
189 2465 287 2509 promeruit.

255 2553 261 2571 ¹
272 2554 306 2586 MS.
313 2554 395 2585 modicam,
568 2551 575 2569 ²
585 2551 618 2581 MS.
625 2553 700 2581 curuatas.
