1762 2803
217 105 262 160 wo
277 103 378 158 maneto
394 103 556 167 bertranno.
694 122 736 166 117

35 224 107 271 penitus
119 225 191 260 ademit.
215 225 305 261 Dominus
316 232 377 261 autem
390 226 420 271 qui
432 238 483 261 mare
496 227 572 262 rubmm
582 226 644 262 diuisit
651 234 670 262 et
677 240 736 274 popu·

34 281 71 314 lum
85 278 142 313 Israel
154 279 207 314 siccis
220 280 299 324 pedibus
311 292 345 325 per
358 281 438 315 medium
452 281 492 315 eius
508 282 600 326 quondam
616 282 684 323 eduxit,
696 282 736 327 ipse

35 332 133 367 Mallenam
145 333 221 367 fluuium
232 344 287 368 seruo
298 345 332 368 suo
343 334 410 376 diuisit,
421 340 509 379 erantque
521 334 573 379 quasi
584 335 632 369 muri
643 346 654 369 a
666 335 737 370 dextris

34 391 52 420 et
63 397 74 419 a
85 385 164 420 sinistris
176 386 220 420 eius.
243 386 315 421 Deinde
326 387 439 421 brachiolum
450 388 541 421 marinum
549 398 583 430 per
590 393 665 430 pontem
677 394 737 421 trans-

33 438 79 478 iens,
92 438 188 480 repentino
200 438 270 481 impetu
282 449 339 482 aquas
350 439 423 472 alueum
435 439 513 482 implere
525 444 543 472 et
555 440 652 473 transitum
664 439 754 482 cuilibet5

34 500 101 532 negare
108 489 158 524 vidit.
181 489 242 525 Locus
251 497 312 525 autem
324 491 355 524 ille
365 492 383 525 in
394 497 488 535 posterum
498 491 652 527 intransmeabilis
661 492 699 534 suit,
707 493 735 526 et¹

34 553 80 587 pons
93 543 146 586 aquis
159 543 216 579 maris
227 544 316 588 deinceps
327 549 421 579 contectus
432 544 477 578 nulli
488 545 564 579 vlterius
576 546 682 580 transeundi
694 556 736 590 pre-

33 597 71 629 buit
82 596 191 630 facultatem.
214 597 294 631 Mallena
303 597 358 631 etiam
369 598 437 631 ssuuius
447 607 521 631 cursum
532 607 586 632 suum
597 597 709 642 relinquens,
717 599 736 633 in

34 649 113 683 Ledonis
125 649 175 683 fluuii
184 650 258 684 alueum
269 650 358 695 deinceps
367 661 387 684 se
399 650 483 693 retorsit;
495 650 559 695 sicque
569 651 606 684 duo
615 650 666 685 ssuuii
677 661 736 696 vsque

33 708 75 737 tunc
90 702 143 736 diuisi
159 714 170 737 a
185 703 215 738 die
230 703 260 737 ilia
275 704 368 738 commixti
383 710 431 738 sunt.
454 704 533 745 Etecce
547 705 764 747 sanctusSeruanus,1o

33 755 101 789 seniles
112 762 162 789 artus
174 756 239 790 baculo
251 763 326 800 regente
337 758 438 800 fugientem
451 763 530 796 secutus,
542 768 598 800 supra
610 757 669 800 ripam
680 760 736 798 stetit,

33 812 50 842 et
58 807 143 842 eiulando
153 809 235 842 clamans
246 808 302 843 dixit:
315 809 368 843 ‘Heu
378 820 414 852 me,
422 809 448 843 fili
459 808 561 850 karissime,
570 808 632 843 lumen
642 809 735 843 oculorum

33 870 121 900 meorum,
132 860 208 894 baculus
218 863 320 895 senectutis
332 873 385 894 mee:
397 873 454 905 quare
464 872 495 894 me
505 861 588 895 deseris?
599 872 632 895 eur
642 872 672 894 me
683 863 736 896 dere-

32 912 110 956 linquis?
134 913 227 957 Recogita,
239 925 302 958 queso,
314 915 406 958 quomodo
417 926 441 948 ex
453 920 535 948 materno
546 913 642 959 profusum
654 919 706 949 vtero
717 921 735 949 te

32 966 110 1010 suscepi,
123 967 195 1008 nutriui,
208 968 267 1010 docui,
278 978 337 1012 vsque
350 967 369 1001 in
382 967 429 1002 hanc
443 968 507 1002 horam
523 967 610 1003 educaui:
629 967 666 1002 noli
682 968 735 1003 dere·
746 984 763 1013 ¹5

32 1020 114 1062 linquere
126 1031 182 1053 canos
193 1022 256 1054 meos'
284 1021 364 1054 Sanctus
375 1032 419 1054 vero
432 1022 451 1054 in
465 1021 563 1054 lachrimas
574 1020 666 1053 resolutus
678 1021 734 1054 dixit:

32 1070 103 1115 ‘Vides
118 1076 175 1116 pater,
191 1071 273 1107 diuinum
290 1084 331 1108 esse
347 1073 395 1117 quod
411 1072 475 1117 agitur,
490 1084 524 1107 nec
540 1072 636 1107 consilium
651 1073 735 1108 altissimi

31 1125 133 1167 immutare,
141 1132 172 1158 aut
183 1126 271 1159 voluntati
282 1137 319 1160 non
330 1127 471 1170 obtemperare²
482 1127 576 1160 valemus!
599 1127 668 1169 ‘Rogo
676 1126 735 1169 inquit

32 1178 130 1219 Seruanus,
145 1183 171 1220 vt,
185 1177 231 1213 sicut
244 1184 287 1213 ante
302 1178 365 1219 fecisti,
379 1188 434 1223 prece
446 1183 477 1213 tua
489 1179 548 1212 salum
562 1177 639 1220 diuidas,
651 1178 735 1214 denudes

32 1230 95 1274 solum,
103 1236 122 1265 vt
134 1231 184 1266 solus
195 1231 323 1276 pertransiens
334 1232 448 1277 persiccum
461 1234 568 1277 perueniam
580 1233 603 1266 ad
615 1238 638 1266 te.
662 1232 736 1267 Efficiar
744 1245 763 1266 zo

32 1285 79 1318 enim
91 1285 123 1317 tibi
135 1285 158 1318 de
170 1291 222 1329 patre
233 1285 288 1327 filius,
299 1287 323 1319 de
336 1287 410 1319 doctore
423 1285 530 1330 discipulus,
542 1290 560 1319 et
571 1296 630 1329 vsque
643 1285 666 1319 ad
678 1286 734 1320 tinem

31 1336 66 1371 vite
78 1348 141 1371 comes
153 1338 268 1372 indiuiduus’
290 1338 343 1373 Tunc
354 1339 440 1372 sanctusi
450 1338 508 1372 multo
519 1338 563 1372 fletu
575 1338 688 1372 madefactus
699 1339 735 1373 ait:

32 1389 152 1433 ‘Regredere
160 1402 223 1434 queso,
231 1397 285 1434 pater
296 1391 327 1432 mi,
338 1396 357 1426 et
366 1391 468 1434 discipulos
476 1398 518 1425 tuos
527 1391 610 1424 doctrina
619 1397 638 1423 et
648 1393 735 1434 exemplo

31 1441 100 1476 instrue
118 1448 135 1476 et
152 1442 249 1486 disciplina
268 1443 343 1487 corrige.
377 1443 484 1477 Retributor
499 1444 580 1476 omnium
599 1443 688 1477 bonorum
707 1454 734 1478 re·

31 1494 96 1529 tribuat
109 1495 140 1530 tibi
153 1507 187 1540 pro
200 1496 293 1531 vniuersis
307 1497 401 1531 beneficiis
415 1507 451 1541 que
466 1496 521 1531 michi
533 1496 638 1531 exhibuisti.
661 1496 733 1531 Bonum
744 1509 761 1539 ²5

31 1549 79 1582 enim
88 1554 180 1583 certamen
189 1550 267 1591 certasti,
276 1561 386 1594 cursumque
394 1551 430 1584 iam
438 1550 575 1584 consummasti.
598 1550 637 1594 Ego
645 1551 734 1594 [autem]¹

31 1612 105 1646 pergam
117 1613 153 1646 quo
164 1612 194 1636 me
206 1603 255 1636 misit
266 1603 296 1637 ille
308 1603 339 1646 qui
353 1613 383 1637 me
395 1603 499 1647 segregauit
511 1614 534 1637 ex
543 1607 595 1637 vtero
607 1602 671 1636 matris
682 1605 734 1637 mee.²

31 1654 53 1688 Et
66 1655 92 1689 sic
105 1662 168 1690 mutua
180 1656 222 1689 data
231 1657 365 1697 benedictione,
377 1657 400 1690 ab
409 1657 488 1689 inuicem
500 1657 630 1689 discesserunt.
653 1655 733 1689 Sanctus

31 1712 90 1740 autem
99 1708 194 1741 Seruanus
201 1708 220 1741 in
229 1713 324 1741 senectute
332 1708 379 1742 bona
387 1708 422 1741 cito
430 1707 516 1750 migrauit
523 1708 546 1740 ad
554 1707 655 1740 dominum.
686 1699 734 1740 Pro-

31 1759 98 1793 cedens
111 1758 154 1793 inde
167 1760 195 1793 vir
208 1759 243 1802 dei,
256 1759 275 1793 in
288 1760 329 1794 loco
344 1761 419 1794 nomine
433 1760 514 1805 Glasghu
526 1760 544 1793 in
556 1760 613 1793 multa
624 1760 733 1794 abstinentia
743 1774 763 1804 50

30 1811 84 1847 vixit:
97 1814 156 1847 donec
167 1824 201 1847 rex
212 1818 231 1847 et
242 1814 302 1848 clerus
314 1814 394 1858 regionis
405 1813 524 1856 cambrensis,
532 1823 574 1847 cum
584 1812 651 1847 ceteris
662 1812 734 1848 christi-

30 1866 69 1901 anis
77 1866 119 1901 licet
126 1867 195 1910 paucis,
202 1868 263 1911 ipsum
271 1867 370 1912 plurimum
381 1867 492 1901 renitentem
502 1868 521 1901 in
532 1872 625 1911 pastorem
635 1872 654 1900 et
663 1866 734 1911 episco-

30 1929 73 1961 pum
92 1919 186 1964 eligerent.
208 1920 273 1955 Accito
289 1925 351 1955 autem
369 1922 392 1955 de
411 1919 500 1955 Hibernia
518 1931 555 1954 vno
571 1919 664 1965 episcopo,
682 1930 733 1955 more

31 1971 125 2007 Britonum
138 1979 158 2007 'et
174 1974 270 2008 Scotorum
286 1974 304 2008 in
320 1976 428 2017 episcopum
446 1973 507 2017 ipsum
525 1972 628 2007 consecrari
646 1973 733 2006 fecerunt.

31 2023 72 2058 llos
83 2025 133 2058 enim
144 2026 163 2058 in
175 2026 269 2059 Britannia
280 2026 382 2060 inoleuerat
393 2027 411 2060 in
424 2025 561 2060 consecratione
573 2024 685 2069 pontificum,
695 2030 733 2059 tan·
742 2037 761 2068 35

30 2080 123 2112 tummodo
138 2079 197 2123 capita
212 2089 275 2113 eorum
291 2079 338 2113 sacri
354 2078 445 2113 crismatis
460 2078 552 2113 inlusione
567 2087 677 2123 perungere,
690 2087 732 2112 cum

30 2128 143 2166 inuocatIone
156 2131 213 2165 sancti
226 2131 306 2175 spiritus,
320 2138 338 2165 et
353 2132 485 2174 benedictione,
499 2138 518 2165 et
531 2141 597 2165 manus
610 2130 733 2175 impositione.

31 2180 122 2218 insulam
131 2184 179 2218 enim
192 2186 244 2229 quasi
255 2189 307 2219 extra
318 2186 382 2218 orbem
396 2185 457 2228 positi,
468 2184 606 2228 emergentibus
617 2193 731 2228 paganorum

30 2234 179 2279 infestationibus,
194 2247 285 2272 canonum
301 2242 353 2271 erant
367 2237 437 2281 ignari:
457 2236 580 2272 ecclesiastica
596 2237 638 2270 ideo
655 2246 733 2270 censura

30 2286 75 2331 ipsis
90 2291 243 2324 condescendens
257 2290 394 2324 exeusationem
410 2290 483 2323 illorum
499 2289 577 2323 admittit
592 2288 611 2323 in
626 2289 661 2322 hac
675 2294 732 2332 parte.
740 2302 761 2330 40

31 2339 107 2378 Sanctus
120 2348 181 2377 autem
195 2343 325 2387 Kentegernus
338 2343 393 2376 huius
406 2341 452 2377 ritus
464 2341 528 2385 errori,
539 2341 587 2376 sicut
598 2341 646 2376 infra
656 2341 732 2383 dicetur,

30 2393 101 2435 plenius
112 2396 203 2431 satisfecit.
226 2396 354 2431 Cathedralem
366 2397 430 2430 sedem
438 2396 456 2429 in
464 2395 509 2429 vrbe
519 2393 626 2438 glasguensi
634 2393 732 2434 constituit,

30 2450 47 2478 et
60 2458 145 2491 magnam
161 2450 320 2492 congregationem
336 2448 437 2482 secundum
453 2447 531 2480 sormam
546 2446 639 2491 primitiue
654 2445 731 2479 ecclesie

30 2525 134 2599 ³{etlihanm
181 2530 325 2569 ²E.obtemptare.
371 2529 532 2560 iasanctustune.
577 2527 731 2565 ⁴s0r.;E.entm.

58 2589 61 2597 .
99 2580 145 2600 uam.
