1762 2803
123 125 151 166 2⁶
194 194 195 198 Ν
314 93 393 176 unua
409 120 524 184 tecum
540 120 632 183 anate.

122 243 204 286 lembus,
216 243 275 278 anno¹
290 244 348 288 gratie
363 244 499 279 sexcentesimo
512 243 663 288 quinquagesimo
675 243 741 288 primo.
767 241 823 277 Cuius

122 296 202 331 animam
211 298 233 332 ab
241 298 347 341 angelorum
355 297 416 331 choris
427 297 446 330 in
458 298 517 331 celum
529 298 618 331 eleuatam
630 303 703 331 sanctus
712 296 824 331 Cuthbertus

122 350 181 385 adhuc
190 350 266 391 iuuenis,
275 350 375 385 custodiam
385 362 473 394 pecorum
484 350 534 384 iuxta
545 351 621 385 fluuium
629 350 690 384 Leder
700 349 719 383 in
731 349 823 383 montibus

79 446 80 449 Ἴ
122 413 185 449 agens,
193 403 303 448 intempeste
311 403 369 438 noctis
381 403 453 437 silentio
465 403 576 438 orationibus
586 414 659 444 vacans,
667 404 731 437 videre
740 402 807 437 meruit
812 402 826 436 ¹:

106 457 179 497 5Cuius
191 467 257 499 corpus
269 468 312 491 mox
323 458 366 491 inde
377 459 485 491 translatum
497 460 519 492 ad
531 458 610 491 insulam
620 458 796 498 Lindisfernensem,
804 455 823 489 in

123 509 212 543 cimiterio
219 509 295 544 fratrum
306 510 398 554 sepultum
403 516 440 548 dest.
464 510 562 544 interiecto
571 516 613 553 post
621 510 655 544 hec
667 515 751 553 tempore
759 508 824 552 aliquo,

123 573 165 596 cum
176 562 262 596 fabricata
274 569 324 597 esset
335 563 360 596 ibi
372 563 449 597 ecclesia
462 563 525 605 maior,
536 563 578 597 illuc
591 574 633 597 ossa
645 562 684 597 eius
696 563 788 603 translata,
800 562 824 596 ad

123 616 218 649 dexteram
230 616 292 649 altaris
303 616 397 650 recondita
408 617 487 650 fuerunt.
510 617 578 651 Sancto
590 616 639 650 enim
652 616 724 650 Aidano
736 615 824 650 successit

123 668 142 702 in
157 668 274 712 episcopatus
285 669 374 713 regimine
389 669 474 711 Finanus,
486 670 526 704 cui²
540 669 664 705 Colmannus³
679 680 746 714 genere
758 668 824 703 Scotus

96 732 115 753 10
123 722 229 763 succedens,
237 723 289 756 tertio
300 723 416 767 episcopatus
428 724 456 757 sui
467 735 515 757 anno
527 723 590 758 relicta
601 734 634 757 sua
646 723 695 764 sede,
707 733 755 756 anno
767 722 824 766 gratie

123 775 258 808 sexcentesimo
271 776 386 818 sexagesimo
401 782 470 819 quarto,
483 777 582 819 assumptis
596 787 659 809 secum
671 776 780 819 quibusdam
795 786 825 809 os-

123 827 174 862 sibus
182 828 240 862 sancti
247 827 319 869 Aidani
328 828 347 862 in
352 828 432 864 Scotiam
440 830 463 864 ad
471 829 602 864 monasterium
609 825 662 863 suum
669 827 727 863 rediit.
747 826 825 871 Reliqua

123 892 167 915 vero
175 881 233 915 sancti
241 880 309 915 Aidani
317 893 359 916 ossa
366 882 479 926 temporibus
487 883 554 917 nostris
562 883 611 926 apud
619 881 750 916 monasterium
761 881 825 914 dunel-

124 944 189 968 mense
197 934 251 978 digno
260 945 301 969 cum
309 935 379 970 honore
387 942 484 970 seruantur
488 935 499 971 ².
544 929 627 979 Contigit
636 939 696 969 autem
706 938 749 978 post
757 933 825 977 aliquot

98 996 116 1025 15
125 998 183 1022 annos
194 993 214 1022 vt
227 988 290 1023 Penda
306 988 416 1024 Merciorum
431 1001 465 1024 rex
476 994 541 1024 cuncta
554 989 602 1024 illius
617 988 711 1032 prouincie
724 989 763 1021 loca
776 987 825 1021 ferro

124 1041 235 1084 flammaque
248 1043 338 1085 perderet,
352 1043 439 1086 vicusque
452 1044 482 1076 ille
499 1043 566 1086 inquo
579 1042 656 1075 antistes
669 1041 718 1081 obiit,
732 1051 769 1074 vna
784 1051 825 1074 eum

125 1093 202 1128 ecclesia
220 1093 299 1128 flammis
314 1095 446 1130 absumeretur.
476 1095 514 1130 Sed
529 1095 596 1130 mirum
613 1094 632 1128 in
649 1094 724 1127 modum
740 1093 779 1127 sola
795 1092 825 1126 illa

125 1146 201 1187 destina,
214 1147 243 1181 cui
256 1147 363 1182 incumbens
377 1148 425 1190 obiit,
440 1150 463 1182 ab
478 1148 550 1192 ignibus
566 1146 704 1182 circumcincta⁴
720 1146 826 1181 vorantibus

125 1199 209 1233 consumi
224 1210 261 1232 uon
273 1194 338 1244 potuit.
366 1201 406 1243 Quo
422 1201 534 1235 clarescente
549 1201 641 1243 miraculo,
657 1211 700 1233 mox
715 1199 783 1233 ibidem
792 1210 825 1232 ec-

98 1266 116 1286 20
125 1251 180 1286 ciesia
187 1257 293 1296 restaurata,
301 1258 320 1287 et
331 1254 365 1288 hec
377 1255 441 1289 eadem
453 1255 525 1289 destina
536 1254 554 1288 in
566 1254 700 1288 munimentum
709 1258 737 1287 est
745 1252 826 1296 parietis,

124 1312 143 1340 vt
155 1311 197 1340 ante
208 1306 271 1347 fuerat,
283 1307 384 1342 forinsecus
395 1309 484 1352 apposita.
507 1309 595 1350 Rursum,
606 1306 691 1351 peracto⁵
699 1311 782 1351 tempore
794 1305 826 1339 aii-

125 1364 197 1402 quanto,
209 1359 271 1393 euenit
281 1370 316 1404 per
327 1361 400 1404 culpam
413 1361 482 1395 incurie
493 1362 554 1396 vicum
565 1362 645 1394 eundem
657 1365 675 1393 et
686 1360 746 1404 ipsam
758 1359 826 1402 pariter

125 1412 221 1446 ecclesiam
233 1413 293 1447 voraci
307 1413 380 1448 flamma
392 1415 481 1449 consumi.
509 1415 546 1449 Sed
560 1426 594 1449 nec
608 1420 651 1448 tunc
663 1414 737 1456 quidem
750 1418 826 1456 tangere

125 1464 199 1499 flamma
210 1465 300 1499 destinam
311 1467 387 1508 valebat,
396 1473 414 1501 et
425 1478 472 1509 cum,
481 1478 547 1510 magno
558 1467 620 1511 vtique
632 1466 724 1506 miraculo,
734 1466 775 1510 ipsa
786 1465 826 1499 eius

98 1529 116 1559 ²5
125 1517 213 1550 foramina
228 1518 340 1561 ingrediens,
355 1519 420 1563 quibus
436 1518 507 1552 edificio
523 1524 561 1552 erat
576 1519 637 1561 affixa,
653 1519 754 1561 perderem,
766 1519 826 1561 ipsam

125 1575 187 1603 tamen
202 1570 265 1604 ledere
278 1571 382 1606 nuliatenus
393 1572 538 1615 permittebatur.
564 1572 619 1605 Vnde
634 1571 687 1606 tertio
703 1571 787 1605 edificata
801 1570 826 1605 ibi

126 1623 208 1665 ecclesia,
216 1633 259 1663 non,
266 1630 285 1657 vt
293 1627 352 1667 autea,
360 1625 429 1659 deforis
439 1625 530 1659 destinam
540 1625 590 1659 illam
599 1625 617 1657 in
625 1624 749 1658 fulcimentum
761 1625 826 1657 domus

125 1682 256 1721 apposuerunt,
268 1678 302 1711 sed
313 1676 361 1711 intro
372 1678 431 1723 ipsam
443 1678 539 1713 ecclesiam
550 1679 569 1712 iu
581 1677 687 1711 memoriam
700 1677 782 1711 miraculi
794 1688 826 1721 po-

126 1735 208 1772 suerunt,
221 1729 251 1763 vbi
264 1729 353 1764 intrantes
368 1731 492 1776 genuflectere
505 1743 526 1765 ac
539 1731 664 1765 misericordie
678 1731 707 1765 dei
722 1730 827 1774 supplicare

99 1794 118 1823 30
126 1783 219 1817 deberent.
247 1783 359 1828 Constatque
374 1785 441 1819 multos
454 1796 478 1819 ex
493 1796 515 1819 eo
527 1790 611 1828 tempore
623 1783 700 1828 gratiam
713 1783 795 1817 sanitatis
807 1783 826 1816 in

126 1835 191 1869 eodem
202 1836 242 1870 loco
254 1843 367 1881 consecutos
375 1838 419 1881 quin
431 1839 486 1872 etiam
497 1838 574 1872 hastulis
586 1848 610 1872 ex
621 1837 661 1881 ipsa
675 1836 746 1870 destina
759 1836 826 1870 excisis

126 1892 144 1920 et
159 1887 178 1919 in
191 1899 258 1931 aquam
273 1889 340 1932 missis,
355 1891 419 1933 plures
431 1891 466 1924 sibi
478 1891 553 1934 suisque
568 1890 677 1933 languorum
689 1888 772 1922 remedia
784 1899 827 1922 con-

125 1940 220 1984 quisisse⁷.
248 1934 827 1987 Bedaverovenerabilis‚quivitamsanctiAidaniconscripsit,

126 1995 149 2028 de
164 1996 230 2029 eodem
246 2001 308 2030 sancto
323 1997 349 2031 sic
365 1997 413 2032 inter
427 2003 488 2033 cetera
503 1997 559 2032 dixit:
576 1996 656 2041 ‘Scripsi
671 2001 732 2030 autem
747 1995 770 2029 de
784 2005 827 2039 pern

99 2057 117 2087 35
126 2058 171 2081 sona
182 2053 200 2081 et
212 2048 298 2092 operibus
309 2050 343 2083 viri
355 2051 425 2093 prefati,
437 2061 553 2095 nequaquam
564 2050 583 2084 in
595 2061 617 2084 eo
629 2050 705 2084 laudans
716 2054 747 2082 aut
757 2048 827 2091 eligens

126 2101 160 2135 hoc
175 2102 224 2145 quod
238 2103 261 2135 de
275 2103 403 2138 obseruatione
417 2105 486 2148 pasche
501 2104 562 2138 minus
577 2103 658 2148 perfecte
671 2101 759 2146 sapiebat,
771 2101 827 2134 immo

126 2155 160 2188 hoc
176 2155 253 2189 multum
266 2157 371 2200 detestan53
390 2159 423 2191 sed
437 2157 489 2201 quasi
500 2169 558 2192 verax
571 2157 669 2191 historicus
682 2154 789 2199 simpliciter
806 2166 828 2189 ea
848 2153 853 2162 ’

126 2211 163 2251 que
175 2208 198 2241 de
209 2208 240 2242 illo
252 2209 292 2242 siue
302 2210 397 2252 perillum
408 2216 451 2244 sunt
462 2216 514 2254 gesta
526 2210 638 2251 describens
651 2214 669 2242 et
680 2219 716 2252 que
724 2208 777 2242 laude
786 2214 828 2242 sunt

126 2260 182 2304 digna
193 2260 211 2294 in
223 2261 262 2295 eius
270 2262 340 2297 actibus
348 2263 424 2297 laudans
433 2268 487 2308 atque
498 2265 521 2298 ad
528 2263 623 2298 vtilitatem
630 2260 730 2305 legentium
740 2260 828 2295 memorie

99 2326 118 2355 40
127 2315 269 2349 commendans:
285 2316 365 2350 studium
380 2316 465 2351 videlicet
481 2317 532 2361 pacis
548 2322 566 2351 et
579 2315 664 2356 caritatis,
679 2314 793 2348 continencie
810 2320 828 2348 et

128 2366 244 2410 humilitatis3
258 2368 340 2403 animum
348 2368 375 2404 ire
383 2374 401 2404 et
409 2370 487 2405 auaricie
495 2370 589 2411 victorem,
595 2367 681 2412 superbie
687 2367 741 2402 simul
748 2367 829 2402 etvane⁸

127 2419 184 2464 glorie
192 2426 336 2465 contemptorem
343 2433 347 2465 ς
363 2422 472 2458 iudustriam
480 2423 558 2458 faciendi
566 2422 620 2456 simul
629 2425 647 2456 et
658 2420 735 2454 docendi
743 2421 829 2455 mandata

147 2503 344 2538 ¹anno—meruitadded.
374 2506 581 2537 ²eui-seruanturadded.
612 2505 738 2535 ³T.colmanus.
767 2503 829 2534 *Beda

128 2544 253 2576 circumeuncta.
280 2546 391 2585 ⁵E.paracto.
418 2546 696 2586 lE.penderet;Bedaperederet.
721 2544 829 2576 ⁷Bedacon-

127 2584 201 2622 quisiere.
232 2585 325 2617 taliane.
