1762 2803
89 162 91 167 ,
144 124 187 168 512
334 111 414 164 tuone
430 109 547 172 taum
563 109 657 172 unctio.

144 232 224 275 Expauit
237 232 285 265 illico
297 231 325 266 vir
337 237 417 273 sanctus,
431 237 449 265 et
461 231 506 265 nihil
520 237 600 266 moratus
614 233 704 267 violenter
719 239 813 275 arreptum
826 233 844 270 in

143 290 211 319 terram
227 284 320 319 excussit:
340 294 419 326 eumque
434 283 538 327 diligentius
553 284 576 318 ad
591 284 653 318 lumen
673 284 748 318 lucerne
763 283 844 330 intuitus,

144 336 204 380 capite
214 343 317 370 truncatum
328 336 405 381 aspexit,
414 342 431 370 et
439 348 460 371 se
467 347 500 380 pre
509 342 584 381 stupore
592 337 619 371 rei
627 342 679 382 geste
688 348 731 372 mox
739 339 758 371 in
767 339 843 376 extasim

144 389 210 423 soluit:
223 400 278 432 aqua
288 388 415 436 exsuscitatus,
423 399 516 422 venenum
528 400 583 422 omne
594 389 643 432 quod
655 389 728 424 tabidus
739 389 769 423 ille
781 392 844 434 anguis

127 454 136 488 5
145 440 241 481 infuderat,
250 440 327 472 multum
335 439 424 473 eluctatus
432 439 518 479 euomuit,
526 443 544 473 et
552 438 615 473 inflicti
622 439 704 474 vulneris
713 450 775 473 curam
784 450 845 483 agens,

144 492 217 527 sanitati
229 497 271 535 post
286 492 378 525 modicum
397 493 492 526 restitutus
508 497 548 532 est;
566 491 659 526 cicatrices
674 496 736 526 tamen
749 492 845 529 vulnerum

144 544 210 589 quibus
218 546 283 578 dentes
291 546 423 588 impresseratl
431 554 489 587 vsque
498 544 521 577 ad
529 548 608 577 mortem
617 554 653 577 non
661 544 725 578 euasit.
760 537 783 578 In
792 545 846 579 collo-

144 597 223 642 quend0,
228 607 318 640 personas
326 602 420 641 potentum
428 597 532 631 nullatcnus
542 597 647 640 accipiebat,
656 599 689 631 sed
697 608 846 643 unumquemque

145 662 191 695 puro
204 650 279 684 nomine
291 651 385 695 appellare
398 656 500 691 contentus,
514 650 603 684 maiorum
616 650 679 691 titulis,
693 651 721 684 vel
737 650 803 684 iudicio
818 655 845 687 vel

119 719 137 741 ω
146 703 261 747 simplicitate
267 705 379 747 abstinebat,
388 714 442 748 reges
447 709 465 737 et
470 704 563 748 principes
571 705 643 738 adeum
650 704 747 739 venientes
753 706 846 741 mendacis

144 758 228 791 vocabuli
237 757 319 800 [gloria]²
326 757 423 800 spolians,³
434 757 487 790 tacite
496 756 603 800 predicans*
612 756 697 800 quoniam
706 757 791 791 homines
800 764 846 794 sunt.

146 802 846 852 Cumautemloricelongitudoindiutinagenullectionesuaeumimpediret‚

146 862 221 897 militem
233 862 286 897 liuius
298 861 325 897 rei
336 861 435 903 conscium,
443 861 472 895 cui
483 860 543 905 primo
555 860 649 904 seruierat,
662 862 744 904 aduocat,
756 862 779 897 de
791 862 846 899 nimia

146 916 203 951 lorice
214 915 327 959 longitudine
338 921 428 956 causatur,
440 914 514 948 dicens:
528 914 619 948 ‘Forfices
633 915 695 958 accipe
709 921 727 949 et
739 926 800 949 coram
813 917 847 951 deo

121 983 138 1013 15
147 969 221 1004 loricam
234 968 328 1002 rescinde!
350 967 432 1011 Cumque
446 967 476 1001 ille
490 968 633 1009 obstupesceret,
645 973 663 1001 et
674 968 724 1002 velut
741 968 847 1003 delirantem

147 1021 252 1063 respiceret,
260 1019 340 1053 ericus
352 1019 424 1053 forfices
433 1020 456 1052 de
468 1019 522 1052 domo
533 1018 594 1052 militis
605 1019 673 1059 allatas,
682 1019 749 1063 filoque
757 1020 775 1053 in
784 1021 847 1055 anulos

124 1099 126 1101 -
146 1073 203 1108 lorice
214 1072 293 1114 inducto,
305 1083 341 1116 quo
352 1072 409 1106 finem
421 1071 527 1105 rescisionis
539 1071 653 1115 significauit,
663 1071 682 1105 in
694 1071 775 1107 fenestra
787 1084 847 1108 coram

147 1127 188 1171 ipso
199 1126 264 1169 posuit,
273 1125 348 1159 dicens:
360 1125 462 1158 ‘Constans
474 1130 519 1166 esto,
530 1130 548 1159 et
560 1124 613 1159 uide⁵
621 1135 645 1158 ne
657 1125 749 1169 trepides;
761 1136 804 1160 ecce
815 1137 848 1169 ego

147 1180 194 1215 vado
202 1189 254 1213 orare
262 1179 357 1212 dominum
365 1179 438 1212 meum?
462 1177 536 1212 instans
548 1188 592 1221 ergo
604 1177 658 1212 miles
669 1177 764 1212 inscisioni
775 1179 848 1222 putabat

120 1247 139 1267 20
148 1242 184 1265 non
193 1231 266 1271 serrum,
275 1231 307 1263 sed
315 1236 386 1264 vestem
397 1230 483 1271 incidere,
492 1235 542 1262 tanta
553 1230 637 1263 facilitate
648 1230 667 1263 in
679 1231 727 1263 ferro
739 1241 776 1263 non
788 1231 847 1264 ferreo

147 1284 220 1318 forfices
228 1288 352 1316 cucurrerunt.
409 1275 459 1317 Curn
472 1288 532 1316 autem
544 1282 650 1317 demonium
662 1292 672 1317 a
684 1293 760 1327 corpore
772 1285 847 1318 obsesso

148 1337 237 1377 eiecisset,
244 1336 326 1380 precepit
334 1341 403 1374 sanato,
408 1340 426 1370 et
434 1336 465 1380 qui
473 1346 515 1369 cum
523 1346 545 1369 co
553 1340 611 1377 erant,
617 1346 640 1369 ne
649 1335 756 1370 miraculum
765 1336 848 1380 cuiquam

149 1391 257 1426 reuelarent.
271 1389 356 1433 Egressis
363 1389 403 1430 illis,
409 1388 438 1423 vir
443 1389 472 1422 dei
480 1399 559 1432 sompno
564 1388 661 1432 corripitur
667 1389 759 1429 diuinitus,
764 1390 849 1433 videtque

148 1453 248 1488 personam
256 1443 306 1476 vultu
314 1442 438 1476 venerabilem
446 1441 563 1475 assistentem
571 1441 606 1475 sibi
614 1447 668 1485 atque
676 1443 768 1477 dicentem
776 1455 779 1478 :
793 1443 849 1485 ‘Quid

122 1514 140 1543 ²5
149 1498 184 1530 hoc
195 1496 254 1529 faeere
264 1495 341 1536 voluisti,
349 1500 369 1527 vt
379 1494 488 1538 prohiberes
500 1494 605 1528 hominibus
613 1495 649 1528 illis
657 1504 732 1528 narrare
740 1505 797 1538 opera
808 1496 850 1529 dei?

150 1549 199 1582 Caue
211 1558 234 1580 ne
247 1547 266 1581 id
277 1547 325 1581 vltra
337 1546 409 1589 feceris,
420 1546 453 1580 sed
464 1545 541 1581 virtutes
556 1545 631 1588 domini,
643 1557 688 1590 quas
700 1546 780 1581 facturus
792 1553 820 1581 est
832 1547 849 1582 in

149 1611 205 1636 manu
217 1606 252 1642 tua,
261 1605 279 1634 et
289 1599 329 1643 ipse
339 1600 453 1634 confidenter
464 1599 539 1643 loquere
551 1604 568 1633 et
580 1598 620 1633 aliis
627 1604 647 1633 vt
658 1600 755 1644 loquantur
766 1600 849 1644 iniunge'

151 1655 244 1697 Euigilans
258 1664 302 1696 ergo
313 1654 341 1687 vir
354 1653 383 1687 dei
398 1652 447 1686 misit
461 1663 539 1696 puerum
553 1659 594 1696 post
606 1653 655 1687 viros
668 1652 698 1696 qui
713 1653 794 1688 diceret:
812 1654 850 1687 ‘De

150 1707 216 1752 quibus
230 1706 315 1739 mandaui
328 1705 384 1746 vobis,
398 1715 422 1738 ne
437 1705 510 1746 sileatis,
524 1706 557 1738 sed
573 1705 649 1747 gloriam
665 1706 694 1739 dei
710 1717 764 1749 qnam
780 1705 850 1740 vidistis

122 1777 142 1807 30
150 1759 210 1804 palam
218 1757 321 1802 predicate.'
339 1757 432 1801 Deinceps
438 1757 487 1792 enim
492 1757 521 1791 vir
528 1756 558 1791 dei
566 1768 665 1802 operaque
673 1769 707 1802 per
715 1769 758 1793 eum
767 1759 850 1793 dominus

149 1813 231 1853 faciebat,
239 1811 330 1855 religiosis
338 1812 426 1844 duntaxat
433 1811 508 1844 auribus
516 1810 610 1845 humiliter
618 1812 720 1845 enarrabat.
765 1806 851 1847 ⁸Wtrie0

150 1867 212 1911 itaque
226 1857 287 1900 medio
300 1864 358 1899 noctis
371 1863 443 1898 silentio
458 1862 535 1897 orationi
549 1867 631 1906 vacante,
645 1863 757 1899 conueniunt
771 1864 794 1899 ad
810 1875 851 1899 eum
865 1899 867 1903 Α

150 1919 224 1964 spiritus
240 1917 314 1961 maligni
330 1917 348 1950 in
364 1916 479 1951 multitudine
494 1916 550 1959 graui,
562 1922 581 1951 et
592 1917 643 1951 velut
659 1917 725 1951 iudicio
740 1929 780 1951 rem
795 1917 851 1951 acturi

149 1972 230 2013 undique
244 1971 328 2003 obsident
342 1970 464 2003 innocentem.
487 1969 611 2013 Conquirnntl
622 1970 670 2003 inter
681 1981 702 2003 se
714 1971 801 2014 quidnam
813 1969 852 2003 fieri

123 2037 141 2066 35
151 2029 233 2069 oporteat
245 2024 268 2056 de
281 2022 355 2056 homine
369 2022 399 2066 qui
413 2021 459 2065 ipsis
472 2022 496 2055 ita
508 2022 551 2055 totis
562 2022 632 2056 viribus
644 2023 764 2056 aduersetur:
778 2022 852 2056 consilia

151 2076 233 2118 dissipat,
242 2074 303 2118 diripit
314 2073 378 2117 spolia,
386 2085 422 2117 que
434 2073 519 2108 edificant
531 2074 613 2116 destruit,
620 2085 656 2118 que
668 2076 764 2109 destruunt
776 2075 851 2108 edificat.

168 2143 366 2213 &Vitdseimpresserant
414 2142 461 2173 2om.
508 2142 542 2173 ³so
550 2142 578 2179 T.,·
588 2143 606 2174 E.
615 2147 631 2174 et
638 2147 649 2174 t.
697 2142 731 2174 ⁴T.
739 2144 757 2174 Ε.
765 2144 852 2182 predicens.

151 2187 157 2204 ⁵
183 2186 210 2213 ,in
223 2194 236 2214 e.

171 2223 177 2240 ἢ
188 2223 222 2253 MS.
229 2223 247 2253 T.
255 2224 294 2253 adds
302 2223 340 2252 here
346 2219 404 2257 :—Vir
413 2223 439 2252 dei
450 2223 490 2252 duos
500 2226 551 2252 mutos
559 2222 589 2252 sibi
598 2222 675 2252 adductos
685 2233 733 2261 prece
743 2224 763 2253 ad
773 2224 853 2253 dominum

151 2265 187 2293 fusa
196 2263 261 2299 sanauit,
274 2268 290 2291 et
300 2263 383 2299 (quendam
393 2262 427 2298 qui)
439 2262 501 2291 diabolo
511 2266 576 2298 propter
586 2262 648 2290 diuitias
658 2263 754 2301 <homagium
765 2263 835 2300 fecerat),
845 2270 854 2290 a

152 2303 222 2333 faucibus
232 2301 281 2337 iniqui
292 2301 349 2338 eripuit
360 2306 377 2330 et
390 2301 499 2338 (reformavitl.
522 2301 595 2337 Denique
606 2311 641 2330 curn
654 2312 663 2331 a
674 2303 724 2331 latere
736 2303 766 2332 uiri
778 2303 803 2332 dei
817 2305 853 2331 ante

152 2342 274 2381 percepcionem
289 2340 346 2369 uiuifici
359 2340 452 2370 sacramenti
468 2340 558 2370 nullatenus
572 2341 647 2371 recedere
660 2342 773 2380 acquiesceret,
789 2351 821 2380 quo
836 2349 853 2370 se

153 2383 217 2412 Christo
230 2381 346 2417 incorporatum
358 2381 388 2409 iam
401 2381 472 2409 dubitare
484 2390 516 2409 non
530 2384 590 2417 posset,
604 2382 681 2411 accedens
695 2383 715 2411 acl
728 2382 853 2411 communionem

152 2427 222 2452 sanctam
237 2425 252 2449 et
266 2420 372 2456 interrogatus
384 2420 398 2448 si
410 2421 486 2455 crederet,
500 2419 556 2455 ‘vere
567 2419 623 2459 inquit,
636 2422 688 2459 credo,
701 2422 738 2459 quia
749 2431 786 2452 ecce
798 2427 853 2458 corpus

153 2461 211 2494 Christi
220 2464 236 2490 et
245 2459 338 2497 sanguinem
346 2460 362 2488 in
372 2460 425 2498 specie
434 2460 485 2489 carnis
494 2465 510 2490 et
518 2460 600 2497 sanguinis
607 2467 681 2498 peccator
687 2462 758 2499 aspicio.’
778 2462 807 2491 Cui
818 2460 853 2490 ille:

152 2504 197 2532 ‘Deo
205 2501 270 2538 gracias,
277 2504 302 2529 set
308 2500 338 2529 iarn
344 2499 389 2528 simul
397 2508 459 2528 oremus
467 2503 483 2528 ut
490 2501 506 2529 in
514 2500 562 2537 priori
568 2501 621 2537 specie
629 2501 666 2531 illud
672 2502 755 2539 percipere
762 2500 836 2531 merearis
843 2497 854 2535 ’ς

152 2548 168 2572 et
176 2542 232 2570 sactum
240 2544 264 2569 est
272 2540 297 2569 its.
321 2539 362 2577 (The
370 2549 412 2569 same
419 2544 465 2578 story
472 2540 491 2575 is,
498 2541 580 2576 however,
587 2542 663 2578 repeated
670 2546 709 2570 next
716 2543 770 2580 page.)

172 2580 178 2598 ⁷
188 2581 205 2610 T.
214 2580 322 2616 Conqucrunt.
