1762 2803
114 147 116 153 ·
143 159 183 189 112
221 151 223 156 ⁴
331 146 411 198 mono
426 143 542 206 tecnon
558 143 650 205 annito.

141 266 259 301 Kenelmum.
282 266 328 300 Cum
340 272 401 300 autem
413 277 480 311 corpus
492 266 531 301 eius
542 267 565 301 de
576 272 625 301 terra
636 271 685 301 esset
697 266 794 307 eleuaturn,
801 265 843 299 lons

140 321 193 355 vinus
206 321 250 353 inde
263 319 343 361 emersit,
355 320 385 363 qui
397 321 416 353 in
429 321 489 354 riuum
503 321 580 353 effluens
593 320 656 354 multis
669 320 712 354 inde
727 319 842 363 gustantibus

141 374 219 406 salutern
235 372 329 415 impendit.
353 372 434 415 Corpore
449 373 499 404 enim
512 373 535 404 de
552 373 598 405 silua
613 373 678 412 delato,
694 372 774 405 maxima
789 371 842 403 turba

141 435 231 464 cecorum,
242 426 344 464 surdorum,
354 424 464 466 claudorum,
476 430 494 458 et
505 424 561 459 variis
572 424 641 459 morbis
653 425 769 459 detentorum
781 428 843 458 curata

123 485 174 520 sest.
203 478 338 512 Altercantibus
349 483 409 511 autem
420 488 453 520 pro
465 488 542 521 corpore
553 477 716 512 Glouerniensibus
724 482 742 512 et
750 476 842 521 Wigorni-

142 532 222 573 ensibus,
227 530 335 575 complacuit
343 531 417 565 tandem
424 530 470 574 parti
476 530 549 574 vtrique
554 536 574 565 vt
582 531 662 574 populus
668 530 699 574 qui
706 530 726 565 in
734 529 842 575 crepusculo

141 585 236 629 sequentis
248 586 283 618 diei
292 583 342 627 prior
352 583 461 626 euigilasset,
470 589 553 618 sanctum
566 584 682 626 Kenelmum‚
691 585 743 628 quasi
755 583 842 618 diuinitus

141 641 204 672 datum
215 637 260 671 sibi¹
269 637 353 670 auferret.
377 636 521 670 Glouernienses
533 636 594 680 itaque
601 636 726 681 vigilantiores
738 648 779 671 curn
791 646 842 671 sacra

141 691 195 736 gleba
206 690 242 724 iam
254 687 357 733 quindecim
369 687 469 734 miliaribus
481 690 573 732 euaserel,
585 694 684 735 antequam
696 689 726 724 alii
739 700 750 723 a
764 700 842 734 sompno

115 753 133 774 [ο
141 744 219 785 excitati,
225 748 243 777 et
251 744 317 777 rubore
325 753 346 775 ac
354 743 381 776 ira
388 742 477 784 succensi,
482 747 520 776 tota
527 743 619 777 celeritate
625 749 667 788 post
676 754 707 777 eos
715 748 842 787 sequerentur.

142 798 192 839 Quos
207 796 237 831 vbi
253 796 325 830 eminus
341 795 431 839 fugientes
446 801 557 839 aspexerunt
563 797 575 839 ³,
587 797 671 830 inuocato
683 796 741 830 sancti
757 796 843 830 Kenelmi

142 849 233 893 suffragio,
241 859 276 894 per
283 853 380 893 angustam
388 848 473 883 semitam
481 849 581 883 euadentes
588 849 636 884 inter
644 850 721 884 frutecta
728 860 749 883 se
759 854 843 893 protege·

141 905 189 938 bant.
217 903 301 946 Cumque
316 913 353 936 non
368 903 431 947 procul
447 914 458 936 a
472 903 583 937 monasterio
597 903 765 937 winchecumbensl
780 904 842 937 labore

142 956 208 999 sitique
220 955 329 1000 grauissima
341 966 383 990 cum
394 966 472 1000 corpore
484 961 547 990 sancto
559 956 603 991 sessi
615 957 707 999 sederent,
718 966 773 1001 opem
785 956 842 990 sancti

115 1020 132 1050 15
143 1009 230 1044 Kenelmi
242 1009 306 1042 humili
317 1009 415 1042 deuotione
428 1008 562 1052 implorabant:
579 1010 618 1042 Nec
631 1020 687 1051 mora,
701 1010 742 1042 fons
755 1010 812 1050 viuus,
824 1015 843 1042 et

142 1073 200 1106 usque
213 1062 232 1096 in
245 1062 354 1096 hodiernum
370 1061 447 1104 [diem]⁴
460 1061 525 1105 iugiter
537 1072 614 1097 manans
620 1062 632 1105 ³,
648 1062 682 1097 sub
697 1063 775 1106 quadam
790 1067 843 1106 petra

142 1118 247 1160 erumpens,
258 1116 307 1151 sitim
317 1114 419 1159 potantium
429 1126 453 1150 ex
461 1126 483 1149 eo
492 1114 575 1150 extinxit.
609 1107 677 1152 Stabat
682 1120 725 1150 tunc
732 1115 843 1158 Quendreda

141 1172 160 1203 in
168 1169 235 1202 solario
243 1170 328 1211 quodam,
337 1174 354 1202 et
362 1168 496 1202 multitudinem
505 1169 606 1212 respiciens
614 1180 656 1203 cum
664 1168 757 1213 triumpho
763 1169 843 1204 fraterne

142 1222 199 1265 glorie
206 1222 317 1262 venientem,
325 1221 352 1254 ira
360 1227 378 1254 et
385 1221 510 1264 indignatione
518 1221 567 1264 cepit
574 1223 675 1256 tabesceret
691 1223 774 1264 Accepto
782 1227 843 1256 autern

115 1285 134 1304 20
142 1273 233 1319 psalterio,
249 1273 328 1316 quodam
343 1272 437 1317 prestigio,
449 1283 487 1306 non
502 1277 576 1308 cantare
591 1284 625 1317 pro
640 1274 670 1308 illo
686 1273 755 1308 studuit
768 1275 801 1309 sed
816 1274 843 1308 in-

142 1333 216 1361 cantare
228 1332 290 1360 contra
300 1327 351 1359 illurn
361 1326 483 1360 centesimum
493 1332 577 1360 octauum
586 1327 685 1370 psalmum,
693 1328 778 1370 quatinus
788 1339 799 1360 a
806 1327 843 1361 fine

143 1381 166 1414 ad
178 1385 237 1423 caput,
251 1380 273 1413 ab
288 1379 351 1414 vltimo
365 1388 421 1413 versu
436 1380 459 1412 ad
471 1380 552 1422 primum
564 1380 689 1423 peruertendo
701 1389 749 1422 eum,
763 1380 843 1414 fraterne

142 1432 222 1467 felicitati
237 1433 317 1466 efficeret
332 1431 460 1475 perniciosum.
483 1431 607 1466 Veruntamen
623 1432 642 1466 in
657 1432 717 1476 ipsam
730 1432 843 1475 redundauit,

142 1488 177 1521 deo
187 1487 266 1528 volente,
274 1484 390 1519 maledictum
400 1495 460 1518 suurn.
483 1485 529 1518 Cum
541 1485 590 1518 enirn
600 1496 611 1518 a
621 1485 658 1519 fine
669 1486 785 1519 ascendendo
795 1485 843 1520 hune

115 1546 133 1575 ¹5
142 1550 216 1575 versum
227 1539 310 1574 volueret
321 1549 353 1573 ore
364 1539 447 1573 venefico
457 1538 501 1572 ‘hoc
512 1549 559 1582 opus
571 1549 635 1572 eorum
647 1538 677 1582 qui
689 1539 787 1573 detrahunt
799 1538 843 1573 mihi

142 1594 191 1637 apud
203 1592 307 1634 dominum,’
320 1591 404 1626 continuo
418 1591 452 1626 sibi
465 1592 537 1635 vtrique
550 1592 596 1626 oculi
609 1593 647 1627 suis
663 1593 738 1627 sedibus
752 1592 843 1636 extirpati,

142 1655 199 1689 super
207 1646 266 1688 ipsam
273 1654 328 1688 quam
336 1644 408 1687 legebat
416 1644 502 1687 paginam
510 1644 621 1678 ceciderunt.
640 1645 706 1678 Adhuc
714 1650 775 1679 autem
783 1645 843 1688 ipsum

142 1698 250 1742 psalterium
261 1702 337 1740 argento
348 1703 437 1740 paratum,
450 1695 504 1730 huius
516 1697 636 1740 correptionis
650 1709 714 1732 cruore
727 1698 844 1739 maculatum,

142 1750 207 1795 prebet
213 1749 305 1783 indicium.
318 1748 361 1792 Ipsa
366 1758 409 1782 vero
416 1748 479 1782 infelix
484 1753 525 1793 post
531 1749 625 1792 paululum
631 1749 704 1783 interiit.
718 1750 778 1791 Quam
783 1750 843 1783 ferunt

115 1815 134 1845 30
143 1814 177 1837 nec
189 1802 208 1835 in
219 1802 297 1836 ecclesia
306 1812 340 1834 nee
351 1801 369 1834 in
382 1811 446 1845 campo
458 1802 549 1844 sepultam
560 1813 617 1846 posse
627 1803 696 1844 teneri3
709 1804 742 1836 sed
752 1803 844 1846 quendam

142 1856 231 1891 infantem
238 1854 371 1889 lucidissimum
383 1859 503 1899 apparentem
513 1854 585 1889 cuidam
596 1854 672 1890 iussisse
683 1852 702 1890 in
712 1856 792 1900 quodam
801 1866 843 1900 pro-

142 1910 199 1944 fundo
211 1910 250 1942 loco
262 1913 332 1942 semoto
344 1918 385 1941 earn
397 1907 465 1951 proiici.
519 1901 616 1952 Tempore
628 1909 677 1953 regis
691 1909 757 1943 Canuti
769 1909 843 1953 quidam

143 1964 207 1998 Dauus
215 1966 286 2006 partem
294 1960 342 1995 ruris
351 1960 408 1995 sancti
417 1960 502 1995 Kenelmi
513 1960 584 1996 auferre
595 1961 703 2006 temptauit:
719 1961 844 2005 iudicaturque

142 2022 162 2051 vt
173 2016 225 2048 diues
236 2015 267 2047 ille
279 2025 320 2047 curn
331 2014 395 2057 viginti
406 2020 483 2057 quatuor
495 2025 551 2057 super
564 2025 630 2058 corpus
643 2016 701 2047 sancti
714 2015 801 2048 Kenelmi
815 2014 843 2047 ius

116 2078 134 2107 35
144 2077 197 2102 suurn
206 2071 320 2100 sacramento
328 2067 419 2108 probaret.
442 2066 525 2109 Cumque
533 2066 567 2100 hoc
578 2067 638 2101 facere
649 2077 670 2101 se
679 2067 776 2110 ingereret,
785 2067 844 2101 subito

143 2119 173 2154 dei
181 2118 247 2152 virtute
255 2118 340 2161 repulsus
348 2119 465 2161 retrogradus
473 2118 567 2160 abscessit,
576 2123 594 2152 et
602 2119 653 2162 quasi
661 2125 714 2153 vasto
722 2120 758 2153 ictu
769 2120 844 2154 obrutus

145 2171 223 2215 supinus
231 2171 313 2204 concidit.
329 2170 396 2214 Sicque
403 2176 453 2205 terra
460 2177 523 2205 sancto
531 2171 637 2214 adiudicata,
645 2172 762 2206 aduersarius
770 2174 844 2206 domum

144 2225 240 2265 deductus,
259 2222 290 2265 qui
308 2227 377 2256 terram
395 2223 474 2256 alienam
492 2223 554 2266 inique
573 2223 645 2258 auferre
664 2226 765 2269 temptauit,
784 2225 844 2259 omnia

144 2286 232 2323 possessa
242 2285 283 2310 cum
295 2275 357 2309 seculo
368 2275 407 2309 iure
418 2277 484 2310 amisit.
529 2269 617 2310 Matrona
625 2278 703 2321 quedam
711 2278 779 2313 festum
786 2277 844 2313 sancti

115 2345 136 2374 40
145 2329 232 2364 Kenelmi
240 2329 338 2361 obseruare
347 2329 461 2371 contempsit,
468 2333 486 2361 et
493 2330 512 2361 in
520 2330 597 2371 prandio
606 2331 679 2371 sedens,
684 2330 759 2373 indigna
766 2332 844 2374 quedam

143 2382 201 2418 verba
208 2381 227 2415 in
235 2385 319 2414 sanctum
327 2380 404 2422 intorsit,
412 2391 446 2414 nec
454 2381 551 2425 quicquam
563 2382 624 2426 operis
633 2383 727 2417 intermitti
737 2383 844 2428 imperauit:

144 2437 190 2471 ‘Pro
199 2434 295 2475 Kenelmo,
303 2434 366 2477 inquit,
375 2434 437 2468 nescio
445 2444 486 2477 quo,
495 2435 572 2468 fructum
581 2435 617 2469 diei
625 2445 662 2470 non
672 2438 783 2480 perdemus?
809 2436 844 2482 Vix

143 2488 221 2526 verbum
229 2486 294 2530 emisit,
303 2491 321 2520 et
329 2498 372 2521 ecce
379 2485 451 2531 vtrique
459 2487 506 2521 oculi
516 2489 589 2522 excussi
599 2487 618 2522 in
629 2494 698 2524 terram
708 2484 819 2531 ceciderunt,
827 2492 845 2521 et

143 2562 322 2634 ηἒΒοΙῙΛίῢίᾱειῐιιιη.
376 2561 530 2593 ²Boll.euaserant.
581 2563 744 2603 ³B.prospexerunt.
796 2563 843 2593 ‘out

173 2611 256 2633 ‚manens
