1762 2803
47 108 178 145 usuouno:
189 104 297 143 neantes]
336 93 384 146 ᾑῐ,
400 93 512 145 fiennon,
706 104 748 148 541

48 222 93 266 apud
105 218 224 254 Greneuicum
236 227 246 249 a
258 217 314 250 Danis
326 216 425 258 lapidatum,
434 215 497 259 pietate
508 224 601 248 succensus
608 219 625 247 et
633 214 667 247 ride
675 218 751 246 armatus

48 271 115 314 collegit
130 276 181 313 atque
197 268 291 302 Londoniis
306 266 391 310 sepeliuit.
413 265 492 300 Tandem
504 276 545 299 vero
558 263 640 299 martirii¹
652 264 706 308 gloria
720 274 751 306 pro

48 323 121 368 gloriosa
133 318 265 353 conuersacione
276 318 384 351 decorandus
398 317 415 350 in
427 317 473 350 bello
485 317 531 360 quod
542 316 573 349 fuit
585 316 630 349 inter
640 314 752 348 Edmundum

49 383 106 415 regern
121 377 138 403 et
154 371 252 403 Chanutum
267 368 313 411 apud
328 368 427 408 Assandun,
440 368 482 401 dum
495 367 566 401 missam
578 372 660 405 cantaret,
672 376 683 398 a
696 364 753 398 Danis

50 422 111 457 Canuti
126 419 184 459 sociis,
199 419 246 460 prius
261 419 331 451 dextera
350 424 419 460 propter
438 418 508 450 anulum
526 422 620 458 amputata,
635 414 699 449 deinde
717 420 770 454 toto5

49 482 119 514 corpore
127 469 186 508 scisso,
192 468 292 502 interiectus
299 474 330 507 est,
335 479 374 500 curn
382 468 445 500 abbate
451 467 512 508 Wlsio,
518 467 547 510 qui
555 466 579 499 ad
586 465 693 500 adorandum
701 465 752 499 deum

50 534 80 568 pro
91 520 145 555 milite
157 518 329 560 christiano,bellu1n
341 525 404 562 agente
416 529 455 551 curn
466 528 540 562 pagano,
552 523 672 552 conuenerant.
696 515 753 550 Huius

50 584 110 616 corpus
122 582 161 605 curn
173 572 195 604 ad
207 571 289 604 eliensem
302 570 392 604 ecclesiam
406 581 417 603 a
429 569 464 603 suis
477 568 538 602 fuisset
550 569 621 602 allatum
633 575 651 603 vt
663 567 753 601 confestim

51 625 96 658 illine
103 622 126 655 ad
134 621 252 661 Rameseiam,
258 620 286 654 vbi
295 622 350 654 abbas
357 621 417 661 iuerat,
424 619 543 662 deser[r]etur:
555 620 635 662 Aligarus
645 619 671 653 vir
679 623 754 658 sanctus,

51 674 78 719 qui
87 679 127 706 tunc
134 671 216 715 temporis
224 671 284 704 relicto
292 671 388 704 elmanensi
397 670 503 714 episcopatu,
512 669 572 703 eliensi
582 669 654 703 ecclesie
662 679 682 702 ex
690 673 727 702 toto
735 678 754 701 se
764 679 782 701 ro

51 725 126 763 dederat,
134 732 196 765 corpus
204 722 246 755 illud
254 722 276 755 ad
284 721 382 764 augendam
390 721 423 755 loci
432 720 476 755 illius
484 719 593 762 dignitatem,
601 719 690 754 inebriatis
697 724 755 753 custo-

51 776 106 814 dibus,
118 773 136 806 in
150 778 216 806 secreto
228 773 266 805 loco
280 772 363 815 sepeliuit,
375 778 412 805 turn
426 771 467 815 quia
481 771 529 803 illum
544 777 613 805 sanctas
626 770 671 804 illius
683 768 755 804 ecclesie

51 825 125 867 virgines
140 824 213 857 multum
232 822 311 857 dilexisse
326 830 436 865 cognouerat,
451 829 488 856 ium
503 821 544 865 quia
559 821 647 857 martirem
662 832 701 855 eum
716 830 755 854 esse

52 876 136 910 credebat.
159 873 193 917 Qui
204 880 221 907 et
232 873 274 916 ipse,
282 874 304 907 de
312 873 364 908 veteri
377 874 464 916 sepultura
475 872 520 906 inter
531 872 575 906 alios
587 873 684 912 translatus,
692 881 755 913 magna

52 926 75 959 ibi
85 924 183 958 reuerencia
194 924 273 957 habetur.
295 925 360 957 Passus
370 930 397 957 est
408 930 467 956 autem
479 933 525 955 anno
536 922 662 957 incarnacionis
670 929 730 955 inxvu
737 926 755 954 et
764 933 782 964 ¹5

52 975 82 1009 luit
90 975 107 1007 in
115 972 176 1007 diebus
185 974 267 1007 Edelredi
275 979 292 1008 et
301 974 390 1007 Edmundi
397 983 458 1017 regum
465 972 571 1015 temporibus
577 972 603 1017 (l).

53 1145 82 1188 ib]
137 1154 153 1187 4.
164 1147 195 1179 Du
206 1147 286 1180 Auwruo
298 1153 394 1180 nouncuo
406 1154 430 1179 ur
441 1153 533 1180 arrseouo
544 1145 672 1181 neurnunusrl.

54 1227 160 1295 Aluiuus³
173 1239 183 1262 a
196 1229 283 1271 generosis
298 1229 398 1272 parentibus
413 1235 466 1271 ortus,
479 1235 496 1262 et
511 1228 546 1262 vite
561 1228 652 1263 sanctitate
666 1234 683 1263 et
698 1229 756 1273 gracia

99 1290 166 1313 morum
179 1280 285 1321 honestatus,
298 1280 316 1313 in
329 1280 388 1315 eliensi
401 1281 506 1314 monasterio
519 1280 593 1323 suscepit
606 1280 683 1314 habitum
697 1291 757 1313 mona-

55 1331 119 1372 chatus,
127 1336 146 1364 vt
156 1330 202 1373 quod
212 1330 268 1364 iunior
278 1330 301 1364 ad
309 1331 404 1373 proiectum
411 1330 464 1364 animi
472 1330 537 1364 institui
549 1330 630 1373 inciperet
635 1330 647 1373 ¹,
655 1331 688 1364 iam
700 1330 757 1364 senior

54 1382 107 1414 iaetus
115 1380 145 1413 diu
152 1380 231 1414 inolitum
242 1380 289 1414 abuti
300 1381 371 1414 minime
378 1381 474 1421 videretur3
486 1381 532 1414 vnde
539 1381 623 1415 veraciter
633 1382 729 1424 completur
740 1380 757 1413 iu
766 1390 785 1412 re

55 1441 75 1464 eo
86 1431 132 1473 quod
143 1430 227 1472 scriptum
238 1431 300 1473 legitur
311 1431 328 1464 in
344 1430 426 1464 Ieremia:
438 1431 518 1465 ‘Bonum
528 1438 555 1464 est
566 1430 602 1464 viro
614 1441 654 1464 curn
664 1430 758 1474 portauerit

55 1481 112 1522 iugum
123 1480 189 1514 domini
200 1482 223 1515 ab
233 1481 352 1515 adolescencia
364 1482 405 1515 sua.¹
427 1481 441 1518 ii
453 1482 532 1524 Cumque
542 1486 598 1515 totam
609 1480 643 1515 vite
654 1491 685 1515 sue
696 1481 758 1516 seriem

56 1542 94 1565 cum
107 1542 175 1566 summa
188 1531 283 1576 prudencia
295 1537 312 1566 et
324 1530 413 1576 grauitatis
427 1531 512 1567 modestia
523 1542 577 1576 usque
588 1531 606 1567 in
617 1531 684 1567 virilem
694 1538 758 1568 etatem

55 1583 167 1626 perduxisset,
175 1593 207 1625 pro
215 1583 303 1625 religionis
311 1593 342 1617 sue
349 1583 400 1624 lama,
408 1583 478 1617 iubente
489 1593 529 1626 rege
540 1583 652 1625 Etheldredo,
661 1584 684 1617 ad
692 1583 759 1628 episto«

55 1639 114 1674 patum
120 1634 238 1667 elmanensem
244 1634 350 1667 sublimatur.
374 1632 508 1677 [SubliJmatus⁰
516 1639 574 1667 tamen
579 1644 610 1668 sue
614 1634 683 1668 eliensis
687 1634 759 1669 ecclesie
767 1644 785 1675 25

56 1683 132 1717 obliuisci
147 1694 183 1717 non
197 1684 259 1726 potuit,
275 1689 301 1717 set
315 1683 367 1717 bonis
382 1694 414 1727 pro
429 1694 448 1717 se
463 1684 481 1717 iu
495 1683 573 1726 ingressu
588 1683 654 1718 ordinis
668 1684 759 1718 monastici

56 1733 128 1775 primum
141 1734 197 1768 eidem
209 1734 247 1767 loco
258 1734 330 1775 collatis,
341 1733 376 1767 iam
388 1733 480 1777 episcopus
491 1734 547 1767 sactus
559 1734 632 1776 plurima
644 1734 759 1777 superaddere

56 1783 125 1817 curauit.
148 1785 222 1818 Sanctus
233 1783 266 1817 iste
280 1784 367 1818 confessor
378 1784 443 1818 domini
453 1785 530 1818 Alwinus
541 1784 577 1818 vite
589 1785 651 1819 merito
663 1792 680 1819 et
692 1795 759 1819 morum

56 1834 145 1868 honestate
159 1836 226 1877 fulgens
241 1835 258 1868 in
273 1835 379 1878 episcopatu,
392 1841 474 1877 precepto
489 1835 534 1877 regis
550 1835 617 1878 Canuti,
629 1836 646 1869 in
658 1836 759 1870 Beodrices-

57 1885 141 1918 uuorthe⁰
154 1884 228 1927 primum
240 1887 364 1919 monachornm
375 1886 446 1919 adduxit
459 1891 552 1925 cateruam,
565 1891 582 1918 et
593 1886 679 1928 quosdam
691 1887 713 1919 de
727 1897 759 1919 sua
768 1898 787 1926 30

57 1934 129 1968 ecelesia
136 1934 200 1976 eliensi,
208 1935 293 1977 quosdam
301 1944 342 1968 vero
349 1934 371 1968 de
380 1933 445 1967 Holm⁷
453 1933 487 1968 illie
494 1934 596 1976 collocauit;
605 1934 663 1979 eisque
671 1935 760 1969 affluenter

57 1984 133 2018 subsidia
147 1986 222 2029 detulit;
241 1985 321 2019 auxilium
336 1984 446 2029 impendente
461 1985 539 2019 Turkillo
554 1986 617 2020 comite
631 1987 759 2031 Estanglorum.

59 2036 130 2079 Insuper
141 2040 191 2071 rebus
206 2044 224 2071 et
236 2038 341 2071 ornamentis
356 2037 389 2080 ipsi
404 2038 442 2070 loco
454 2037 476 2070 de
491 2047 522 2071 sua
533 2043 582 2080 parte
597 2038 684 2072 collocatis
699 2049 759 2083 quarn-

58 2085 138 2128 plurimis¹
151 2095 210 2122 eterne
222 2088 296 2121 libertati
308 2088 384 2122 donauit.
407 2087 513 2131 Preiecitque
528 2088 553 2122 eis
568 2094 635 2131 patrem
650 2095 667 2122 et
679 2090 760 2122 abbatem

58 2137 124 2171 nomine
131 2138 196 2172 Vinum
203 2138 277 2182 priorem
285 2138 307 2172 de
316 2138 370 2172 Holm
376 2138 387 2180 Τ,
395 2138 450 2172 virum
457 2138 545 2179 humilem,
551 2139 648 2173 modestum
656 2145 673 2173 et
681 2150 760 2173 mansue·
768 2151 787 2182 35

58 2191 118 2221 tumet
126 2188 178 2230 pium.
201 2188 309 2221 Presbiteros
316 2199 357 2222 vero
366 2188 395 2232 qui
403 2187 427 2221 ibi
435 2188 532 2221 inordinate
539 2188 628 2230 viuebant,
636 2195 665 2222 aut
673 2189 691 2222 in
699 2189 760 2223 eodem

58 2233 96 2269 loco
103 2238 125 2271 ad
133 2237 229 2272 monastice
236 2238 324 2282 religionis
331 2239 399 2273 eulmen
406 2238 465 2279 erexit,
472 2243 502 2272 aut
510 2239 555 2273 datis
563 2239 588 2273 eis
597 2239 635 2274 aliis
642 2239 694 2274 rebus
702 2240 719 2274 in
727 2240 761 2274 alia

59 2285 95 2319 loca
103 2290 181 2324 mutauit.
204 2291 228 2324 Et
235 2296 275 2333 post
282 2291 336 2325 multa
343 2290 428 2324 beneficia
435 2290 488 2324 sacris
495 2290 538 2324 locis
546 2290 613 2330 collata,
621 2291 696 2331 demum,
701 2291 761 2326 relicto

59 2339 126 2379 proprio
142 2340 286 2382 episcopizasse
301 2340 453 2383 contemplatiuam
468 2341 543 2383 quietem
558 2340 576 2373 in
591 2340 655 2374 eliense
670 2341 760 2375 cenobium

59 2395 151 2424 conuersus
158 2390 164 2408 Β
172 2396 208 2425 est:
221 2395 238 2425 et
245 2390 269 2424 ibi
277 2400 332 2434 vsque
340 2390 362 2424 ad
370 2391 422 2425 finem
430 2390 464 2425 vite
472 2401 503 2425 sue
510 2391 610 2434 permansit.

79 2466 83 2483 ¹
95 2469 114 2498 al.
122 2471 194 2501 martiris.
239 2471 245 2488 ²
254 2472 278 2501 Ex
286 2471 328 2501 Hist.
335 2472 392 2502 Elieus.
398 2472 420 2501 11.
428 2479 452 2510 75.
460 2471 484 2501 86.
525 2473 531 2491 ³
542 2471 579 2501 HE.
586 2472 664 2502 Aelwinus
671 2472 760 2502 Aeliwinus.

59 2503 65 2560 ξ
75 2507 95 2537 al.
100 2510 193 2557 conciperet.
239 2511 245 2530 ⁵
255 2511 273 2543 B.
281 2511 336 2542 Malus.
384 2511 391 2531 ⁶
400 2512 421 2542 al.
429 2511 552 2551 Betricheswrde,
560 2522 595 2544 now
601 2513 642 2552 Bury
648 2513 670 2544 St.
677 2511 760 2543 Edmunds.

75 2546 108 2579 Mb.
116 2549 163 2582 holm.
223 2551 230 2570 ⁸
239 2551 339 2583 alienemus.
