1762 2803
111 142 113 147 .
130 112 171 153 188
318 109 398 161 tunna
413 106 530 169 tramae
545 106 637 169 antlia.

127 229 169 264 lum,
186 221 238 265 Tunc
246 230 319 264 intuens
328 241 370 264 eum
376 229 473 264 Lotharius
479 230 524 263 dixit
533 229 587 264 mihi:
596 229 678 263 “Redde
685 228 710 261 illi
719 234 828 273 potestatem

127 282 201 327 imperii
210 295 244 327 per
254 284 306 317 filum
317 283 413 327 glomicelli
423 284 472 326 quod
482 283 501 316 in
511 293 567 317 manu
577 284 644 316 tenes.”
668 281 774 316 Disnodans
785 293 828 326 ergo

128 335 179 369 filum
186 336 209 370 de
216 336 280 380 pollice
289 336 353 370 dextre
361 346 407 378 mee,
414 335 504 369 donabam
513 335 537 369 illi
546 334 670 369 monarchiam
677 345 750 368 omnem
757 335 829 378 imperii

127 400 161 432 per
173 390 223 423 iilum
236 389 343 433 glomicelli:
356 394 373 422 et
385 388 446 422 statim
456 389 496 432 ipse
507 388 620 432 glomicellus
630 387 709 430 fulgidus
721 387 767 421 sicut
777 388 829 422 iubar

111 442 171 484 5solis
183 442 295 474 coadunatus
308 447 336 474 est
349 447 397 474 totus
410 440 428 473 in
441 451 496 474 manu
508 440 552 474 eius.
576 440 599 473 Et
613 450 699 474 reuersus
712 445 741 473 est
754 440 829 484 spiritus

128 505 180 529 meus
192 494 210 528 in
222 504 288 538 corpus
301 504 369 536 meum,
380 493 434 529 valde
449 494 510 528 lessus
525 498 543 527 et
558 492 704 537 conter[r]itus'.'
727 492 771 527 Post
782 492 829 528 hanc

127 547 217 581 visionem
224 546 255 581 uix
263 547 334 581 duobus
343 546 397 580 annis
408 557 493 590 regnans,
501 547 524 581 ab
532 545 650 590 optimatibus
657 544 710 589 regni
717 544 829 589 repudiatur,

128 606 146 635 et
159 600 183 635 ita
196 599 328 643 derelinquitur
342 606 361 635 vt
375 599 407 635 vix
420 611 462 634 cum
478 611 500 634 eo
515 599 581 643 aliquis
598 604 707 634 remaneret.
730 599 830 642 Sumptus²

128 659 189 686 tamen
202 654 303 686 mediocres
316 663 350 696 per
363 652 455 686 modicum
467 658 540 696 tempus
551 663 587 696 quo
597 652 642 686 vixit
652 651 780 695 maguntinus³
792 653 829 695 epi-

102 719 120 739 ro
128 715 194 749 scopus
203 704 263 738 eidem
272 704 398 739 ministrauit&

297 832 311 868 tl
325 824 358 865 Da
370 841 440 866 sancra
453 824 560 866 Mnssunoi
571 829 664 866 vrncrnal.

172 916 200 949 Ex
215 916 265 950 enim
283 916 355 950 inclitus
374 916 492 951 Ethelbertus
511 916 626 951 sanctissime
644 915 720 959 virginis
740 915 830 959 lllilburge

192 969 272 1003 abauusl
287 969 325 1011 suit,
341 981 396 1013 quem
412 970 541 1012 prothodoctor
556 970 658 1013 Anglorum
674 969 789 1012 Augustinus
807 970 830 1002 ad

129 1021 185 1056 fidem
201 1021 269 1056 Christi
284 1022 378 1056 conuertit.
401 1022 435 1056 Cui
453 1022 541 1057 successit
560 1023 658 1062 Edbaldus,
674 1022 717 1056 fidei
736 1022 794 1055 cultor
813 1027 830 1055 et

129 1074 248 1108 ecclesiarum
263 1075 329 1108 nobilis
345 1080 463 1116 constructor,
478 1076 509 1119 qui
526 1086 549 1109 ex
567 1076 631 1119 regina
646 1086 679 1109 sna
695 1075 766 1115 Emma,
783 1074 830 1117 regis

103 1142 120 1171 ¹5
131 1127 243 1159 Francorum
255 1127 297 1168 filia,
309 1128 371 1169 genuit
383 1127 518 1160 Ermenredum
533 1133 551 1160 et
564 1128 707 1167 Ercombertum,
719 1132 737 1159 et
750 1127 831 1159 Eanswi-

129 1179 171 1212 dam
180 1177 269 1221 virginem
281 1185 368 1212 sanctam.
391 1178 520 1213 Ercombertus
531 1185 592 1213 autem
602 1181 649 1224 patri
660 1180 766 1221 succedens,
778 1189 830 1211 sanc-

128 1237 166 1265 tam
174 1231 294 1276 Sexburgam,
302 1232 357 1266 Anne
365 1232 414 1275 regis
425 1233 480 1267 filiam
491 1239 509 1267 et
520 1238 583 1267 sancte
596 1233 708 1268 Etheldrede
718 1242 829 1276 germanam,

129 1284 180 1318 duxit
191 1284 209 1317 in
217 1294 299 1327 virorem⁷
307 1285 434 1329 genuit[que]⁷
442 1296 466 1320 ex
476 1296 498 1320 ea
506 1285 614 1329 Egbrihtum
624 1291 643 1320 et
654 1285 760 1319 Lotharium
771 1294 829 1327 reges,

130 1338 259 1381 Erkengodam
275 1342 294 1371 et
309 1338 435 1372 Ermenildam
454 1339 531 1383 reginas.
560 1339 658 1383 Egbrihtus
673 1339 721 1382 patri
736 1337 830 1377 successit,

103 1406 121 1426 zo
129 1392 181 1423 cuius
189 1401 241 1422 soror
250 1391 360 1433 Erkengoda
368 1401 446 1434 peregre
454 1393 535 1434 prosecta
542 1397 593 1424 trans
601 1402 652 1424 mare
661 1392 753 1434 religionis
763 1399 830 1429 amore,

129 1442 197 1476 ibidem
207 1443 292 1476 defuncta
303 1448 343 1485 est;
357 1443 463 1477 Ermenilda
474 1444 513 1487 regi
521 1443 631 1478 Merciorum
638 1443 710 1478 Wlsero
719 1442 787 1486 nupsit,
795 1452 830 1484 que

130 1500 212 1530 sanctam
229 1495 352 1539 Werburgam
368 1496 435 1541 genuit.
461 1496 585 1531 Ermenredus
600 1496 663 1541 genuit
678 1496 797 1530 Ethelredum
813 1499 831 1528 et

127 1548 263 1582 'Ethelbrictum
286 1559 309 1581 ex
328 1550 405 1593 coniuge
424 1549 508 1592 Oslauat,
528 1549 558 1593 qui
577 1555 641 1593 postea
660 1549 765 1583 martirizati
783 1553 830 1581 sunt.

131 1601 213 1642 Quatuor
224 1612 296 1644 quoque
308 1601 354 1635 filias
364 1601 438 1645 genuit:
451 1602 585 1646 Dompneuam‚
594 1602 745 1645 Ermenburgam,
753 1601 830 1634 Ermen-

104 1670 111 1690 2
114 1669 122 1699 5
131 1654 205 1696 githam,
211 1653 357 1688 Etheldritham:
369 1665 446 1698 quarum
456 1655 564 1698 Dompneua
572 1656 610 1698 regi
619 1655 719 1690 Merwaldo
725 1654 791 1689 tradita
799 1658 831 1687 est.

131 1706 272 1749 Conregnabant
283 1711 343 1739 autem
355 1708 395 1750 ipse
407 1712 450 1740 natu
462 1708 531 1748 tertius,
543 1713 561 1740 et
573 1708 629 1741 frater
642 1707 681 1741 eius
694 1707 776 1741 Wlserus
787 1711 830 1739 natu

131 1760 235 1794 secundus:
249 1760 322 1794 Fratres
332 1760 381 1794 enim
393 1766 445 1794 erant
455 1760 487 1794 filii
500 1761 561 1795 Pende
574 1761 628 1805 regis,
636 1760 665 1795 cui
676 1765 748 1794 mortuo
759 1769 831 1794 succes·

130 1817 193 1846 serunt
202 1812 254 1856 quasi
262 1811 335 1847 diarche
343 1812 400 1857 regni.
423 1813 493 1855 Quibus
501 1820 553 1849 erant
563 1815 599 1848 duo
606 1813 689 1858 germani
697 1813 763 1848 fratres
772 1812 832 1847 Peada

130 1870 149 1899 et
166 1865 286 1900 Ethelredus:
306 1866 367 1901 Peada
385 1866 525 1902 Mediterraneis
543 1867 609 1912 Anglis
627 1866 703 1913 prefuit3
722 1865 831 1901 Ethelredus

104 1931 175 1963 ¹aovero
194 1930 289 1953 successor
306 1920 339 1953 suit
357 1920 417 1954 fratris
436 1922 464 1954 sui
479 1921 570 1956 Wulferi⁹
585 1922 638 1966 regis.
662 1922 744 1963 Quorum
760 1929 831 1954 sorores

132 1972 239 2015 Kineburga
254 1977 272 2005 et
289 1973 395 2007 Kineswida
410 1974 429 2006 in
445 1974 526 2017 brigensi
542 1975 654 2008 monasterio
670 1974 775 2015 floruerunt,
791 1981 831 2005 cum

131 2025 184 2059 beata
198 2024 257 2058 Tibba
276 2026 412 2069 consanguinea
430 2037 468 2061 sua⁴
497 2027 609 2062 Merwaldus
623 2037 668 2062 vero
683 2037 707 2061 ex
723 2026 831 2070 Dompneua

131 2077 213 2120 predicta
224 2077 286 2121 genuit
297 2077 407 2122 Milburgam
417 2079 513 2123 virginem,
522 2079 637 2123 Mildredam,
645 2084 700 2123 atque
712 2077 831 2123 Mildgitham.

151 2145 308 2177 ¹TEconteritus.
350 2147 463 2186 “Esumptia
504 2149 661 2188 ³T.mauguntinus.

153 2185 287 2217 *CollectinTa

154 2223 252 2261 locundetur
259 2236 275 2260 et
282 2233 342 2262 exultet
349 2233 400 2262 omnis
407 2234 465 2263 chorus
472 2234 542 2269 ecclesie,
552 2235 650 2265 Recurrente
658 2239 674 2264 et
683 2236 751 2264 instante
760 2235 786 2263 die
793 2233 832 2261 lesio

132 2270 199 2299 uictorie
213 2270 248 2306 Quo
261 2271 330 2300 Melorus
343 2272 401 2301 Christi
412 2273 466 2301 martir
478 2278 494 2302 et
508 2273 567 2302 athleta
579 2276 663 2303 certamine
678 2275 754 2302 Mundum
766 2272 804 2301 vicit
817 2275 832 2298 et

132 2311 211 2340 tirannum
218 2310 298 2340 innocenti
305 2312 386 2348 sanguine.
408 2311 426 2343 V
440 2312 472 2342 Ora
478 2323 507 2351 pro
515 2313 565 2343 nobis.

154 2351 202 2386 Deus
216 2356 242 2392 qui
255 2356 301 2384 beato
315 2356 376 2386 Meloro
390 2357 421 2386 tale
434 2367 490 2387 rnunus
504 2358 584 2388 contulisti
598 2359 647 2405 glone
661 2362 678 2388 ut
690 2359 747 2396 regalis
761 2356 832 2403 prosapie

133 2396 225 2433 dignitatem
232 2396 252 2424 ad
259 2396 289 2424 celi
296 2396 388 2426 transferret
395 2397 480 2426 claritatem
489 2407 518 2435 per
527 2399 592 2427 martirii
599 2399 695 2436 passionem,
702 2399 726 2428 iac
733 2408 763 2428 nos
770 2397 793 2426 sic
800 2396 833 2424 eius

132 2435 215 2514 penitense
216 2435 280 2513 hxiycsstpbi
288 2436 355 2473 placere,
363 2441 380 2465 ut
390 2446 424 2466 cum
435 2438 469 2475 ipso
479 2438 495 2466 in
504 2438 542 2468 cclis
551 2448 638 2468 mereamur
645 2439 719 2477 gaudere,
727 2448 760 2476 per.
769 2436 796 2478 (cs.
777 2435 832 2466 csMS

149 2486 157 2505 e

133 2532 135 2534 ·
152 2515 249 2551 ⁵Abr1dged
256 2515 295 2544 from
303 2516 331 2544 the
338 2516 374 2545 Vita
380 2516 432 2554 partly
438 2517 535 2553 preserved
531 2527 546 2545 m
555 2517 588 2547 MS
598 2519 711 2556 Lansd.43612
719 2513 832 2555 72(14cenl-l·

132 2555 165 2585 θΤ
174 2554 241 2590 abauns;
252 2554 347 2585 Etritauus.
390 2554 473 2592 ⁷queom
483 2556 524 2585 inE.
565 2556 668 2588 ³a0s1ana.
708 2554 805 2587 ⁹thteri.
827 2564 828 2568 ¹
