<?xml version="1.0" encoding="UTF-8"?>
<!DOCTYPE html PUBLIC "-//W3C//DTD XHTML 1.0 Transitional//EN"
    "http://www.w3.org/TR/xhtml1/DTD/xhtml1-transitional.dtd">
<html xmlns="http://www.w3.org/1999/xhtml" xml:lang="en" lang="en">
 <head>
  <title>
</title>
<meta http-equiv="Content-Type" content="text/html;charset=utf-8" />
  <meta name='ocr-system' content='tesseract 3.04.00' />
  <meta name='ocr-capabilities' content='ocr_page ocr_carea ocr_par ocr_line ocrx_word'/>
</head>
<body>
  <div class='ocr_page' id='page_1' title='image "./MN5111ucmf_0/MN5111ucmf_0_0628.png"; bbox 0 0 1762 2803; ppageno 0'>
   <div class='ocr_carea' id='block_1_1' title="bbox 121 85 654 148">
    <p class='ocr_par' dir='ltr' id='par_1_1' title="bbox 121 85 654 148">
     <span class='ocr_line' id='line_1_1' title="bbox 121 85 654 148; baseline 0.017 -18"><span class='ocrx_word' id='word_1_1' title='bbox 121 90 123 95; x_wconf 87' lang='lat'>&#39;</span> <span class='ocrx_word' id='word_1_2' title='bbox 144 102 170 131; x_wconf 87' lang='lat'>12</span> <span class='ocrx_word' id='word_1_3' title='bbox 334 88 413 141; x_wconf 52' lang='lat' dir='ltr'>lidum</span> <span class='ocrx_word' id='word_1_4' title='bbox 429 85 545 148; x_wconf 59' lang='lat' dir='ltr'>ibtssssllflfl</span> <span class='ocrx_word' id='word_1_5' title='bbox 561 85 654 148; x_wconf 62' lang='grc' dir='ltr'>ΞῘῙΙΠῙῘΒ.</span> 
     </span>
    </p>
   </div>
   <div class='ocr_carea' id='block_1_2' title="bbox 105 206 853 2425">
    <p class='ocr_par' dir='ltr' id='par_1_2' title="bbox 126 206 848 571">
     <span class='ocr_line' id='line_1_2' title="bbox 142 206 847 252; baseline 0 -11"><span class='ocrx_word' id='word_1_6' title='bbox 142 212 251 251; x_wconf 91' lang='lat' dir='ltr'>perpetuum</span> <span class='ocrx_word' id='word_1_7' title='bbox 259 207 352 243; x_wconf 90' lang='lat' dir='ltr'>dedicaui:</span> <span class='ocrx_word' id='word_1_8' title='bbox 365 213 384 242; x_wconf 91' lang='lat' dir='ltr'>et</span> <span class='ocrx_word' id='word_1_9' title='bbox 394 207 435 242; x_wconf 92' lang='lat' dir='ltr'>ideo</span> <span class='ocrx_word' id='word_1_10' title='bbox 447 217 541 252; x_wconf 89' lang='lat' dir='ltr'>nunquam</span> <span class='ocrx_word' id='word_1_11' title='bbox 548 218 624 251; x_wconf 91' lang='lat' dir='ltr'>possem</span> <span class='ocrx_word' id='word_1_12' title='bbox 632 207 651 241; x_wconf 94' lang='lat' dir='ltr'>in</span> <span class='ocrx_word' id='word_1_13' title='bbox 660 208 754 242; x_wconf 86' lang='lat' dir='ltr'>carnalem</span> <span class='ocrx_word' id='word_1_14' title='bbox 764 206 847 250; x_wconf 90' lang='lat' dir='ltr'>copulam</span> 
     </span>
     <span class='ocr_line' id='line_1_3' title="bbox 142 260 847 305; baseline -0.003 -10"><span class='ocrx_word' id='word_1_15' title='bbox 142 261 253 296; x_wconf 87' lang='lat' dir='ltr'>consentire.</span> <span class='ocrx_word' id='word_1_16' title='bbox 277 261 360 305; x_wconf 89' lang='lat' dir='ltr'>Denique</span> <span class='ocrx_word' id='word_1_17' title='bbox 373 261 400 296; x_wconf 91' lang='lat' dir='ltr'>sic</span> <span class='ocrx_word' id='word_1_18' title='bbox 414 266 482 295; x_wconf 89' lang='lat' dir='ltr'>arctata</span> <span class='ocrx_word' id='word_1_19' title='bbox 495 261 544 305; x_wconf 91' lang='lat' dir='ltr'>quod</span> <span class='ocrx_word' id='word_1_20' title='bbox 557 262 653 305; x_wconf 84' lang='lat' dir='ltr'>oportebat</span> <span class='ocrx_word' id='word_1_21' title='bbox 667 272 697 295; x_wconf 89' lang='lat' dir='ltr'>me</span> <span class='ocrx_word' id='word_1_22' title='bbox 709 261 749 295; x_wconf 92' lang='lat' dir='ltr'>eius</span> <span class='ocrx_word' id='word_1_23' title='bbox 758 260 847 294; x_wconf 86' lang='lat' dir='ltr'>voluntati</span> 
     </span>
     <span class='ocr_line' id='line_1_4' title="bbox 143 313 847 357; baseline -0.001 -10"><span class='ocrx_word' id='word_1_24' title='bbox 143 314 223 354; x_wconf 85' lang='lat' dir='ltr'>obedire,</span> <span class='ocrx_word' id='word_1_25' title='bbox 232 320 262 348; x_wconf 87' lang='lat' dir='ltr'>aut</span> <span class='ocrx_word' id='word_1_26' title='bbox 274 320 324 349; x_wconf 90' lang='lat' dir='ltr'>certe</span> <span class='ocrx_word' id='word_1_27' title='bbox 332 315 405 348; x_wconf 88' lang='lat' dir='ltr'>diuersa</span> <span class='ocrx_word' id='word_1_28' title='bbox 413 314 475 348; x_wconf 91' lang='lat' dir='ltr'>subire</span> <span class='ocrx_word' id='word_1_29' title='bbox 483 313 579 357; x_wconf 88' lang='lat' dir='ltr'>supplicia,</span> <span class='ocrx_word' id='word_1_30' title='bbox 587 315 665 348; x_wconf 89' lang='lat' dir='ltr'>latenter</span> <span class='ocrx_word' id='word_1_31' title='bbox 673 315 734 356; x_wconf 85' lang='lat' dir='ltr'>fugam</span> <span class='ocrx_word' id='word_1_32' title='bbox 742 313 780 352; x_wconf 90' lang='lat' dir='ltr'>inii,</span> <span class='ocrx_word' id='word_1_33' title='bbox 788 313 847 355; x_wconf 84' lang='lat' dir='ltr'>magis</span> 
     </span>
     <span class='ocr_line' id='line_1_5' title="bbox 143 364 847 411; baseline -0.003 -11"><span class='ocrx_word' id='word_1_34' title='bbox 143 366 213 411; x_wconf 82' lang='lat' dir='ltr'>eligens</span> <span class='ocrx_word' id='word_1_35' title='bbox 227 367 303 401; x_wconf 81' lang='lat' dir='ltr'>exulare</span> <span class='ocrx_word' id='word_1_36' title='bbox 314 377 370 411; x_wconf 90' lang='lat' dir='ltr'>quam</span> <span class='ocrx_word' id='word_1_37' title='bbox 382 377 450 410; x_wconf 89' lang='lat' dir='ltr'>sponso</span> <span class='ocrx_word' id='word_1_38' title='bbox 462 377 503 400; x_wconf 88' lang='lat' dir='ltr'>meo</span> <span class='ocrx_word' id='word_1_39' title='bbox 515 366 572 400; x_wconf 89' lang='lat' dir='ltr'>fidem</span> <span class='ocrx_word' id='word_1_40' title='bbox 584 365 688 410; x_wconf 75' lang='lat' dir='ltr'>infringere.</span> <span class='ocrx_word' id='word_1_41' title='bbox 710 364 795 399; x_wconf 87' lang='lat' dir='ltr'>Audiens</span> <span class='ocrx_word' id='word_1_42' title='bbox 803 375 847 399; x_wconf 89' lang='lat' dir='ltr'>vero</span> 
     </span>
     <span class='ocr_line' id='line_1_6' title="bbox 126 418 848 464; baseline -0.004 -9"><span class='ocrx_word' id='word_1_43' title='bbox 126 425 205 460; x_wconf 82' lang='lat' dir='ltr'>5vestre</span> <span class='ocrx_word' id='word_1_44' title='bbox 220 420 321 455; x_wconf 85' lang='lat' dir='ltr'>sanctitatis</span> <span class='ocrx_word' id='word_1_45' title='bbox 336 420 449 464; x_wconf 84' lang='lat' dir='ltr'>preconium,</span> <span class='ocrx_word' id='word_1_46' title='bbox 462 421 496 454; x_wconf 94' lang='lat' dir='ltr'>sub</span> <span class='ocrx_word' id='word_1_47' title='bbox 509 420 548 453; x_wconf 82' lang='lat' dir='ltr'>alas</span> <span class='ocrx_word' id='word_1_48' title='bbox 561 424 622 454; x_wconf 87' lang='lat' dir='ltr'>vestre</span> <span class='ocrx_word' id='word_1_49' title='bbox 638 419 757 463; x_wconf 90' lang='lat' dir='ltr'>protectionis</span> <span class='ocrx_word' id='word_1_50' title='bbox 769 418 848 463; x_wconf 78' lang='lat' dir='ltr'>coniugi,</span> 
     </span>
     <span class='ocr_line' id='line_1_7' title="bbox 144 468 848 518; baseline -0.001 -11"><span class='ocrx_word' id='word_1_51' title='bbox 144 468 226 517; x_wconf 86' lang='lat' dir='ltr'>sperans¹</span> <span class='ocrx_word' id='word_1_52' title='bbox 231 485 261 508; x_wconf 91' lang='lat' dir='ltr'>me</span> <span class='ocrx_word' id='word_1_53' title='bbox 272 475 321 518; x_wconf 91' lang='lat' dir='ltr'>apud</span> <span class='ocrx_word' id='word_1_54' title='bbox 328 485 362 507; x_wconf 92' lang='lat' dir='ltr'>vos</span> <span class='ocrx_word' id='word_1_55' title='bbox 374 474 433 507; x_wconf 92' lang='lat' dir='ltr'>locum</span> <span class='ocrx_word' id='word_1_56' title='bbox 444 473 526 518; x_wconf 89' lang='lat' dir='ltr'>reperire</span> <span class='ocrx_word' id='word_1_57' title='bbox 534 472 606 516; x_wconf 90' lang='lat' dir='ltr'>quietis,</span> <span class='ocrx_word' id='word_1_58' title='bbox 614 473 645 507; x_wconf 96' lang='lat' dir='ltr'>vbi</span> <span class='ocrx_word' id='word_1_59' title='bbox 653 473 724 517; x_wconf 88' lang='lat' dir='ltr'>possim</span> <span class='ocrx_word' id='word_1_60' title='bbox 736 472 848 516; x_wconf 87' lang='lat' dir='ltr'>contempla·</span> 
     </span>
     <span class='ocr_line' id='line_1_8' title="bbox 144 525 848 571; baseline -0.001 -11"><span class='ocrx_word' id='word_1_61' title='bbox 144 525 200 560; x_wconf 91' lang='lat' dir='ltr'>tionis</span> <span class='ocrx_word' id='word_1_62' title='bbox 212 537 288 571; x_wconf 92' lang='lat' dir='ltr'>carpere</span> <span class='ocrx_word' id='word_1_63' title='bbox 300 531 370 561; x_wconf 87' lang='lat' dir='ltr'>secreta</span> <span class='ocrx_word' id='word_1_64' title='bbox 382 526 455 561; x_wconf 90' lang='lat' dir='ltr'>silentia</span> <span class='ocrx_word' id='word_1_65' title='bbox 466 526 595 570; x_wconf 88' lang='lat' dir='ltr'>presentisque</span> <span class='ocrx_word' id='word_1_66' title='bbox 606 526 643 560; x_wconf 90' lang='lat' dir='ltr'>vite</span> <span class='ocrx_word' id='word_1_67' title='bbox 654 526 712 560; x_wconf 90' lang='lat' dir='ltr'>vitare</span> <span class='ocrx_word' id='word_1_68' title='bbox 724 526 819 569; x_wconf 81' lang='lat' dir='ltr'>naufragia</span> <span class='ocrx_word' id='word_1_69' title='bbox 830 531 848 559; x_wconf 93' lang='lat' dir='ltr'>et</span> 
     </span>
    </p>

    <p class='ocr_par' dir='ltr' id='par_1_3' title="bbox 105 577 849 941">
     <span class='ocr_line' id='line_1_9' title="bbox 105 577 848 623; baseline -0.004 -9"><span class='ocrx_word' id='word_1_70' title='bbox 105 611 107 614; x_wconf 94' lang='lat'>.</span> <span class='ocrx_word' id='word_1_71' title='bbox 144 579 292 623; x_wconf 82' lang='lat' dir='ltr'>perturbationes</span> <span class='ocrx_word' id='word_1_72' title='bbox 306 580 370 613; x_wconf 91' lang='lat' dir='ltr'>mundi</span> <span class='ocrx_word' id='word_1_73' title='bbox 383 580 447 623; x_wconf 88' lang='lat' dir='ltr'>fugere</span> <span class='ocrx_word' id='word_1_74' title='bbox 461 579 605 623; x_wconf 67' lang='lat' dir='ltr'>perstrepentis!</span> <span class='ocrx_word' id='word_1_75' title='bbox 628 579 729 613; x_wconf 81' lang='lat' dir='ltr'>Admirans</span> <span class='ocrx_word' id='word_1_76' title='bbox 742 578 761 612; x_wconf 92' lang='lat' dir='ltr'>in</span> <span class='ocrx_word' id='word_1_77' title='bbox 774 589 796 612; x_wconf 87' lang='lat' dir='ltr'>ea</span> <span class='ocrx_word' id='word_1_78' title='bbox 809 577 848 622; x_wconf 90' lang='lat' dir='ltr'>epi-</span> 
     </span>
     <span class='ocr_line' id='line_1_10' title="bbox 145 631 848 675; baseline -0.003 -10"><span class='ocrx_word' id='word_1_79' title='bbox 145 642 212 674; x_wconf 89' lang='lat' dir='ltr'>scopus</span> <span class='ocrx_word' id='word_1_80' title='bbox 221 632 333 666; x_wconf 85' lang='lat' dir='ltr'>nobilitatem</span> <span class='ocrx_word' id='word_1_81' title='bbox 341 632 419 674; x_wconf 86' lang='lat' dir='ltr'>generis,</span> <span class='ocrx_word' id='word_1_82' title='bbox 428 632 583 675; x_wconf 88' lang='lat' dir='ltr'>pulchritudinem</span> <span class='ocrx_word' id='word_1_83' title='bbox 595 632 682 674; x_wconf 90' lang='lat' dir='ltr'>corporis,</span> <span class='ocrx_word' id='word_1_84' title='bbox 691 637 728 666; x_wconf 92' lang='lat' dir='ltr'>tam</span> <span class='ocrx_word' id='word_1_85' title='bbox 736 631 848 664; x_wconf 91' lang='lat' dir='ltr'>immensum</span> 
     </span>
     <span class='ocr_line' id='line_1_11' title="bbox 119 680 848 728; baseline -0.003 -10"><span class='ocrx_word' id='word_1_86' title='bbox 119 696 137 717; x_wconf 88' lang='grc' dir='ltr'>ιο</span> <span class='ocrx_word' id='word_1_87' title='bbox 145 680 243 726; x_wconf 85' lang='lat' dir='ltr'>feruorem,</span> <span class='ocrx_word' id='word_1_88' title='bbox 249 689 267 718; x_wconf 91' lang='lat' dir='ltr'>et</span> <span class='ocrx_word' id='word_1_89' title='bbox 274 690 324 718; x_wconf 88' lang='lat' dir='ltr'>tante</span> <span class='ocrx_word' id='word_1_90' title='bbox 332 684 435 728; x_wconf 88' lang='lat' dir='ltr'>eloquentie</span> <span class='ocrx_word' id='word_1_91' title='bbox 442 690 564 727; x_wconf 84' lang='lat' dir='ltr'>venustatem,</span> <span class='ocrx_word' id='word_1_92' title='bbox 572 684 643 728; x_wconf 89' lang='lat' dir='ltr'>placida</span> <span class='ocrx_word' id='word_1_93' title='bbox 652 689 670 717; x_wconf 92' lang='lat' dir='ltr'>et</span> <span class='ocrx_word' id='word_1_94' title='bbox 678 684 758 728; x_wconf 85' lang='lat' dir='ltr'>benigna</span> <span class='ocrx_word' id='word_1_95' title='bbox 766 694 811 716; x_wconf 91' lang='lat' dir='ltr'>voce</span> <span class='ocrx_word' id='word_1_96' title='bbox 819 694 848 716; x_wconf 92' lang='lat' dir='ltr'>re-</span> 
     </span>
     <span class='ocr_line' id='line_1_12' title="bbox 145 736 848 782; baseline 0 -12"><span class='ocrx_word' id='word_1_97' title='bbox 145 737 230 782; x_wconf 81' lang='lat' dir='ltr'>spondit:</span> <span class='ocrx_word' id='word_1_98' title='bbox 244 738 298 771; x_wconf 88' lang='lat' dir='ltr'>‘Esto</span> <span class='ocrx_word' id='word_1_99' title='bbox 306 748 376 779; x_wconf 89' lang='lat' dir='ltr'>secura,</span> <span class='ocrx_word' id='word_1_100' title='bbox 384 738 426 779; x_wconf 90' lang='lat' dir='ltr'>filia,</span> <span class='ocrx_word' id='word_1_101' title='bbox 435 749 459 772; x_wconf 92' lang='lat' dir='ltr'>ne</span> <span class='ocrx_word' id='word_1_102' title='bbox 467 738 566 772; x_wconf 84' lang='lat' dir='ltr'>sonnides:</span> <span class='ocrx_word' id='word_1_103' title='bbox 579 738 621 781; x_wconf 90' lang='lat' dir='ltr'>quia</span> <span class='ocrx_word' id='word_1_104' title='bbox 631 737 662 772; x_wconf 92' lang='lat' dir='ltr'>ille</span> <span class='ocrx_word' id='word_1_105' title='bbox 673 739 696 771; x_wconf 90' lang='lat' dir='ltr'>ob</span> <span class='ocrx_word' id='word_1_106' title='bbox 704 736 755 771; x_wconf 91' lang='lat' dir='ltr'>cuius</span> <span class='ocrx_word' id='word_1_107' title='bbox 766 746 848 770; x_wconf 88' lang='lat' dir='ltr'>amorem</span> 
     </span>
     <span class='ocr_line' id='line_1_13' title="bbox 145 788 848 836; baseline -0.003 -12"><span class='ocrx_word' id='word_1_108' title='bbox 145 796 163 824; x_wconf 91' lang='lat' dir='ltr'>te</span> <span class='ocrx_word' id='word_1_109' title='bbox 172 795 190 825; x_wconf 89' lang='lat' dir='ltr'>et</span> <span class='ocrx_word' id='word_1_110' title='bbox 198 795 238 824; x_wconf 90' lang='lat' dir='ltr'>tuos</span> <span class='ocrx_word' id='word_1_111' title='bbox 247 796 265 825; x_wconf 90' lang='lat' dir='ltr'>et</span> <span class='ocrx_word' id='word_1_112' title='bbox 273 796 304 824; x_wconf 91' lang='lat' dir='ltr'>tua</span> <span class='ocrx_word' id='word_1_113' title='bbox 311 796 349 824; x_wconf 89' lang='lat' dir='ltr'>tam</span> <span class='ocrx_word' id='word_1_114' title='bbox 356 790 433 824; x_wconf 90' lang='lat' dir='ltr'>viriliter</span> <span class='ocrx_word' id='word_1_115' title='bbox 440 791 573 836; x_wconf 85' lang='lat' dir='ltr'>contempsisti,</span> <span class='ocrx_word' id='word_1_116' title='bbox 582 791 615 824; x_wconf 92' lang='lat' dir='ltr'>tibi</span> <span class='ocrx_word' id='word_1_117' title='bbox 626 791 649 824; x_wconf 92' lang='lat' dir='ltr'>ob</span> <span class='ocrx_word' id='word_1_118' title='bbox 660 791 694 824; x_wconf 92' lang='lat' dir='ltr'>hoc</span> <span class='ocrx_word' id='word_1_119' title='bbox 706 795 724 824; x_wconf 93' lang='lat' dir='ltr'>et</span> <span class='ocrx_word' id='word_1_120' title='bbox 736 789 754 823; x_wconf 91' lang='lat' dir='ltr'>in</span> <span class='ocrx_word' id='word_1_121' title='bbox 766 788 848 833; x_wconf 87' lang='lat' dir='ltr'>presenti</span> 
     </span>
     <span class='ocr_line' id='line_1_14' title="bbox 146 843 849 889; baseline -0.003 -11"><span class='ocrx_word' id='word_1_122' title='bbox 146 844 239 878; x_wconf 89' lang='lat' dir='ltr'>cumulum</span> <span class='ocrx_word' id='word_1_123' title='bbox 245 844 303 888; x_wconf 85' lang='lat' dir='ltr'>gratie</span> <span class='ocrx_word' id='word_1_124' title='bbox 311 848 329 878; x_wconf 93' lang='lat' dir='ltr'>et</span> <span class='ocrx_word' id='word_1_125' title='bbox 336 843 355 877; x_wconf 93' lang='lat' dir='ltr'>in</span> <span class='ocrx_word' id='word_1_126' title='bbox 362 844 422 878; x_wconf 89' lang='lat' dir='ltr'>futuro</span> <span class='ocrx_word' id='word_1_127' title='bbox 428 844 562 888; x_wconf 90' lang='lat' dir='ltr'>plenitudinem</span> <span class='ocrx_word' id='word_1_128' title='bbox 568 844 625 888; x_wconf 85' lang='lat' dir='ltr'>glorie</span> <span class='ocrx_word' id='word_1_129' title='bbox 632 843 723 889; x_wconf 83' lang='lat' dir='ltr'>largietur.</span> <span class='ocrx_word' id='word_1_130' title='bbox 744 843 782 877; x_wconf 90' lang='lat' dir='ltr'>Sed</span> <span class='ocrx_word' id='word_1_131' title='bbox 789 847 807 876; x_wconf 90' lang='lat' dir='ltr'>et</span> <span class='ocrx_word' id='word_1_132' title='bbox 815 853 849 886; x_wconf 87' lang='lat' dir='ltr'>ego</span> 
     </span>
     <span class='ocr_line' id='line_1_15' title="bbox 146 896 849 941; baseline -0.001 -11"><span class='ocrx_word' id='word_1_133' title='bbox 146 907 212 931; x_wconf 89' lang='lat' dir='ltr'>seruus</span> <span class='ocrx_word' id='word_1_134' title='bbox 220 897 260 930; x_wconf 93' lang='lat' dir='ltr'>eius</span> <span class='ocrx_word' id='word_1_135' title='bbox 268 908 298 931; x_wconf 86' lang='lat' dir='ltr'>me</span> <span class='ocrx_word' id='word_1_136' title='bbox 304 903 322 931; x_wconf 91' lang='lat' dir='ltr'>et</span> <span class='ocrx_word' id='word_1_137' title='bbox 328 907 369 931; x_wconf 87' lang='lat' dir='ltr'>mea</span> <span class='ocrx_word' id='word_1_138' title='bbox 376 897 409 930; x_wconf 89' lang='lat' dir='ltr'>tibi</span> <span class='ocrx_word' id='word_1_139' title='bbox 415 898 472 931; x_wconf 85' lang='lat' dir='ltr'>offero</span> <span class='ocrx_word' id='word_1_140' title='bbox 480 910 484 932; x_wconf 90' lang='lat'>:</span> <span class='ocrx_word' id='word_1_141' title='bbox 493 898 550 941; x_wconf 85' lang='lat' dir='ltr'>eligas</span> <span class='ocrx_word' id='word_1_142' title='bbox 555 898 585 931; x_wconf 94' lang='lat' dir='ltr'>vbi</span> <span class='ocrx_word' id='word_1_143' title='bbox 591 898 623 931; x_wconf 91' lang='lat' dir='ltr'>tibi</span> <span class='ocrx_word' id='word_1_144' title='bbox 631 897 720 941; x_wconf 86' lang='lat' dir='ltr'>placuerit</span> <span class='ocrx_word' id='word_1_145' title='bbox 728 896 849 930; x_wconf 90' lang='lat' dir='ltr'>mansionem.</span> 
     </span>
    </p>

    <p class='ocr_par' dir='ltr' id='par_1_4' title="bbox 120 948 853 2160">
     <span class='ocr_line' id='line_1_16' title="bbox 121 948 849 994; baseline -0.001 -11"><span class='ocrx_word' id='word_1_146' title='bbox 121 957 138 987; x_wconf 87' lang='lat'>15</span> <span class='ocrx_word' id='word_1_147' title='bbox 146 948 193 983; x_wconf 88' lang='lat' dir='ltr'>Volo</span> <span class='ocrx_word' id='word_1_148' title='bbox 201 954 262 983; x_wconf 89' lang='lat' dir='ltr'>autem</span> <span class='ocrx_word' id='word_1_149' title='bbox 270 954 290 984; x_wconf 89' lang='lat' dir='ltr'>vt</span> <span class='ocrx_word' id='word_1_150' title='bbox 301 948 356 983; x_wconf 87' lang='lat' dir='ltr'>hodie</span> <span class='ocrx_word' id='word_1_151' title='bbox 368 959 440 983; x_wconf 90' lang='lat' dir='ltr'>mecum</span> <span class='ocrx_word' id='word_1_152' title='bbox 450 951 542 994; x_wconf 88' lang='lat' dir='ltr'>prandere</span> <span class='ocrx_word' id='word_1_153' title='bbox 550 951 629 984; x_wconf 76' lang='lat' dir='ltr'>debeas.¹</span> <span class='ocrx_word' id='word_1_154' title='bbox 653 949 710 992; x_wconf 86' lang='lat' dir='ltr'>‘Noli,</span> <span class='ocrx_word' id='word_1_155' title='bbox 719 948 782 992; x_wconf 87' lang='lat' dir='ltr'>inquit,</span> <span class='ocrx_word' id='word_1_156' title='bbox 791 953 849 992; x_wconf 90' lang='lat' dir='ltr'>pater,</span> 
     </span>
     <span class='ocr_line' id='line_1_17' title="bbox 146 1000 849 1046; baseline -0.001 -11"><span class='ocrx_word' id='word_1_157' title='bbox 146 1001 184 1035; x_wconf 89' lang='lat' dir='ltr'>noli</span> <span class='ocrx_word' id='word_1_158' title='bbox 191 1002 215 1034; x_wconf 93' lang='lat' dir='ltr'>de</span> <span class='ocrx_word' id='word_1_159' title='bbox 223 1002 256 1035; x_wconf 86' lang='lat' dir='ltr'>hac</span> <span class='ocrx_word' id='word_1_160' title='bbox 265 1014 285 1035; x_wconf 92' lang='lat' dir='ltr'>re</span> <span class='ocrx_word' id='word_1_161' title='bbox 293 1014 323 1036; x_wconf 91' lang='lat' dir='ltr'>me</span> <span class='ocrx_word' id='word_1_162' title='bbox 332 1013 408 1046; x_wconf 87' lang='lat' dir='ltr'>rogare:</span> <span class='ocrx_word' id='word_1_163' title='bbox 421 1014 445 1036; x_wconf 87' lang='lat' dir='ltr'>ne</span> <span class='ocrx_word' id='word_1_164' title='bbox 456 1002 502 1036; x_wconf 87' lang='lat' dir='ltr'>sorte</span> <span class='ocrx_word' id='word_1_165' title='bbox 515 1014 539 1037; x_wconf 89' lang='lat' dir='ltr'>ex</span> <span class='ocrx_word' id='word_1_166' title='bbox 551 1002 585 1036; x_wconf 92' lang='lat' dir='ltr'>hoc</span> <span class='ocrx_word' id='word_1_167' title='bbox 596 1002 657 1046; x_wconf 88' lang='lat' dir='ltr'>aliqua</span> <span class='ocrx_word' id='word_1_168' title='bbox 669 1002 711 1036; x_wconf 92' lang='lat' dir='ltr'>mali</span> <span class='ocrx_word' id='word_1_169' title='bbox 719 1000 799 1045; x_wconf 89' lang='lat' dir='ltr'>suspicio</span> <span class='ocrx_word' id='word_1_170' title='bbox 807 1013 849 1045; x_wconf 92' lang='lat' dir='ltr'>pro·</span> 
     </span>
     <span class='ocr_line' id='line_1_18' title="bbox 146 1054 849 1099; baseline -0.001 -11"><span class='ocrx_word' id='word_1_171' title='bbox 146 1055 217 1088; x_wconf 90' lang='lat' dir='ltr'>ueniret</span> <span class='ocrx_word' id='word_1_172' title='bbox 229 1061 247 1088; x_wconf 89' lang='lat' dir='ltr'>et</span> <span class='ocrx_word' id='word_1_173' title='bbox 258 1055 307 1088; x_wconf 90' lang='lat' dir='ltr'>nitor</span> <span class='ocrx_word' id='word_1_174' title='bbox 318 1055 366 1089; x_wconf 87' lang='lat' dir='ltr'>fame</span> <span class='ocrx_word' id='word_1_175' title='bbox 373 1061 435 1089; x_wconf 89' lang='lat' dir='ltr'>vestre</span> <span class='ocrx_word' id='word_1_176' title='bbox 446 1055 591 1099; x_wconf 85' lang='lat' dir='ltr'>denigrationem</span> <span class='ocrx_word' id='word_1_177' title='bbox 603 1056 681 1099; x_wconf 86' lang='lat' dir='ltr'>aliquam</span> <span class='ocrx_word' id='word_1_178' title='bbox 689 1056 792 1098; x_wconf 64' lang='lat' dir='ltr'>pateretur?</span> <span class='ocrx_word' id='word_1_179' title='bbox 816 1054 849 1088; x_wconf 88' lang='lat' dir='ltr'>Cui</span> 
     </span>
     <span class='ocr_line' id='line_1_19' title="bbox 146 1107 849 1152; baseline 0.001 -11"><span class='ocrx_word' id='word_1_180' title='bbox 146 1108 255 1152; x_wconf 88' lang='lat' dir='ltr'>episcopus:</span> <span class='ocrx_word' id='word_1_181' title='bbox 269 1108 344 1142; x_wconf 90' lang='lat' dir='ltr'>‘Plures</span> <span class='ocrx_word' id='word_1_182' title='bbox 356 1107 424 1142; x_wconf 91' lang='lat' dir='ltr'>erimus</span> <span class='ocrx_word' id='word_1_183' title='bbox 439 1114 457 1142; x_wconf 91' lang='lat' dir='ltr'>et</span> <span class='ocrx_word' id='word_1_184' title='bbox 470 1119 506 1142; x_wconf 90' lang='lat' dir='ltr'>non</span> <span class='ocrx_word' id='word_1_185' title='bbox 519 1108 565 1143; x_wconf 85' lang='lat' dir='ltr'>soli:</span> <span class='ocrx_word' id='word_1_186' title='bbox 578 1114 596 1142; x_wconf 92' lang='lat' dir='ltr'>et</span> <span class='ocrx_word' id='word_1_187' title='bbox 609 1108 652 1143; x_wconf 90' lang='lat' dir='ltr'>ideo</span> <span class='ocrx_word' id='word_1_188' title='bbox 665 1109 735 1143; x_wconf 91' lang='lat' dir='ltr'>nullum</span> <span class='ocrx_word' id='word_1_189' title='bbox 749 1107 797 1142; x_wconf 90' lang='lat' dir='ltr'>male</span> <span class='ocrx_word' id='word_1_190' title='bbox 810 1118 849 1142; x_wconf 94' lang='lat' dir='ltr'>sus·</span> 
     </span>
     <span class='ocr_line' id='line_1_20' title="bbox 146 1160 850 1205; baseline 0 -11"><span class='ocrx_word' id='word_1_191' title='bbox 146 1160 223 1204; x_wconf 91' lang='lat' dir='ltr'>picionis</span> <span class='ocrx_word' id='word_1_192' title='bbox 240 1162 346 1204; x_wconf 91' lang='lat' dir='ltr'>scrupulum</span> <span class='ocrx_word' id='word_1_193' title='bbox 361 1160 380 1194; x_wconf 92' lang='lat' dir='ltr'>in</span> <span class='ocrx_word' id='word_1_194' title='bbox 392 1161 453 1204; x_wconf 89' lang='lat' dir='ltr'>aliquo</span> <span class='ocrx_word' id='word_1_195' title='bbox 470 1160 537 1205; x_wconf 90' lang='lat' dir='ltr'>poterit</span> <span class='ocrx_word' id='word_1_196' title='bbox 553 1163 648 1205; x_wconf 69' lang='lat' dir='ltr'>generari!</span> <span class='ocrx_word' id='word_1_197' title='bbox 670 1161 773 1195; x_wconf 89' lang='lat' dir='ltr'>Venientes</span> <span class='ocrx_word' id='word_1_198' title='bbox 788 1160 850 1204; x_wconf 89' lang='lat' dir='ltr'>itaque</span> 
     </span>
     <span class='ocr_line' id='line_1_21' title="bbox 120 1213 850 1258; baseline 0.003 -14"><span class='ocrx_word' id='word_1_199' title='bbox 120 1223 139 1243; x_wconf 66' lang='grc' dir='ltr'>ιο</span> <span class='ocrx_word' id='word_1_200' title='bbox 146 1213 245 1257; x_wconf 89' lang='lat' dir='ltr'>episcopus</span> <span class='ocrx_word' id='word_1_201' title='bbox 253 1219 271 1247; x_wconf 87' lang='lat' dir='ltr'>et</span> <span class='ocrx_word' id='word_1_202' title='bbox 278 1214 309 1247; x_wconf 88' lang='lat' dir='ltr'>illa</span> <span class='ocrx_word' id='word_1_203' title='bbox 316 1213 350 1247; x_wconf 83' lang='lat' dir='ltr'>ad¹</span> <span class='ocrx_word' id='word_1_204' title='bbox 359 1224 449 1255; x_wconf 86' lang='lat' dir='ltr'>mensam,</span> <span class='ocrx_word' id='word_1_205' title='bbox 458 1225 482 1247; x_wconf 90' lang='lat' dir='ltr'>ex</span> <span class='ocrx_word' id='word_1_206' title='bbox 493 1214 577 1258; x_wconf 89' lang='lat' dir='ltr'>opposito</span> <span class='ocrx_word' id='word_1_207' title='bbox 589 1215 718 1255; x_wconf 88' lang='lat' dir='ltr'>consederunt,</span> <span class='ocrx_word' id='word_1_208' title='bbox 727 1213 850 1247; x_wconf 88' lang='lat' dir='ltr'>ceterisresi-</span> 
     </span>
     <span class='ocr_line' id='line_1_22' title="bbox 147 1266 851 1311; baseline -0.001 -11"><span class='ocrx_word' id='word_1_209' title='bbox 147 1266 232 1301; x_wconf 91' lang='lat' dir='ltr'>dentibus</span> <span class='ocrx_word' id='word_1_210' title='bbox 244 1266 286 1300; x_wconf 93' lang='lat' dir='ltr'>hinc</span> <span class='ocrx_word' id='word_1_211' title='bbox 298 1272 317 1301; x_wconf 93' lang='lat' dir='ltr'>et</span> <span class='ocrx_word' id='word_1_212' title='bbox 327 1266 375 1300; x_wconf 91' lang='lat' dir='ltr'>inde.</span> <span class='ocrx_word' id='word_1_213' title='bbox 399 1266 481 1301; x_wconf 91' lang='lat' dir='ltr'>Intendit</span> <span class='ocrx_word' id='word_1_214' title='bbox 494 1267 513 1301; x_wconf 91' lang='lat' dir='ltr'>in</span> <span class='ocrx_word' id='word_1_215' title='bbox 526 1278 566 1300; x_wconf 88' lang='lat' dir='ltr'>earn</span> <span class='ocrx_word' id='word_1_216' title='bbox 580 1268 645 1301; x_wconf 89' lang='lat' dir='ltr'>crebro</span> <span class='ocrx_word' id='word_1_217' title='bbox 656 1267 761 1311; x_wconf 89' lang='lat' dir='ltr'>episcopus,</span> <span class='ocrx_word' id='word_1_218' title='bbox 774 1266 851 1309; x_wconf 90' lang='lat' dir='ltr'>eiusque</span> 
     </span>
     <span class='ocr_line' id='line_1_23' title="bbox 147 1319 851 1364; baseline 0 -11"><span class='ocrx_word' id='word_1_219' title='bbox 147 1319 212 1354; x_wconf 87' lang='lat' dir='ltr'>faciem</span> <span class='ocrx_word' id='word_1_220' title='bbox 220 1331 257 1353; x_wconf 89' lang='lat' dir='ltr'>non</span> <span class='ocrx_word' id='word_1_221' title='bbox 266 1319 332 1354; x_wconf 89' lang='lat' dir='ltr'>desinit</span> <span class='ocrx_word' id='word_1_222' title='bbox 340 1319 406 1353; x_wconf 87' lang='lat' dir='ltr'>intueri</span> <span class='ocrx_word' id='word_1_223' title='bbox 416 1325 434 1354; x_wconf 93' lang='lat' dir='ltr'>et</span> <span class='ocrx_word' id='word_1_224' title='bbox 445 1320 601 1364; x_wconf 90' lang='lat' dir='ltr'>pulchritudinem</span> <span class='ocrx_word' id='word_1_225' title='bbox 612 1320 703 1354; x_wconf 88' lang='lat' dir='ltr'>admirari.</span> <span class='ocrx_word' id='word_1_226' title='bbox 727 1319 794 1363; x_wconf 90' lang='lat' dir='ltr'>Sicque</span> <span class='ocrx_word' id='word_1_227' title='bbox 806 1320 851 1353; x_wconf 93' lang='lat' dir='ltr'>dum</span> 
     </span>
     <span class='ocr_line' id='line_1_24' title="bbox 148 1372 851 1417; baseline -0.001 -10"><span class='ocrx_word' id='word_1_228' title='bbox 148 1373 211 1407; x_wconf 90' lang='lat' dir='ltr'>oculus</span> <span class='ocrx_word' id='word_1_229' title='bbox 224 1372 290 1417; x_wconf 82' lang='lat' dir='ltr'>figitur,</span> <span class='ocrx_word' id='word_1_230' title='bbox 301 1372 373 1407; x_wconf 91' lang='lat' dir='ltr'>animus</span> <span class='ocrx_word' id='word_1_231' title='bbox 387 1373 483 1416; x_wconf 88' lang='lat' dir='ltr'>sauciatur,</span> <span class='ocrx_word' id='word_1_232' title='bbox 496 1379 514 1408; x_wconf 91' lang='lat' dir='ltr'>et</span> <span class='ocrx_word' id='word_1_233' title='bbox 529 1374 573 1407; x_wconf 94' lang='lat' dir='ltr'>dum</span> <span class='ocrx_word' id='word_1_234' title='bbox 588 1373 653 1407; x_wconf 87' lang='lat' dir='ltr'>saciem</span> <span class='ocrx_word' id='word_1_235' title='bbox 669 1373 709 1408; x_wconf 94' lang='lat' dir='ltr'>eius</span> <span class='ocrx_word' id='word_1_236' title='bbox 722 1372 783 1407; x_wconf 89' lang='lat' dir='ltr'>rninus</span> <span class='ocrx_word' id='word_1_237' title='bbox 799 1377 851 1406; x_wconf 89' lang='lat' dir='ltr'>caute</span> 
     </span>
     <span class='ocr_line' id='line_1_25' title="bbox 148 1425 851 1470; baseline -0.001 -10"><span class='ocrx_word' id='word_1_238' title='bbox 148 1426 233 1468; x_wconf 89' lang='lat' dir='ltr'>intuetur,</span> <span class='ocrx_word' id='word_1_239' title='bbox 241 1426 327 1469; x_wconf 90' lang='lat' dir='ltr'>antiquus</span> <span class='ocrx_word' id='word_1_240' title='bbox 338 1426 396 1460; x_wconf 92' lang='lat' dir='ltr'>hostis</span> <span class='ocrx_word' id='word_1_241' title='bbox 406 1437 437 1460; x_wconf 91' lang='lat' dir='ltr'>cor</span> <span class='ocrx_word' id='word_1_242' title='bbox 445 1427 485 1461; x_wconf 92' lang='lat' dir='ltr'>eius</span> <span class='ocrx_word' id='word_1_243' title='bbox 494 1426 546 1470; x_wconf 85' lang='lat' dir='ltr'>graui</span> <span class='ocrx_word' id='word_1_244' title='bbox 555 1426 614 1460; x_wconf 88' lang='lat' dir='ltr'>iaculo</span> <span class='ocrx_word' id='word_1_245' title='bbox 621 1427 728 1461; x_wconf 92' lang='lat' dir='ltr'>vulnerauit.</span> <span class='ocrx_word' id='word_1_246' title='bbox 751 1425 851 1469; x_wconf 91' lang='lat' dir='ltr'>Perpendit</span> 
     </span>
     <span class='ocr_line' id='line_1_26' title="bbox 121 1478 851 1523; baseline -0.003 -10"><span class='ocrx_word' id='word_1_247' title='bbox 121 1489 139 1517; x_wconf 86' lang='lat'>25</span> <span class='ocrx_word' id='word_1_248' title='bbox 149 1480 198 1513; x_wconf 86' lang='lat' dir='ltr'>enim</span> <span class='ocrx_word' id='word_1_249' title='bbox 206 1479 240 1512; x_wconf 91' lang='lat' dir='ltr'>hoc</span> <span class='ocrx_word' id='word_1_250' title='bbox 248 1478 288 1522; x_wconf 90' lang='lat' dir='ltr'>ipse</span> <span class='ocrx_word' id='word_1_251' title='bbox 297 1479 380 1512; x_wconf 89' lang='lat' dir='ltr'>diabolus</span> <span class='ocrx_word' id='word_1_252' title='bbox 387 1485 406 1512; x_wconf 92' lang='lat' dir='ltr'>et</span> <span class='ocrx_word' id='word_1_253' title='bbox 414 1480 568 1523; x_wconf 90' lang='lat' dir='ltr'>pulchritudinem</span> <span class='ocrx_word' id='word_1_254' title='bbox 578 1490 630 1513; x_wconf 88' lang='lat' dir='ltr'>suam</span> <span class='ocrx_word' id='word_1_255' title='bbox 642 1480 690 1523; x_wconf 89' lang='lat' dir='ltr'>cepit</span> <span class='ocrx_word' id='word_1_256' title='bbox 698 1479 756 1522; x_wconf 85' lang='lat' dir='ltr'>magis</span> <span class='ocrx_word' id='word_1_257' title='bbox 764 1489 785 1512; x_wconf 92' lang='lat' dir='ltr'>ac</span> <span class='ocrx_word' id='word_1_258' title='bbox 793 1479 851 1521; x_wconf 84' lang='lat' dir='ltr'>magis</span> 
     </span>
     <span class='ocr_line' id='line_1_27' title="bbox 148 1531 851 1575; baseline -0.001 -10"><span class='ocrx_word' id='word_1_259' title='bbox 148 1542 222 1575; x_wconf 85' lang='lat' dir='ltr'>augere.</span> <span class='ocrx_word' id='word_1_260' title='bbox 246 1531 322 1574; x_wconf 91' lang='lat' dir='ltr'>lamque</span> <span class='ocrx_word' id='word_1_261' title='bbox 330 1531 428 1575; x_wconf 90' lang='lat' dir='ltr'>episcopus</span> <span class='ocrx_word' id='word_1_262' title='bbox 434 1532 530 1575; x_wconf 89' lang='lat' dir='ltr'>proximus</span> <span class='ocrx_word' id='word_1_263' title='bbox 538 1538 576 1566; x_wconf 91' lang='lat' dir='ltr'>erat</span> <span class='ocrx_word' id='word_1_264' title='bbox 585 1534 682 1566; x_wconf 92' lang='lat' dir='ltr'>consensui</span> <span class='ocrx_word' id='word_1_265' title='bbox 687 1538 706 1567; x_wconf 92' lang='lat' dir='ltr'>vt</span> <span class='ocrx_word' id='word_1_266' title='bbox 712 1543 753 1567; x_wconf 83' lang='lat' dir='ltr'>eam</span> <span class='ocrx_word' id='word_1_267' title='bbox 759 1532 782 1565; x_wconf 90' lang='lat' dir='ltr'>de</span> <span class='ocrx_word' id='word_1_268' title='bbox 790 1531 851 1565; x_wconf 84' lang='lat' dir='ltr'>illicito</span> 
     </span>
     <span class='ocr_line' id='line_1_28' title="bbox 149 1583 851 1627; baseline -0.001 -10"><span class='ocrx_word' id='word_1_269' title='bbox 149 1593 205 1627; x_wconf 88' lang='lat' dir='ltr'>opere</span> <span class='ocrx_word' id='word_1_270' title='bbox 214 1587 330 1626; x_wconf 87' lang='lat' dir='ltr'>attemptaret</span> <span class='ocrx_word' id='word_1_271' title='bbox 336 1585 409 1626; x_wconf 93' lang='lat' dir='ltr'>quando</span> <span class='ocrx_word' id='word_1_272' title='bbox 415 1584 525 1627; x_wconf 87' lang='lat' dir='ltr'>possibilitas</span> <span class='ocrx_word' id='word_1_273' title='bbox 532 1594 552 1618; x_wconf 95' lang='lat' dir='ltr'>se</span> <span class='ocrx_word' id='word_1_274' title='bbox 558 1584 637 1618; x_wconf 85' lang='lat' dir='ltr'>offerret.</span> <span class='ocrx_word' id='word_1_275' title='bbox 652 1585 704 1618; x_wconf 91' lang='lat' dir='ltr'>Tunc</span> <span class='ocrx_word' id='word_1_276' title='bbox 711 1584 770 1618; x_wconf 91' lang='lat' dir='ltr'>subito</span> <span class='ocrx_word' id='word_1_277' title='bbox 777 1583 851 1626; x_wconf 90' lang='lat' dir='ltr'>quidam</span> 
     </span>
     <span class='ocr_line' id='line_1_29' title="bbox 149 1635 852 1682; baseline -0.001 -12"><span class='ocrx_word' id='word_1_278' title='bbox 149 1636 260 1681; x_wconf 85' lang='lat' dir='ltr'>peregrinus</span> <span class='ocrx_word' id='word_1_279' title='bbox 268 1637 291 1669; x_wconf 89' lang='lat' dir='ltr'>ad</span> <span class='ocrx_word' id='word_1_280' title='bbox 299 1635 367 1669; x_wconf 84' lang='lat' dir='ltr'>ostium</span> <span class='ocrx_word' id='word_1_281' title='bbox 375 1637 444 1670; x_wconf 90' lang='lat' dir='ltr'>crebris</span> <span class='ocrx_word' id='word_1_282' title='bbox 453 1637 517 1671; x_wconf 87' lang='lat' dir='ltr'>ictibus</span> <span class='ocrx_word' id='word_1_283' title='bbox 526 1642 544 1670; x_wconf 92' lang='lat' dir='ltr'>et</span> <span class='ocrx_word' id='word_1_284' title='bbox 551 1637 623 1682; x_wconf 85' lang='lat' dir='ltr'>maguis</span> <span class='ocrx_word' id='word_1_285' title='bbox 635 1637 744 1671; x_wconf 88' lang='lat' dir='ltr'>clamoribus</span> <span class='ocrx_word' id='word_1_286' title='bbox 753 1637 809 1680; x_wconf 84' lang='lat' dir='ltr'>affuit,</span> <span class='ocrx_word' id='word_1_287' title='bbox 817 1636 852 1670; x_wconf 88' lang='lat' dir='ltr'>sibi</span> 
     </span>
     <span class='ocr_line' id='line_1_30' title="bbox 150 1690 852 1735; baseline 0 -11"><span class='ocrx_word' id='word_1_288' title='bbox 150 1690 245 1734; x_wconf 87' lang='lat' dir='ltr'>postulans</span> <span class='ocrx_word' id='word_1_289' title='bbox 261 1690 332 1733; x_wconf 80' lang='lat' dir='ltr'>aperiri.</span> <span class='ocrx_word' id='word_1_290' title='bbox 361 1690 445 1734; x_wconf 88' lang='lat' dir='ltr'>Cumque</span> <span class='ocrx_word' id='word_1_291' title='bbox 456 1691 491 1724; x_wconf 89' lang='lat' dir='ltr'>sibi</span> <span class='ocrx_word' id='word_1_292' title='bbox 503 1691 574 1735; x_wconf 90' lang='lat' dir='ltr'>aperire</span> <span class='ocrx_word' id='word_1_293' title='bbox 586 1691 655 1725; x_wconf 90' lang='lat' dir='ltr'>nollent</span> <span class='ocrx_word' id='word_1_294' title='bbox 667 1696 685 1725; x_wconf 91' lang='lat' dir='ltr'>et</span> <span class='ocrx_word' id='word_1_295' title='bbox 699 1692 730 1725; x_wconf 87' lang='lat' dir='ltr'>ille</span> <span class='ocrx_word' id='word_1_296' title='bbox 742 1690 852 1725; x_wconf 86' lang='lat' dir='ltr'>clamoribus</span> 
     </span>
     <span class='ocr_line' id='line_1_31' title="bbox 123 1742 852 1788; baseline 0.001 -13"><span class='ocrx_word' id='word_1_297' title='bbox 123 1753 141 1780; x_wconf 76' lang='lat'>50</span> <span class='ocrx_word' id='word_1_298' title='bbox 150 1748 168 1776; x_wconf 89' lang='lat' dir='ltr'>et</span> <span class='ocrx_word' id='word_1_299' title='bbox 176 1742 241 1776; x_wconf 88' lang='lat' dir='ltr'>ictibus</span> <span class='ocrx_word' id='word_1_300' title='bbox 250 1743 304 1776; x_wconf 93' lang='lat' dir='ltr'>nimis</span> <span class='ocrx_word' id='word_1_301' title='bbox 312 1742 339 1776; x_wconf 92' lang='lat' dir='ltr'>eis</span> <span class='ocrx_word' id='word_1_302' title='bbox 348 1743 400 1776; x_wconf 92' lang='lat' dir='ltr'>fieret</span> <span class='ocrx_word' id='word_1_303' title='bbox 408 1743 529 1787; x_wconf 89' lang='lat' dir='ltr'>importunus,</span> <span class='ocrx_word' id='word_1_304' title='bbox 537 1744 636 1787; x_wconf 87' lang='lat' dir='ltr'>interrogat</span> <span class='ocrx_word' id='word_1_305' title='bbox 647 1745 744 1788; x_wconf 90' lang='lat' dir='ltr'>episcopus</span> <span class='ocrx_word' id='word_1_306' title='bbox 756 1743 852 1777; x_wconf 90' lang='lat' dir='ltr'>mulierem</span> 
     </span>
     <span class='ocr_line' id='line_1_32' title="bbox 150 1795 851 1842; baseline 0.001 -12"><span class='ocrx_word' id='word_1_307' title='bbox 150 1796 166 1830; x_wconf 91' lang='lat' dir='ltr'>si</span> <span class='ocrx_word' id='word_1_308' title='bbox 181 1795 287 1839; x_wconf 82' lang='lat' dir='ltr'>ingressum</span> <span class='ocrx_word' id='word_1_309' title='bbox 301 1795 350 1829; x_wconf 91' lang='lat' dir='ltr'>illius</span> <span class='ocrx_word' id='word_1_310' title='bbox 369 1796 463 1841; x_wconf 89' lang='lat' dir='ltr'>peregrini</span> <span class='ocrx_word' id='word_1_311' title='bbox 478 1796 557 1831; x_wconf 88' lang='lat' dir='ltr'>hominis</span> <span class='ocrx_word' id='word_1_312' title='bbox 572 1801 680 1842; x_wconf 86' lang='lat' dir='ltr'>acceptaret.</span> <span class='ocrx_word' id='word_1_313' title='bbox 703 1795 737 1831; x_wconf 88' lang='lat' dir='ltr'>Cui</span> <span class='ocrx_word' id='word_1_314' title='bbox 751 1796 781 1830; x_wconf 90' lang='lat' dir='ltr'>illa</span> <span class='ocrx_word' id='word_1_315' title='bbox 795 1796 851 1831; x_wconf 84' lang='lat' dir='ltr'>dixit:</span> 
     </span>
     <span class='ocr_line' id='line_1_33' title="bbox 150 1850 852 1894; baseline -0.001 -10"><span class='ocrx_word' id='word_1_316' title='bbox 150 1851 277 1893; x_wconf 86' lang='lat' dir='ltr'>‘Proponatur</span> <span class='ocrx_word' id='word_1_317' title='bbox 293 1850 328 1884; x_wconf 88' lang='lat' dir='ltr'>sibi</span> <span class='ocrx_word' id='word_1_318' title='bbox 346 1851 407 1893; x_wconf 89' lang='lat' dir='ltr'>aliqua</span> <span class='ocrx_word' id='word_1_319' title='bbox 425 1851 497 1894; x_wconf 87' lang='lat' dir='ltr'>questio</span> <span class='ocrx_word' id='word_1_320' title='bbox 516 1850 560 1885; x_wconf 89' lang='lat' dir='ltr'>satis</span> <span class='ocrx_word' id='word_1_321' title='bbox 578 1850 652 1894; x_wconf 81' lang='lat' dir='ltr'>grauis:</span> <span class='ocrx_word' id='word_1_322' title='bbox 670 1861 725 1894; x_wconf 88' lang='lat' dir='ltr'>quam</span> <span class='ocrx_word' id='word_1_323' title='bbox 740 1850 756 1884; x_wconf 90' lang='lat' dir='ltr'>sl</span> <span class='ocrx_word' id='word_1_324' title='bbox 771 1851 852 1884; x_wconf 86' lang='lat' dir='ltr'>enodare</span> 
     </span>
     <span class='ocr_line' id='line_1_34' title="bbox 150 1902 852 1946; baseline -0.001 -10"><span class='ocrx_word' id='word_1_325' title='bbox 150 1902 229 1944; x_wconf 89' lang='lat' dir='ltr'>sciuerit,</span> <span class='ocrx_word' id='word_1_326' title='bbox 237 1902 352 1944; x_wconf 79' lang='lat' dir='ltr'>admittatur3</span> <span class='ocrx_word' id='word_1_327' title='bbox 365 1903 381 1935; x_wconf 93' lang='lat' dir='ltr'>si</span> <span class='ocrx_word' id='word_1_328' title='bbox 389 1909 450 1936; x_wconf 92' lang='lat' dir='ltr'>autern</span> <span class='ocrx_word' id='word_1_329' title='bbox 462 1903 552 1944; x_wconf 86' lang='lat' dir='ltr'>nescierit,</span> <span class='ocrx_word' id='word_1_330' title='bbox 560 1908 648 1946; x_wconf 82' lang='lat' dir='ltr'>tanquam</span> <span class='ocrx_word' id='word_1_331' title='bbox 658 1903 728 1937; x_wconf 85' lang='lat' dir='ltr'>inscius</span> <span class='ocrx_word' id='word_1_332' title='bbox 738 1908 756 1936; x_wconf 88' lang='lat' dir='ltr'>et</span> <span class='ocrx_word' id='word_1_333' title='bbox 765 1902 852 1945; x_wconf 84' lang='lat' dir='ltr'>indignus</span> 
     </span>
     <span class='ocr_line' id='line_1_35' title="bbox 150 1954 852 2000; baseline 0.001 -12"><span class='ocrx_word' id='word_1_334' title='bbox 150 1956 173 1989; x_wconf 92' lang='lat' dir='ltr'>ab</span> <span class='ocrx_word' id='word_1_335' title='bbox 185 1954 268 1999; x_wconf 88' lang='lat' dir='ltr'>episcopi</span> <span class='ocrx_word' id='word_1_336' title='bbox 279 1955 373 1999; x_wconf 86' lang='lat' dir='ltr'>presentia</span> <span class='ocrx_word' id='word_1_337' title='bbox 384 1956 493 2000; x_wconf 74' lang='lat' dir='ltr'>repellatur.¹</span> <span class='ocrx_word' id='word_1_338' title='bbox 517 1956 587 1990; x_wconf 89' lang='lat' dir='ltr'>Fauent</span> <span class='ocrx_word' id='word_1_339' title='bbox 596 1966 661 1990; x_wconf 92' lang='lat' dir='ltr'>omnes</span> <span class='ocrx_word' id='word_1_340' title='bbox 672 1956 712 1990; x_wconf 91' lang='lat' dir='ltr'>eius</span> <span class='ocrx_word' id='word_1_341' title='bbox 720 1955 827 1998; x_wconf 70' lang='lat' dir='ltr'>sententie2,</span> <span class='ocrx_word' id='word_1_342' title='bbox 834 1961 852 1989; x_wconf 91' lang='lat' dir='ltr'>et</span> 
     </span>
     <span class='ocr_line' id='line_1_36' title="bbox 123 2009 852 2053; baseline 0 -10"><span class='ocrx_word' id='word_1_343' title='bbox 123 2018 141 2047; x_wconf 78' lang='lat'>35</span> <span class='ocrx_word' id='word_1_344' title='bbox 151 2009 175 2043; x_wconf 90' lang='lat' dir='ltr'>ait</span> <span class='ocrx_word' id='word_1_345' title='bbox 183 2009 292 2052; x_wconf 88' lang='lat' dir='ltr'>episcopus:</span> <span class='ocrx_word' id='word_1_346' title='bbox 305 2009 360 2051; x_wconf 77' lang='lat' dir='ltr'>‘Quis</span> <span class='ocrx_word' id='word_1_347' title='bbox 367 2015 450 2043; x_wconf 91' lang='lat' dir='ltr'>nostrum</span> <span class='ocrx_word' id='word_1_348' title='bbox 457 2015 495 2044; x_wconf 90' lang='lat' dir='ltr'>tarn</span> <span class='ocrx_word' id='word_1_349' title='bbox 503 2010 598 2044; x_wconf 85' lang='lat' dir='ltr'>sufficiens</span> <span class='ocrx_word' id='word_1_350' title='bbox 608 2015 637 2044; x_wconf 90' lang='lat' dir='ltr'>est</span> <span class='ocrx_word' id='word_1_351' title='bbox 644 2020 699 2053; x_wconf 92' lang='lat' dir='ltr'>quam</span> <span class='ocrx_word' id='word_1_352' title='bbox 707 2020 746 2051; x_wconf 92' lang='lat' dir='ltr'>vos,</span> <span class='ocrx_word' id='word_1_353' title='bbox 754 2020 764 2042; x_wconf 94' lang='grc' dir='ltr'>ο</span> <span class='ocrx_word' id='word_1_354' title='bbox 773 2009 852 2052; x_wconf 91' lang='lat' dir='ltr'>domina,</span> 
     </span>
     <span class='ocr_line' id='line_1_37' title="bbox 152 2061 853 2106; baseline 0.003 -12"><span class='ocrx_word' id='word_1_355' title='bbox 152 2072 188 2105; x_wconf 90' lang='lat' dir='ltr'>que</span> <span class='ocrx_word' id='word_1_356' title='bbox 201 2066 272 2095; x_wconf 90' lang='lat' dir='ltr'>ceteros</span> <span class='ocrx_word' id='word_1_357' title='bbox 287 2066 305 2095; x_wconf 92' lang='lat' dir='ltr'>et</span> <span class='ocrx_word' id='word_1_358' title='bbox 321 2061 425 2105; x_wconf 90' lang='lat' dir='ltr'>eloquentia</span> <span class='ocrx_word' id='word_1_359' title='bbox 440 2062 538 2106; x_wconf 89' lang='lat' dir='ltr'>preceditis</span> <span class='ocrx_word' id='word_1_360' title='bbox 554 2067 572 2096; x_wconf 91' lang='lat' dir='ltr'>et</span> <span class='ocrx_word' id='word_1_361' title='bbox 584 2062 674 2106; x_wconf 87' lang='lat' dir='ltr'>sapientia</span> <span class='ocrx_word' id='word_1_362' title='bbox 687 2062 741 2096; x_wconf 89' lang='lat' dir='ltr'>nobis</span> <span class='ocrx_word' id='word_1_363' title='bbox 756 2061 853 2096; x_wconf 77' lang='lat' dir='ltr'>omnibus³</span> 
     </span>
     <span class='ocr_line' id='line_1_38' title="bbox 151 2114 852 2160; baseline 0.003 -12"><span class='ocrx_word' id='word_1_364' title='bbox 151 2114 240 2149; x_wconf 83' lang='lat' dir='ltr'>rutilatis?</span> <span class='ocrx_word' id='word_1_365' title='bbox 253 2115 291 2148; x_wconf 94' lang='lat' dir='ltr'>Vos</span> <span class='ocrx_word' id='word_1_366' title='bbox 303 2114 358 2159; x_wconf 83' lang='lat' dir='ltr'>igitur</span> <span class='ocrx_word' id='word_1_367' title='bbox 371 2115 417 2149; x_wconf 89' lang='lat' dir='ltr'>hanc</span> <span class='ocrx_word' id='word_1_368' title='bbox 430 2117 527 2160; x_wconf 89' lang='lat' dir='ltr'>proponite</span> <span class='ocrx_word' id='word_1_369' title='bbox 539 2115 665 2160; x_wconf 85' lang='lat' dir='ltr'>questionem’</span> <span class='ocrx_word' id='word_1_370' title='bbox 688 2116 741 2149; x_wconf 90' lang='lat' dir='ltr'>Tunc</span> <span class='ocrx_word' id='word_1_371' title='bbox 753 2114 783 2149; x_wconf 90' lang='lat' dir='ltr'>illa</span> <span class='ocrx_word' id='word_1_372' title='bbox 796 2115 852 2150; x_wconf 82' lang='lat' dir='ltr'>dixit:</span> 
     </span>
    </p>

    <p class='ocr_par' dir='ltr' id='par_1_5' title="bbox 151 2168 853 2265">
     <span class='ocr_line' id='line_1_39' title="bbox 151 2168 853 2212; baseline 0.001 -11"><span class='ocrx_word' id='word_1_373' title='bbox 151 2170 155 2186; x_wconf 87' lang='lat'><em>‘</em></span> <span class='ocrx_word' id='word_1_374' title='bbox 163 2169 288 2211; x_wconf 83' lang='lat' dir='ltr'>Interrogetur</span> <span class='ocrx_word' id='word_1_375' title='bbox 295 2168 344 2211; x_wconf 93' lang='lat' dir='ltr'>quod</span> <span class='ocrx_word' id='word_1_376' title='bbox 352 2172 380 2201; x_wconf 90' lang='lat' dir='ltr'>est</span> <span class='ocrx_word' id='word_1_377' title='bbox 388 2168 447 2201; x_wconf 88' lang='lat' dir='ltr'>maius</span> <span class='ocrx_word' id='word_1_378' title='bbox 455 2169 562 2202; x_wconf 90' lang='lat' dir='ltr'>miraculum</span> <span class='ocrx_word' id='word_1_379' title='bbox 570 2170 619 2212; x_wconf 93' lang='lat' dir='ltr'>quod</span> <span class='ocrx_word' id='word_1_380' title='bbox 627 2170 673 2201; x_wconf 92' lang='lat' dir='ltr'>deus</span> <span class='ocrx_word' id='word_1_381' title='bbox 680 2179 761 2212; x_wconf 88' lang='lat' dir='ltr'>vnquam</span> <span class='ocrx_word' id='word_1_382' title='bbox 769 2168 788 2201; x_wconf 94' lang='lat' dir='ltr'>in</span> <span class='ocrx_word' id='word_1_383' title='bbox 796 2179 853 2212; x_wconf 86' lang='lat' dir='ltr'>parua</span> 
     </span>
     <span class='ocr_line' id='line_1_40' title="bbox 152 2220 853 2265; baseline 0.001 -11"><span class='ocrx_word' id='word_1_384' title='bbox 152 2232 172 2255; x_wconf 92' lang='lat' dir='ltr'>re</span> <span class='ocrx_word' id='word_1_385' title='bbox 180 2220 233 2254; x_wconf 64' lang='lat' dir='ltr'>fecit)</span> <span class='ocrx_word' id='word_1_386' title='bbox 253 2220 379 2263; x_wconf 78' lang='lat' dir='ltr'>interrogatus</span> <span class='ocrx_word' id='word_1_387' title='bbox 387 2222 410 2254; x_wconf 91' lang='lat' dir='ltr'>de</span> <span class='ocrx_word' id='word_1_388' title='bbox 417 2221 451 2255; x_wconf 86' lang='lat' dir='ltr'>hoc</span> <span class='ocrx_word' id='word_1_389' title='bbox 457 2221 571 2265; x_wconf 86' lang='lat' dir='ltr'>peregrinus,</span> <span class='ocrx_word' id='word_1_390' title='bbox 577 2232 611 2265; x_wconf 87' lang='lat' dir='ltr'>per</span> <span class='ocrx_word' id='word_1_391' title='bbox 616 2221 703 2255; x_wconf 87' lang='lat' dir='ltr'>nuncium</span> <span class='ocrx_word' id='word_1_392' title='bbox 710 2221 755 2255; x_wconf 85' lang='lat' dir='ltr'>dixit</span> <span class='ocrx_word' id='word_1_393' title='bbox 763 2233 767 2255; x_wconf 75' lang='grc' dir='ltr'>ε</span> <span class='ocrx_word' id='word_1_394' title='bbox 776 2224 780 2239; x_wconf 90' lang='lat'>‘</span> <span class='ocrx_word' id='word_1_395' title='bbox 788 2222 853 2256; x_wconf 92' lang='lat' dir='ltr'>Diuer-</span> 
     </span>
    </p>

    <p class='ocr_par' dir='ltr' id='par_1_6' title="bbox 123 2272 853 2425">
     <span class='ocr_line' id='line_1_41' title="bbox 123 2272 853 2318; baseline 0.001 -10"><span class='ocrx_word' id='word_1_396' title='bbox 123 2283 143 2315; x_wconf 87' lang='lat'>40</span> <span class='ocrx_word' id='word_1_397' title='bbox 151 2274 196 2308; x_wconf 80' lang='lat' dir='ltr'>sitas</span> <span class='ocrx_word' id='word_1_398' title='bbox 212 2277 230 2307; x_wconf 90' lang='lat' dir='ltr'>et</span> <span class='ocrx_word' id='word_1_399' title='bbox 241 2272 351 2307; x_wconf 87' lang='lat' dir='ltr'>excellentia</span> <span class='ocrx_word' id='word_1_400' title='bbox 362 2272 455 2308; x_wconf 85' lang='lat' dir='ltr'>facierum.</span> <span class='ocrx_word' id='word_1_401' title='bbox 478 2274 529 2309; x_wconf 90' lang='lat' dir='ltr'>Inter</span> <span class='ocrx_word' id='word_1_402' title='bbox 540 2279 566 2309; x_wconf 91' lang='lat' dir='ltr'>tot</span> <span class='ocrx_word' id='word_1_403' title='bbox 578 2274 628 2308; x_wconf 89' lang='lat' dir='ltr'>enim</span> <span class='ocrx_word' id='word_1_404' title='bbox 640 2274 724 2309; x_wconf 91' lang='lat' dir='ltr'>homines</span> <span class='ocrx_word' id='word_1_405' title='bbox 736 2273 767 2318; x_wconf 92' lang='lat' dir='ltr'>qui</span> <span class='ocrx_word' id='word_1_406' title='bbox 779 2273 853 2309; x_wconf 86' lang='lat' dir='ltr'>suerunt</span> 
     </span>
     <span class='ocr_line' id='line_1_42' title="bbox 151 2326 853 2370; baseline 0.001 -9"><span class='ocrx_word' id='word_1_407' title='bbox 151 2328 174 2361; x_wconf 87' lang='lat' dir='ltr'>ab</span> <span class='ocrx_word' id='word_1_408' title='bbox 187 2326 237 2360; x_wconf 92' lang='lat' dir='ltr'>initio</span> <span class='ocrx_word' id='word_1_409' title='bbox 251 2327 314 2360; x_wconf 89' lang='lat' dir='ltr'>mundi</span> <span class='ocrx_word' id='word_1_410' title='bbox 328 2331 346 2359; x_wconf 92' lang='lat' dir='ltr'>et</span> <span class='ocrx_word' id='word_1_411' title='bbox 358 2337 416 2370; x_wconf 93' lang='lat' dir='ltr'>vsque</span> <span class='ocrx_word' id='word_1_412' title='bbox 430 2328 453 2360; x_wconf 96' lang='lat' dir='ltr'>ad</span> <span class='ocrx_word' id='word_1_413' title='bbox 469 2328 525 2362; x_wconf 86' lang='lat' dir='ltr'>finem</span> <span class='ocrx_word' id='word_1_414' title='bbox 541 2327 596 2361; x_wconf 81' lang='lat' dir='ltr'>futuri</span> <span class='ocrx_word' id='word_1_415' title='bbox 612 2333 659 2370; x_wconf 89' lang='lat' dir='ltr'>sunt,</span> <span class='ocrx_word' id='word_1_416' title='bbox 672 2328 708 2361; x_wconf 90' lang='lat' dir='ltr'>duo</span> <span class='ocrx_word' id='word_1_417' title='bbox 723 2326 800 2370; x_wconf 88' lang='lat' dir='ltr'>reperiri</span> <span class='ocrx_word' id='word_1_418' title='bbox 816 2339 853 2362; x_wconf 92' lang='lat' dir='ltr'>non</span> 
     </span>
     <span class='ocr_line' id='line_1_43' title="bbox 151 2378 852 2425; baseline 0.001 -10"><span class='ocrx_word' id='word_1_419' title='bbox 151 2378 324 2425; x_wconf 64' lang='lat' dir='ltr'>possunthuorum</span> <span class='ocrx_word' id='word_1_420' title='bbox 331 2378 386 2413; x_wconf 89' lang='lat' dir='ltr'>facies</span> <span class='ocrx_word' id='word_1_421' title='bbox 394 2391 428 2423; x_wconf 91' lang='lat' dir='ltr'>per</span> <span class='ocrx_word' id='word_1_422' title='bbox 432 2381 493 2415; x_wconf 90' lang='lat' dir='ltr'>omnia</span> <span class='ocrx_word' id='word_1_423' title='bbox 501 2380 570 2415; x_wconf 89' lang='lat' dir='ltr'>similes</span> <span class='ocrx_word' id='word_1_424' title='bbox 578 2386 645 2415; x_wconf 89' lang='lat' dir='ltr'>essent.</span> <span class='ocrx_word' id='word_1_425' title='bbox 664 2381 685 2415; x_wconf 95' lang='lat' dir='ltr'>In</span> <span class='ocrx_word' id='word_1_426' title='bbox 691 2381 732 2425; x_wconf 85' lang='lat' dir='ltr'>ipsa</span> <span class='ocrx_word' id='word_1_427' title='bbox 736 2392 809 2424; x_wconf 89' lang='lat' dir='ltr'>quoque</span> <span class='ocrx_word' id='word_1_428' title='bbox 815 2387 852 2416; x_wconf 89' lang='lat' dir='ltr'>tam</span> 
     </span>
    </p>
   </div>
   <div class='ocr_carea' id='block_1_3' title="bbox 151 2468 854 2586">
    <p class='ocr_par' dir='ltr' id='par_1_7' title="bbox 151 2468 854 2586">
     <span class='ocr_line' id='line_1_44' title="bbox 171 2468 854 2508; baseline 0.006 -11"><span class='ocrx_word' id='word_1_429' title='bbox 171 2469 176 2487; x_wconf 95' lang='lat'>¹</span> <span class='ocrx_word' id='word_1_430' title='bbox 187 2469 205 2499; x_wconf 86' lang='lat' dir='ltr'>E.</span> <span class='ocrx_word' id='word_1_431' title='bbox 213 2469 237 2499; x_wconf 89' lang='lat' dir='ltr'>ab.</span> <span class='ocrx_word' id='word_1_432' title='bbox 282 2468 288 2486; x_wconf 80' lang='lat'>²</span> <span class='ocrx_word' id='word_1_433' title='bbox 299 2470 315 2499; x_wconf 90' lang='lat' dir='ltr'>L.</span> <span class='ocrx_word' id='word_1_434' title='bbox 324 2468 344 2498; x_wconf 84' lang='lat' dir='ltr'>A.</span> <span class='ocrx_word' id='word_1_435' title='bbox 351 2469 399 2499; x_wconf 83' lang='lat' dir='ltr'>adds:</span> <span class='ocrx_word' id='word_1_436' title='bbox 410 2473 426 2498; x_wconf 89' lang='lat' dir='ltr'>et</span> <span class='ocrx_word' id='word_1_437' title='bbox 432 2470 468 2506; x_wconf 89' lang='lat' dir='ltr'>quis</span> <span class='ocrx_word' id='word_1_438' title='bbox 474 2471 553 2500; x_wconf 85' lang='lat' dir='ltr'>sufficiens</span> <span class='ocrx_word' id='word_1_439' title='bbox 561 2475 604 2500; x_wconf 90' lang='lat' dir='ltr'>esset</span> <span class='ocrx_word' id='word_1_440' title='bbox 611 2472 651 2501; x_wconf 89' lang='lat' dir='ltr'>hanc</span> <span class='ocrx_word' id='word_1_441' title='bbox 659 2472 757 2508; x_wconf 82' lang='lat' dir='ltr'>questionem</span> <span class='ocrx_word' id='word_1_442' title='bbox 764 2481 854 2508; x_wconf 87' lang='lat' dir='ltr'>proponere</span> 
     </span>
     <span class='ocr_line' id='line_1_45' title="bbox 151 2509 854 2586; baseline 0.001 -46"><span class='ocrx_word' id='word_1_443' title='bbox 151 2509 347 2586; x_wconf 46' lang='grc' dir='ltr'>ῗείὶεοΐηὲἓζεθῃῖηωᾳυε</span> <span class='ocrx_word' id='word_1_444' title='bbox 353 2509 405 2539; x_wconf 91' lang='lat' dir='ltr'>nullus</span> <span class='ocrx_word' id='word_1_445' title='bbox 410 2509 512 2555; x_wconf 88' lang='lat' dir='ltr'>inveniretur,</span> <span class='ocrx_word' id='word_1_446' title='bbox 520 2520 545 2548; x_wconf 84' lang='lat' dir='ltr'>ep.</span> <span class='ocrx_word' id='word_1_447' title='bbox 554 2510 597 2541; x_wconf 91' lang='lat' dir='ltr'>dixit.</span> <span class='ocrx_word' id='word_1_448' title='bbox 669 2512 675 2529; x_wconf 77' lang='lat'>³</span> <span class='ocrx_word' id='word_1_449' title='bbox 686 2512 703 2542; x_wconf 91' lang='lat' dir='ltr'>L.</span> <span class='ocrx_word' id='word_1_450' title='bbox 710 2512 729 2542; x_wconf 87' lang='lat' dir='ltr'>A.</span> <span class='ocrx_word' id='word_1_451' title='bbox 737 2512 776 2540; x_wconf 84' lang='lat' dir='ltr'>adds</span> <span class='ocrx_word' id='word_1_452' title='bbox 783 2512 854 2549; x_wconf 87' lang='lat' dir='ltr'>amplius.</span> 
     </span>
    </p>
   </div>
   <div class='ocr_carea' id='block_1_4' title="bbox 0 0 894 2803">
    <p class='ocr_par' dir='ltr' id='par_1_8' title="bbox 0 0 894 2803">
     <span class='ocr_line' id='line_1_46' title="bbox 0 0 894 2803; baseline 0 0"><span class='ocrx_word' id='word_1_453' title='bbox 0 0 894 2803; x_wconf 95' lang='lat' dir='ltr'> </span> 
     </span>
    </p>
   </div>
  </div>
 </body>
</html>
