1762 2803
66 94 189 140 .,T..n.o.]
274 90 320 146 bo
336 89 438 143 &ancta
454 90 558 146 ottonis.
721 105 763 152 501

65 218 103 252 lire.
125 213 224 256 Aliquanto
240 216 301 245 autem
317 216 401 254 tempore
414 210 487 245 euoluto
493 210 505 254 ¹,
517 210 604 246 diuinitus
616 211 722 255 frequenter
733 221 767 256 per

64 269 154 304 visionem
165 263 277 299 ammonitus
288 269 307 298 et
315 264 366 307 quasi
378 264 469 307 legatione
481 269 585 298 sanctarum
595 264 687 308 virginum
699 265 767 299 accitus

64 322 92 357 vir
103 319 206 363 religiosus,
218 317 293 350 nomine
305 316 413 358 Clemacius,
424 327 448 351 ex
460 317 541 351 Orientis
552 317 636 361 partibus
648 317 727 359 aduenit,
735 317 766 361 qui

65 386 98 422 pro
109 378 151 408 voto
164 371 225 416 [suo]²
233 370 330 404 ecclesiam
341 380 399 415 super
406 370 532 405 sanctissimos
540 371 611 405 cineres
619 381 630 405 a
637 370 767 405 fundamento¹

65 432 186 463 constructam
205 425 225 458 in
244 425 314 458 honore
336 430 440 458 sanctarum
457 424 549 467 virginum
572 425 676 468 compleuit.
703 424 784 466 Laudas

65 491 108 524 ergo
120 477 195 512 Colonia
206 477 307 518 dominum,
315 476 413 520 ‘quoniam
424 476 532 511 consortauit
544 477 606 511 seras¹
620 482 714 521 portamm
728 482 767 511 tua·

65 543 111 574 rum,
116 536 134 565 et
141 528 203 574 posuit
210 528 258 563 fines
266 535 307 563 tuos
315 539 380 572 pacem
388 534 406 563 et
414 533 464 563 tanto
472 528 576 573 premisso⁶
583 529 665 574 pignore,
673 529 767 564 benedixit

65 586 106 621 filiis
117 583 153 618 tuis
164 582 183 616 in
195 582 223 616 te)
247 581 291 616 Erat
302 588 364 616 autem
376 583 399 616 de
413 582 478 616 eodem
490 581 607 617 sanctissimo
619 582 712 627 uirginum
723 594 767 617 con·

64 636 147 673 tubernio
159 636 238 679 quedam
248 634 313 679 virgo⁶
326 634 401 670 nomine
413 635 498 676 Cordula,
510 646 545 680 quc
557 635 624 670 ceteris
636 636 737 680 virginibus
747 636 767 670 in

64 701 122 735 agone
134 688 201 724 Christi
213 688 368 730 occumbentibus,
378 688 417 723 sola
428 688 447 722 in
458 689 512 723 vnius
525 688 577 723 nauis
590 689 643 723 alueo
655 690 689 723 sub
701 689 766 724 eadem
776 700 795 724 ro

65 748 117 778 nocte
132 741 207 782 delituit,
223 746 241 774 et
256 740 275 773 in
290 740 381 774 crastino⁷
392 741 439 774 vltro
455 751 475 774 se
489 742 549 783 morti,
562 751 617 785 quam
630 741 707 785 fugerat,
720 741 767 775 virili

65 794 125 830 animo
133 793 218 836 offerens,
227 792 347 838 triumphales
357 798 440 826 cateruas
451 803 493 827 cum
504 793 544 839 pari
551 793 610 839 gloria
617 792 694 827 martirii
702 793 767 828 subse-

65 853 120 893 quuta
131 852 165 882 est.
188 846 226 881 Sed
238 857 292 881 nemo
305 846 324 881 in
336 846 371 881 hoc
383 846 522 889 scandalizetur,
534 846 598 892 quasi⁵
610 847 663 882 beata
674 847 704 882 illa
715 847 767 892 virgo

65 912 131 936 corone
142 911 176 934 sue
184 911 242 944 parua
252 900 286 933 hae
297 899 394 934 formidine
403 899 471 945 aliquid
479 900 600 944 derogauerit,
608 911 650 934 cum
658 912 692 935 nec
701 900 767 936 Petrus

65 963 141 997 negans,
149 963 183 986 nec
191 952 273 986 Thomas
281 953 372 993 dubitans,
380 953 403 986 ab
411 953 541 996 apostololatus
549 953 619 987 honore
628 953 697 987 eiectus
705 953 729 987 sit
735 954 766 988 ¹...
775 968 794 998 ¹5

67 1006 150 1039 Forsitan
162 1005 193 1038 illa
204 1004 256 1049 virgo
269 1005 323 1038 beata
335 1006 358 1038 de
371 1010 454 1039 anteacta
460 1005 473 1025 11
487 1005 524 1040 vite
541 1006 620 1050 puritate
635 1011 653 1039 et
665 1006 708 1039 fidei
723 1017 767 1040 con-

65 1058 130 1093 stantia
142 1068 257 1102 presumens,
267 1058 290 1092 ad
298 1058 418 1092 tollerandam
426 1059 531 1103 passionem
536 1058 549 1077 ¹¹
556 1059 624 1104 aliquid
637 1059 656 1093 in
667 1068 687 1093 se
699 1059 767 1093 fiducie

65 1111 138 1146 habuit:
154 1111 232 1155 ideoque
247 1110 359 1145 humilianda
370 1117 414 1154 erat,
422 1116 442 1145 vt
451 1123 488 1145 non
500 1111 519 1145 in
531 1123 557 1155 se,
568 1112 602 1146 sed
612 1113 631 1146 in
644 1112 679 1146 deo
692 1112 766 1157 gloriari

66 1165 149 1206 disceret,
157 1169 176 1198 et
184 1165 209 1198 sic
217 1164 311 1198 humiliata
319 1165 341 1198 ad
350 1164 437 1198 celestem
444 1165 545 1199 thalamum
553 1165 650 1209 gloriosius
658 1165 744 1199 transiret
748 1165 766 1200 ¹¹.

66 1217 96 1252 Sic
106 1223 124 1251 et
132 1217 192 1251 fidelis
201 1217 266 1260 Dauid,
274 1228 316 1251 cum
326 1216 400 1251 domino
411 1217 489 1252 diceret:
499 1217 572 1252 ‘Iuraui
583 1223 601 1253 et
611 1217 665 1252 statui
674 1218 766 1253 custodire
775 1233 795 1255 ao

66 1270 130 1304 iudicia
145 1270 215 1304 iusticie
232 1271 274 1312 tue,'
289 1281 332 1304 mox
347 1270 400 1314 quasi
416 1271 434 1304 in
450 1281 471 1304 se
490 1271 583 1304 reuolutus
599 1270 675 1304 subiecit
690 1271 766 1305 dicens:

66 1322 187 1357 ‘Humiliatus
199 1332 240 1357 sum
251 1333 383 1368 usquequaque
390 1322 410 1341 ¹³¹
419 1347 423 1358 .
432 1347 436 1358 .
444 1347 449 1357 .
458 1323 521 1368 Longa
534 1323 589 1368 igitur
602 1324 650 1358 serie
662 1329 766 1369 temporum

65 1376 161 1418 euoluta¹⁴,
169 1382 232 1412 sancta
242 1387 297 1421 quarn
308 1376 423 1421 prediximus
435 1376 514 1412 Cordula
527 1376 598 1412 incluse
610 1376 687 1420 cuidam,
697 1378 767 1412 incom-

65 1430 150 1473 parabilis
163 1430 200 1464 vite
212 1436 231 1464 et
242 1429 327 1474 specialis
339 1430 406 1473 meriti,
421 1430 549 1473 Hellentrude,
562 1430 667 1474 pervisum
682 1431 767 1475 apparuit

65 1493 141 1526 eamque
157 1483 208 1526 quasi
223 1483 373 1517 contubernalem
389 1493 446 1525 suam,
461 1494 485 1517 an
500 1494 521 1517 se
536 1488 645 1526 agnosceret
666 1483 766 1527 requisiuit.
776 1495 794 1527 ²5

66 1535 98 1568 llla
108 1540 175 1578 autem,
183 1535 267 1579 quamuis
277 1540 339 1569 sancta
351 1540 369 1569 et
381 1541 442 1569 mente
451 1535 487 1569 ianr
496 1536 531 1569 deo
539 1536 629 1579 proxima,
637 1540 698 1570 tamen
706 1536 766 1570 adhuc

65 1589 192 1633 corruptibilis,
201 1593 219 1623 et
230 1588 282 1633 quasi
294 1589 386 1633 corruptio
397 1589 541 1633 incorruptelam
552 1601 589 1623 non
601 1589 693 1624 sufferens
704 1589 767 1624 diuino

65 1643 164 1677 venustatis
176 1648 194 1677 et
205 1642 306 1686 grauitatis,
318 1653 417 1687 personam
429 1643 529 1677 exhorruit.
552 1642 597 1677 Erat
610 1642 660 1677 enim
673 1642 725 1687 virgo
736 1643 766 1678 dei

65 1694 110 1729 vltra
118 1707 173 1730 omne
181 1695 277 1730 artificium
285 1695 364 1731 hominis
369 1696 434 1730 vestita
439 1696 521 1737 mirifice,
526 1696 629 1731 coronam¹¹
633 1696 675 1731 liliis
681 1696 766 1740 rosisque

65 1747 195 1782 alternantibus
206 1754 282 1792 gestans
293 1748 312 1782 in
323 1748 382 1793 capite
393 1748 517 1783 intertextam.
540 1749 616 1783 Famula
623 1749 679 1793 igitur
684 1748 697 1768 ¹¹
705 1748 735 1783 dei
743 1760 766 1783 ex
775 1765 795 1794 30

65 1811 132 1843 pauore
146 1804 246 1845 respirans,
258 1801 353 1846 indignam
365 1813 387 1836 se
399 1807 449 1835 tante
463 1801 563 1835 maiestatis
575 1801 668 1846 agnitione
683 1812 725 1835 esse
738 1812 766 1836 re·

65 1854 142 1897 spondit,
154 1855 210 1889 ‘Cum
222 1865 261 1899 ego,
273 1854 363 1899 inquiens,
373 1854 408 1889 sim
420 1855 498 1890 carnalis
511 1855 580 1899 peccati
595 1854 666 1899 legibus
682 1854 767 1896 obnoxia,

64 1909 83 1939 tu
95 1912 155 1942 autem
167 1907 203 1942 iam
214 1907 233 1941 in
243 1906 327 1942 ordinem
337 1907 452 1943 celicolarum
458 1907 472 1928 11
480 1913 575 1952 assumpta
586 1907 642 1942 totius
653 1906 679 1942 sis
691 1918 766 1951 corrup-

65 1958 119 1994 tionis
137 1960 207 1995 aliena’
230 1961 282 1995 Tunc
297 1960 340 1995 illa:
360 1960 448 1995 ‘Noueris
467 1971 503 2003 me,
522 1960 586 2005 inquit,
599 1971 654 1995 vnam
671 1960 702 1994 de
713 1971 766 1994 sacro

65 2012 201 2048 Coloniensium
214 2014 318 2058 [virginum]
323 2014 336 2034 11
346 2024 424 2048 numero
434 2014 541 2058 fuisseque
552 2014 589 2048 illis
597 2013 616 2047 in
628 2024 687 2057 agone
699 2013 766 2048 Christi
775 2026 795 2058 ³5

65 2065 223 2110 triumphantibus,
230 2077 266 2100 vna
274 2072 327 2100 nocte
339 2066 444 2110 superuixi:
453 2066 551 2110 sequenti¹¹
560 2066 589 2100 die
597 2065 661 2100 rnortis
669 2065 750 2109 [cupida]
754 2065 767 2085 ¹¹

64 2128 94 2152 me
102 2119 148 2153 ultro
160 2119 275 2154 carnificibus
287 2119 348 2160 obtuli,
359 2119 422 2163 sicque
434 2119 452 2154 in
464 2118 536 2154 Christo
548 2118 634 2161 moriens,
646 2130 680 2153 nec
692 2129 767 2154 sorores

65 2180 115 2207 meas
130 2172 204 2208 deserui
219 2184 253 2208 nec
268 2173 354 2208 socialem
370 2172 445 2208 martirii
461 2183 547 2207 coronam
563 2172 621 2208 amisi.
645 2172 709 2217 Itaque
724 2183 766 2208 cum

64 2223 135 2260 illarum
150 2226 278 2271 gloriosissimi
291 2226 379 2261 transitus
392 2226 440 2261 diem
454 2226 516 2260 debita
528 2226 564 2260 iam
578 2225 697 2261 veneratione
704 2226 718 2245 ¹⁰
729 2230 767 2261 tota

65 2276 139 2313 Colonia
147 2280 226 2314 celebret
231 2279 249 2323 ¹¹,
257 2280 294 2314 mei
300 2279 379 2315 nominis
388 2291 421 2315 nec
428 2280 490 2315 breuis
496 2279 571 2324 [aliqua]
576 2279 589 2299 11
597 2280 657 2314 adhuc
665 2279 766 2314 recordatio
775 2291 795 2320 40

83 2387 190 2422 ¹E.euento.
234 2390 267 2423 ¹E.
276 2396 352 2423 sanctam.
396 2391 431 2423 ³13.
440 2391 551 2422 fundamentis.
596 2390 689 2423 ¹E.ceras.
734 2390 766 2422 ³13.

64 2429 147 2464 promisso.
195 2431 294 2463 ⁶onuinB.
339 2431 374 2461 ⁷13.
382 2432 473 2463 crastinum.
521 2431 555 2461 ¹13.
563 2431 611 2469 quod.
658 2432 768 2461 ¹asentence·

65 2476 95 2497 om.
135 2469 147 2487 ¹¹
157 2471 176 2500 B.
183 2475 261 2502 anteacte.
305 2471 317 2489 ¹¹
328 2471 347 2501 E.
354 2472 440 2509 pasionem.
484 2470 496 2488 ¹¹
506 2471 524 2501 Β.
532 2472 616 2501 transierit.
657 2470 668 2488 ¹³
678 2471 694 2500 A
700 2480 768 2508 passage

64 2515 94 2537 0111.
134 2509 146 2528 11
156 2510 175 2541 Β.
183 2511 260 2541 reuoluta.
300 2510 312 2529 11
323 2512 342 2542 Β.
350 2521 460 2550 coronamque.
500 2510 512 2529 11
523 2511 542 2542 Β.
550 2520 593 2549 ergo.
632 2509 644 2529 ¹¹
652 2511 671 2542 B.
678 2510 767 2542 celicoruui.

64 2545 75 2562 ¹⁸
81 2556 112 2579 0111·
153 2550 164 2568 ¹⁹
171 2552 280 2588 sequentique.
320 2552 332 2569 ''
342 2552 362 2582 Β.
369 2552 460 2582 deuotione.
500 2550 511 2568 ²¹
522 2552 540 2580 B.
548 2556 638 2581 veneretur.
