1762 2803
236 126 282 181 mr
297 123 397 178 &ando
412 124 535 179 acrama.
706 139 734 183 53

35 247 150 291 effundebat3
163 248 217 283 huius
229 248 267 282 vite
278 246 363 282 miserias
374 257 444 291 suaque
455 252 473 281 et
483 245 560 280 aliorum
573 250 648 289 peccata
661 245 736 279 amaris·

35 301 81 334 sime
93 300 153 340 flebat,
165 305 183 333 et
193 300 225 333 vix
236 310 301 344 parum
315 305 357 333 ante
368 304 467 332 nocturnas
478 298 555 342 vigilias,
569 308 614 341 sepe
626 308 671 332 vero
681 295 737 331 nichil

35 353 108 397 sompni
126 353 214 397 capiebat.
243 345 354 387 inuidebant
370 351 387 386 ei
402 351 468 386 fratres
487 351 567 396 quidam,
585 350 670 385 videntes
686 349 737 384 illum

34 404 113 448 preponi
127 415 182 449 quem
195 405 246 440 iuxta
261 404 387 439 conuersionis
403 404 487 438 ordinem
502 403 606 438 iudicabant
619 403 654 437 sibi
669 403 737 437 debere

35 457 127 503 postponi.
154 458 218 503 itaque
232 457 299 493 turbati
314 458 401 493 scandala
420 463 501 500 mouent,
518 456 642 492 dissentiones
659 456 756 501 pariunt,5

36 515 96 544 sectas
110 511 198 554 nutriunt,
213 517 232 546 et
247 512 288 546 odia
303 511 371 546 fouent.
398 511 441 556 lpse
456 522 501 546 vero
515 510 659 545 detractionibus
674 520 738 544 eorum

35 564 124 599 reddebat
132 565 192 600 officia
201 566 282 601 fraterne
293 565 391 608 charitatis,
400 565 472 600 malens
479 565 553 599 vincere
560 564 650 599 maliciam
658 563 676 598 in
684 564 739 604 bono,

36 627 91 661 quam
103 618 194 653 amalicia
206 630 269 654 eorum
280 619 328 653 vinci
340 618 359 653 in
371 618 424 653 malo.
457 612 540 663 Quidam
551 618 626 652 nomine
635 617 738 659 Osbernus,

35 670 109 713 ingenio
122 681 185 714 sagax,
198 673 222 706 ad
236 671 310 706 diuersa
324 683 381 716 opera
397 672 487 706 manualia
502 671 581 715 pollens,
596 672 629 706 sed
645 670 738 715 peruersis

36 724 118 756 moribus
130 724 208 757 multum
220 724 352 768 incompositus
364 730 409 767 erat,
421 729 440 758 et
452 724 543 758 Anselmo
556 734 594 758 non
606 723 698 758 modicum
710 723 738 757 in·
748 734 767 755 ro

36 775 115 810 uidebat.
138 775 171 811 Ille
186 783 248 812 tamen
263 787 343 821 puerum
357 777 394 820 piis
408 776 539 811 blandimentis
554 775 647 816 delinire¹,
662 775 739 820 puerilia

36 828 83 862 facta
94 829 133 862 eius
145 828 229 863 tollerare
242 829 296 873 cepit,
308 835 326 864 et
338 830 395 863 multa
407 829 432 862 illi
444 840 481 873 que
495 829 535 863 sine
547 828 617 863 ordinis
628 829 739 863 detrimento

37 880 116 916 tollerari
127 887 216 926 poterant,
224 883 331 924 concedere,
341 888 360 917 vt
369 882 461 917 effrenus²
471 882 545 917 animus
552 882 571 917 in
579 882 739 917 mansuetudinem

37 940 148 970 curuaretur.
171 935 237 980 Incipit
252 937 327 971 tandem
342 936 452 971 Anselmum
467 937 549 980 diligere,
562 936 601 970 eius
615 936 685 970 monita
699 946 740 970 sus·

37 988 105 1031 cipere,
114 994 133 1021 et
142 1000 204 1023 mores
214 999 258 1023 suos
267 1000 384 1033 componere.
408 990 487 1023 Demum
497 989 597 1023 Anselmus
607 988 694 1033 paulatim
704 998 740 1032 que
750 998 767 1027 ¹5

38 1047 154 1075 concesserat
167 1041 245 1086 puerilia
259 1041 348 1077 subtrahit
354 1041 365 1086 ³,
381 1042 404 1077 ad
419 1042 515 1077 honestam
530 1052 602 1077 morum
618 1041 741 1076 maturitatem

38 1094 127 1139 prouehit.
150 1095 173 1129 Et
183 1096 214 1130 vbi
223 1096 247 1130 de
256 1096 342 1130 firmitate
352 1096 396 1130 boni
405 1095 459 1130 studii
470 1095 591 1130 adolescentis
601 1106 622 1130 se
632 1105 688 1139 posse
699 1106 740 1129 con-

38 1149 96 1182 fidere
107 1148 241 1190 animaduertit,
252 1159 296 1182 mox
308 1159 373 1183 omnes
384 1148 465 1193 pueriles
479 1153 530 1182 actus
541 1148 560 1182 in
572 1159 595 1182 eo
606 1153 683 1189 resecat,
695 1153 713 1182 et
725 1147 741 1182 si

38 1200 95 1245 quid*
108 1201 259 1245 reprehensionis
272 1212 315 1236 eum
328 1201 425 1236 admittere
440 1200 534 1244 comperit,
548 1211 585 1235 non
599 1201 658 1235 solum
673 1200 741 1241 verbis,

38 1254 72 1287 sed
88 1258 106 1287 et
120 1254 229 1287 verberibus
244 1264 287 1288 eum
302 1254 395 1297 corripuit.
418 1253 544 1298 Equanimiter
556 1253 664 1287 adolescens
677 1259 741 1287 cuncta
750 1263 770 1283 ao

39 1305 122 1348 sustinet,
130 1307 149 1340 in
157 1306 254 1341 excercitio
264 1312 327 1341 sancte
334 1306 411 1341 actionis
419 1306 482 1348 feruet,
488 1311 506 1341 et
511 1305 587 1340 aliorum
595 1306 715 1340 contumelias
723 1312 741 1341 et

38 1359 137 1403 opprobria
147 1360 242 1403 pacienter
253 1360 322 1402 suffert,
334 1371 378 1404 erga
390 1370 455 1394 omnes
467 1359 539 1394 sincere
552 1358 645 1394 charitatis
656 1359 741 1394 affectum

39 1423 121 1446 seruans,
144 1412 188 1446 Post
199 1413 268 1456 aliquot
278 1423 322 1447 vero
334 1423 393 1447 annos
404 1413 511 1447 adolescens
520 1412 626 1447 infirmitate
636 1412 742 1457 depressus

39 1466 63 1500 ad
76 1471 180 1500 extremum
192 1466 230 1500 vite
245 1466 302 1501 finem
317 1466 396 1500 deuenit.
418 1466 585 1511 Appropinquante
600 1470 662 1500 autem
678 1465 743 1500 mortis

39 1519 120 1561 articulo,
132 1519 234 1554 Anselmus
245 1519 329 1554 familiari
340 1519 423 1563 precepit
435 1519 513 1563 alloquio
524 1518 610 1562 quatinus
621 1524 663 1562 post
674 1517 743 1554 obitum
753 1530 771 1559 ²5

40 1583 100 1613 suurn,
111 1572 127 1606 si
138 1572 227 1615 possibile
240 1573 292 1615 foret,
306 1572 341 1607 sibi
354 1578 422 1607 statum
434 1583 488 1607 suum
502 1573 598 1606 reuelaret.
620 1572 712 1613 Promisit,
725 1578 743 1606 et

40 1624 117 1659 transiit.
139 1624 241 1660 Anselmus
253 1636 303 1668 vero,
316 1637 353 1670 quo
366 1625 442 1660 liberius
457 1636 491 1670 pro
505 1636 527 1660 eo
540 1635 607 1669 preces
621 1625 711 1667 funderet,
724 1624 743 1659 in

40 1679 159 1713 secretiorem
172 1679 249 1713 ecclesie
265 1679 325 1713 locum
340 1679 422 1714 secessit.
445 1679 469 1712 Et
484 1689 525 1712 cum
541 1678 590 1713 inter
604 1678 709 1722 lachrymas
726 1684 744 1713 et

40 1731 127 1775 grauem⁶
134 1731 195 1766 cordis
204 1731 307 1766 mesticiam
316 1732 379 1766 oculos
389 1731 408 1766 in
416 1742 516 1776 sompnum
523 1731 618 1777 paululum
627 1731 744 1776 deprimeret,

40 1783 85 1818 vidit
100 1784 119 1818 in
134 1784 198 1828 spiritu
212 1786 302 1828 quosdam
318 1786 416 1820 reuerendi
430 1786 497 1826 vultus,
512 1784 648 1819 candidissimis
662 1783 745 1819 vestibus
754 1794 773 1824 50

41 1842 121 1878 ornatos,
130 1837 205 1871 domum
215 1837 234 1871 in
243 1848 279 1880 qua
290 1839 387 1872 Osbernus
396 1838 451 1871 iacuit
460 1837 534 1879 intrare,
542 1843 560 1871 et
570 1836 623 1881 quasi
632 1837 655 1870 ad
665 1836 744 1870 iudican-

42 1891 85 1925 dum
95 1890 165 1926 sedere.
188 1889 211 1925 Et
219 1901 261 1925 cum
269 1890 330 1925 iudicii
340 1890 451 1926 sententiam
461 1890 559 1936 ignoraret,
567 1900 644 1934 eamque
656 1890 744 1924 sollicitus

41 1954 97 1978 nosse
114 1943 233 1984 desideraret,
248 1955 292 1978 ecce
309 1944 406 1979 Osbernus
421 1945 479 1987 adest,
494 1943 559 1978 similis
577 1943 647 1977 homini
663 1953 705 1978 cum
720 1954 744 1978 ex

41 1996 130 2040 languore
141 2001 171 2030 aut
183 2007 206 2029 ex
217 1996 273 2029 nimia
287 1997 381 2040 sanguinis
397 1996 498 2031 minutione
514 1997 567 2030 fuerit
581 1995 691 2030 exinanitus.
713 1996 744 2029 Ad

42 2059 97 2092 quem
105 2047 235 2093 pater:‘Quid
243 2054 276 2090 est,
284 2048 324 2083 fili?
343 2049 439 2092 Quomodo
447 2052 490 2084 es?'
510 2049 542 2084 Cui
549 2048 744 2092 illeresponditt‘llle
753 2058 771 2089 35

42 2103 127 2147 antiquus
136 2114 214 2147 serpens
223 2108 252 2138 ter
262 2103 362 2138 insurrexit
372 2103 391 2138 in
401 2115 436 2145 me,
447 2109 465 2137 et
476 2109 504 2137 ter
513 2102 577 2137 cecidit
588 2101 607 2135 in
617 2101 744 2145 semetipsum,

42 2161 60 2190 et
68 2156 150 2191 ursarius
160 2155 228 2191 domini
238 2155 268 2190 dei
277 2155 360 2190 liberauit
369 2157 410 2190 me.¹
434 2156 475 2199 Quo
484 2156 532 2189 dicto
541 2155 638 2189 Osbernus
647 2164 684 2188 non
694 2165 745 2189 com-

42 2209 108 2253 paruit.
131 2209 188 2245 Cuius
203 2211 260 2245 verba
274 2209 375 2244 Anselmus
388 2209 512 2256 interpretans
525 2208 581 2245 dixit:
597 2207 644 2243 ‘Ter
659 2207 745 2252 antiquus

43 2273 122 2307 serpens
129 2264 229 2298 insurrexit
237 2264 256 2297 in
265 2274 312 2304 eum,
320 2263 363 2308 quia
371 2264 394 2298 de
402 2263 481 2307 peccatis
489 2274 525 2308 que
533 2267 575 2307 post
582 2261 693 2306 baptismum
703 2267 745 2297 ante

43 2316 137 2359 religionis
147 2316 252 2359 ingressum
262 2316 383 2357 commiserat,
391 2317 488 2350 accusauit.
511 2316 540 2349 De
547 2315 627 2360 peccatis
637 2315 693 2349 etiarn
703 2322 746 2361 post
754 2325 774 2356 40

43 2367 149 2413 ingressum
160 2369 254 2414 religionis
265 2376 308 2405 ante
319 2369 453 2415 professionem
465 2380 526 2412 suam;
538 2374 556 2404 et
568 2368 623 2405 etiarn
632 2370 656 2405 de
666 2369 747 2415 peccatis

43 2428 85 2465 post
98 2423 239 2467 professionem,
252 2434 288 2467 que
301 2429 344 2458 ante
357 2423 425 2457 obitum
439 2433 493 2457 suum
506 2427 574 2466 egerat,
586 2422 638 2456 illum
649 2424 747 2461 accusauit.

44 2474 82 2509 Sed
89 2479 118 2509 ter
126 2475 191 2510 cecidit
201 2475 220 2510 in
230 2475 357 2520 semetipsum,
366 2475 408 2520 quia
417 2481 492 2520 peccata
502 2475 564 2520 quein
572 2475 635 2510 seculo
643 2476 748 2520 admiserat,

64 2577 98 2608 ¹E.
106 2578 182 2609 delinere.
218 2578 329 2611 ²T.cifrenis.
366 2580 494 2611 'Esubtrahet
531 2579 566 2612 1Ε.
574 2582 621 2620 quod.
659 2582 749 2620 *agant
