1762 2803
133 139 177 190 466
215 179 216 182 ,
323 134 403 186 mona
419 130 535 193 aaaron
550 131 643 192 analio.

134 257 218 290 doctores
233 254 290 289 iratus
306 259 333 288 est
346 254 431 288 dominns
445 253 476 297 qui
490 254 547 287 libros
560 253 633 288 diuinos
648 253 768 297 negligentes,
783 263 836 287 curas

134 310 188 343 huius
199 309 262 342 mundi
272 318 314 342 cum
325 308 375 341 omni
386 307 482 341 affectione
493 312 553 350 agunt.
577 306 619 340 Rex
631 306 680 341 enim
690 312 708 341 et
718 306 810 347 sacerdos,
819 312 836 341 et

134 360 266 404 vnusquisque,
275 372 312 393 non
323 361 372 404 quod
383 361 471 403 scriptum
483 366 516 400 est,
525 360 558 392 sed
570 361 618 403 quod
631 365 701 392 rectum
713 358 747 392 sibi
759 358 835 401 videtur,

134 415 168 448 hoc
182 413 229 447 facit.
251 414 279 447 Tu
294 418 360 454 autem,
373 413 462 457 inquiunt,
476 413 536 447 fidelis
551 418 591 447 esto
606 412 728 457 dispeusator,
744 410 788 445 nihil
804 411 836 445 tibi

117 472 197 511 5preter
213 466 281 500 victum
296 470 314 499 et
327 466 458 500 vestimentum
473 466 578 500 vendicans.
601 465 637 508 Qui
652 464 702 499 enim
718 464 744 498 sic
759 463 837 498 libenter

135 522 236 565 dampnum
245 521 290 555 sicut
299 521 361 554 datum
370 520 477 564 susceperit,
486 531 507 554 os
515 525 607 555 mutorum
616 519 687 564 aperire
697 519 768 563 poterit.
792 518 837 552 Esto

135 574 180 608 nihil
194 573 305 615 mendicans,
318 574 363 607 nulli
376 584 452 618 negans.
476 574 515 607 Deo
527 572 594 606 odibile
606 578 634 607 est
646 572 705 606 aliena
714 576 807 615 appetere,
819 578 836 605 et

134 625 210 671 propria
218 626 302 660 retinere.
325 626 404 671 Pauperi
412 626 461 660 enim
470 631 487 660 et
495 625 561 660 vinctis
572 624 657 659 conuenit
667 630 741 670 petere3
754 624 837 658 habenti-

135 680 169 713 bus
177 684 244 720 autem,
252 679 376 722 indigentibus
384 680 498 721 dispensare.
522 679 629 711 Eiemosine
637 689 686 718 vero,
695 679 745 710 nullo
756 683 836 719 rogante,

110 747 126 767 ro
135 731 247 776 pauperibus
260 733 361 774 errogande
375 738 429 772 sunt;
442 732 491 765 bona
502 742 575 775 quoque
588 731 606 764 in
620 742 685 765 onrnes
697 730 782 764 homines
794 741 837 773 ope-

135 785 192 818 randa
202 788 250 818 sunt.
274 784 347 818 Nullam
359 795 422 819 curam
433 783 487 818 huius
499 783 556 818 seculi
568 783 663 827 suscipias,
675 794 721 827 pura
733 781 799 817 mentis
810 782 837 816 in·

135 836 228 882 dulgentia
240 838 288 871 bona
301 849 335 881 pro
347 837 400 872 malis
416 849 491 881 semper
506 838 603 880 rependas,
627 836 702 870 Nullum
717 836 760 870 boni
776 835 837 879 operis

136 889 245 925 sacrificium
256 891 282 924 sic
293 892 327 924 deo
339 897 435 935 acceptum
447 891 540 934 probatur,
553 890 600 923 sicut
611 894 674 923 contra
685 900 750 923 omnes
762 888 837 922 iniurias

136 945 256 978 mansuetudo
272 944 338 987 cordis,
353 955 454 989 perquam
470 945 548 978 aduersa
562 949 580 977 et
592 945 673 988 dampna
686 943 738 988 quasi
753 944 804 977 lucra
819 949 837 977 et

108 1008 127 1037 15
136 1008 230 1041 prospera,
239 1009 272 1041 spe
282 998 343 1032 future
353 998 507 1032 remunerationis
516 998 534 1031 in
545 998 619 1031 domino
630 999 677 1032 letus
689 997 775 1041 suscipit!
799 997 837 1031 lllis

136 1057 196 1085 autern
210 1050 229 1083 in
243 1052 282 1084 celo
295 1051 379 1095 receptis,
393 1052 467 1092 Furseo,
480 1062 521 1085 cum
535 1051 593 1084 tribus
607 1051 677 1095 angelis
689 1051 734 1092 solo,
746 1050 837 1084 maximus

135 1103 294 1148 appropinquabat
309 1103 368 1146 ignis:
385 1105 417 1137 sed
433 1105 515 1147 angelus,
532 1103 578 1137 sicut
594 1110 641 1146 ante,
656 1104 738 1138 medium
752 1104 837 1137 findens¹

136 1162 154 1190 et
169 1156 254 1190 diuidens
273 1157 339 1199 ignem,
351 1157 411 1190 uirum
427 1167 483 1189 vnum
503 1168 527 1190 ex
545 1156 587 1199 igne
606 1156 733 1200 prosilientem
749 1157 837 1190 demones

136 1218 192 1252 super
200 1208 297 1241 humerum
306 1208 370 1242 Fursei
381 1215 399 1242 et
410 1208 502 1242 maxillam
514 1208 553 1242 eius
563 1209 665 1252 proliciunt.
689 1209 779 1252 Cognouit
789 1210 837 1242 enim

109 1271 127 1290 ²0
136 1262 200 1302 uirum,
209 1263 257 1305 quod
266 1262 282 1295 ei
290 1261 420 1296 vestimentum
429 1262 524 1305 proprium
532 1262 614 1296 moriens
624 1262 730 1297 contulerat.
755 1262 838 1297 Humero

136 1325 179 1349 uero
188 1319 206 1347 et
214 1314 288 1349 maxilla
294 1314 358 1348 Fursei
366 1326 377 1349 a
384 1315 448 1350 veste2
458 1315 563 1351 combustis.
572 1315 605 1359 [in]
614 1314 691 1360 igne[m]
697 1315 708 1358 ⁵,
716 1316 764 1350 vnde
776 1315 838 1357 exiuit,

137 1370 159 1402 ab
171 1369 237 1411 angelo
249 1369 347 1412 proiicitur.
370 1370 422 1403 Tunc
433 1370 499 1402 demon
508 1370 547 1403 viro
558 1375 621 1403 sancto
633 1369 668 1403 ait:
687 1370 738 1403 ‘Noli
749 1370 838 1413 repellere

136 1421 197 1465 quod⁴
208 1427 250 1454 ante
258 1422 366 1465 suscepisti3
379 1423 421 1466 quia
431 1423 478 1455 sicut
490 1422 529 1455 eius
541 1423 589 1455 bona
601 1422 703 1465 suscepisti,
711 1423 737 1456 sic
750 1423 773 1456 de
785 1424 839 1465 penis

137 1474 176 1508 eius
188 1474 280 1517 particeps
293 1484 335 1508 esse
349 1475 416 1508 debes.y
440 1474 473 1508 Cui
486 1474 573 1518 angelus:
586 1475 638 1508 ‘Non
652 1480 728 1518 propter
739 1475 838 1517 auaritiam,

110 1542 127 1569 ²5
137 1528 169 1560 sed
178 1532 253 1571 propter
263 1527 342 1559 animam
353 1527 401 1560 illins
412 1527 525 1560 liberandam
537 1528 628 1570 suscepit)
651 1527 735 1570 Cumque
747 1533 838 1560 cessasset

137 1579 190 1621 ignis,
199 1579 223 1611 ait
231 1580 318 1621 angelus:
331 1580 394 1620 ‘Quod
406 1580 511 1620 accendisti,
519 1581 553 1612 hoc
562 1580 606 1612 arsit
617 1580 635 1613 in
646 1585 669 1613 te.
692 1580 712 1613 Si
722 1581 772 1613 enim
784 1580 838 1613 huius

137 1632 177 1671 viri,
186 1630 204 1664 in
213 1632 292 1675 peccatis
300 1632 339 1665 suis
347 1634 419 1673 mortui,
428 1638 498 1666 vestem
510 1642 547 1666 non
558 1634 679 1677 suscepisses,
688 1644 722 1667 nec
732 1644 780 1678 pene
791 1633 839 1667 illins

137 1686 156 1718 in
171 1695 248 1728 corpore
260 1691 291 1719 tuo
305 1686 370 1719 ardere
387 1688 473 1730 possent!
497 1680 564 1720 Multis
577 1686 626 1719 enirn
642 1686 798 1721 exhortationibus
812 1687 839 1720 in·

138 1742 228 1780 structus,
243 1749 310 1782 corpus
322 1749 376 1772 suurn
388 1738 440 1782 quasi
453 1739 534 1782 ignotum
547 1740 625 1772 cadauer
639 1738 763 1778 considerans,
777 1745 795 1773 et
808 1740 839 1773 ab·

111 1807 129 1834 30
138 1792 221 1833 horrens,
230 1792 278 1825 nolle
288 1792 322 1835 [se]
331 1791 391 1825 eidem
400 1792 548 1836 appropinquare
557 1792 657 1836 respondit.
680 1792 769 1837 Precepto
777 1799 839 1827 tamen

138 1843 197 1889 angeli
206 1845 283 1888 qualiter
291 1855 357 1888 corpus
366 1856 420 1879 suum
431 1845 504 1879 intrauit
514 1845 561 1879 scire
572 1857 608 1879 non
620 1845 684 1889 potuit.
708 1846 731 1879 Et
741 1857 839 1890 exurgens,

137 1910 158 1931 ac
166 1899 306 1931 circumstantes
314 1898 410 1940 aspiciens,
419 1899 563 1940 magnitudinem
571 1899 651 1931 humane
662 1899 737 1931 stultitie
745 1900 838 1940 ingemuit,

137 1951 214 1983 arduum
228 1955 246 1983 et
260 1949 353 1983 difficilem
365 1950 462 1984 transitum
473 1951 571 1991 admirans,
584 1956 601 1984 et
613 1950 765 1984 remunerationis
777 1951 839 1985 diuine

138 2002 287 2047 magnitudinem.
311 2003 382 2036 Deinde
395 2003 444 2037 enim
458 2004 530 2048 signum
543 2003 627 2044 incendii,
639 2004 687 2047 quod
699 2004 717 2037 in
729 2005 789 2038 anima
801 2004 839 2038 sola

110 2068 127 2097 35
138 2055 217 2100 pertulit,
226 2056 321 2090 visibiliter
331 2056 350 2089 in
361 2057 438 2091 humero
447 2057 490 2091 etin
499 2055 572 2090 maxilla
583 2066 657 2100 semper
665 2057 748 2099 portauit.
772 2057 839 2102 Elapso

137 2110 191 2143 vuius
204 2109 248 2142 anni
262 2109 334 2150 circulo,
347 2110 400 2143 vnius
414 2110 450 2143 diei
465 2110 500 2144 iter
513 2109 547 2143 sibi
563 2109 663 2144 iniunctum
679 2110 735 2144 luisse
750 2112 840 2150 recolens,

138 2164 222 2196 molestia
237 2161 326 2205 corporali
342 2168 437 2205 correptus
450 2163 494 2195 uidit
506 2163 591 2204 angelum
608 2162 676 2195 domini
690 2164 743 2195 vnins
757 2163 792 2195 diei
805 2164 840 2196 iter

138 2215 173 2249 sibi
185 2221 314 2258 exponentem,
325 2225 346 2248 ac
358 2215 453 2249 duodecim
466 2226 524 2249 annos
536 2215 555 2248 in
566 2226 622 2258 opere
636 2215 765 2259 predicationis
778 2217 838 2259 ipsum

138 2268 272 2313 completurum
284 2267 416 2312 predicentem.
439 2267 519 2302 Demum
530 2267 548 2302 in
557 2268 643 2312 Angliam
656 2280 697 2302 curn
708 2268 771 2313 paucis
781 2269 839 2303 iratri-

110 2322 172 2364 40bus
188 2321 294 2365 adueniens,
307 2332 318 2354 a
331 2332 374 2366 rege
388 2321 509 2356 Orientalium
524 2322 618 2356 Saxonum
633 2321 724 2366 Sigiberto
740 2324 839 2357 honorifice

138 2380 235 2418 susceptus
251 2381 284 2410 est.
307 2375 409 2419 Completis
422 2381 484 2409 autem
496 2376 593 2410 duodecim
606 2376 665 2418 annis,
676 2377 785 2418 infirmatus,
798 2388 839 2421 pre-

138 2428 223 2464 dicationi
240 2428 326 2463 insistere
345 2429 411 2472 angelo
430 2428 464 2462 sibi
483 2435 584 2473 apparente
600 2434 689 2463 monetur.
713 2430 787 2463 Nullum
802 2430 839 2465 vite

138 2482 195 2516 finem
203 2482 225 2515 ab
234 2483 299 2525 angelo
307 2481 386 2516 audiuit:
400 2482 434 2516 sed
441 2482 511 2516 intulit:
524 2482 613 2526 ‘Vigilate
621 2488 640 2517 et
649 2487 705 2525 orate,
713 2483 755 2527 quia
765 2482 839 2517 nescitis

138 2535 187 2568 diem
202 2545 262 2576 neque
275 2536 350 2568 horam!
373 2535 426 2575 Quod
442 2535 546 2577 intelligens
561 2535 589 2568 vir
602 2536 637 2575 dei,
649 2535 668 2568 in
682 2536 722 2568 loco
735 2537 839 2569 Knoberes-

137 2630 142 2648 4
152 2591 226 2668 ἐίεὲυἷὲ
236 2592 253 2622 E.
262 2592 346 2629 scindens,
358 2592 398 2623 Boll.
407 2592 480 2632 findebat,
490 2597 505 2622 et
513 2602 543 2623 om.
569 2592 678 2623 ²av.nl.om.
704 2591 738 2624 ΞΤ,
746 2594 764 2623 E.
772 2592 838 2630 abigne.
