1762 2803
87 122 89 128 ’
128 113 173 166 684
392 109 515 170 buuuuutt
533 112 564 156 ΙΙ.

126 232 192 275 liguum
200 231 269 273 findere,
278 232 349 265 securim
357 233 429 266 latenter
437 231 521 276 arripiens
528 232 609 267 velociter
619 232 664 276 cepit
672 243 729 276 agere.
753 234 830 277 Cumque

128 284 183 316 minus
198 290 253 324 caute,
268 283 306 316 forti
321 290 379 317 tamen
393 291 411 316 ut
426 284 481 326 potuit
496 284 561 328 impetu
576 284 648 317 securim
664 284 710 326 ligno
725 290 829 325 concuteret,

128 332 201 366 securim
212 333 230 365 in
242 335 285 367 duas
296 341 353 376 partes
364 334 419 377 tregit,
428 334 518 377 ipsumque
529 345 568 368 cum
579 345 645 368 merore
657 340 673 368 et
684 335 737 376 luctu,
745 335 831 377 flagellum

128 383 181 424 patris
196 390 279 424 metuens,
295 385 379 417 secrecius
394 395 427 427 quo
443 385 499 428 potuit
514 386 546 418 sub
565 386 641 428 quodem
659 385 734 418 scabello
753 384 831 418 occuluit.

111 446 120 474 5
129 434 208 466 Preterea
216 434 233 465 in
241 445 259 466 se
267 434 304 476 ipso
316 435 428 467 considerans
438 435 525 468 derectum
535 435 564 478 qui
574 436 666 477 acciderat,
674 441 692 469 et
703 441 770 477 patrem
782 444 831 468 suum

128 483 158 516 diu
165 483 218 516 latere
226 494 261 516 non
268 494 324 526 posse,
332 494 387 518 nouos
394 485 496 528 multiplicat
507 486 580 528 gemitus
591 490 607 518 et
619 484 699 518 lacrimas
711 484 832 519 habundanter

128 533 209 574 effundit;
221 535 291 567 tandem
302 546 341 568 cum
352 535 427 569 lacrimis
438 542 517 570 sanctum
525 546 583 579 regem
595 542 612 570 et
622 534 709 569 martirem
720 535 832 569 Edmundum

129 583 228 627 suppliciter
236 585 311 618 exorauit
323 592 341 619 ut
353 587 385 619 sibi
398 587 503 621 subueniret.
526 587 584 620 Finita
592 598 631 619 cum
639 586 707 619 fletibus
716 586 800 627 oracione,
808 585 832 618 ad

128 635 185 667 iocum
192 635 287 675 regreditur
294 636 323 668 vbi
331 637 405 668 securim
412 638 485 669 fractum
492 642 596 679 reposuerat,
604 641 622 669 ut
631 637 648 668 in
660 636 694 669 alio
701 636 740 669 loco
747 634 831 668 secrecius

102 696 121 718 ro
129 684 254 718 absconderet:
272 686 345 719 securim
357 696 418 720 sanum
432 692 448 719 et
460 686 595 729 redintegratum
608 685 677 720 inuenit.
705 688 754 719 Tunc
769 695 832 727 magno

129 734 182 768 iubilo
195 735 295 778 tripudians,
308 737 359 770 deum
371 743 388 770 et
401 743 480 769 sanctum
493 737 606 769 Edmundum
619 742 669 779 prout
683 736 732 770 sciuit
745 742 762 770 et
777 735 832 778 potuit

129 784 251 828 magnificauit.
275 789 336 820 Postea
348 787 394 820 idem
408 788 493 820 lohannes
505 788 579 829 adultus,
591 787 608 820 in
621 787 662 821 villa
675 788 730 821 sancti
743 786 832 820 Edmundi

130 837 175 870 circa
183 848 237 870 annos
243 837 306 870 Christi
314 846 355 879 1349
362 848 474 879 commorans,
481 849 491 870 a
498 838 550 871 laude
558 838 612 871 sancti
618 838 707 870 Edmundi
712 849 746 870 non
753 837 832 870 cessauit.

131 888 187 929 Quem
198 888 250 919 frater
264 888 341 920 Thomas
354 887 376 919 de
389 887 489 919 Thakstede
502 892 519 919 et
530 887 582 920 irater
595 886 681 920 Henricus
695 888 717 920 de
731 886 833 919 Kirkestede

103 946 109 967 ι
112 946 121 977 5
130 935 236 969 familiariter
245 942 365 978 cognominat,
373 942 390 970 et
398 935 444 970 istud
452 936 553 970 miraculum
561 937 583 970 ab
592 947 613 970 eo
621 937 723 971 didicerunt.

168 1018 187 1050 St
200 1016 240 1050 villa
253 1018 327 1061 quedam
342 1017 359 1051 in
373 1017 493 1052 Northiolchia
505 1018 532 1052 cui
545 1029 609 1052 nomen
621 1018 756 1060 Wymundham,
767 1018 785 1051 in
799 1028 833 1061 qua

200 1067 258 1109 vigent
273 1068 324 1101 villici
342 1068 419 1101 claritate
434 1069 473 1102 fidei
491 1069 571 1111 precipue
590 1069 728 1109 commendandi,
743 1074 761 1101 et
779 1069 833 1101 vlrtus

131 1117 185 1152 sancti
193 1118 282 1152 Edmundi
294 1118 311 1152 in
323 1118 364 1161 ipsis
374 1119 480 1153 admiranda.
504 1120 570 1153 Pluries
581 1129 656 1162 namque
667 1130 777 1152 cumeorum
788 1125 833 1152 terre

130 1168 206 1211 ceperint
213 1178 290 1201 arescere
300 1180 331 1211 pro
342 1170 399 1211 pluuie
411 1170 483 1209 defectu,
491 1169 569 1211 protinus
579 1175 667 1211 expertum
676 1169 771 1202 remedium
781 1168 833 1201 nichil

102 1230 122 1250 ao
130 1217 224 1251 hesitantes
239 1219 333 1262 exquirunt.
356 1220 439 1253 Sanctum
454 1219 533 1253 videlicet
549 1218 661 1253 Edmundum
676 1218 741 1252 sanctis
754 1218 833 1262 precibus

130 1275 206 1309 exorant,
215 1275 231 1303 et
239 1269 272 1302 sibi
281 1269 302 1303 de
310 1281 350 1302 cera
357 1271 478 1303 munusculum
486 1281 577 1313 preparare
587 1270 673 1311 festinant,
681 1276 698 1303 et
706 1269 769 1303 deinde
777 1270 834 1303 locum

129 1320 166 1353 eius
178 1320 224 1362 apud
237 1320 277 1353 Buri
288 1320 352 1363 pariter
364 1321 432 1354 visitare
445 1321 543 1363 disponunt¹
567 1321 605 1354 Nec
616 1320 714 1362 aliquando,
726 1326 785 1353 sancto
797 1320 833 1353 Ed-

130 1369 195 1403 mundo
214 1370 323 1412 suffragante,
338 1381 349 1403 a
364 1381 395 1404 suo
412 1375 452 1404 voto
470 1370 575 1411 fraudantur,
591 1370 632 1412 quin
651 1376 744 1412 antequam
763 1371 834 1403 domum

130 1419 210 1453 redierint
218 1418 357 1453 habundantibus
365 1421 427 1463 pluuiis
435 1426 489 1454 terras
496 1431 555 1453 eorum
562 1419 628 1462 irrigari
636 1420 713 1462 letentur,
722 1426 739 1453 et
747 1419 834 1453 vberiores

104 1481 122 1511 25
131 1480 182 1512 quam
190 1470 239 1503 terris
247 1470 367 1504 adiacentibus
374 1471 439 1503 fructus
447 1471 549 1512 gratulando
557 1470 658 1513 percipiant.

257 1602 288 1634 DE
300 1609 385 1635 unacfflo
396 1609 455 1635 PUERI
467 1609 581 1635 CONFRACTO
593 1608 618 1634 ET
629 1608 708 1634 anATo.

169 1674 207 1706 Irca
218 1684 284 1706 annum
296 1674 361 1708 domini
374 1674 474 1709 M.ccc.xlix.
486 1679 522 1708 erat
536 1674 553 1708 in
569 1673 656 1708 Holondie
671 1672 749 1715 partibus
764 1673 835 1716 quidam

190 1724 240 1762 miles
253 1724 333 1767 prediues
345 1731 362 1758 et
374 1725 408 1759 deo
420 1725 497 1767 deuotus,
511 1724 559 1757 cuius
574 1724 645 1768 quidam
656 1725 730 1757 famulus
745 1735 785 1757 cum
799 1725 835 1757 filio

131 1775 196 1810 domini
215 1774 248 1816 sui,
263 1781 322 1808 tenere
341 1776 410 1818 quidem
430 1777 486 1818 etatis,
501 1777 568 1817 ludens,
584 1785 657 1818 eumque
676 1774 786 1808 circumcirca
805 1785 835 1817 per

131 1825 222 1860 brachium
238 1825 322 1868 irretitam,
338 1826 428 1860 brachium
443 1826 491 1870 pueri
507 1826 599 1860 casualiter
613 1825 664 1868 rupit.
687 1826 769 1859 Famulus
784 1824 835 1867 igitur

104 1889 123 1917 3⁰
132 1878 211 1910 confusus
219 1883 236 1909 et
244 1877 261 1908 in
269 1878 333 1909 luctum
341 1887 439 1917 conuersus,
447 1886 519 1919 puerum
526 1882 624 1917 gementem
632 1875 692 1908 nutrici
701 1875 723 1907 ad
731 1875 835 1916 placandum

131 1926 216 1960 secrecius
227 1926 317 1959 commisit.
341 1926 393 1968 Quod
404 1937 443 1959 cum
454 1925 511 1959 nutrix
521 1925 635 1968 cognouisset,
644 1925 693 1967 quasi
703 1934 762 1958 amens
774 1925 835 1958 effecta

131 1977 211 2011 lacrimas
227 1978 290 2011 multas
303 1982 321 2011 et
334 1976 419 2020 singultus
433 1976 501 2018 emisit3
519 1986 625 2019 puerumque
638 1975 733 2016 delinitum,
745 1974 762 2008 in
773 1976 835 2009 lectulo

132 2027 227 2068 collocauit,
235 2032 252 2060 et
259 2027 349 2061 brachium
358 2027 394 2060 eius
402 2038 442 2061 curn
449 2027 529 2060 mollibus
537 2027 633 2068 panniculis
641 2026 733 2068 colligauit,
741 2033 758 2059 et
766 2038 805 2059 eum
813 2027 835 2059 ad

131 2077 198 2120 sompni
206 2078 280 2120 quietem
288 2077 373 2111 excitauit.
396 2079 474 2121 Cumque
481 2077 538 2110 nutrix
545 2087 598 2120 puero
610 2077 705 2110 dormiente
712 2078 781 2119 lugeret,
790 2076 835 2120 cepit

105 2143 123 2171 35
132 2131 185 2165 tristis
193 2131 268 2171 cogitare
276 2131 290 2163 si
298 2131 345 2173 quod
353 2138 412 2173 posset
420 2131 490 2163 tristicie
498 2142 528 2163 sue
537 2130 662 2163 consolacionis
670 2129 726 2161 afferri
735 2130 836 2162 remedium.

133 2181 165 2213 Cui
178 2180 236 2213 statim
249 2180 266 2212 in
279 2180 381 2214 memoriam
395 2181 442 2214 venit
455 2181 509 2213 virtus
521 2180 642 2214 miraculorum
654 2185 671 2214 et
684 2179 787 2223 irequencia,
803 2189 836 2222 que

133 2237 202 2266 sanctus
218 2241 248 2264 rex
262 2237 279 2264 et
294 2230 355 2265 martir
370 2231 473 2265 Edmundus
491 2241 569 2264 exercere
588 2229 665 2264 solebat:
685 2236 726 2264 tunc
744 2229 789 2274 cepit
808 2230 836 2263 illa

100 2320 103 2325 ,
132 2288 210 2316 sanctum
220 2281 308 2314 martirem
317 2281 412 2324 deprecari,
419 2288 437 2314 et
447 2283 513 2314 orando
525 2292 588 2314 vouere
599 2281 646 2324 quod
657 2280 672 2313 si
683 2291 755 2322 puerum
767 2281 836 2314 sanitati

132 2331 234 2373 restituerety
242 2332 322 2365 feretrum
330 2331 365 2364 eius
373 2343 413 2364 cum
423 2332 513 2365 oblacione
520 2332 602 2365 visitaret.
625 2332 664 2364 Nec
674 2332 745 2364 multum
753 2337 792 2372 post
800 2331 836 2363 eius

104 2394 125 2424 40
132 2389 193 2417 votum
205 2391 248 2424 puer
258 2382 281 2414 de
291 2382 354 2414 lectulo
366 2382 455 2415 clamitans
465 2381 558 2415 vociferare
567 2380 618 2423 cepit.
641 2378 708 2422 Quem¹
718 2391 758 2413 cum
770 2380 799 2413 illa
809 2391 836 2413 re-

133 2433 206 2476 quireret
220 2432 306 2475 quomodo
319 2442 338 2464 se
353 2432 430 2473 haberet,
444 2432 472 2465 ille
487 2431 575 2474 respondit
591 2430 632 2473 quia
646 2433 697 2474 plene
712 2441 764 2464 sanus
779 2437 836 2471 esset;

133 2482 234 2525 addiditque
242 2484 287 2526 quod
297 2482 346 2516 miles
355 2482 425 2526 quidam
437 2481 575 2525 pulcherfflimus
587 2480 620 2515 sibi
632 2481 714 2515 astitisset
725 2488 837 2525 sanassetque

439 2579 445 2597 ¹
456 2578 489 2609 MS.
497 2578 531 2610 Cui.
