1762 2803
251 85 296 140 bt
312 82 412 137 &aucto
429 83 549 137 eilberto.
702 98 744 142 471

46 204 149 239 necessaria
167 204 233 239 inmitti
250 212 326 249 possent
341 207 443 240 statuendo.
466 207 565 241 Crescente
581 207 655 240 demum
671 216 748 239 numero

46 258 122 292 fratrum
128 263 146 291 et
152 269 242 300 sororum,
249 259 357 293 Cistercium
365 260 388 292 ad
396 270 463 303 papam
471 260 573 304 Eugenium
580 260 623 294 adiit
631 271 635 294 :
647 259 748 294 monachos

46 309 115 344 ordinis
132 310 185 352 illius,
198 316 261 355 utpote
276 312 339 355 regule
355 312 442 354 arctioris,
456 322 489 345 suo
504 313 555 357 operi
570 313 644 357 incepto
659 312 748 356 preficere

46 360 132 395 decreuit.
155 361 246 395 Dominus
257 367 318 396 autem
329 373 378 405 papa
388 368 407 397 et
417 363 544 398 cistersienses
552 364 633 405 abbates
641 363 711 397 ordinis
720 362 748 396 sui

47 414 147 447 monachos
160 414 236 448 aliorum
249 414 337 459 religioni,
351 420 368 449 et
380 415 478 458 presertim
494 416 606 458 monialium,
618 426 695 460 preesse
711 425 765 456 non5

47 466 102 501 licere
114 467 204 503 dixerunt.
228 468 275 503 Data
287 473 315 503 est
327 474 388 503 autem
400 474 418 503 et
429 468 509 503 iniuncta
521 469 573 503 beato
585 468 667 503 Gilberto
678 480 689 503 a
700 479 749 513 papa

48 520 130 562 Eugenio
142 521 224 555 custodia
235 522 297 565 gregis
309 522 348 556 sui:
364 527 383 556 et
394 523 452 556 beatis
465 523 554 557 Malachie
566 523 677 557 hiberniensi
690 521 748 556 archi-

47 572 134 617 episcopo
144 579 162 607 et
173 574 268 609 Bernardo
279 575 405 609 clareuallensi
416 575 475 609 abbati
485 575 503 608 in
514 575 545 609 illo
555 576 620 610 itinere
631 576 677 610 adeo
685 574 748 609 famili-

47 625 84 659 aris
92 625 168 661 effectus
179 633 213 670 est,
220 633 239 661 vt
248 627 288 672 ipso
299 628 338 662 solo
349 633 434 672 presente
446 639 481 672 per
491 630 592 663 orationem
604 639 667 663 corum
677 628 747 663 cuidam

47 683 110 722 egroto
116 680 173 713 fertur
181 682 250 714 sanitas
257 681 326 714 collata.
342 681 424 723 insignia
433 682 488 715 etiam
493 681 566 723 amoris,
572 682 656 716 baculum
665 682 704 715 scil.
711 686 748 714 tam
759 694 776 714 ru

48 731 126 776 presulis
142 744 197 776 quam
212 733 287 774 abbatis,
301 733 319 767 in
335 734 401 777 quibus
416 733 493 768 virtutes
510 733 567 768 tacte¹
580 739 628 776 sunt,
642 734 717 778 accepit,
730 740 748 767 ct

47 783 127 818 orarium
135 796 176 819 cum
187 786 280 829 manipulo
289 787 307 819 in
320 786 500 820 monimentumlsui
512 786 568 820 abbas
580 787 630 820 dedit
642 786 663 820 ei.
708 779 749 819 Re-

47 848 123 881 gressus
142 843 203 872 autem
219 839 237 872 in
252 838 345 882 Angliam,
360 839 410 873 viros
425 838 520 880 discretos,
536 839 567 883 qui
582 844 620 873 tam
635 838 679 873 viris
694 849 749 882 quam

48 890 155 926 mulieribus
165 891 213 926 viam
223 891 287 927 salutis
298 892 401 936 panderent
411 896 430 926 et
441 891 533 936 pastorale
544 891 625 926 officium
635 890 749 934 exhiberent,

48 945 129 979 instituit.
153 946 261 980 Habitacula
270 945 377 980 clericorum
385 956 396 980 a
404 945 489 980 dontibus
497 946 603 980 monialium
611 946 674 990 procul
683 946 750 988 statuit,
759 958 778 987 ¹5

47 1003 67 1031 vt
74 998 156 1032 canonici
164 999 237 1043 longius
245 1000 268 1033 ab
276 998 311 1032 illis
319 998 390 1041 remoti,
399 998 469 1032 nullum
478 999 500 1032 ad
509 1009 541 1032 eas
553 999 642 1033 haberent
649 1008 750 1039 accessum,

49 1052 84 1084 nisi
98 1062 132 1093 pro
148 1052 294 1085 administrando
309 1052 370 1095 aliquo
385 1051 448 1086 diuino
463 1057 584 1093 sacramento,
602 1052 636 1086 sub
652 1052 750 1085 multorum

48 1103 157 1136 testimonio.
180 1104 242 1137 Videri
254 1109 315 1137 autem
327 1105 398 1137 detecta
409 1104 455 1137 tacte
465 1103 541 1137 omnino
552 1104 641 1137 moniales
653 1103 750 1146 prohibuit.

49 1156 150 1200 Quicquid³
164 1163 224 1191 autem
237 1157 287 1191 intus
299 1158 338 1191 siue
349 1163 401 1190 extra
412 1156 452 1190 fieri
466 1158 505 1190 siue
519 1156 618 1201 significari
629 1162 707 1200 oportet,
714 1156 751 1190 duo

48 1220 104 1243 senes
113 1211 183 1254 probati
192 1211 312 1252 extrinsecus,
320 1216 338 1244 et
346 1211 382 1244 due
389 1220 463 1244 sorores
469 1215 540 1244 mature
545 1210 629 1252 interius,
634 1211 750 1253 deputantur,
760 1222 779 1242 ro

48 1273 83 1305 per
88 1273 134 1305 quos
140 1268 210 1297 tantum
219 1263 254 1306 [se]
260 1264 356 1297 audientes
361 1268 379 1297 et
385 1269 448 1297 mutuo
454 1274 491 1297 non
497 1263 587 1304 videntes
594 1262 679 1307 quicquid
686 1273 750 1297 neces-

49 1315 118 1349 sarium
130 1321 158 1349 est
170 1316 270 1350 nunciatur.
294 1315 403 1350 Monialibus
414 1317 496 1359 regulam
508 1316 556 1350 beati
568 1315 668 1357 Benedicti,
679 1315 751 1350 clericis

48 1379 92 1403 vero
100 1368 181 1413 regulam
190 1368 247 1403 sancti
256 1368 354 1413 Augustini
362 1368 468 1413 proposuit:
481 1374 499 1403 et
507 1378 572 1413 eaque
582 1369 643 1404 minus
653 1369 671 1403 in
682 1368 751 1413 regulis

50 1422 86 1455 illis
97 1421 172 1464 inuenit,
181 1434 191 1456 a
203 1422 266 1456 multis
277 1422 394 1457 monasteriis
403 1423 480 1457 statuta¹
488 1422 581 1466 excerpsit
589 1428 607 1457 et
615 1422 693 1466 collegit,
702 1433 751 1466 pape

50 1475 133 1518 Eugenio
145 1474 194 1509 misit
206 1481 224 1508 et
236 1475 343 1509 confirmata
354 1475 428 1520 recepit.
452 1475 517 1509 Preter
527 1486 629 1519 pauperum
641 1480 659 1509 et
670 1475 751 1509 infirmo·
761 1488 779 1517 ²5

49 1539 96 1569 rum,
110 1528 230 1572 leprosorum,
242 1528 338 1562 viduarum
355 1533 373 1562 et
389 1528 513 1572 orphanorum
528 1528 641 1562 zenodochia
655 1539 691 1572 que
709 1539 751 1562 con-

50 1580 121 1622 struxit,
129 1580 216 1613 ecclesias
228 1581 359 1613 conuentuales
370 1580 469 1614 tresdecim
481 1592 549 1624 magno
560 1581 622 1615 labore
634 1586 652 1614 et
663 1581 752 1615 industria

49 1633 68 1667 in
83 1633 120 1667 vita
135 1644 168 1667 sua
184 1632 281 1676 constituit,
297 1633 315 1667 in
331 1633 397 1678 quibus
412 1634 490 1667 duorum
506 1633 576 1667 milium
596 1639 614 1668 et
632 1634 752 1668 ducentorum

50 1696 148 1720 numerum
156 1686 174 1720 in
183 1687 232 1720 obitu
240 1697 273 1721 suo
281 1686 359 1731 reliquit.
382 1686 483 1721 Omnium*⁵
493 1687 580 1720 ecclesias
588 1687 676 1730 equaliter
684 1687 752 1728 dilexit,

51 1745 69 1773 et
81 1740 129 1773 circa
140 1740 221 1773 omnium
233 1740 310 1783 negocia
323 1750 370 1783 eque
383 1739 470 1774 sollicitus
483 1739 521 1774 suit.
544 1739 624 1774 Maiores
637 1739 701 1784 culpas
713 1740 753 1774 eius
762 1750 781 1780 50

51 1792 131 1827 examini
139 1792 230 1827 reseruari
238 1793 305 1835 statuit,
314 1792 384 1827 minora
392 1793 457 1827 ceteris
465 1791 579 1827 discutienda
586 1793 663 1837 reliquit.
687 1792 753 1828 Libros

51 1847 118 1879 multos
126 1846 208 1889 scripsit3
220 1847 276 1879 verba
283 1846 323 1880 eius
331 1846 387 1879 nichil
394 1847 443 1879 aliud
452 1856 506 1890 quam
515 1846 624 1890 sapientiam
631 1852 649 1880 et
657 1846 752 1880 scientiam

51 1904 164 1933 sonuerunt:
180 1899 278 1933 monialem
290 1899 333 1942 igne
344 1898 424 1933 libidinis
435 1909 544 1933 succensam
556 1909 623 1942 aspera
635 1898 753 1943 castigatione

51 1953 127 1994 sanauit,
144 1958 162 1985 et
177 1953 251 1985 fratrem
266 1952 293 1985 ire
308 1951 386 1985 stimulis
405 1951 492 1994 agitatum
507 1952 543 1985 leui
559 1952 618 1985 baculi
635 1951 663 1985 sui
680 1952 716 1985 ictu
733 1953 755 1988 in

51 2003 150 2038 maximam
165 2004 325 2038 mansuetudinem
340 2004 436 2038 conuertit.
460 2003 567 2047 Equitatura
581 2003 621 2037 eius
636 2003 722 2048 simplex,
735 2010 753 2038 et
763 2015 781 2043 35

51 2058 145 2092 comitatus
154 2057 252 2093 honestus:
264 2057 304 2092 aliis
312 2057 379 2101 largus,
388 2057 432 2091 satis
440 2056 474 2091 sibi
482 2067 549 2101 parcus
557 2056 646 2101 apparuit.
668 2057 686 2091 Α
694 2058 753 2092 carni-

52 2111 86 2145 bus
94 2111 143 2145 omni
154 2117 243 2154 tempore,
251 2111 286 2145 nisi
294 2111 313 2144 in
321 2111 402 2145 maximo
411 2111 504 2153 languore,
512 2109 604 2153 abstinuit,
612 2110 635 2143 ab
643 2120 676 2144 esu
684 2111 754 2145 eciamt

52 2164 130 2209 piscium
143 2175 177 2209 per
190 2164 354 2209 Quadragesimam
366 2164 498 2198 etAduentum
511 2174 531 2197 se
541 2162 662 2207 temperauit3
674 2163 724 2197 olera
736 2171 754 2198 et

52 2218 144 2261 legumina
160 2224 177 2251 ct
193 2218 297 2252 huiusmodi
311 2219 354 2252 vilia
370 2217 457 2252 libentius
472 2217 555 2260 sumpsit.
578 2216 658 2251 Primam
674 2217 753 2261 piscium

52 2277 124 2315 partem
143 2272 182 2312 deo,
198 2271 287 2315 reliquam
302 2271 341 2306 sere
360 2276 416 2306 totam
435 2270 589 2305 commensalibus
608 2269 783 2312 communicauit.40

53 2325 96 2357 Erat
108 2325 157 2358 enim
168 2336 201 2358 vas
213 2327 293 2368 positum
304 2324 323 2358 in
335 2335 399 2358 mensa
409 2335 470 2358 coram
480 2325 521 2366 ipso
533 2324 581 2367 quod
592 2323 672 2357 ‘discum
685 2325 754 2359 domini

53 2377 119 2410 Ihesu’
128 2377 221 2421 appellare
232 2376 333 2418 consueuit,
340 2377 359 2410 in
368 2388 404 2420 quo
415 2388 452 2410 non
464 2376 523 2410 solum
535 2376 617 2410 ciborum
626 2375 708 2420 reliquie,
720 2379 754 2411 sed

53 2435 70 2463 et
86 2435 148 2474 partes
163 2430 251 2474 precipue
266 2431 289 2464 ad
306 2440 352 2474 opus
367 2439 469 2474 pauperum
484 2429 565 2473 reposite
580 2434 637 2463 erant.
668 2430 717 2474 Sepe
732 2432 755 2465 ad

73 2504 195 2535 ¹Bolhsancie.
230 2504 395 2535 ²E.monumentum.
435 2504 482 2534 'vit
490 2503 507 2533 Si
515 2504 557 2540 quid.
602 2503 756 2535 ⁴Vitamultorum

52 2545 183 2574 monasteriorum
190 2545 257 2575 statutis.
297 2546 303 2563 ³
313 2544 343 2574 Vit.
352 2545 416 2574 Omnes.
456 2544 462 2562 l
473 2544 491 2574 E.
499 2549 519 2573 ct.
