1762 2803
98 114 160 156 '424
305 99 385 153 noua
400 96 516 160 tremor
532 97 625 161 unalia.

117 231 167 263 num,
173 231 240 265 corpus
248 220 288 255 eius
294 221 318 254 ad
323 219 420 255 ecclesiam
426 221 450 254 de
454 219 576 265 Trikingham
582 219 673 263 desertum
685 225 703 255 et
709 220 820 256 obserratis¹

117 273 257 318 diligentissime
268 273 327 306 ianuis
339 272 444 307 custoditur.
467 273 491 306 Et
502 274 546 307 dum
557 278 610 306 nocte
623 272 664 316 ipsa
677 273 763 306 attentius
774 273 820 317 vigi-

117 327 182 369 larent,
193 325 253 359 subito
268 336 324 370 sopor
336 324 457 369 grauissimus
472 336 538 360 omnes
552 325 630 360 inuasit:
647 330 665 359 et
677 326 820 371 superueniente

118 382 192 425 copiosa
197 378 377 423 Hamburgensiuml
384 379 444 422 plebe,
450 379 512 413 omnia
517 379 564 413 ostia
569 378 681 420 monasterii,
686 378 793 413 cadentibus
801 378 820 412 in

101 444 110 475 5
119 438 187 468 terram
195 431 242 467 seris
250 438 268 468 et
275 430 362 474 vectibus,
370 437 482 467 reserantur.
505 431 577 476 Corpus
586 443 650 467 secum
657 431 762 467 auferentes
769 432 820 467 nullo

119 486 221 527 resistente,
230 496 271 519 cum
279 484 338 520 leticia
345 485 444 527 deducunt,
452 491 471 519 et
478 487 579 520 honorifice
590 487 683 529 sepulture
690 487 770 519 tradunt.
793 485 821 519 lbi

119 541 168 573 enim
179 538 247 571 sanitas
258 538 330 580 egrotis,
338 538 401 571 lumen
409 536 463 578 cecis,
470 537 543 571 auditus
554 537 621 579 surdis,
629 547 690 572 sermo
701 536 757 571 mutis
768 537 822 571 resti·

118 590 179 632 tuitur,
188 589 256 633 leprosi
266 590 383 632 mundantur,
391 595 409 623 et
417 589 496 623 diuersis
507 590 625 633 languoribus
637 591 722 634 oppressi
733 596 822 634 percepta

120 644 178 678 salute
190 642 311 686 gratulantur.
357 635 404 677 Post
419 654 486 677 nouem
502 642 593 686 siquidem
607 654 666 677 annos
679 654 721 677 cum
734 644 759 679 de
772 649 823 676 terra

93 706 187 741 iocorpus
203 695 243 730 eius
259 695 367 737 eleuaretur,
382 695 509 739 incorruptum
526 701 621 740 repertum
639 701 667 731 est
685 701 704 730 et
722 695 821 738 illibatum3

120 756 185 785 vestes
193 748 250 783 nitide
263 753 281 782 et
293 758 338 782 sane
350 748 424 782 omnino
436 759 544 793 apparuere,
555 753 573 783 et
585 748 640 783 facies
652 748 734 791 candida,
745 753 764 783 et
774 759 822 793 gene

121 813 174 836 rosee
181 801 222 836 vise
232 806 280 836 sunt.
304 800 371 845 Sicque
383 801 455 834 durauit
466 811 533 844 corpus
544 801 584 834 eius
595 800 721 845 incorruptum
729 811 788 845 vsque
799 802 823 835 ad

121 861 205 899 tempora
218 853 317 896 Danorum,
325 854 398 896 quando
410 853 458 887 iusto
469 853 499 887 dei
509 852 575 887 iudicio
586 864 633 897 gens
644 853 746 898 Anglorum
758 853 824 887 tradita

121 913 155 952 est,
168 905 248 951 peccatis
260 907 299 942 suis
312 905 432 951 exigentibus,
446 905 511 951 gladiis
524 917 637 951 paganorum
649 907 747 951 punienda.
770 907 823 942 Tunc

95 973 113 1003 15
122 962 171 997 enim
180 961 198 994 in
207 960 288 994 cinerem
296 971 339 993 caro
347 959 386 993 eius
396 959 498 1002 resoluitur,
506 970 530 993 ne
540 960 602 1003 impiis
613 961 697 995 manibus
708 971 748 995 eam
760 960 823 995 hostes

122 1013 250 1055 contingerent
265 1012 394 1046 miraculorum
413 1012 442 1044 dei
458 1012 547 1045 increduli
566 1017 584 1044 et
603 1012 733 1046 beneficiorum
752 1013 824 1057 ingrati.

122 1064 254 1108 Translataque
262 1070 305 1099 tunc
315 1069 358 1098 sunt
366 1074 408 1098 ossa
416 1062 455 1098 eius
463 1065 512 1108 apud
520 1064 615 1108 Cestriam,
623 1064 653 1098 vbi
661 1075 719 1109 vsque
726 1064 745 1099 in
753 1065 823 1101 hodier-

123 1130 167 1153 num
176 1118 224 1152 diem
233 1117 350 1163 requiescunt
358 1116 464 1161 meritisque
473 1116 512 1152 eius
520 1117 584 1152 crebra
592 1116 678 1152 miracula
686 1118 737 1153 fiunt.

424 1272 523 1308 Narratio&

146 1342 193 1385 Non
205 1348 281 1383 muitum
293 1353 335 1382 ante
346 1347 380 1382 hec
392 1353 476 1392 tempora
487 1353 561 1382 sanctus
573 1348 677 1391 Maurelius‚
689 1347 826 1393 andegauensis

97 1418 116 1440 20
124 1403 227 1448 episcopus,
239 1411 281 1435 cum
294 1401 371 1435 missam
385 1401 490 1443 celebraret,
507 1402 585 1445 quedam
597 1401 663 1437 mulier
677 1412 719 1436 oum
735 1402 825 1436 moriente

124 1466 182 1501 puero
189 1455 271 1495 veniens,
280 1453 316 1488 filio
327 1464 361 1488 suo
372 1464 460 1488 manuum
470 1465 545 1488 suarum
555 1453 672 1498 impositione
682 1454 767 1498 spiritum
775 1466 825 1489 sanc-

124 1515 164 1541 tum
176 1508 215 1540 dari
227 1512 325 1549 antequam
334 1506 397 1548 obiret,
405 1506 515 1549 postulauit:
527 1507 560 1539 sed
569 1506 655 1549 episcopo
665 1506 684 1539 in
695 1507 752 1540 missa
762 1506 825 1550 paulu-

124 1561 163 1595 lum
171 1563 260 1601 morante,
268 1557 328 1593 inians
336 1563 419 1593 mortuus
428 1564 461 1593 est.
484 1558 588 1602 Episcopus
595 1562 662 1600 autem,
670 1569 744 1593 omnem
753 1559 825 1604 culpam

125 1612 160 1648 sibi
171 1611 270 1655 imputans,
282 1609 332 1646 ciues
344 1610 457 1655 patriamque
471 1611 582 1656 relinquens
594 1611 655 1646 claues
667 1612 783 1655 reliquiarum
797 1623 827 1647 ee·

98 1683 117 1714 25
127 1665 195 1700 clesie⁴
203 1665 310 1708 ignoranter
320 1674 383 1698 secum
393 1664 468 1707 detulit;
480 1669 498 1698 et
509 1664 586 1699 veniens
597 1665 620 1698 ad
632 1674 688 1707 mare,
699 1666 786 1700 transitus
798 1665 827 1700 sui

127 1719 176 1753 diem
188 1717 207 1751 in
218 1717 279 1761 lapide
291 1716 377 1752 exorauit.
399 1716 483 1751 Ascensa
494 1718 541 1760 naui,
553 1716 652 1761 instigante
664 1718 740 1752 humani
752 1718 827 1762 generis

125 1771 199 1806 inimico
211 1771 272 1804 claues
283 1770 402 1813 reliquiarum
413 1776 489 1813 repente
498 1772 521 1804 de
529 1771 613 1804 manibus
623 1771 663 1804 eius
674 1770 736 1813 elapse
745 1770 764 1805 in
776 1782 827 1805 mare

127 1825 224 1859 submerse
238 1827 286 1857 sunt.
307 1822 360 1856 Tunc
374 1822 473 1866 episcopus
488 1832 529 1856 cum
542 1821 635 1857 lachrimis
650 1822 752 1857 exclamare
767 1824 826 1868 cepit:

126 1876 178 1912 ‘Nisi
185 1875 219 1910 has
227 1875 289 1910 claues
295 1874 359 1910 videre
367 1886 456 1918 meruero,
461 1875 539 1920 patriam
547 1880 565 1910 et
572 1875 637 1910 vrbem
645 1886 739 1920 nunquam
745 1883 827 1921 repetam

99 1946 119 1976 5⁰
128 1941 183 1975 quam
195 1929 271 1973 effugio:
294 1928 381 1962 Transito
392 1928 443 1970 mari,
452 1933 557 1972 mutatoque
568 1928 635 1970 habitu,
643 1928 674 1962 vni
686 1928 766 1972 regionis
778 1930 828 1974 prin-

128 1983 189 2028 cipum
202 1981 222 2015 in
237 1980 338 2015 ministerio
353 1980 443 2015 hortolani
458 1980 545 2022 seruiuit;
562 1985 580 2014 et
593 1985 662 2014 tantam
675 1981 746 2025 copiam
758 1982 828 2016 olerum

128 2035 213 2069 dominus
224 2033 250 2066 illi
261 2033 320 2075 dabat,
328 2038 348 2066 vt
359 2032 444 2067 omnibus
455 2032 579 2076 indigentibus
590 2032 631 2066 sine
639 2033 710 2066 delectu
718 2034 828 2069 sufficerent.

127 2088 183 2122 Ciues
193 2084 266 2120 interim
274 2085 413 2128 andegauenses
422 2086 492 2120 crebris
499 2085 599 2120 visionibus
610 2085 733 2119 admonentur
740 2092 759 2120 vt
766 2092 830 2131 pastor

127 2140 269 2182 circumquaque
284 2137 383 2182 requisitus
398 2137 475 2173 ecclesie
492 2148 526 2172 sue
541 2138 654 2180 redderetur,
670 2137 749 2182 alioquin
764 2140 829 2175 vrbem

101 2206 120 2237 35
128 2192 206 2228 celerius
213 2191 252 2225 iore
260 2191 403 2226 subuertendam
412 2196 543 2235 cognoscerent
548 2190 559 2225 ⁵.
582 2189 645 2225 Missis
656 2202 700 2235 ergo
711 2203 745 2235 per
756 2199 829 2238 septen·

129 2247 181 2281 nium
191 2243 268 2285 nunciis,
276 2244 350 2277 tandem
361 2244 381 2277 in
392 2244 452 2279 littore
463 2244 520 2278 maris
530 2242 627 2278 britannici
639 2243 726 2287 scriptum
737 2245 756 2280 in
768 2246 830 2291 lapide

128 2300 215 2335 viderunt
232 2296 278 2331 ‘Hie
293 2297 364 2330 transiit
380 2296 486 2339 Maureiius,
500 2295 634 2340 andegauensis
649 2296 758 2340 episcopus!
789 2299 830 2332 Leti

129 2349 212 2395 [igitur]⁰
225 2348 315 2382 intrantes
328 2357 395 2382 nauem
407 2353 425 2382 et
438 2359 490 2382 mare
503 2348 601 2389 sulcantes,
612 2348 683 2392 piscem
696 2350 795 2384 immanem
810 2352 830 2385 in

129 2412 197 2439 nauem
207 2400 334 2447 prosilientem
345 2406 434 2436 cernunt:
448 2406 562 2444 exenterant,
571 2406 589 2436 et
600 2402 667 2445 claues
675 2413 720 2447 quas
732 2404 830 2449 episcopus

150 2510 183 2539 1Ε.
192 2508 269 2537 obseratis
277 2511 297 2537 et.
355 2506 537 2544 ²E.hamburgentium.
596 2506 690 2538 ³ExVinc,
698 2508 737 2538 Bell.
746 2508 829 2547 xvi1.24.

131 2549 137 2568 ⁴
148 2550 165 2580 E.
173 2548 274 2586 reliquiarum
281 2546 348 2576 ecclesie
356 2547 412 2576 claues.
454 2547 460 2566 ⁶
470 2556 501 2577 om.
508 2546 524 2576 in
532 2546 567 2578 VB.
606 2544 612 2563 ⁶
621 2546 639 2575 T.
647 2547 702 2584 igitur;
714 2548 730 2578 E,
739 2557 782 2585 ergo.
