1762 2803
234 98 280 155 we
295 96 396 151 &uncto
411 96 569 150 ttumuottu.
707 109 751 155 347

48 219 133 256 homines
148 231 223 266 pauper,
238 220 355 256 venerandus
370 220 466 265 propheta,
481 229 581 265 precursor
597 223 653 264 atque
667 218 752 263 baptista.

49 274 97 308 Nam
105 275 128 309 ab
136 275 202 319 angelo
210 273 312 317 nunciatus,
319 284 330 308 a
340 279 392 319 patre
404 273 499 309 sacerdote
506 272 585 318 genitus,
593 272 659 308 merito
667 276 751 307 sanctum

48 327 147 371 baptizauit
157 333 263 362 sanctorum
274 337 376 370 regemque
385 326 468 360 omnium
475 326 580 360 seculorum
588 324 752 369 sacerdotemque¹

48 384 144 414 eternum:
160 380 207 414 dans
217 380 287 414 cunctis
298 379 348 414 inse
359 379 476 415 credentibus
488 378 609 422 baptismum
620 377 684 412 salutis
694 376 714 411 in
724 388 752 411 re

49 433 157 467 missionem
166 432 249 467 omnium
260 437 383 476 peccatorum,
391 430 477 477 quoniam
487 431 506 467 in
517 431 548 466 ilio
557 431 607 466 nulla
614 430 685 466 macula
693 429 753 465 extitit
761 438 770 470 5

48 485 138 520 vitiorum.
162 486 211 521 Hine
224 496 268 530 ergo
281 497 332 530 rogo,
343 496 374 520 me
385 497 397 519 a
408 486 503 519 sacerdote
513 483 614 526 Widerino,
624 484 656 528 qui
668 494 699 520 me
711 494 753 528 pre·

49 537 134 582 signauit,
139 538 233 583 baptizari,
241 544 296 582 atque
303 539 326 572 ab
335 538 424 573 Edwoldo
431 537 506 581 suscipi,
511 537 554 581 quia
561 537 580 571 in
588 537 661 571 illorum
668 536 754 570 manibus

49 601 84 634 per
90 590 119 624 dei
126 591 211 624 virtutem
217 595 271 634 atque
278 589 380 625 misterium
387 589 497 625 christianus
503 589 544 624 fieri
550 588 671 633 concupisco.¹
690 588 713 622 Et
719 588 753 623 hee

49 640 754 687 dicensRumwoldus,diuinaprotegente’gratiaostenditindiceconeauum

49 696 130 740 lapidem
136 706 173 730 non
179 695 243 741 procul
248 694 338 731 iacentem
344 695 364 730 in
370 696 449 740 quodam
454 694 606 740 tuguriohumide
611 693 712 730 adiacentis
717 694 753 730 val·
764 703 782 724 10

50 748 109 791 licuIe,
115 748 201 794 iubetque
207 748 365 784 circumstantibus
371 748 754 784 domesticisvtillumfestinanterafferant.

50 802 134 847 Cumque
141 808 206 838 euntes
213 802 294 847 lapidem
302 813 336 837 nec
344 813 419 837 mouere
427 813 461 836 nec
469 802 529 846 aliquo
537 801 611 846 ingenio
618 813 629 835 a
636 806 686 835 terra
693 806 754 835 extra-

51 855 96 889 here
104 860 186 899 possent,
197 860 312 890 reuertentes
319 855 427 890 asserebant
434 866 456 890 se
465 854 559 889 incassum
571 854 654 889 laborare
665 859 684 889 et
695 853 754 889 nulia·

50 913 105 943 tenus
113 907 194 952 lapidem
202 919 345 952 mouereposse.
360 908 432 950 Quibus
439 913 492 951 pater
497 907 581 951 precepit
586 912 605 941 vt
611 907 699 941 afferrent
703 906 754 940 velo-

51 960 133 994 citervas
139 960 226 1003 ligneum,
232 965 252 995 vt
257 959 326 994 Christi
332 960 366 994 tiro
372 959 485 1005 baptismum
491 958 616 1004 susciperetin
622 970 649 994 eo.
662 958 753 994 Euntibus
764 970 782 1001 ¹5

50 1011 86 1046 illis
92 1017 111 1046 et
116 1023 149 1047 vas
155 1012 231 1057 plenum
237 1023 284 1058 aqua
292 1013 423 1056 deserentibus,
430 1013 557 1055 Rumwoldus,
564 1013 598 1048 hoc
605 1013 685 1055 intuens,
689 1011 755 1047 Wide·

50 1065 91 1100 rino
104 1071 122 1100 et
137 1066 225 1101 Edwoldo
241 1066 349 1110 presbiteris
362 1066 398 1101 ait:
415 1066 454 1101 ‘Ite
465 1072 484 1102 et
495 1066 514 1101 in
525 1066 600 1101 nomine
613 1065 682 1100 domini
696 1065 755 1100 nostri

52 1118 108 1153 ihesu
116 1118 185 1154 Christi
196 1130 218 1154 ac
229 1125 292 1155 sancte
303 1119 394 1163 trinitatis,
402 1119 436 1155 soli
444 1119 485 1154 sine
493 1118 601 1154 hesitatione
610 1130 676 1154 saxum
684 1118 754 1154 indubii

51 1172 133 1216 accipite,
144 1176 163 1207 et
174 1172 193 1207 in
205 1183 278 1207 summo
289 1174 371 1207 omnium
383 1173 497 1207 confidentes
512 1178 592 1213 auctore,
606 1173 641 1207 hue
657 1172 754 1207 adducite!

53 1224 89 1266 Qui
97 1224 182 1268 protinus
193 1230 297 1268 pergentes,
305 1225 367 1269 magni
375 1225 464 1268 ponderis
471 1225 551 1270 lapidem
559 1235 603 1259 mox
614 1225 681 1259 leniter
688 1234 699 1259 a
706 1230 755 1259 terra
765 1235 784 1257 20

51 1277 130 1318 eleuant,
138 1282 192 1321 atque
198 1282 241 1312 ante
248 1277 359 1322 [sanetum]⁴
367 1278 499 1312 Rumwoidum
507 1278 609 1322 deponunt.
629 1276 651 1312 In
659 1287 695 1322 quo
703 1287 756 1313 sane·

52 1330 120 1365 tihcato
133 1330 249 1375 baptismatis
262 1330 318 1373 sonte,
330 1342 341 1366 a
356 1331 482 1366 sacerdotibus
497 1331 573 1375 prelatis
588 1340 635 1375 puer
647 1330 756 1376 baptizatus,

52 1383 129 1418 missam
139 1384 174 1417 sibi
182 1383 263 1428 postulat
274 1383 369 1426 celebrari,
377 1394 481 1428 corpusque
490 1383 558 1418 Christi
569 1388 587 1418 et
598 1383 709 1429 sanguinem
720 1383 756 1418 sibi

52 1436 102 1479 dari;
114 1441 133 1471 vt
145 1436 197 1470 cuius
208 1441 316 1480 susceperat
327 1436 445 1481 baptismum,
453 1436 512 1481 ipsius
521 1441 603 1471 sumeret
615 1441 756 1472 sacramentum.

53 1488 75 1522 ln
88 1489 154 1523 eodem
166 1493 227 1523 autem
239 1494 291 1533 prato
302 1489 321 1523 in
333 1500 370 1534 quo
381 1488 484 1535 baptizatus
497 1493 526 1524 est
539 1493 614 1524 sanctus
630 1488 757 1531 Rumwoldus,
766 1500 784 1532 ²5

52 1552 146 1586 nunquam
157 1542 273 1587 gratissimus
284 1543 330 1577 odor
342 1542 408 1585 deficit,
422 1553 482 1588 neque
493 1542 518 1578 ibi
530 1542 587 1577 herbe
603 1541 710 1588 pallescunt,
723 1544 757 1579 sed

53 1605 128 1639 semper
135 1595 154 1630 in
162 1595 253 1630 viriditate
261 1602 399 1640 permanentes,
407 1606 474 1641 magna
481 1595 561 1632 nectaris
569 1595 659 1632 suauitate
667 1595 757 1632 redolent.

52 1648 133 1683 Vocatur
140 1654 201 1683 autem
209 1649 260 1684 locus
268 1650 299 1684 ille
306 1660 355 1684 nunc
363 1649 386 1684 ab
394 1649 460 1684 incolis
467 1650 558 1685 Suttunus
563 1648 576 1684 ³.
604 1641 651 1684 Post
659 1648 758 1684 missarum

52 1702 114 1746 itaque
132 1702 239 1744 sotemntat,
253 1702 351 1747 alloquitur
366 1708 442 1738 sanetus
457 1702 590 1738 Rumwoldusl
605 1709 695 1747 parentes
713 1713 758 1737 suos

53 1756 195 1799 sacerdotesque
202 1755 294 1799 prefatos;
306 1756 329 1790 de
341 1755 428 1790 catholica
439 1755 476 1790 fide
487 1766 568 1799 veraque
579 1754 674 1800 religione,
685 1766 757 1789 necnon
766 1766 787 1798 30

54 1807 77 1842 de
85 1808 135 1842 omni
142 1807 244 1850 honestate,
252 1808 275 1842 de
283 1808 376 1853 preceptis
383 1807 430 1853 legis
438 1808 505 1849 diuine,
514 1813 532 1843 et
540 1808 621 1843 maxime
629 1809 652 1842 de
660 1808 758 1843 dilectione

53 1860 83 1894 dei
92 1865 110 1894 et
117 1860 196 1904 proximi
205 1860 246 1894 illos
254 1861 328 1895 docens.
351 1861 395 1896 Post
403 1861 550 1896 exhortationem
558 1872 603 1896 vero
611 1860 711 1896 multorum
719 1872 759 1896 ser·

54 1924 135 1957 monum,
147 1914 232 1948 omnibus
244 1915 293 1948 clara
305 1924 351 1949 voce
365 1913 422 1950 dixitt
439 1913 523 1955 ‘Audite
537 1925 600 1958 queso¹
614 1914 675 1949 cuncti
688 1915 717 1949 hic
729 1925 759 1949 as-

53 1971 120 2008 tantes,
132 1967 189 2001 verba
203 1978 239 2010 que
254 1978 288 2011 ego
302 1968 368 2010 loquor
382 1967 437 2001 hodie
452 1967 471 2000 in
487 1967 561 2000 auribus
573 1967 652 2001 vestris:
672 1967 759 2011 quoniam

54 2019 149 2062 sapientia,
157 2030 193 2064 que
200 2030 222 2054 os
233 2025 304 2054 mutum
316 2018 386 2065 aperit⁸
397 2019 507 2065 linguasque
518 2018 616 2055 infantium
627 2019 706 2056 disertas
716 2031 759 2055 esse
767 2031 787 2060 35

54 2071 101 2115 facit,
111 2083 146 2117 per
157 2083 187 2108 me
198 2084 231 2108 sua
240 2073 393 2108 misteria⁹vobis
404 2073 508 2118 vestrisque
520 2072 631 2118 sequacibus
641 2074 711 2118 pandit,
723 2084 760 2118 quo

54 2124 113 2169 ipsius
124 2125 237 2170 agnitionem
245 2126 314 2162 habere
321 2126 401 2171 possitis.
424 2126 472 2161 Nam
480 2126 514 2161 hec
522 2131 551 2161 est
559 2126 591 2161 illa
598 2126 689 2172 sapientia
696 2126 715 2162 in
724 2138 760 2172 qua

55 2179 101 2213 deus
113 2179 196 2213 fundauit
207 2184 276 2215 terram
290 2180 376 2224 celosque
387 2179 480 2222 stabiliuit,
493 2190 529 2224 que
544 2180 584 2214 sola
599 2180 659 2225 girum
675 2180 709 2214 celi
724 2180 760 2215 cir-

55 2231 111 2265 cuiuit
122 2237 140 2265 et
148 2232 166 2265 in
174 2232 260 2266 fluctibus
270 2232 327 2266 maris
338 2232 443 2275 ambulauit,
454 2232 613 2277 superborumque
624 2238 642 2266 et
654 2231 760 2267 sublimium

55 2283 102 2318 colla
109 2283 184 2329 propria
190 2284 257 2320 virtute
266 2285 347 2320 calcauit.
370 2284 411 2320 Hec
421 2284 489 2320 etenim
501 2284 580 2321 clamitat
591 2285 610 2320 in
622 2285 689 2331 plateis
699 2290 761 2320 vocat·
768 2298 789 2327 4⁰

56 2348 92 2382 que
100 2348 121 2373 se
129 2337 226 2382 diligentes
233 2343 252 2374 vt
260 2339 283 2373 ad
292 2338 342 2374 illam
352 2337 455 2375 declinent:
467 2339 509 2384 quia
515 2338 529 2359 ¹⁰
536 2349 577 2374 eam
585 2338 686 2381 inuenient,
694 2344 713 2374 et
719 2350 761 2374 eam

56 2401 98 2426 cum
108 2391 217 2434 inuenerint,
225 2392 274 2426 beati
284 2397 327 2427 sunt
334 2391 350 2427 si
358 2392 449 2428 tenuerint
457 2403 504 2428 eam.
527 2391 568 2428 Hec
576 2392 644 2438 quippe
652 2402 686 2428 sua
693 2392 761 2428 virtute

76 2491 81 2508 ¹
93 2491 111 2521 E.
118 2492 254 2529 sacerdotumque.
291 2490 297 2508 ¹
308 2491 326 2522 E.
333 2491 423 2530 baptimum.
458 2491 504 2523 ’vic
511 2492 606 2530 providente
614 2492 663 2530 (Rea.
671 2491 762 2530 prodente).

57 2529 63 2549 ⁴
73 2540 104 2561 om.
111 2530 128 2559 in
136 2530 154 2560 E.
244 2531 251 2548 ⁸
261 2531 336 2568 =1<ings
344 2531 402 2561 sutton
409 2532 425 2561 in
434 2531 556 2570 Northampton.
625 2530 631 2549 ³
641 2531 660 2564 T.
667 2531 762 2571 solempnia.

56 2568 195 2602 ’urumwotluc
236 2569 270 2601 ⁸T.
278 2570 296 2601 E.
304 2571 369 2610 apenrit
410 2571 567 2604 ’T.E.ministeria.
607 2571 708 2611 ¹⁰Regqui.
