1762 2803
133 126 176 162 210
323 113 403 163 mono
419 109 536 171 taranta
552 109 644 171 aratia.

131 239 217 277 tanquam
229 243 263 278 per
275 233 357 276 extasim,
370 243 435 277 preces
447 238 518 268 nostras
529 238 612 276 tempore
623 231 726 276 vigiliarum
737 231 769 265 vix
781 242 835 276 posse

132 288 221 331 attingere
229 298 286 330 vsque
294 289 317 320 ad
325 287 397 320 culmen
405 291 493 319 tectorum
502 291 610 319 nostrorum.
633 284 687 318 Vnde
698 284 779 327 profecto
787 296 835 319 com-

132 340 171 384 peri
180 351 221 376 esse
233 339 300 384 aliquid
312 339 382 373 offense
393 339 412 372 in
423 338 481 382 nobis,
489 343 565 383 propter
576 338 624 382 quod
632 337 689 372 sancti
700 337 759 381 angeli
771 338 836 381 quibus

133 404 187 427 omne
195 398 289 435 peccatum
297 393 379 434 displicet
387 402 424 424 non
430 392 469 425 sine
478 392 531 433 culpa
539 397 600 425 nostra
607 391 704 425 voluerunt
712 401 732 423 se
740 391 836 425 absentare

116 451 144 479 5a
156 444 214 478 nobis.
237 443 374 484 interrogemus
387 454 430 485 ergo
443 442 563 476 conscientias
576 447 659 476 nostras:
676 441 723 476 etsi
738 442 781 485 quid
793 443 836 476 latet

133 496 264 537 absconditum,
272 496 373 541 penitentia
381 502 399 530 et
407 497 523 530 confessione
530 506 635 539 purgemus,
644 501 663 529 ut
671 493 764 539 possimus
772 495 795 527 ad
803 506 837 529 nos

133 551 221 585 reducere
231 550 294 583 beatos
305 548 380 594 spiritus
390 549 430 583 dei.’
453 549 500 583 Cum
511 549 544 583 hec
556 548 638 588 dixisset,
646 548 726 583 surrexit
734 558 786 582 soror
794 558 837 591 que-

133 604 175 637 dam
189 604 243 636 etad
257 603 315 645 pedes
328 608 391 635 sancte
406 602 516 636 Modwenne
532 613 573 635 eum
587 601 681 635 lachrimis
695 607 787 644 prostrata
801 602 836 637 ait:

134 656 211 690 ‘Coram
219 657 253 689 deo
262 661 280 690 et
288 655 356 690 sanctis
364 655 404 690 eius
412 655 500 690 confiteor
508 654 545 696 tibi,
554 654 627 688 domina
638 665 683 696 mea,
692 653 764 698 culpam
773 665 839 690 meam.

107 721 125 741 10
134 708 180 742 Cum
187 708 236 741 enim
242 719 276 751 ego
283 708 376 752 peccatrix
383 708 449 742 misera
454 709 477 742 de
485 708 522 742 vita
527 707 585 742 veteri
591 708 678 742 hesterna
684 707 713 740 die
719 706 837 750 penitentiam

133 761 256 804 promittendo
271 761 306 794 huc
318 760 396 804 confugi,
408 761 499 794 sotulares
512 771 569 801 meos,
582 770 628 803 quos
640 761 740 794 donauerat
753 759 797 793 mihi
811 759 838 794 vir

134 814 195 848 illicite
203 813 307 857 copulatusl
315 814 333 847 in
342 813 409 854 seculo,
418 824 478 856 neque
486 813 556 847 reddidi
565 824 625 856 neque
633 812 717 846 consessa
725 822 771 854 sum,
779 814 812 846 sed
820 813 838 846 in

134 865 265 909 proprietatem
283 865 361 908 retinui;
380 876 426 909 quos
444 865 499 898 etiam
518 870 571 899 nocte
586 865 620 898 ista
636 865 679 898 dum
694 863 751 907 frigus
766 869 839 907 paterer

134 919 211 962 pedibus
219 919 266 952 meis
274 918 369 962 imponere
377 929 414 952 non
422 917 480 957 timui.
503 918 542 962 Ego
550 917 600 952 enim
608 927 650 951 sum
660 928 697 961 que
707 919 792 961 peccaui;
804 929 838 961 ego

107 980 127 1009 ¹5
136 982 176 1006 sum
184 983 220 1015 que
228 982 270 1006 mea
277 972 331 1016 culpa
339 977 412 1005 sanctos
419 972 494 1015 angelos
503 977 581 1005 avestro
588 971 707 1004 contubernio
716 972 834 1014 sequestraul.

136 1025 169 1059 Cui
177 1024 268 1059 abbatissa
276 1025 382 1068 respondit:
392 1024 491 1058 ‘Absoluat
499 1029 517 1057 te
525 1029 542 1057 et
551 1024 660 1057 misereatur
667 1024 699 1065 tui,
706 1023 747 1066 filia,
754 1024 784 1057 dei
791 1024 839 1058 filius

135 1079 180 1111 deus
188 1077 311 1120 omnipotens,
319 1076 350 1120 qui
358 1077 525 1121 propeccatoribus
533 1076 580 1111 mori
588 1076 673 1120 dignatus
681 1077 718 1111 est.¹
738 1076 780 1111 Hils
788 1077 839 1111 dictis

135 1129 223 1162 sotulares
236 1129 255 1161 in
267 1129 343 1161 fluuium
355 1129 419 1171 proiici
432 1130 485 1161 iussit
493 1140 500 1161 :-
512 1134 530 1162 et
543 1130 572 1162 die
585 1129 669 1171 sequenti
685 1128 740 1162 dixit:
757 1129 839 1162 ‘Gratias

135 1191 189 1224 agere
205 1180 295 1214 debemus
310 1179 430 1224 omnipotenti
448 1181 487 1222 deo,
504 1180 568 1223 quiet
586 1184 639 1214 nocte
658 1179 693 1214 ista
710 1180 791 1223 respexit
806 1191 839 1215 nos

108 1244 128 1264 20
136 1234 222 1268 misertus
238 1233 300 1275 nostri,
316 1238 334 1267 et
349 1235 416 1268 reiecta
431 1232 513 1267 offense²
528 1232 605 1267 materia
620 1232 691 1267 remisit
706 1232 759 1267 nobis
777 1233 839 1267 beatos

136 1286 210 1330 spiritus
218 1291 237 1320 vt
245 1287 300 1330 prius,
309 1286 340 1330 qui
348 1297 421 1320 sursum
432 1291 539 1330 presentent
549 1296 605 1330 opera
616 1291 679 1319 nostra
686 1291 704 1320 et
715 1285 806 1319 orationes
818 1287 839 1319 ad

136 1340 223 1372 thronum
237 1339 369 1381 omnipotentis
383 1339 413 1371 dei
426 1344 444 1371 et
456 1339 579 1381 suffragentur
590 1338 690 1372 infirmitati
702 1344 765 1372 nostre
777 1344 794 1372 et
807 1339 839 1372 im-

137 1395 210 1435 petrent
231 1391 305 1425 veniam
327 1396 435 1424 nostrorum,
456 1401 568 1424 excessuum·
585 1396 603 1424 et
622 1389 704 1424 omnium
723 1389 839 1424 delictorum.¹

137 1437 209 1478 Tribus
223 1443 272 1477 enim
283 1443 354 1478 vicibus
367 1443 422 1477 nudis
434 1444 512 1487 pedibus
528 1444 546 1476 in
562 1442 624 1477 cilicio,
632 1454 674 1477 curn
687 1443 756 1477 Lazara
771 1443 840 1487 virgine

111 1507 128 1536 ²5
138 1496 217 1531 Romam
229 1497 310 1540 profecta
318 1501 346 1530 est
355 1502 418 1531 sancta
430 1495 464 1531 dei.
488 1496 529 1530 Hoc
542 1496 590 1530 enim
602 1496 637 1531 iter
646 1496 688 1531 fecit
696 1497 745 1531 velut
753 1496 771 1530 in
779 1507 840 1541 pecca·

138 1556 197 1584 torum
206 1550 331 1592 penitentiam,
340 1556 358 1583 et
369 1550 421 1593 quasi
432 1549 487 1583 vellet
498 1550 571 1583 nullum.
580 1550 603 1583 de
615 1550 653 1583 suis
665 1550 772 1584 excessibus
783 1551 840 1593 impu-

139 1602 197 1635 nitum
210 1602 318 1645 relinquere,
333 1606 351 1635 et
364 1613 400 1645 que
413 1607 488 1646 cuperet
501 1612 568 1645 corpus
583 1612 637 1636 suum
650 1602 728 1636 diuersis
743 1602 840 1645 generibus

139 1655 251 1688 cruciatuum
262 1655 406 1698 usquequaque³
416 1654 511 1697 castigare.
546 1655 629 1688 Rediens
640 1660 701 1689 autem
713 1656 736 1689 de
748 1655 809 1689 Roma
822 1655 840 1688 in

139 1706 230 1751 Angliam,
244 1708 294 1740 venit
306 1708 329 1741 ad
342 1707 405 1746 locum,
414 1707 443 1749 qui
457 1707 543 1740 vocatur⁴
555 1707 643 1750 Scaleclil,
654 1708 685 1742 vbi
699 1708 749 1742 iuxta
761 1713 840 1742 montem

111 1770 130 1800 3⁰
138 1760 183 1795 vidit
195 1759 213 1793 iu
225 1759 281 1793 fluuio
292 1759 361 1793 Trenta
371 1759 461 1793 modicam
472 1760 562 1794 insulam:
574 1761 593 1793 in
604 1771 640 1804 qua
651 1760 730 1795 oratorio
741 1762 760 1794 in
772 1761 841 1794 honore

139 1813 197 1848 sancti
205 1812 282 1847 Andree
294 1818 402 1855 constructo,
411 1818 482 1857 septem
493 1813 545 1847 annis
556 1813 678 1848 anachoritice
687 1814 737 1849 vixit.
759 1814 813 1848 Vnde
824 1819 842 1847 et

138 1876 196 1911 vsque
212 1866 266 1900 hodie
280 1866 389 1908 Andreseia,
399 1867 409 1901 i.
422 1867 507 1901 ‘Andree
523 1868 590 1901 insula’
603 1873 723 1911 nuncupatur.
768 1861 791 1901 ln
804 1867 841 1900 loco

139 1920 170 1964 qni
178 1930 226 1952 nunc
235 1919 327 1952 Bredonia
335 1919 405 1961 dicitur,
414 1919 499 1952 habitauit
507 1920 537 1953 illo
545 1920 564 1953 in
574 1925 657 1963 tempore
665 1920 761 1964 religiosus
769 1920 841 1963 quidam

139 1972 233 2014 heremita,
242 1972 272 2014 qui
283 1972 344 2005 audita
352 1973 406 2006 huius
416 1971 492 2016 virginis
503 1972 551 2005 sama
561 1973 666 2017 frequenter
675 1973 725 2008 venit
736 1974 758 2006 ad
770 1983 816 2015 eam,
824 1976 842 2004 et

111 2031 130 2061 35
139 2024 233 2058 deferebat
241 2023 311 2057 civitas
319 2029 430 2065 sanctorum,
438 2024 456 2057 in
468 2025 533 2068 quibus
543 2035 564 2059 se
574 2026 684 2059 reficiebant.
707 2026 790 2067 Quadam
799 2035 842 2059 vero

140 2077 169 2110 die
178 2077 221 2109 dum
229 2076 295 2110 oblitus
307 2077 371 2110 suisset
383 2088 445 2110 secum
456 2078 519 2112 tollere
530 2078 601 2119 librum,
609 2078 657 2121 cepit
667 2078 697 2112 illa
707 2085 765 2113 mesta
772 2089 814 2113 esse
825 2081 842 2110 et

140 2129 233 2172 conqueri,
241 2128 305 2163 dicens
313 2129 347 2163 illi:
361 2129 431 2170 ‘Quare
439 2130 505 2164 librum
514 2142 565 2165 more
573 2132 626 2164 solito
634 2142 671 2164 non
682 2132 761 2173 attulisti,
770 2136 821 2175 pater
827 2128 842 2163 ?¹

141 2182 164 2216 Et
176 2181 217 2214 ille:
230 2180 272 2214 ‘Sic
285 2182 344 2222 modo,
358 2182 437 2224 domina,
450 2183 529 2227 contigit,
545 2194 617 2218 mecum
632 2184 681 2217 enim
697 2184 762 2218 afferre
777 2183 842 2217 oblitus

141 2236 193 2268 sum?
213 2233 262 2266 Misit
270 2235 330 2275 itaque
338 2234 383 2266 duas
391 2235 470 2276 virgines
477 2246 517 2269 cum
524 2237 611 2279 nauicula,
620 2247 655 2279 que
663 2237 771 2270 festinanter
778 2237 842 2269 librum

112 2295 132 2325 40
141 2291 235 2331 reportare
242 2291 323 2329 possent.
346 2287 429 2331 Cumque
440 2288 463 2321 ad
474 2289 534 2323 locum
546 2289 576 2333 qui
585 2289 636 2333 Lega
647 2288 842 2334 diciturpauigassent‚

141 2345 181 2375 orta
188 2343 298 2384 tempestate
309 2338 370 2374 carina
380 2340 462 2384 protinus
472 2341 556 2377 inclinata
565 2348 652 2387 utrasque
663 2342 743 2388 virgines
751 2343 815 2377 subtus
823 2349 842 2374 se

140 2395 211 2429 clausas
224 2394 243 2426 in
256 2393 312 2426 fundo
325 2404 373 2436 aque
383 2395 481 2438 cooperuit.
504 2395 586 2440 Cumque
597 2396 628 2430 diu
642 2397 741 2436 aduentum
753 2395 842 2439 virginum

140 2509 289 2580 E‘Eaetopolatus.
344 2508 451 2545 ²T.offeusa.
504 2510 654 2549 ³E.vsqucquam.
705 2510 739 2542 ίΤ,
747 2508 842 2548 appellaturi

155 2558 236 2581 .vocaur.
