1762 2803
285 120 330 178 lu
345 120 446 187 aaron
461 122 608 178 Danaum.
753 137 796 183 277

94 244 167 288 gebant.
190 243 260 287 Quem¹
275 243 306 278 ille
321 244 460 287 contemplatus,
475 244 550 278 domum
565 249 648 278 matrone
664 244 796 279 subintrantem

94 296 144 330 vidit.
167 296 267 330 Confestim
281 307 383 341 regressus.
396 297 469 341 aspexit
484 297 558 330 domum
574 297 636 330 diuino
652 297 722 340 fulgore
734 297 797 340 splen·

95 352 175 392 dentem,
189 350 239 384 audit
252 350 339 384 feminam
355 349 423 394 gratias
438 350 473 384 deo
488 356 578 394 agentem,
590 351 667 385 miratur
682 350 797 395 colloquium,

95 409 113 437 et
121 403 193 438 dicendi
201 404 257 437 finem
265 403 337 447 patiens
347 402 419 436 auditor
426 408 515 446 expectat.
539 403 619 439 Demum
627 403 728 446 subintrat;
740 403 797 439 stelli-

94 455 128 490 feri
139 455 187 491 illius
199 466 267 491 nomen
279 455 359 500 requirit,
371 455 458 490 nuncium
470 456 574 501 interrogat.
597 456 630 491 Illa
641 463 701 491 autem
713 457 814 496 modeste5

94 509 193 543 subridens
203 509 228 542 illi
240 509 275 543 ait:
288 509 326 543 ‘Tu
339 509 447 543 stelliferum
459 515 557 554 antequam
570 511 605 544 huc
617 510 692 545 venires
703 509 770 551 vidisti,
778 516 796 544 et

94 572 143 596 nunc
164 561 193 596 cui
208 562 262 596 sum²
277 562 337 596 locuta
353 562 466 606 interrogas?
493 562 537 606 lpse
552 568 581 597 est
596 564 626 608 qui
641 563 673 598 tibi
688 564 711 597 ad
729 562 796 597 ostium

94 614 171 649 ecclesie
181 614 266 658 psallenti
277 614 372 659 apparuit;
384 615 414 658 qui
425 620 443 649 et
453 616 514 650 mede
526 627 595 660 pauore
606 616 720 651 imminentis
732 615 796 650 monis

94 668 214 711 perterritam,
222 668 329 702 visitationis
340 679 374 703 sue
382 669 441 712 gratia
451 669 540 703 consolari
548 670 633 713 dignatus
644 676 678 705 est.
700 669 795 703 Annuntio

94 720 155 765 itaque
168 721 252 755 omnibus
266 720 329 755 amicis
343 721 395 763 meis,
407 721 516 756 tristandum
530 722 553 756 de
568 733 610 757 mea
624 728 683 758 morte
697 733 734 757 non
747 733 795 765 esse,
804 733 823 758 ιο

94 774 180 817 quoniam
196 784 226 807 me
240 774 327 817 suscipiet
342 774 415 807 claritas
430 780 494 808 eterne
509 775 551 808 vite.
573 775 615 808 Tibi
631 781 691 809 autem
707 775 795 819 singulari

94 826 152 860 amico
164 827 231 871 gratias
244 827 309 869 refero,
321 826 363 871 quia
373 826 409 860 tuis
421 836 496 871 semper
506 826 594 860 instructa
605 827 764 867 admonitionibus,
776 833 795 861 et

93 880 154 914 adiuta
166 880 283 922 orationibus,
294 890 337 914 ecce
348 880 371 914 ad
385 880 440 913 deum
451 880 508 914 vado·
532 879 573 921 Que
587 890 628 914 cum
641 880 725 923 spiritum
739 880 796 914 tradi·

94 932 152 967 disset
161 933 202 973 deo,
211 933 231 966 in
243 932 321 967 ecclesia
332 932 386 966 beate
398 931 456 966 lilarie
469 931 568 966 honorifice
579 932 652 976 sepulta
661 937 695 967 est.
740 925 796 966 Dun-

94 990 157 1020 stanus
169 995 213 1020 vero
224 991 263 1020 turn
274 986 297 1019 de
307 985 359 1026 itlius,
370 991 408 1019 tum
420 984 475 1019 etiam
487 985 511 1019 de
519 984 547 1020 sui
560 984 619 1030 ipsius
629 984 739 1030 patrimonio
750 985 823 1026 solli-15

94 1038 210 1078 citus—nam
219 1044 296 1082 vterque
307 1049 376 1082 parens
387 1038 461 1079 obierat,
472 1049 506 1072 nec
517 1043 629 1082 preteream
641 1038 696 1073 alium
708 1038 796 1073 heredem

93 1091 287 1136 reliquerant-primo
293 1091 368 1136 quidem
373 1090 469 1126 viciniores
476 1091 579 1136 patrimonii
587 1097 646 1126 terras
651 1091 711 1126 eidem
718 1091 796 1126 ecclesie

93 1145 173 1188 contulit,
190 1151 261 1180 ceteras
276 1145 374 1180 fundandis
389 1145 470 1189 quinque
485 1144 602 1179 monasteriis
617 1144 724 1179 reseruauit.
754 1144 795 1188 Que

66 1227 69 1232 .
93 1198 204 1232 monasteria
219 1208 307 1241 processu
325 1197 414 1241 temporis
432 1208 467 1241 per
481 1198 520 1232 eius
538 1198 647 1232 industriam
663 1198 794 1232 monachorum

93 1261 171 1285 numero
183 1255 201 1285 et
217 1249 285 1285 diuitiis
299 1249 422 1295 multipliciter
436 1256 488 1285 aucta
503 1255 551 1285 sunt.
596 1243 671 1285 Exinde
687 1250 795 1285 Dunstanus
804 1258 823 1282 ²0

93 1304 191 1338 maioribus
204 1315 247 1339 sese
255 1304 341 1339 virtutum
354 1304 465 1348 profectibus
477 1304 564 1346 subdens
576 1304 686 1347 deprecatus
697 1309 726 1339 est
738 1303 794 1338 domi-

93 1367 143 1398 num,
157 1358 229 1391 ostendi
244 1357 278 1391 sibi
291 1357 367 1401 gloriam
382 1357 483 1392 iustorum:
499 1363 519 1391 vt
531 1358 562 1401 qui
574 1367 615 1392 eam
630 1357 733 1401 perfidem
746 1358 795 1392 bene

93 1410 180 1445 creditam
196 1409 276 1450 haberet,
291 1420 326 1453 per
340 1409 505 1444 manifestationem
523 1410 614 1453 cognitam
630 1410 701 1444 dulcius
719 1416 794 1444 amaret.

92 1463 144 1497 Talia
152 1474 176 1497 ex
184 1464 238 1496 corde
245 1462 338 1496 meditanti
346 1462 401 1496 astitit
409 1462 485 1503 iuuenis,
491 1463 557 1497 decore
565 1462 648 1506 insignis,
653 1472 708 1507 quem
716 1472 795 1506 puerum

93 1515 136 1548 olim
148 1516 167 1548 in
179 1526 256 1558 corpore
267 1515 308 1558 ipse
317 1525 364 1558 puer
375 1520 479 1557 agnouerat,
490 1520 508 1548 et
518 1521 581 1548 sancta
590 1525 665 1557 semper
675 1514 822 1554 familiaritatem

93 1569 192 1611 dilexerat3
204 1567 288 1601 referens
300 1567 316 1602 ei
328 1572 392 1601 eterne
401 1567 438 1601 vite
450 1567 521 1612 gaudia,
531 1566 581 1601 illum
594 1566 612 1601 in
625 1567 659 1600 hoc
670 1567 732 1601 seculo
742 1566 795 1610 plura

93 1632 197 1666 passurum,
213 1622 311 1655 demonum
327 1621 408 1659 insidias,
423 1621 544 1665 malignitates
559 1621 659 1661 hominurn,
674 1621 697 1654 ad
712 1630 795 1654 summos

92 1676 161 1720 gradus
176 1674 227 1709 illum
242 1685 367 1715 ascensurum,
380 1674 437 1709 multa
452 1674 502 1709 milia
517 1674 611 1710 hominum
627 1674 662 1709 deo
677 1673 795 1716 lucraturum,

93 1734 110 1764 et
119 1734 160 1773 post
168 1729 202 1762 hec
212 1728 235 1762 ad
245 1728 319 1762 celestia
329 1738 386 1773 regna
396 1727 521 1772 migraturum.
540 1727 578 1763 Sed
589 1727 642 1762 cum⁸
652 1727 718 1762 dicenti
730 1736 794 1761 assen-

93 1792 134 1817 sum
147 1792 184 1815 non
198 1781 285 1821 dedisset,
297 1782 419 1825 apprehendit
431 1792 474 1815 eum
488 1781 560 1815 iuuenis
574 1781 623 1815 etin
635 1781 702 1814 atrium
715 1780 794 1815 ecclesie
803 1789 823 1820 ³⁰

93 1835 191 1875 deducens,
205 1833 284 1867 ostendit
297 1834 314 1868 ei
329 1834 390 1868 locum
404 1840 480 1868 eatenus
493 1833 627 1876 inconuulsum,
640 1838 658 1867 et
670 1834 706 1868 ait:
724 1833 759 1867 ‘Vt
771 1834 794 1868 de

93 1885 159 1920 auditis
174 1885 252 1930 singulis
265 1886 349 1919 dubietas
365 1886 425 1920 omnis
440 1887 537 1928 auferatur,
553 1892 595 1920 ante
608 1887 690 1920 triduum
703 1885 795 1929 presbiter

93 1939 167 1983 quidam
182 1937 211 1972 hic
228 1938 332 1982 sepelietur,
348 1944 366 1972 et
381 1939 463 1973 nondum
478 1938 591 1973 infirmatur.¹
619 1939 717 1982 Exurgens
732 1943 793 1973 autem

92 2003 147 2026 mane
159 1992 182 2026 ab
192 1990 273 2026 oratione
286 1990 398 2033 Dunstanus,
407 1992 511 2027 conuocatis
520 1992 538 2026 in
546 2002 603 2026 vnum
614 1991 686 2027 clericis
697 1992 720 2026 ad
732 1991 793 2026 locum

92 2045 148 2086 venit,
159 2044 256 2089 positoque
268 2044 322 2087 signo
332 2044 367 2078 ait:
384 2044 416 2078 ·Si
424 2055 469 2079 vera
479 2051 522 2079 sunt
534 2055 569 2088 que
581 2044 636 2079 michi
648 2050 739 2078 nocturno
746 2050 793 2078 tem·
802 2052 821 2084 35

92 2109 138 2142 pore
152 2102 226 2131 ostensa
239 2102 287 2138 sunt,
300 2102 342 2131 ante
356 2103 394 2131 tres
408 2098 447 2131 dies
460 2098 553 2143 presbiter
564 2097 638 2141 quidam
651 2097 680 2131 hic
692 2096 793 2141 sepelietur

92 2157 111 2186 et
122 2151 203 2184 nondum
215 2149 327 2184 infirmatur)
349 2149 385 2184 Vix
399 2150 435 2184 illis
450 2152 473 2184 ab
486 2150 565 2184 inuicem
578 2149 672 2193 digressis,
684 2151 793 2195 superuenit

92 2203 184 2247 presbiter
189 2202 269 2245 quidam,
275 2201 305 2245 qui
313 2202 360 2235 facta
368 2213 409 2236 cum
418 2202 489 2236 clericis
497 2202 624 2244 conuentione,
631 2202 723 2246 prefatum
732 2202 793 2237 locum

92 2256 111 2291 in
123 2256 236 2300 sepulturam
247 2255 323 2289 obtinuit
332 2255 407 2289 dicens:
419 2255 476 2289 ‘Cum
487 2266 518 2290 me
530 2255 576 2289 deus
587 2255 611 2289 de
622 2265 700 2299 corpore
712 2254 793 2299 migrare

93 2309 172 2352 iusserit,
180 2309 215 2344 hoc
226 2308 244 2343 in
255 2309 295 2343 loco
305 2318 356 2343 meas
366 2319 432 2353 precor
439 2308 527 2353 reliquias
534 2308 623 2354 sepelite!
645 2308 732 2343 Recessit
741 2318 793 2353 pres·
802 2315 823 2345 40

92 2365 140 2398 biter
150 2374 212 2406 sanus,
224 2368 277 2397 nocte
289 2362 342 2396 rediit
353 2368 432 2406 egrotus,
444 2362 488 2397 obiit
499 2361 518 2397 in
530 2361 614 2403 crastino,
627 2361 675 2395 etin
687 2362 727 2396 loco
739 2363 794 2397 beato

91 2417 139 2462 patri
146 2416 250 2462 assignato⁴
255 2416 348 2461 sepelitur.
384 2408 480 2450 Defuncto
486 2416 560 2450 tandem
566 2426 610 2460 rege
617 2415 730 2458 Ethelstano,
736 2415 795 2450 frater

92 2472 132 2506 eius
143 2471 252 2505 Edmundus
263 2470 282 2504 in
292 2480 355 2514 regem
365 2475 438 2504 erectus
446 2475 479 2504 est.
501 2469 537 2512 Qui
548 2469 610 2504 statim
622 2469 680 2505 accito
690 2470 794 2511 Dunstano,

93 2523 150 2567 [eum]
162 2523 210 2558 inter
223 2523 313 2567 palatinos
327 2532 414 2566 proceres
427 2531 520 2556 summum
532 2527 596 2557 tenere
608 2522 650 2556 fecit
663 2523 793 2567 principatum.

111 2577 144 2607 101.
152 2577 207 2614 Quam.
231 2576 380 2615 ²T.snm;E.sim.
402 2574 653 2615 ³vitaddsproptercauteum.
675 2576 792 2614 ‘Vitstgnato
