1762 2803
61 132 140 162 asson
150 132 193 171 ψ]
212 122 257 177 Bc
271 121 307 174 ἐ.
319 122 451 173 αῐῡηιυηῡυ
466 132 523 184 tuuc
538 126 562 173 ct
576 126 693 184 muttutt·
716 127 760 180 ⁶65

59 247 85 275 set
98 242 169 276 tandem
181 243 260 276 obstante
271 242 326 276 morbi
339 243 437 285 grauedine,
448 243 503 277 sancti
515 244 574 277 limina
585 255 619 277 non
631 250 698 287 poterat
710 244 762 277 adire.

60 294 104 326 Curn
112 303 152 326 vero
163 293 185 326 de
195 299 250 327 morte
260 293 328 327 territus
339 294 393 328 exitus
404 294 430 328 sui
441 294 510 337 spiritus
522 296 647 338 prestolaretur,
655 294 763 328 innumeram

59 344 152 376 demonum
160 343 287 377 multitudinem
295 368 299 376 .
308 368 312 377 .
321 367 335 384 .,
344 344 386 386 [rest
393 345 479 387 wantingr
492 354 501 376 2
509 345 569 377 inches
576 344 607 378 lest
615 345 691 386 vacant]¹

108 448 139 480 DE
151 454 233 485 QUODAM
245 454 360 481 coutuncro
371 455 398 479 AD
409 455 525 482 SEPULCRUM
536 455 604 482 SANCTI
617 450 714 482 EDMUNDI

369 503 453 530 cumo.

101 569 142 602 Nno
154 568 230 603 secundo
241 568 287 611 regis
300 568 371 603 Henrici
384 569 460 610 secundi,
470 569 539 612 quidam
552 576 647 604 contractus
658 580 679 604 ex
690 569 730 604 uilla
741 571 763 603 de

121 619 183 653 Writle
194 620 217 653 ad
226 620 326 663 vsepulcrum
337 618 392 652 sancti
402 619 491 652 Edmundi
503 630 564 662 repens
576 620 627 662 venit,
640 620 780 657 sustentamina5

60 670 144 712 deposuit,
150 671 222 703 salutem
230 670 275 702 illico
282 670 348 703 meritis
355 670 410 702 sancti
418 670 506 702 Edmundi
514 670 583 711 recepit,
588 676 605 702 et
613 676 679 703 erectus
686 671 763 711 gaudens

60 720 83 753 ad
91 719 160 763 propria
167 718 223 753 rediit.

99 827 129 860 DE
141 834 224 865 Quonunl
235 836 312 862 CLAUDO
323 835 349 860 AD
360 835 444 860 Tuuesnt
455 834 524 860 SANCTl
536 827 633 860 EDMUNDI
644 834 727 861 cunnTo.

66 901 161 975 Eodem
172 907 248 942 tempore
259 901 330 943 quidam
341 901 411 933 claudus
423 899 469 932 iuxta
479 901 558 933 tumbam
571 900 625 933 sancti
636 900 725 933 Edmundi
737 910 765 933 ce·

126 950 174 991 cidit,
183 951 253 983 baculos
265 955 388 983 sustentatores
399 949 489 992 linquens:
501 955 517 983 et
529 949 573 983 infra
582 950 642 983 horam
653 959 704 983 vnam
714 959 766 983 sanus

62 1006 79 1034 et
87 1000 178 1034 incolumis
185 1001 259 1034 recessit.
775 1002 794 1025 ro

69 1066 175 1108 Expliciunt
182 1066 269 1099 mimula
275 1067 341 1108 smpta
348 1067 367 1098 in
375 1066 450 1107 quodum
460 1066 517 1098 veteri
523 1064 632 1108 q(11atern)0¹
640 1065 757 1108 adferetmm.

124 1171 155 1203 DE
167 1177 224 1208 EQUIS
236 1177 304 1203 nnPTrs
315 1177 341 1202 DE
353 1176 479 1202 llotlnsunnlo
490 1175 559 1201 snneTl
570 1169 666 1202 Enuuunl
679 1176 703 1202 ET

364 1226 464 1252 REDUCTIS.

169 1320 188 1327 ..
256 1321 260 1326 .
355 1320 358 1327 .
423 1293 464 1325 Nno
476 1291 541 1325 domini
556 1292 679 1336 t1⁰.cc⁰.lxvij⁰‚
689 1299 766 1336 tempore

85 1320 361 1355 ExcronzctssancuEdmuncu.
384 1294 422 1369 Α
445 1343 530 1376 discordie
543 1343 587 1376 inter
600 1354 658 1385 regem
670 1344 765 1377 Hemicum

64 1398 81 1425 et
95 1393 170 1425 barones
181 1393 248 1434 Anglie,
262 1393 302 1425 licet
317 1392 334 1424 in
350 1398 443 1436 conspeetu
457 1394 540 1426 baronum
555 1393 634 1434 preciosa
647 1393 697 1427 valde
711 1394 766 1427 fuerat

64 1442 133 1475 libertas
149 1442 204 1476 sancti
217 1442 312 1484 Edmundi,
325 1442 396 1485 quidam
409 1450 466 1476 tamen
481 1442 543 1475 ribaldi
558 1443 581 1476 de
595 1442 692 1477 municione
707 1443 766 1476 eliensi

64 1492 176 1534 egredientes,
188 1503 241 1535 equos
254 1493 361 1536 quorundam
372 1493 447 1526 virorum
459 1492 487 1536 qui
501 1492 518 1525 in
530 1492 653 1527 secrecioribus
665 1494 708 1528 locis
721 1494 767 1527 curie
776 1506 794 1536 ¹5

64 1543 111 1576 beati
127 1543 202 1576 martiris
217 1543 306 1576 Edmundi
320 1544 454 1585 occultabantur,
470 1553 502 1586 per
516 1542 591 1577 medium
607 1542 700 1578 infirmarie
714 1544 766 1577 dedu·

64 1599 128 1635 centes,
140 1594 157 1625 in
171 1594 243 1627 insulam
255 1594 338 1627 eliensem
350 1604 409 1628 secum
421 1594 510 1627 dmerunt.
533 1593 581 1635 Quos
594 1604 633 1627 cum
646 1594 718 1637 quidam
730 1605 768 1628 mo-

65 1644 130 1675 nachus
145 1644 221 1676 eiusdem
236 1643 268 1676 loci
285 1644 405 1685 insequeretur,
421 1643 530 1685 magnatibus
549 1643 630 1677 insulanIs
649 1654 685 1677 rem
701 1651 768 1685 gestam

64 1693 159 1727 luculenter
171 1693 253 1736 exposuit.
277 1693 355 1727 Tandem
369 1693 419 1727 dictis
433 1692 514 1727 insulanis
527 1693 678 1736 sentenclantibus,
691 1693 733 1727 dicti
745 1693 768 1727 ri·

65 1744 111 1776 baldi
126 1745 204 1777 dolentes
219 1751 236 1777 et
251 1744 347 1788 penitentes
362 1756 401 1777 cum
416 1745 466 1778 dictis
481 1744 530 1787 equis
545 1744 615 1777 arbitrio
630 1745 671 1778 dicti
688 1746 768 1779 monachi
778 1758 797 1779 zo

66 1795 222 1827 committebantur.
246 1797 294 1836 Quos
305 1794 383 1827 videlicet
395 1805 449 1836 equos
460 1804 499 1827 cum
511 1795 534 1826 ad
545 1795 599 1827 altare
613 1794 667 1827 sancti
680 1795 768 1828 Edmundi

66 1844 177 1878 deuotissime
190 1844 301 1885 reduxissent,
316 1843 333 1877 in
347 1844 414 1886 signum
426 1843 560 1886 presumpcionis
572 1843 640 1886 gladios
656 1855 696 1878 suos
710 1844 768 1888 [quos]

66 1895 177 1927 irreuerenter
185 1901 244 1927 contra
252 1894 306 1927 sancti
314 1895 402 1927 Edmundi
410 1895 506 1927 libertatem
514 1900 608 1932 erexerant,
614 1894 682 1927 venium
690 1901 768 1937 petentes

65 1944 127 1978 feretro
134 1943 207 1977 martiris
215 1944 317 1986 optulerunt.

89 1994 138 2027 Istud
145 1994 245 2027 miraculum
253 1994 338 2037 sculptum
346 1999 372 2028 est
382 1993 399 2027 in
408 1994 460 2027 choro
468 2003 506 2027 cum
514 1992 552 2027 aliis
561 1993 647 2028 miraculis
657 1993 702 2028 iux-ra
710 1995 769 2029 sedem
779 2009 797 2039 25

66 2045 134 2079 abbatis
141 2056 180 2079 cum
187 2045 221 2078 hiis
228 2045 304 2079 versibus
311 2055 315 2078 t

228 2106 260 2136 Hic
270 2106 349 2145 rapiuntur
358 2106 393 2145 eqni
403 2106 423 2136 de
433 2105 480 2136 tundo
490 2105 556 2136 martiris
566 2106 607 2147 equi.

227 2146 301 2176 Clamant
310 2151 384 2185 raptores
395 2146 452 2176 suriunt
461 2146 536 2185 paciendo
546 2146 612 2176 dolores.

228 2186 265 2215 Post
275 2186 336 2215 veniunt
347 2185 404 2222 tientes,
414 2194 457 2215 enses
467 2184 521 2214 offerre
530 2185 603 2221 volentes,

227 2225 305 2254 Abbatem
315 2227 385 2263 quemnt,
396 2224 457 2254 contriti
467 2224 513 2255 corde
523 2224 594 2255 suerunt:

227 2265 263 2295 Hos
273 2263 368 2302 ubsoluebat,
378 2264 443 2294 humiles
453 2273 491 2304 quos
501 2273 533 2295 esse
543 2264 610 2295 videbat.

107 2368 138 2399 DE
149 2373 326 2400 unusmenurruus
337 2374 374 2399 PER
386 2373 478 2400 Strictum
490 2367 611 2400 EDMUNDUM
623 2374 730 2400 Lineunuts.

72 2440 176 2517 IOhannes
189 2439 259 2483 quidam
271 2440 389 2479 brabantinus,
401 2440 434 2473 fide
446 2449 480 2482 qua
491 2439 546 2482 potuit
559 2445 576 2473 et
591 2439 685 2472 iuramento
698 2438 770 2473 asseruit

114 2490 160 2533 quod
168 2500 206 2523 cum
214 2490 231 2522 in
240 2490 268 2523 die
275 2490 331 2523 sancti
339 2490 433 2524 Clementis
440 2501 485 2534 pape
493 2501 531 2523 cum
540 2489 591 2524 sociis
599 2489 616 2522 in
623 2500 671 2522 mare
679 2488 771 2523 velificaret

285 2580 290 2602 ¹
302 2581 369 2620 Erused;
379 2581 419 2614 libro
427 2592 447 2613 on
454 2581 479 2613 the
486 2580 551 2622 margin.
