1762 2803
248 87 294 143 ma
309 80 410 140 &aneto
425 85 583 147 &anatona
720 99 762 143 351

61 211 89 243 est
101 218 143 243 eum
155 206 229 243 dicens:
242 207 326 243 ‘Gratias
333 208 369 242 deo
379 207 457 253 agimus,
464 206 495 252 qui
505 206 567 242 lumen
576 206 610 242 hoc
621 205 674 241 nobis
685 204 766 251 indignis

61 261 84 295 de
97 267 153 305 gente
167 267 231 296 nostra
245 262 346 295 accendere
359 260 445 305 dignatus
462 265 490 295 est
504 259 522 294 in
538 264 592 296 terra.
621 258 650 294 En
662 264 717 305 caput
728 269 766 295 om·

61 314 112 349 nium
124 320 213 357 nostrum,
221 325 245 349 en
255 313 338 360 pontifex
347 325 431 349 summus
439 314 516 349 multum
524 314 602 350 ecclesie
610 313 639 349 dci
648 313 766 358 profuturus.¹

62 361 113 407 Cum
122 374 182 403 autem
192 368 296 413 quindecim
305 373 355 403 esset
362 378 458 410 annorum,
466 367 539 402 ieiuniis
546 378 567 401 ac
573 366 578 386 ¹
585 366 651 412 vigiliis
662 366 767 408 intendens,

62 431 107 465 sepe
118 421 198 455 biduana
209 420 277 456 ieiunia
288 420 370 455 faciebat.
393 421 477 463 Quodam
485 420 515 455 die
525 420 556 455 ille
568 425 586 455 et
597 419 685 464 magister
696 420 736 455 eius
747 419 784 460 ins

62 474 154 517 quandam
166 474 281 518 questionem
292 474 347 508 altam
361 473 469 515 inciderunt,
482 473 533 508 cuius
545 471 693 517 explanationem
708 471 766 506 nulla-

62 532 117 562 tenus
131 526 214 571 reperire
228 531 333 572 potuerunt.
355 526 408 561 Tunc
424 525 516 570 Sampson
530 525 602 561 ieiuniis
616 530 633 560 et
647 524 725 569 vigiliis*
738 524 767 559 in·

62 580 135 621 sistens,
147 591 182 624 per
189 580 284 615 dominum
297 579 368 624 rogauit
377 579 425 613 scire
433 581 482 624 quod
492 590 527 624 per
535 579 643 624 magistrum
655 589 692 624 non
703 579 768 623 potuit.

63 632 110 668 Cum
122 639 184 668 autem
197 633 251 668 tertia
266 638 320 668 nocte
335 639 400 675 oraret,
415 632 503 668 assistere
518 632 552 667 sibi
567 632 612 668 vidit
627 632 686 666 lucem
702 631 768 667 celitus

63 687 155 729 emissam,
170 697 191 720 ac
207 697 270 721 vocem
285 686 354 720 audiuit
369 686 393 719 de
407 686 448 719 luce
463 685 544 719 suauiter
558 685 593 719 sibi
608 685 711 718 dicentem:
727 684 796 717 ‘Nero

63 738 144 782 fatigeris
156 738 240 782 amplius,
253 738 311 773 electe
325 738 366 780 dei3
383 749 426 773 ecce
440 737 508 773 etenim
521 748 559 773 non
574 737 634 772 solum
649 737 696 772 hanc
712 746 768 781 ques·

63 791 132 826 tionem
144 802 179 837 pro
189 791 237 837 quau
244 792 317 827 laboras
328 792 452 836 consequeris,
463 792 496 827 sed
504 801 613 836 quecunque
624 789 700 836 petieris
711 801 722 825 a
733 789 769 825 deo

63 855 98 889 per
112 844 213 880 orationem
226 849 277 879 tuam
291 850 310 880 et
323 844 417 887 ieiunium,
428 844 556 890 exigentibus⁴
567 844 638 879 meritis
651 844 688 879 tuis
703 854 768 878 conse-

63 898 136 943 queris!
161 891 214 934 Dum
225 898 292 933 fratres
303 899 325 933 ad
337 899 451 943 purgandam
459 909 540 933 messem
548 904 654 943 pergerent,
662 897 737 932 coluber
744 898 768 931 de

63 952 110 986 rubo
122 952 199 987 exiliens
213 953 305 997 quendam
317 951 393 986 fratrem
404 952 503 986 momordit
514 952 532 986 in
544 951 632 996 inguine:
647 956 665 985 et
677 951 768 986 accedens
778 960 796 991 15

64 1005 157 1049 Sampson
173 1005 246 1049 signum
262 1006 321 1040 crucis
336 1004 428 1048 imposuit,
443 1010 462 1039 et
474 1004 550 1039 fratrem
562 1005 673 1039 incolumem
684 1004 769 1038 reddidit.

64 1050 150 1091 Veniens
161 1063 223 1092 autem
234 1057 333 1101 episcopus
347 1056 446 1092 Dubricius
459 1058 482 1092 ad
494 1057 579 1092 abbatem
591 1056 685 1097 Iltutum⁶‚
701 1056 769 1101 Samp-

65 1119 130 1144 sonem
144 1109 241 1144 diaconum
254 1109 349 1151 ordinauit,
363 1114 381 1144 et
392 1121 429 1143 vna
444 1120 485 1143 cum
501 1109 568 1144 lltuto⁶
584 1109 688 1144 columbam
703 1108 769 1144 celitus

65 1160 152 1196 emissam
164 1162 277 1197 descendere
289 1174 309 1196 ac
321 1172 378 1207 super
389 1162 512 1207 Sampsonem
524 1161 643 1197 immobiliter
657 1167 706 1197 stare
717 1161 769 1196 vidit.

65 1214 144 1257 Quando
156 1217 205 1250 enim
218 1215 315 1260 episcopus
326 1226 401 1250 manum
415 1226 471 1260 super
484 1226 527 1250 eum
540 1215 607 1260 posuit,
616 1215 646 1249 illa
659 1216 678 1249 in
694 1215 769 1260 scapula
778 1224 798 1246 πο

65 1268 153 1303 dextera⁷
161 1268 201 1303 eius
212 1268 314 1309 descendit,
325 1268 387 1311 ibique
397 1269 455 1302 donec
467 1268 547 1302 officium
559 1274 609 1302 esset
620 1273 768 1302 consummatum

65 1319 138 1354 mansit.
160 1320 192 1355 Ab
204 1322 269 1355 eodem
282 1325 344 1354 autem
356 1319 444 1364 episcopo
456 1331 498 1355 cum
510 1320 529 1354 in
544 1321 659 1355 sacerdotem
674 1319 770 1355 ordinatus

65 1377 120 1415 esset,
132 1373 182 1407 idem
193 1373 273 1417 signum,
283 1375 323 1408 eius
334 1374 457 1408 innocentiam
467 1375 574 1417 ostendens,
585 1374 674 1419 apparuit.
697 1372 770 1416 Quanto

66 1425 116 1461 enim
126 1427 149 1461 ad
160 1426 248 1462 maiorem
259 1427 337 1471 gradum
344 1426 432 1469 ascendit,
439 1432 490 1462 tanto
498 1428 594 1462 arctiorem
602 1427 658 1463 vitam
667 1427 742 1470 ducens,
750 1428 769 1462 in

65 1483 104 1514 tota
117 1480 155 1515 vita
170 1491 203 1515 sua
217 1480 286 1515 nullam
302 1491 376 1515 carnem
392 1490 469 1525 prorsus
483 1485 558 1525 gustare
573 1480 634 1516 voluit.
662 1473 770 1516 Celerarius
779 1490 798 1523 ¹5

66 1533 178 1575 monasterii,
186 1539 228 1576 post
236 1534 347 1566 auunculum
358 1543 412 1566 suum
425 1532 501 1566 Iltutum
512 1533 624 1568 monasterio
631 1542 708 1577 preesse
715 1532 771 1567 affec·

66 1588 114 1626 tans,
129 1585 163 1619 sed
181 1595 280 1620 successus
298 1595 400 1630 prosperos
415 1585 524 1630 Sampsonis
543 1590 634 1627 metuens,
648 1584 770 1621 fortissimum

65 1648 158 1673 venenum
170 1638 252 1680 coniecit,
261 1644 279 1673 et
290 1638 411 1683 experimenti
424 1639 481 1683 gratia
492 1637 567 1674 animali
578 1639 638 1674 dedit:
651 1650 688 1684 quo
699 1639 771 1682 hausto,

66 1691 133 1727 saltum
144 1692 279 1737 precip[item]⁸
287 1693 333 1727 dans
340 1691 438 1737 expirauit.
461 1692 564 1728 Celerarius
572 1698 633 1728 autem
643 1703 684 1728 cum
695 1692 771 1727 consilio

66 1746 148 1789 germani
156 1746 184 1780 sui
192 1746 211 1780 in
219 1745 294 1780 calicem
300 1745 358 1780 sancti
366 1745 476 1790 Sampsonis
484 1745 540 1781 ludit:
549 1746 598 1790 quod
606 1746 637 1780 ille
644 1756 678 1790 per
686 1745 770 1790 spiritum
779 1757 800 1786 30

66 1803 151 1832 sanctum
169 1798 281 1842 intelligens,
296 1804 314 1832 et
332 1803 396 1842 potum
411 1798 530 1840 benedicens,
545 1803 603 1832 totum
620 1798 670 1839 bibit,
689 1802 707 1833 et
726 1797 770 1832 nihil

67 1850 144 1884 lesionis
157 1851 221 1885 sensit.
244 1850 288 1885 Post
301 1850 398 1894 prandium
412 1850 457 1885 dixit
470 1850 558 1885 celerario
570 1850 599 1884 vir
610 1850 651 1884 dei:
667 1850 705 1884 ‘Mi
715 1850 771 1885 scater

67 1903 178 1946 dulcissime,
193 1908 246 1939 sanet
259 1908 277 1938 te
289 1903 335 1939 deus
348 1904 372 1939 ab
384 1902 434 1939 omni
447 1903 555 1949 egritudine,
567 1904 609 1949 quia
621 1915 706 1948 magnam
720 1904 771 1939 sani-

67 1963 124 1992 tatem
132 1958 204 2002 corpori
212 1968 254 1992 meo
261 1958 346 2001 poculum
354 1957 409 1991 hodie
417 1957 461 1991 mihi
469 1962 574 2001 porrectum
582 1958 665 2002 prebuit!
685 1957 718 1992 llle
726 1968 771 1992 vero

67 2009 86 2044 in
98 2010 219 2045 obstinatione
230 2011 334 2055 perdurans
345 2020 386 2045 curn
399 2009 429 2045 die
440 2009 531 2045 dominica
541 2021 612 2045 sacram
623 2010 772 2046 communionem
780 2022 799 2054 35

68 2064 91 2098 de
106 2074 163 2097 manu
177 2063 287 2106 Sampsonis
302 2063 409 2107 susciperet,
425 2063 507 2097 diabolus
526 2074 568 2097 eurn
588 2064 679 2107 arripiens
694 2064 771 2098 multum

67 2128 136 2151 vexare
144 2116 197 2162 cepit.
219 2116 253 2150 Vir
258 2121 318 2152 autem
327 2117 356 2152 dei
364 2116 427 2151 dolore
437 2115 497 2151 fratris
505 2122 608 2152 commotus
615 2117 671 2159 ileuit,
679 2127 745 2162 aquarn
753 2122 772 2152 et

68 2171 129 2205 oleum
141 2169 234 2204 benedixit
246 2174 264 2205 et
275 2170 298 2205 ad
309 2170 410 2215 potandum
420 2170 475 2212 dedit,
485 2176 503 2205 et
512 2170 584 2205 sanitati
596 2171 680 2205 restituit.
725 2164 773 2206 lVir

67 2225 130 2269 itaque
138 2223 168 2258 dei
172 2228 229 2258 totam
238 2223 286 2258 diem
294 2224 380 2268 operibus
388 2235 475 2258 manuum
483 2235 558 2259 suarum
566 2230 584 2259 et
589 2224 707 2266 orationibus,
715 2230 771 2259 totam

68 2288 113 2313 vero
121 2283 194 2311 noctem
202 2277 311 2311 lectionibus
319 2277 451 2320 scripturarum
460 2283 478 2311 et
485 2277 603 2311 meditatione
616 2278 699 2312 ducebat.
722 2277 745 2311 Et
756 2277 771 2311 si
779 2289 800 2319 4⁰

68 2330 179 2375 quandoque
189 2334 209 2363 vt
221 2329 277 2363 homo
285 2329 381 2373 quiescere
393 2341 439 2374 opus
451 2330 532 2371 haberet,
543 2330 608 2374 parieti
620 2330 717 2372 inclinans
724 2341 772 2364 nun-

68 2393 124 2427 quam
135 2381 154 2416 in
166 2382 218 2425 lecto,
230 2381 322 2416 dormiuit.
374 2375 469 2427 Egrotans
480 2388 533 2427 pater
541 2393 585 2417 suus
597 2383 620 2417 ad
631 2388 715 2423 mortem,
723 2383 772 2417 affir-

88 2472 200 2509 ¹E,et;T.ac
229 2472 481 2512 ²soTr;E.uigiliisetieiuniis.
511 2473 608 2512 ’raquo
638 2473 772 2505 ‘uenientibus

68 2513 74 2531 ⁵
81 2513 99 2544 T.
108 2513 163 2549 eltuti;
174 2513 192 2543 E.
200 2512 262 2543 iltutum
269 2518 307 2544 tum.
348 2514 379 2544 ·T.
387 2514 442 2544 eltuto.
482 2512 489 2530 ⁷
496 2513 514 2545 E.
522 2515 587 2544 dextere
594 2523 597 2550 ς
608 2513 639 2543 Vit.
646 2514 727 2551 scapulam
734 2514 772 2543 dex·

68 2557 123 2583 teram.
163 2552 340 2591 ³T.E.precipuum.r
362 2553 771 2592 ’Cf.VB.InVita,heleavesS.lltutiorS.Piro.
