<?xml version="1.0" encoding="UTF-8"?>
<!DOCTYPE html PUBLIC "-//W3C//DTD XHTML 1.0 Transitional//EN"
    "http://www.w3.org/TR/xhtml1/DTD/xhtml1-transitional.dtd">
<html xmlns="http://www.w3.org/1999/xhtml" xml:lang="en" lang="en">
 <head>
  <title>
</title>
<meta http-equiv="Content-Type" content="text/html;charset=utf-8" />
  <meta name='ocr-system' content='tesseract 3.04.00' />
  <meta name='ocr-capabilities' content='ocr_page ocr_carea ocr_par ocr_line ocrx_word'/>
</head>
<body>
  <div class='ocr_page' id='page_1' title='image "./MN5111ucmf_0/MN5111ucmf_0_1089.png"; bbox 0 0 1762 2803; ppageno 0'>
   <div class='ocr_carea' id='block_1_1' title="bbox 55 80 752 141">
    <p class='ocr_par' dir='ltr' id='par_1_1' title="bbox 55 80 752 141">
     <span class='ocr_line' id='line_1_1' title="bbox 55 80 752 141; baseline 0.024 -17"><span class='ocrx_word' id='word_1_1' title='bbox 55 85 178 130; x_wconf 57' lang='lat' dir='ltr'>1renna]</span> <span class='ocrx_word' id='word_1_2' title='bbox 264 82 309 136; x_wconf 59' lang='lat' dir='ltr'>vt</span> <span class='ocrx_word' id='word_1_3' title='bbox 324 80 426 133; x_wconf 58' lang='lat' dir='ltr'>&amp;tutta</span> <span class='ocrx_word' id='word_1_4' title='bbox 442 80 546 136; x_wconf 60' lang='lat' dir='ltr'>broulo.</span> <span class='ocrx_word' id='word_1_5' title='bbox 707 97 752 141; x_wconf 83' lang='lat'>473</span> 
     </span>
    </p>
   </div>
   <div class='ocr_carea' id='block_1_2' title="bbox 53 201 787 2253">
    <p class='ocr_par' dir='ltr' id='par_1_2' title="bbox 53 201 787 2253">
     <span class='ocr_line' id='line_1_2' title="bbox 53 201 754 250; baseline -0.004 -10"><span class='ocrx_word' id='word_1_6' title='bbox 53 215 98 250; x_wconf 87' lang='lat' dir='ltr'>gans</span> <span class='ocrx_word' id='word_1_7' title='bbox 105 202 158 239; x_wconf 92' lang='lat' dir='ltr'>valde</span> <span class='ocrx_word' id='word_1_8' title='bbox 166 202 199 237; x_wconf 87' lang='lat' dir='ltr'>suit</span> <span class='ocrx_word' id='word_1_9' title='bbox 207 206 225 236; x_wconf 90' lang='lat' dir='ltr'>et</span> <span class='ocrx_word' id='word_1_10' title='bbox 233 201 474 245; x_wconf 87' lang='lat' dir='ltr'>decora‚vniuersorumque</span> <span class='ocrx_word' id='word_1_11' title='bbox 482 201 540 236; x_wconf 90' lang='lat' dir='ltr'>oculis</span> <span class='ocrx_word' id='word_1_12' title='bbox 547 201 656 246; x_wconf 85' lang='lat' dir='ltr'>gratissima.</span> <span class='ocrx_word' id='word_1_13' title='bbox 670 202 754 247; x_wconf 90' lang='lat' dir='ltr'>Denique</span> 
     </span>
     <span class='ocr_line' id='line_1_3' title="bbox 53 254 754 300; baseline -0.003 -8"><span class='ocrx_word' id='word_1_14' title='bbox 53 265 71 293; x_wconf 90' lang='lat' dir='ltr'>et</span> <span class='ocrx_word' id='word_1_15' title='bbox 82 267 154 292; x_wconf 88' lang='lat' dir='ltr'>morum</span> <span class='ocrx_word' id='word_1_16' title='bbox 165 256 214 290; x_wconf 88' lang='lat' dir='ltr'>illius</span> <span class='ocrx_word' id='word_1_17' title='bbox 225 255 312 290; x_wconf 90' lang='lat' dir='ltr'>honestas</span> <span class='ocrx_word' id='word_1_18' title='bbox 320 260 375 299; x_wconf 89' lang='lat' dir='ltr'>atque</span> <span class='ocrx_word' id='word_1_19' title='bbox 385 254 475 289; x_wconf 90' lang='lat' dir='ltr'>modestia</span> <span class='ocrx_word' id='word_1_20' title='bbox 482 255 550 299; x_wconf 82' lang='lat' dir='ltr'>ubique</span> <span class='ocrx_word' id='word_1_21' title='bbox 557 254 679 299; x_wconf 77' lang='lat' dir='ltr'>predicatur1,</span> <span class='ocrx_word' id='word_1_22' title='bbox 687 255 754 300; x_wconf 81' lang='lat' dir='ltr'>ubique</span> 
     </span>
     <span class='ocr_line' id='line_1_4' title="bbox 53 307 754 353; baseline -0.001 -8"><span class='ocrx_word' id='word_1_23' title='bbox 53 309 150 346; x_wconf 71' lang='lat' dir='ltr'>laudaturi</span> <span class='ocrx_word' id='word_1_24' title='bbox 178 309 234 343; x_wconf 91' lang='lat' dir='ltr'>Fama</span> <span class='ocrx_word' id='word_1_25' title='bbox 253 309 327 342; x_wconf 87' lang='lat' dir='ltr'>tandem</span> <span class='ocrx_word' id='word_1_26' title='bbox 346 307 404 353; x_wconf 91' lang='lat' dir='ltr'>ipsius</span> <span class='ocrx_word' id='word_1_27' title='bbox 423 307 467 342; x_wconf 82' lang='lat' dir='ltr'>felix</span> <span class='ocrx_word' id='word_1_28' title='bbox 486 313 504 342; x_wconf 90' lang='lat' dir='ltr'>et</span> <span class='ocrx_word' id='word_1_29' title='bbox 523 309 590 351; x_wconf 89' lang='lat' dir='ltr'>suauis,</span> <span class='ocrx_word' id='word_1_30' title='bbox 606 308 688 353; x_wconf 89' lang='lat' dir='ltr'>odorque</span> <span class='ocrx_word' id='word_1_31' title='bbox 706 309 754 344; x_wconf 89' lang='lat' dir='ltr'>bone</span> 
     </span>
     <span class='ocr_line' id='line_1_5' title="bbox 53 361 755 409; baseline -0.004 -11"><span class='ocrx_word' id='word_1_32' title='bbox 53 363 143 409; x_wconf 82' lang='lat' dir='ltr'>opinionis</span> <span class='ocrx_word' id='word_1_33' title='bbox 155 363 200 404; x_wconf 85' lang='lat' dir='ltr'>eius,</span> <span class='ocrx_word' id='word_1_34' title='bbox 212 363 236 395; x_wconf 95' lang='lat' dir='ltr'>ad</span> <span class='ocrx_word' id='word_1_35' title='bbox 248 372 311 406; x_wconf 88' lang='lat' dir='ltr'>regem</span> <span class='ocrx_word' id='word_1_36' title='bbox 326 363 418 405; x_wconf 84' lang='lat' dir='ltr'>quendam</span> <span class='ocrx_word' id='word_1_37' title='bbox 430 362 515 405; x_wconf 90' lang='lat' dir='ltr'>peruenit</span> <span class='ocrx_word' id='word_1_38' title='bbox 528 371 626 405; x_wconf 87' lang='lat' dir='ltr'>paganum,</span> <span class='ocrx_word' id='word_1_39' title='bbox 638 362 672 395; x_wconf 90' lang='lat' dir='ltr'>sed</span> <span class='ocrx_word' id='word_1_40' title='bbox 687 361 755 396; x_wconf 91' lang='lat' dir='ltr'>diuitiis</span> 
     </span>
     <span class='ocr_line' id='line_1_6' title="bbox 54 413 772 460; baseline -0.004 -8"><span class='ocrx_word' id='word_1_41' title='bbox 54 423 107 460; x_wconf 91' lang='lat' dir='ltr'>atque</span> <span class='ocrx_word' id='word_1_42' title='bbox 122 415 204 459; x_wconf 90' lang='lat' dir='ltr'>potentia</span> <span class='ocrx_word' id='word_1_43' title='bbox 217 414 270 449; x_wconf 91' lang='lat' dir='ltr'>huius</span> <span class='ocrx_word' id='word_1_44' title='bbox 282 414 343 458; x_wconf 91' lang='lat' dir='ltr'>puelle</span> <span class='ocrx_word' id='word_1_45' title='bbox 360 418 412 458; x_wconf 87' lang='lat' dir='ltr'>patre</span> <span class='ocrx_word' id='word_1_46' title='bbox 427 413 527 448; x_wconf 80' lang='lat' dir='ltr'><strong>fortiorem.</strong></span> <span class='ocrx_word' id='word_1_47' title='bbox 550 413 592 449; x_wconf 86' lang='lat' dir='ltr'>Rex</span> <span class='ocrx_word' id='word_1_48' title='bbox 607 413 698 457; x_wconf 84' lang='lat' dir='ltr'>siquidem</span> <span class='ocrx_word' id='word_1_49' title='bbox 714 413 772 449; x_wconf 77' lang='lat' dir='ltr'>hic²5</span> 
     </span>
     <span class='ocr_line' id='line_1_7' title="bbox 54 465 755 511; baseline -0.003 -8"><span class='ocrx_word' id='word_1_50' title='bbox 54 468 121 504; x_wconf 83' lang='lat' dir='ltr'>austeri</span> <span class='ocrx_word' id='word_1_51' title='bbox 132 472 171 501; x_wconf 89' lang='lat' dir='ltr'>erat</span> <span class='ocrx_word' id='word_1_52' title='bbox 181 465 242 509; x_wconf 91' lang='lat' dir='ltr'>animi,</span> <span class='ocrx_word' id='word_1_53' title='bbox 251 467 283 501; x_wconf 88' lang='lat' dir='ltr'>sed</span> <span class='ocrx_word' id='word_1_54' title='bbox 291 477 338 501; x_wconf 85' lang='lat' dir='ltr'>vxor</span> <span class='ocrx_word' id='word_1_55' title='bbox 345 465 394 501; x_wconf 87' lang='lat' dir='ltr'>illius</span> <span class='ocrx_word' id='word_1_56' title='bbox 403 466 425 500; x_wconf 90' lang='lat' dir='ltr'>ab</span> <span class='ocrx_word' id='word_1_57' title='bbox 433 465 509 500; x_wconf 76' lang='lat' dir='ltr'>infantia</span> <span class='ocrx_word' id='word_1_58' title='bbox 519 465 572 501; x_wconf 91' lang='lat' dir='ltr'>bonis</span> <span class='ocrx_word' id='word_1_59' title='bbox 580 465 660 511; x_wconf 90' lang='lat' dir='ltr'>pollebat</span> <span class='ocrx_word' id='word_1_60' title='bbox 667 465 755 501; x_wconf 89' lang='lat' dir='ltr'>moribus.</span> 
     </span>
     <span class='ocr_line' id='line_1_8' title="bbox 54 519 755 565; baseline -0.001 -9"><span class='ocrx_word' id='word_1_61' title='bbox 54 523 89 565; x_wconf 81' lang='lat' dir='ltr'>Qui</span> <span class='ocrx_word' id='word_1_62' title='bbox 95 522 152 556; x_wconf 87' lang='lat' dir='ltr'>filium</span> <span class='ocrx_word' id='word_1_63' title='bbox 159 520 265 564; x_wconf 84' lang='lat' dir='ltr'>habeba[n]t</span> <span class='ocrx_word' id='word_1_64' title='bbox 271 521 357 555; x_wconf 90' lang='lat' dir='ltr'>iuuenem</span> <span class='ocrx_word' id='word_1_65' title='bbox 363 525 381 554; x_wconf 89' lang='lat' dir='ltr'>et</span> <span class='ocrx_word' id='word_1_66' title='bbox 387 520 485 554; x_wconf 85' lang='lat' dir='ltr'>honesturn</span> <span class='ocrx_word' id='word_1_67' title='bbox 490 520 508 554; x_wconf 92' lang='lat' dir='ltr'>in</span> <span class='ocrx_word' id='word_1_68' title='bbox 514 520 604 555; x_wconf 82' lang='lat' dir='ltr'>omnibus.</span> <span class='ocrx_word' id='word_1_69' title='bbox 620 520 677 554; x_wconf 91' lang='lat' dir='ltr'>Porro</span> <span class='ocrx_word' id='word_1_70' title='bbox 683 519 755 555; x_wconf 84' lang='lat' dir='ltr'>iuuenis</span> 
     </span>
     <span class='ocr_line' id='line_1_9' title="bbox 54 572 755 617; baseline -0.001 -8"><span class='ocrx_word' id='word_1_71' title='bbox 54 576 103 609; x_wconf 91' lang='lat' dir='ltr'>idem</span> <span class='ocrx_word' id='word_1_72' title='bbox 115 573 189 617; x_wconf 80' lang='lat' dir='ltr'>regius³</span> <span class='ocrx_word' id='word_1_73' title='bbox 197 574 244 607; x_wconf 91' lang='lat' dir='ltr'>bone</span> <span class='ocrx_word' id='word_1_74' title='bbox 255 573 315 607; x_wconf 80' lang='lat' dir='ltr'>extitit</span> <span class='ocrx_word' id='word_1_75' title='bbox 326 573 397 615; x_wconf 87' lang='lat' dir='ltr'>indolis¹</span> <span class='ocrx_word' id='word_1_76' title='bbox 409 572 504 617; x_wconf 89' lang='lat' dir='ltr'>speciosus</span> <span class='ocrx_word' id='word_1_77' title='bbox 516 572 574 606; x_wconf 84' lang='lat' dir='ltr'>forma</span> <span class='ocrx_word' id='word_1_78' title='bbox 585 579 603 607; x_wconf 91' lang='lat' dir='ltr'>et</span> <span class='ocrx_word' id='word_1_79' title='bbox 615 573 698 607; x_wconf 90' lang='lat' dir='ltr'>decorus.</span> <span class='ocrx_word' id='word_1_80' title='bbox 721 573 755 608; x_wconf 89' lang='lat' dir='ltr'>Cui</span> 
     </span>
     <span class='ocr_line' id='line_1_10' title="bbox 55 625 756 671; baseline -0.001 -11"><span class='ocrx_word' id='word_1_81' title='bbox 55 633 105 671; x_wconf 91' lang='lat' dir='ltr'>pater</span> <span class='ocrx_word' id='word_1_82' title='bbox 113 632 131 661; x_wconf 89' lang='lat' dir='ltr'>et</span> <span class='ocrx_word' id='word_1_83' title='bbox 139 632 198 659; x_wconf 92' lang='lat' dir='ltr'>mater</span> <span class='ocrx_word' id='word_1_84' title='bbox 206 626 245 659; x_wconf 90' lang='lat' dir='ltr'>eius</span> <span class='ocrx_word' id='word_1_85' title='bbox 253 626 319 669; x_wconf 82' lang='lat' dir='ltr'>prefati</span> <span class='ocrx_word' id='word_1_86' title='bbox 327 627 376 669; x_wconf 89' lang='lat' dir='ltr'>regis</span> <span class='ocrx_word' id='word_1_87' title='bbox 385 626 427 659; x_wconf 92' lang='lat' dir='ltr'>boni</span> <span class='ocrx_word' id='word_1_88' title='bbox 435 625 491 659; x_wconf 90' lang='lat' dir='ltr'>filiam</span> <span class='ocrx_word' id='word_1_89' title='bbox 499 626 518 658; x_wconf 97' lang='lat' dir='ltr'>in</span> <span class='ocrx_word' id='word_1_90' title='bbox 526 625 661 659; x_wconf 80' lang='lat' dir='ltr'>matrimonium</span> <span class='ocrx_word' id='word_1_91' title='bbox 670 626 756 669; x_wconf 89' lang='lat' dir='ltr'>copulare</span> 
     </span>
     <span class='ocr_line' id='line_1_11' title="bbox 55 677 784 724; baseline 0 -11"><span class='ocrx_word' id='word_1_92' title='bbox 55 680 159 724; x_wconf 80' lang='lat' dir='ltr'>querebant.</span> <span class='ocrx_word' id='word_1_93' title='bbox 182 678 263 712; x_wconf 88' lang='lat' dir='ltr'>Consilio</span> <span class='ocrx_word' id='word_1_94' title='bbox 274 679 346 712; x_wconf 81' lang='lat' dir='ltr'>autem⁴</span> <span class='ocrx_word' id='word_1_95' title='bbox 359 678 425 720; x_wconf 88' lang='lat' dir='ltr'>habito,</span> <span class='ocrx_word' id='word_1_96' title='bbox 437 677 510 711; x_wconf 91' lang='lat' dir='ltr'>mittunt</span> <span class='ocrx_word' id='word_1_97' title='bbox 521 677 597 720; x_wconf 83' lang='lat' dir='ltr'>legatos,</span> <span class='ocrx_word' id='word_1_98' title='bbox 610 687 651 711; x_wconf 90' lang='lat' dir='ltr'>cum</span> <span class='ocrx_word' id='word_1_99' title='bbox 664 678 756 713; x_wconf 86' lang='lat' dir='ltr'>blanditiis</span> <span class='ocrx_word' id='word_1_100' title='bbox 765 690 784 713; x_wconf 86' lang='lat' dir='ltr'>ro</span> 
     </span>
     <span class='ocr_line' id='line_1_12' title="bbox 55 729 756 776; baseline -0.001 -10"><span class='ocrx_word' id='word_1_101' title='bbox 55 735 143 776; x_wconf 88' lang='lat' dir='ltr'>temptant</span> <span class='ocrx_word' id='word_1_102' title='bbox 159 735 177 765; x_wconf 87' lang='lat' dir='ltr'>et</span> <span class='ocrx_word' id='word_1_103' title='bbox 192 731 288 775; x_wconf 84' lang='lat' dir='ltr'>promissis</span> <span class='ocrx_word' id='word_1_104' title='bbox 303 735 399 775; x_wconf 92' lang='lat' dir='ltr'>parentum</span> <span class='ocrx_word' id='word_1_105' title='bbox 414 729 497 764; x_wconf 83' lang='lat' dir='ltr'>animos³</span> <span class='ocrx_word' id='word_1_106' title='bbox 512 729 535 764; x_wconf 89' lang='lat' dir='ltr'>ad</span> <span class='ocrx_word' id='word_1_107' title='bbox 551 739 661 764; x_wconf 89' lang='lat' dir='ltr'>consensum</span> <span class='ocrx_word' id='word_1_108' title='bbox 677 729 756 774; x_wconf 81' lang='lat' dir='ltr'>allicere,</span> 
     </span>
     <span class='ocr_line' id='line_1_13' title="bbox 55 783 756 827; baseline -0.001 -8"><span class='ocrx_word' id='word_1_109' title='bbox 55 796 95 819; x_wconf 90' lang='lat' dir='ltr'>cum</span> <span class='ocrx_word' id='word_1_110' title='bbox 107 784 162 818; x_wconf 91' lang='lat' dir='ltr'>etiam</span> <span class='ocrx_word' id='word_1_111' title='bbox 173 783 228 817; x_wconf 87' lang='lat' dir='ltr'>minis</span> <span class='ocrx_word' id='word_1_112' title='bbox 239 785 320 827; x_wconf 86' lang='lat' dir='ltr'>gestiunt</span> <span class='ocrx_word' id='word_1_113' title='bbox 332 784 416 818; x_wconf 90' lang='lat' dir='ltr'>nolentes</span> <span class='ocrx_word' id='word_1_114' title='bbox 430 783 545 826; x_wconf 79' lang='lat' dir='ltr'>compellere.</span> <span class='ocrx_word' id='word_1_115' title='bbox 568 783 616 825; x_wconf 83' lang='lat' dir='ltr'>Quid</span> <span class='ocrx_word' id='word_1_116' title='bbox 630 783 695 827; x_wconf 80' lang='lat' dir='ltr'>plura?</span> <span class='ocrx_word' id='word_1_117' title='bbox 719 784 756 818; x_wconf 92' lang='lat' dir='ltr'>Re-</span> 
     </span>
     <span class='ocr_line' id='line_1_14' title="bbox 55 835 756 881; baseline 0 -10"><span class='ocrx_word' id='word_1_118' title='bbox 55 838 118 881; x_wconf 84' lang='lat' dir='ltr'>ligioso</span> <span class='ocrx_word' id='word_1_119' title='bbox 132 847 177 880; x_wconf 83' lang='lat' dir='ltr'>rege</span> <span class='ocrx_word' id='word_1_120' title='bbox 192 847 248 880; x_wconf 91' lang='lat' dir='ltr'>super</span> <span class='ocrx_word' id='word_1_121' title='bbox 263 836 300 870; x_wconf 88' lang='lat' dir='ltr'>filia</span> <span class='ocrx_word' id='word_1_122' title='bbox 315 835 434 870; x_wconf 87' lang='lat' dir='ltr'>nihilominus</span> <span class='ocrx_word' id='word_1_123' title='bbox 452 835 537 879; x_wconf 84' lang='lat' dir='ltr'>religiosa</span> <span class='ocrx_word' id='word_1_124' title='bbox 552 841 570 869; x_wconf 88' lang='lat' dir='ltr'>et</span> <span class='ocrx_word' id='word_1_125' title='bbox 585 835 652 879; x_wconf 90' lang='lat' dir='ltr'>pudica</span> <span class='ocrx_word' id='word_1_126' title='bbox 667 836 756 871; x_wconf 79' lang='lat' dir='ltr'>titubante</span> 
     </span>
     <span class='ocr_line' id='line_1_15' title="bbox 55 887 757 932; baseline -0.001 -9"><span class='ocrx_word' id='word_1_127' title='bbox 55 890 145 932; x_wconf 90' lang='lat' dir='ltr'>nimisque</span> <span class='ocrx_word' id='word_1_128' title='bbox 163 889 262 922; x_wconf 86' lang='lat' dir='ltr'>ssuctuante</span> <span class='ocrx_word' id='word_1_129' title='bbox 281 889 324 932; x_wconf 91' lang='lat' dir='ltr'>quid</span> <span class='ocrx_word' id='word_1_130' title='bbox 343 888 378 922; x_wconf 90' lang='lat' dir='ltr'>sibi</span> <span class='ocrx_word' id='word_1_131' title='bbox 397 887 457 922; x_wconf 75' lang='lat' dir='ltr'>soret⁶</span> <span class='ocrx_word' id='word_1_132' title='bbox 473 888 570 932; x_wconf 84' lang='lat' dir='ltr'>agendum,</span> <span class='ocrx_word' id='word_1_133' title='bbox 586 887 663 921; x_wconf 89' lang='lat' dir='ltr'>mittitur</span> <span class='ocrx_word' id='word_1_134' title='bbox 677 889 701 922; x_wconf 90' lang='lat' dir='ltr'>de</span> <span class='ocrx_word' id='word_1_135' title='bbox 717 889 757 923; x_wconf 90' lang='lat' dir='ltr'>celo</span> 
     </span>
     <span class='ocr_line' id='line_1_16' title="bbox 56 940 783 987; baseline 0.003 -12"><span class='ocrx_word' id='word_1_136' title='bbox 56 942 130 987; x_wconf 79' lang='lat' dir='ltr'>angelus</span> <span class='ocrx_word' id='word_1_137' title='bbox 143 941 197 975; x_wconf 92' lang='lat' dir='ltr'>huius</span> <span class='ocrx_word' id='word_1_138' title='bbox 210 941 276 986; x_wconf 86' lang='lat' dir='ltr'>copule</span> <span class='ocrx_word' id='word_1_139' title='bbox 290 941 429 986; x_wconf 80' lang='lat' dir='ltr'>paranimphus,</span> <span class='ocrx_word' id='word_1_140' title='bbox 443 941 508 975; x_wconf 84' lang='lat' dir='ltr'>suadet</span> <span class='ocrx_word' id='word_1_141' title='bbox 520 940 576 975; x_wconf 86' lang='lat' dir='ltr'>filiam</span> <span class='ocrx_word' id='word_1_142' title='bbox 589 951 701 976; x_wconf 88' lang='lat' dir='ltr'>consensum</span> <span class='ocrx_word' id='word_1_143' title='bbox 714 951 756 986; x_wconf 89' lang='lat' dir='ltr'>pre·</span> <span class='ocrx_word' id='word_1_144' title='bbox 766 954 783 985; x_wconf 87' lang='lat'>15</span> 
     </span>
     <span class='ocr_line' id='line_1_17' title="bbox 56 994 756 1039; baseline -0.001 -9"><span class='ocrx_word' id='word_1_145' title='bbox 56 996 98 1030; x_wconf 90' lang='lat' dir='ltr'>bere</span> <span class='ocrx_word' id='word_1_146' title='bbox 105 994 175 1038; x_wconf 80' lang='lat' dir='ltr'>legatis,</span> <span class='ocrx_word' id='word_1_147' title='bbox 183 1005 271 1039; x_wconf 90' lang='lat' dir='ltr'>sponsam</span> <span class='ocrx_word' id='word_1_148' title='bbox 279 994 345 1036; x_wconf 89' lang='lat' dir='ltr'>vocari,</span> <span class='ocrx_word' id='word_1_149' title='bbox 353 994 436 1029; x_wconf 87' lang='lat' dir='ltr'>dotalicia</span> <span class='ocrx_word' id='word_1_150' title='bbox 447 994 547 1038; x_wconf 84' lang='lat' dir='ltr'>suscipere,</span> <span class='ocrx_word' id='word_1_151' title='bbox 555 999 573 1028; x_wconf 86' lang='lat' dir='ltr'>et</span> <span class='ocrx_word' id='word_1_152' title='bbox 581 994 676 1038; x_wconf 91' lang='lat' dir='ltr'>proprium</span> <span class='ocrx_word' id='word_1_153' title='bbox 684 1000 756 1038; x_wconf 90' lang='lat' dir='ltr'>patrem</span> 
     </span>
     <span class='ocr_line' id='line_1_18' title="bbox 56 1047 756 1092; baseline 0 -10"><span class='ocrx_word' id='word_1_154' title='bbox 56 1049 78 1082; x_wconf 94' lang='lat' dir='ltr'>de</span> <span class='ocrx_word' id='word_1_155' title='bbox 90 1047 175 1092; x_wconf 90' lang='lat' dir='ltr'>periculis</span> <span class='ocrx_word' id='word_1_156' title='bbox 186 1047 324 1082; x_wconf 87' lang='lat' dir='ltr'>imminentibus</span> <span class='ocrx_word' id='word_1_157' title='bbox 335 1059 405 1088; x_wconf 86' lang='lat' dir='ltr'>eruere,</span> <span class='ocrx_word' id='word_1_158' title='bbox 416 1048 531 1092; x_wconf 88' lang='lat' dir='ltr'>alterumque</span> <span class='ocrx_word' id='word_1_159' title='bbox 542 1059 606 1092; x_wconf 84' lang='lat' dir='ltr'>regem</span> <span class='ocrx_word' id='word_1_160' title='bbox 618 1059 655 1082; x_wconf 84' lang='lat' dir='ltr'>vna</span> <span class='ocrx_word' id='word_1_161' title='bbox 666 1059 707 1082; x_wconf 84' lang='lat' dir='ltr'>curn</span> <span class='ocrx_word' id='word_1_162' title='bbox 719 1048 756 1082; x_wconf 88' lang='lat' dir='ltr'>filio</span> 
     </span>
     <span class='ocr_line' id='line_1_19' title="bbox 56 1100 755 1144; baseline 0.001 -10"><span class='ocrx_word' id='word_1_163' title='bbox 56 1101 150 1144; x_wconf 86' lang='lat' dir='ltr'>promissis</span> <span class='ocrx_word' id='word_1_164' title='bbox 169 1101 237 1144; x_wconf 89' lang='lat' dir='ltr'>nuptiis</span> <span class='ocrx_word' id='word_1_165' title='bbox 255 1101 348 1135; x_wconf 87' lang='lat' dir='ltr'>letificare.</span> <span class='ocrx_word' id='word_1_166' title='bbox 376 1101 462 1134; x_wconf 85' lang='lat' dir='ltr'>Preterea</span> <span class='ocrx_word' id='word_1_167' title='bbox 480 1101 545 1134; x_wconf 86' lang='lat' dir='ltr'>suadet</span> <span class='ocrx_word' id='word_1_168' title='bbox 560 1100 646 1134; x_wconf 83' lang='lat' dir='ltr'>Vrsulam</span> <span class='ocrx_word' id='word_1_169' title='bbox 665 1101 755 1143; x_wconf 86' lang='lat' dir='ltr'>virginem</span> 
     </span>
     <span class='ocr_line' id='line_1_20' title="bbox 56 1152 755 1196; baseline 0 -10"><span class='ocrx_word' id='word_1_170' title='bbox 56 1153 139 1187; x_wconf 86' lang='lat' dir='ltr'>undecim</span> <span class='ocrx_word' id='word_1_171' title='bbox 151 1152 201 1186; x_wconf 88' lang='lat' dir='ltr'>milia</span> <span class='ocrx_word' id='word_1_172' title='bbox 212 1152 304 1196; x_wconf 84' lang='lat' dir='ltr'>virginum</span> <span class='ocrx_word' id='word_1_173' title='bbox 320 1157 413 1196; x_wconf 82' lang='lat' dir='ltr'>expetere,</span> <span class='ocrx_word' id='word_1_174' title='bbox 425 1162 502 1196; x_wconf 90' lang='lat' dir='ltr'>quarum</span> <span class='ocrx_word' id='word_1_175' title='bbox 515 1162 539 1187; x_wconf 80' lang='lat' dir='ltr'>ex</span> <span class='ocrx_word' id='word_1_176' title='bbox 550 1152 636 1187; x_wconf 80' lang='lat' dir='ltr'>societate</span> <span class='ocrx_word' id='word_1_177' title='bbox 651 1152 755 1196; x_wconf 78' lang='lat' dir='ltr'>[triennio]³</span> 
     </span>
     <span class='ocr_line' id='line_1_21' title="bbox 57 1204 784 1249; baseline 0 -11"><span class='ocrx_word' id='word_1_178' title='bbox 57 1204 155 1240; x_wconf 90' lang='lat' dir='ltr'>instruatur</span> <span class='ocrx_word' id='word_1_179' title='bbox 165 1205 235 1249; x_wconf 91' lang='lat' dir='ltr'>nuptiis</span> <span class='ocrx_word' id='word_1_180' title='bbox 247 1207 363 1249; x_wconf 86' lang='lat' dir='ltr'>preparanda</span> <span class='ocrx_word' id='word_1_181' title='bbox 373 1205 444 1239; x_wconf 87' lang='lat' dir='ltr'>suturis.</span> <span class='ocrx_word' id='word_1_182' title='bbox 467 1205 557 1248; x_wconf 86' lang='lat' dir='ltr'>Suscepto</span> <span class='ocrx_word' id='word_1_183' title='bbox 564 1205 620 1249; x_wconf 86' lang='lat' dir='ltr'>igitur</span> <span class='ocrx_word' id='word_1_184' title='bbox 627 1205 694 1239; x_wconf 87' lang='lat' dir='ltr'>nuncio</span> <span class='ocrx_word' id='word_1_185' title='bbox 702 1206 756 1247; x_wconf 88' lang='lat' dir='ltr'>bono,</span> <span class='ocrx_word' id='word_1_186' title='bbox 765 1217 784 1238; x_wconf 78' lang='lat' dir='ltr'>no</span> 
     </span>
     <span class='ocr_line' id='line_1_22' title="bbox 57 1257 756 1303; baseline 0.004 -13"><span class='ocrx_word' id='word_1_187' title='bbox 57 1258 110 1301; x_wconf 87' lang='lat' dir='ltr'>legati</span> <span class='ocrx_word' id='word_1_188' title='bbox 121 1264 238 1292; x_wconf 86' lang='lat' dir='ltr'>reuertuntur</span> <span class='ocrx_word' id='word_1_189' title='bbox 248 1259 267 1291; x_wconf 92' lang='lat' dir='ltr'>in</span> <span class='ocrx_word' id='word_1_190' title='bbox 279 1258 373 1301; x_wconf 85' lang='lat' dir='ltr'>regionem</span> <span class='ocrx_word' id='word_1_191' title='bbox 385 1268 437 1292; x_wconf 89' lang='lat' dir='ltr'>suam</span> <span class='ocrx_word' id='word_1_192' title='bbox 449 1257 522 1299; x_wconf 88' lang='lat' dir='ltr'>hilares,</span> <span class='ocrx_word' id='word_1_193' title='bbox 534 1258 581 1291; x_wconf 92' lang='lat' dir='ltr'>bona</span> <span class='ocrx_word' id='word_1_194' title='bbox 593 1258 685 1299; x_wconf 84' lang='lat' dir='ltr'>nunciant,</span> <span class='ocrx_word' id='word_1_195' title='bbox 693 1269 756 1303; x_wconf 85' lang='lat' dir='ltr'>regern</span> 
     </span>
     <span class='ocr_line' id='line_1_23' title="bbox 58 1310 756 1355; baseline 0.003 -11"><span class='ocrx_word' id='word_1_196' title='bbox 58 1316 75 1345; x_wconf 89' lang='lat' dir='ltr'>et</span> <span class='ocrx_word' id='word_1_197' title='bbox 87 1311 144 1345; x_wconf 89' lang='lat' dir='ltr'>filium</span> <span class='ocrx_word' id='word_1_198' title='bbox 158 1311 251 1346; x_wconf 83' lang='lat' dir='ltr'>letificant.</span> <span class='ocrx_word' id='word_1_199' title='bbox 274 1311 364 1346; x_wconf 88' lang='lat' dir='ltr'>Continuo</span> <span class='ocrx_word' id='word_1_200' title='bbox 376 1310 503 1345; x_wconf 89' lang='lat' dir='ltr'>vniuersarum</span> <span class='ocrx_word' id='word_1_201' title='bbox 517 1310 652 1355; x_wconf 86' lang='lat' dir='ltr'>prouinciarum</span> <span class='ocrx_word' id='word_1_202' title='bbox 664 1311 756 1355; x_wconf 77' lang='lat' dir='ltr'>virgines⁸</span> 
     </span>
     <span class='ocr_line' id='line_1_24' title="bbox 57 1363 757 1410; baseline 0.006 -13"><span class='ocrx_word' id='word_1_203' title='bbox 57 1370 183 1407; x_wconf 86' lang='lat' dir='ltr'>conuocantur,</span> <span class='ocrx_word' id='word_1_204' title='bbox 200 1364 236 1399; x_wconf 87' lang='lat' dir='ltr'>filie</span> <span class='ocrx_word' id='word_1_205' title='bbox 251 1375 316 1410; x_wconf 80' lang='lat' dir='ltr'>regum</span> <span class='ocrx_word' id='word_1_206' title='bbox 330 1365 359 1399; x_wconf 77' lang='lat' dir='ltr'>et⁸</span> <span class='ocrx_word' id='word_1_207' title='bbox 374 1364 441 1398; x_wconf 88' lang='lat' dir='ltr'>ducum</span> <span class='ocrx_word' id='word_1_208' title='bbox 457 1364 487 1397; x_wconf 70' lang='lat' dir='ltr'>ets</span> <span class='ocrx_word' id='word_1_209' title='bbox 500 1363 610 1409; x_wconf 87' lang='lat' dir='ltr'>principum,</span> <span class='ocrx_word' id='word_1_210' title='bbox 624 1365 723 1400; x_wconf 72' lang='lat' dir='ltr'>comitum²</span> <span class='ocrx_word' id='word_1_211' title='bbox 736 1377 757 1401; x_wconf 83' lang='lat' dir='ltr'>ae</span> 
     </span>
     <span class='ocr_line' id='line_1_25' title="bbox 57 1417 757 1461; baseline 0.003 -12"><span class='ocrx_word' id='word_1_212' title='bbox 57 1418 143 1451; x_wconf 90' lang='lat' dir='ltr'>nobilium</span> <span class='ocrx_word' id='word_1_213' title='bbox 155 1424 173 1450; x_wconf 94' lang='lat' dir='ltr'>et</span> <span class='ocrx_word' id='word_1_214' title='bbox 184 1418 268 1451; x_wconf 89' lang='lat' dir='ltr'>militaris</span> <span class='ocrx_word' id='word_1_215' title='bbox 280 1418 354 1460; x_wconf 86' lang='lat' dir='ltr'>generis</span> <span class='ocrx_word' id='word_1_216' title='bbox 365 1418 432 1460; x_wconf 88' lang='lat' dir='ltr'>puelle.</span> <span class='ocrx_word' id='word_1_217' title='bbox 455 1417 476 1450; x_wconf 95' lang='lat' dir='ltr'>In</span> <span class='ocrx_word' id='word_1_218' title='bbox 488 1418 551 1460; x_wconf 89' lang='lat' dir='ltr'>plures</span> <span class='ocrx_word' id='word_1_219' title='bbox 564 1417 654 1460; x_wconf 88' lang='lat' dir='ltr'>siquidem</span> <span class='ocrx_word' id='word_1_220' title='bbox 666 1428 720 1460; x_wconf 87' lang='lat' dir='ltr'>reges</span> <span class='ocrx_word' id='word_1_221' title='bbox 732 1420 757 1461; x_wconf 92' lang='lat' dir='ltr'>[et</span> 
     </span>
     <span class='ocr_line' id='line_1_26' title="bbox 57 1467 785 1514; baseline 0.003 -12"><span class='ocrx_word' id='word_1_222' title='bbox 57 1468 161 1513; x_wconf 83' lang='lat' dir='ltr'>regiones]⁷</span> <span class='ocrx_word' id='word_1_223' title='bbox 172 1474 216 1503; x_wconf 92' lang='lat' dir='ltr'>tunc</span> <span class='ocrx_word' id='word_1_224' title='bbox 226 1468 315 1514; x_wconf 86' lang='lat' dir='ltr'>temporis</span> <span class='ocrx_word' id='word_1_225' title='bbox 327 1468 358 1503; x_wconf 91' lang='lat' dir='ltr'>illa</span> <span class='ocrx_word' id='word_1_226' title='bbox 369 1468 420 1503; x_wconf 86' lang='lat' dir='ltr'>suere</span> <span class='ocrx_word' id='word_1_227' title='bbox 432 1480 490 1513; x_wconf 84' lang='lat' dir='ltr'>regna</span> <span class='ocrx_word' id='word_1_228' title='bbox 497 1467 561 1503; x_wconf 85' lang='lat' dir='ltr'>diuisa.</span> <span class='ocrx_word' id='word_1_229' title='bbox 584 1468 626 1503; x_wconf 79' lang='lat' dir='ltr'>Rex</span> <span class='ocrx_word' id='word_1_230' title='bbox 634 1474 696 1504; x_wconf 90' lang='lat' dir='ltr'>tamen</span> <span class='ocrx_word' id='word_1_231' title='bbox 708 1469 757 1505; x_wconf 86' lang='lat' dir='ltr'>idem</span> <span class='ocrx_word' id='word_1_232' title='bbox 766 1479 785 1509; x_wconf 80' lang='lat'>25</span> 
     </span>
     <span class='ocr_line' id='line_1_27' title="bbox 58 1522 758 1566; baseline 0.003 -10"><span class='ocrx_word' id='word_1_233' title='bbox 58 1528 109 1565; x_wconf 90' lang='lat' dir='ltr'>pater</span> <span class='ocrx_word' id='word_1_234' title='bbox 123 1523 195 1558; x_wconf 89' lang='lat' dir='ltr'>iuuenis</span> <span class='ocrx_word' id='word_1_235' title='bbox 207 1523 270 1557; x_wconf 91' lang='lat' dir='ltr'>labore</span> <span class='ocrx_word' id='word_1_236' title='bbox 284 1522 399 1566; x_wconf 85' lang='lat' dir='ltr'>permaximo</span> <span class='ocrx_word' id='word_1_237' title='bbox 412 1523 461 1557; x_wconf 89' lang='lat' dir='ltr'>acies</span> <span class='ocrx_word' id='word_1_238' title='bbox 473 1523 564 1566; x_wconf 84' lang='lat' dir='ltr'>virginum</span> <span class='ocrx_word' id='word_1_239' title='bbox 580 1523 679 1557; x_wconf 86' lang='lat' dir='ltr'>electarum</span> <span class='ocrx_word' id='word_1_240' title='bbox 695 1523 758 1566; x_wconf 90' lang='lat' dir='ltr'>plures</span> 
     </span>
     <span class='ocr_line' id='line_1_28' title="bbox 58 1575 758 1620; baseline 0.007 -13"><span class='ocrx_word' id='word_1_241' title='bbox 58 1585 175 1619; x_wconf 82' lang='lat' dir='ltr'>congregans,</span> <span class='ocrx_word' id='word_1_242' title='bbox 186 1575 269 1620; x_wconf 88' lang='lat' dir='ltr'>predicte</span> <span class='ocrx_word' id='word_1_243' title='bbox 279 1575 345 1619; x_wconf 87' lang='lat' dir='ltr'>virgini</span> <span class='ocrx_word' id='word_1_244' title='bbox 356 1575 423 1609; x_wconf 92' lang='lat' dir='ltr'>Vrsule</span> <span class='ocrx_word' id='word_1_245' title='bbox 434 1587 476 1610; x_wconf 92' lang='lat' dir='ltr'>cum</span> <span class='ocrx_word' id='word_1_246' title='bbox 487 1575 557 1620; x_wconf 86' lang='lat' dir='ltr'>ingenti</span> <span class='ocrx_word' id='word_1_247' title='bbox 566 1575 626 1619; x_wconf 82' lang='lat' dir='ltr'>dirigit</span> <span class='ocrx_word' id='word_1_248' title='bbox 638 1582 726 1620; x_wconf 88' lang='lat' dir='ltr'>apparatu</span> <span class='ocrx_word' id='word_1_249' title='bbox 740 1584 758 1612; x_wconf 89' lang='lat' dir='ltr'>et</span> 
     </span>
     <span class='ocr_line' id='line_1_29' title="bbox 57 1627 758 1671; baseline 0.003 -12"><span class='ocrx_word' id='word_1_250' title='bbox 57 1627 118 1668; x_wconf 86' lang='lat' dir='ltr'>gloria.</span> <span class='ocrx_word' id='word_1_251' title='bbox 141 1628 196 1662; x_wconf 88' lang='lat' dir='ltr'>Pater</span> <span class='ocrx_word' id='word_1_252' title='bbox 214 1638 259 1662; x_wconf 88' lang='lat' dir='ltr'>sane</span> <span class='ocrx_word' id='word_1_253' title='bbox 278 1628 361 1662; x_wconf 90' lang='lat' dir='ltr'>eiusdem</span> <span class='ocrx_word' id='word_1_254' title='bbox 379 1628 456 1671; x_wconf 84' lang='lat' dir='ltr'>virginis</span> <span class='ocrx_word' id='word_1_255' title='bbox 471 1628 554 1671; x_wconf 82' lang='lat' dir='ltr'>virgines</span> <span class='ocrx_word' id='word_1_256' title='bbox 570 1628 643 1668; x_wconf 87' lang='lat' dir='ltr'>electas,</span> <span class='ocrx_word' id='word_1_257' title='bbox 658 1629 758 1671; x_wconf 83' lang='lat' dir='ltr'>elegantes,</span> 
     </span>
     <span class='ocr_line' id='line_1_30' title="bbox 58 1679 759 1724; baseline 0.007 -14"><span class='ocrx_word' id='word_1_258' title='bbox 58 1679 127 1714; x_wconf 88' lang='lat' dir='ltr'>nobiles</span> <span class='ocrx_word' id='word_1_259' title='bbox 142 1680 209 1724; x_wconf 91' lang='lat' dir='ltr'>vbique</span> <span class='ocrx_word' id='word_1_260' title='bbox 224 1681 312 1724; x_wconf 84' lang='lat' dir='ltr'>colligens</span> <span class='ocrx_word' id='word_1_261' title='bbox 325 1686 344 1714; x_wconf 93' lang='lat' dir='ltr'>et</span> <span class='ocrx_word' id='word_1_262' title='bbox 358 1681 442 1714; x_wconf 88' lang='lat' dir='ltr'>adunans</span> <span class='ocrx_word' id='word_1_263' title='bbox 457 1680 482 1713; x_wconf 95' lang='lat' dir='ltr'>illi</span> <span class='ocrx_word' id='word_1_264' title='bbox 496 1681 575 1713; x_wconf 88' lang='lat' dir='ltr'>donauit.</span> <span class='ocrx_word' id='word_1_265' title='bbox 604 1680 654 1721; x_wconf 83' lang='lat' dir='ltr'>Quas</span> <span class='ocrx_word' id='word_1_266' title='bbox 667 1680 698 1713; x_wconf 84' lang='lat' dir='ltr'>iila</span> <span class='ocrx_word' id='word_1_267' title='bbox 709 1681 759 1715; x_wconf 90' lang='lat' dir='ltr'>velut</span> 
     </span>
     <span class='ocr_line' id='line_1_31' title="bbox 58 1731 787 1779; baseline 0.004 -17"><span class='ocrx_word' id='word_1_268' title='bbox 58 1731 120 1766; x_wconf 91' lang='lat' dir='ltr'>celitus</span> <span class='ocrx_word' id='word_1_269' title='bbox 135 1732 169 1767; x_wconf 93' lang='lat' dir='ltr'>sibi</span> <span class='ocrx_word' id='word_1_270' title='bbox 184 1734 303 1768; x_wconf 86' lang='lat' dir='ltr'>transmissas</span> <span class='ocrx_word' id='word_1_271' title='bbox 317 1733 425 1778; x_wconf 82' lang='lat' dir='ltr'>suscipiens,</span> <span class='ocrx_word' id='word_1_272' title='bbox 440 1733 477 1767; x_wconf 91' lang='lat' dir='ltr'>fide</span> <span class='ocrx_word' id='word_1_273' title='bbox 494 1732 560 1768; x_wconf 90' lang='lat' dir='ltr'>Christi</span> <span class='ocrx_word' id='word_1_274' title='bbox 576 1739 594 1768; x_wconf 95' lang='lat' dir='ltr'>et</span> <span class='ocrx_word' id='word_1_275' title='bbox 609 1733 696 1778; x_wconf 89' lang='lat' dir='ltr'>religione</span> <span class='ocrx_word' id='word_1_276' title='bbox 707 1734 759 1779; x_wconf 84' lang='lat' dir='ltr'>virgo</span> <span class='ocrx_word' id='word_1_277' title='bbox 767 1742 787 1773; x_wconf 74' lang='lat'>30</span> 
     </span>
     <span class='ocr_line' id='line_1_32' title="bbox 58 1785 759 1832; baseline 0.007 -15"><span class='ocrx_word' id='word_1_278' title='bbox 58 1785 122 1820; x_wconf 87' lang='lat' dir='ltr'>nobilis</span> <span class='ocrx_word' id='word_1_279' title='bbox 131 1792 149 1820; x_wconf 91' lang='lat' dir='ltr'>et</span> <span class='ocrx_word' id='word_1_280' title='bbox 156 1787 242 1832; x_wconf 85' lang='lat' dir='ltr'>religiosa</span> <span class='ocrx_word' id='word_1_281' title='bbox 247 1788 261 1807; x_wconf 83' lang='lat'>¹⁰</span> <span class='ocrx_word' id='word_1_282' title='bbox 268 1787 353 1822; x_wconf 90' lang='lat' dir='ltr'>nobiliter</span> <span class='ocrx_word' id='word_1_283' title='bbox 360 1787 451 1821; x_wconf 86' lang='lat' dir='ltr'>instruxit.</span> <span class='ocrx_word' id='word_1_284' title='bbox 470 1787 565 1821; x_wconf 88' lang='lat' dir='ltr'>Venerunt</span> <span class='ocrx_word' id='word_1_285' title='bbox 572 1787 636 1832; x_wconf 87' lang='lat' dir='ltr'>sepius</span> <span class='ocrx_word' id='word_1_286' title='bbox 643 1787 703 1832; x_wconf 85' lang='lat' dir='ltr'>angeli</span> <span class='ocrx_word' id='word_1_287' title='bbox 711 1787 759 1822; x_wconf 92' lang='lat' dir='ltr'>inter</span> 
     </span>
     <span class='ocr_line' id='line_1_33' title="bbox 59 1839 758 1884; baseline 0.006 -14"><span class='ocrx_word' id='word_1_288' title='bbox 59 1847 89 1871; x_wconf 89' lang='lat' dir='ltr'>eas</span> <span class='ocrx_word' id='word_1_289' title='bbox 104 1840 127 1873; x_wconf 92' lang='lat' dir='ltr'>de</span> <span class='ocrx_word' id='word_1_290' title='bbox 142 1840 186 1874; x_wconf 90' lang='lat' dir='ltr'>celis</span> <span class='ocrx_word' id='word_1_291' title='bbox 201 1840 270 1882; x_wconf 90' lang='lat' dir='ltr'>directi,</span> <span class='ocrx_word' id='word_1_292' title='bbox 281 1840 356 1875; x_wconf 89' lang='lat' dir='ltr'>visitare</span> <span class='ocrx_word' id='word_1_293' title='bbox 369 1840 410 1874; x_wconf 91' lang='lat' dir='ltr'>ilias</span> <span class='ocrx_word' id='word_1_294' title='bbox 425 1846 479 1884; x_wconf 93' lang='lat' dir='ltr'>atque</span> <span class='ocrx_word' id='word_1_295' title='bbox 492 1839 570 1874; x_wconf 89' lang='lat' dir='ltr'>inbono</span> <span class='ocrx_word' id='word_1_296' title='bbox 584 1840 702 1874; x_wconf 87' lang='lat' dir='ltr'>corroborare</span> <span class='ocrx_word' id='word_1_297' title='bbox 717 1851 758 1884; x_wconf 91' lang='lat' dir='ltr'>pro-</span> 
     </span>
     <span class='ocr_line' id='line_1_34' title="bbox 58 1890 759 1936; baseline 0.007 -14"><span class='ocrx_word' id='word_1_298' title='bbox 58 1890 122 1931; x_wconf 88' lang='lat' dir='ltr'>posito.</span> <span class='ocrx_word' id='word_1_299' title='bbox 145 1893 230 1936; x_wconf 88' lang='lat' dir='ltr'>Denique</span> <span class='ocrx_word' id='word_1_300' title='bbox 241 1899 259 1927; x_wconf 92' lang='lat' dir='ltr'>et</span> <span class='ocrx_word' id='word_1_301' title='bbox 270 1893 330 1935; x_wconf 87' lang='lat' dir='ltr'>angeli</span> <span class='ocrx_word' id='word_1_302' title='bbox 341 1894 458 1927; x_wconf 87' lang='lat' dir='ltr'>tenebrarum</span> <span class='ocrx_word' id='word_1_303' title='bbox 470 1892 552 1926; x_wconf 87' lang='lat' dir='ltr'>crebrius</span> <span class='ocrx_word' id='word_1_304' title='bbox 561 1893 677 1936; x_wconf 78' lang='lat' dir='ltr'>[venerunt]&#39;</span> <span class='ocrx_word' id='word_1_305' title='bbox 686 1893 759 1936; x_wconf 87' lang='lat' dir='ltr'>nuptias</span> 
     </span>
     <span class='ocr_line' id='line_1_35' title="bbox 59 1940 759 1990; baseline 0.009 -17"><span class='ocrx_word' id='word_1_306' title='bbox 59 1940 84 1975; x_wconf 88' lang='lat' dir='ltr'>eis</span> <span class='ocrx_word' id='word_1_307' title='bbox 97 1944 174 1978; x_wconf 88' lang='lat' dir='ltr'>suadere</span> <span class='ocrx_word' id='word_1_308' title='bbox 185 1944 283 1988; x_wconf 83' lang='lat' dir='ltr'>legittimas</span> <span class='ocrx_word' id='word_1_309' title='bbox 295 1950 349 1989; x_wconf 92' lang='lat' dir='ltr'>atque</span> <span class='ocrx_word' id='word_1_310' title='bbox 360 1945 395 1978; x_wconf 76' lang='lat' dir='ltr'>ad⁸</span> <span class='ocrx_word' id='word_1_311' title='bbox 408 1955 464 1990; x_wconf 88' lang='lat' dir='ltr'>opera</span> <span class='ocrx_word' id='word_1_312' title='bbox 475 1944 555 1989; x_wconf 85' lang='lat' dir='ltr'>maligna</span> <span class='ocrx_word' id='word_1_313' title='bbox 567 1949 584 1978; x_wconf 87' lang='lat' dir='ltr'>et</span> <span class='ocrx_word' id='word_1_314' title='bbox 596 1944 686 1979; x_wconf 87' lang='lat' dir='ltr'>desideria</span> <span class='ocrx_word' id='word_1_315' title='bbox 698 1944 759 1980; x_wconf 82' lang='lat' dir='ltr'>carnis</span> 
     </span>
     <span class='ocr_line' id='line_1_36' title="bbox 59 1995 787 2041; baseline 0.008 -14"><span class='ocrx_word' id='word_1_316' title='bbox 59 1995 174 2040; x_wconf 87' lang='lat' dir='ltr'>adimplenda</span> <span class='ocrx_word' id='word_1_317' title='bbox 181 1998 262 2032; x_wconf 80' lang='lat' dir='ltr'>incitare.</span> <span class='ocrx_word' id='word_1_318' title='bbox 276 1998 302 2031; x_wconf 85' lang='lat' dir='ltr'>At</span> <span class='ocrx_word' id='word_1_319' title='bbox 309 1998 340 2032; x_wconf 91' lang='lat' dir='ltr'>iiie</span> <span class='ocrx_word' id='word_1_320' title='bbox 348 1997 377 2032; x_wconf 91' lang='lat' dir='ltr'>dei</span> <span class='ocrx_word' id='word_1_321' title='bbox 388 1998 449 2031; x_wconf 89' lang='lat' dir='ltr'>adiute</span> <span class='ocrx_word' id='word_1_322' title='bbox 460 1998 523 2041; x_wconf 83' lang='lat' dir='ltr'>gratia,</span> <span class='ocrx_word' id='word_1_323' title='bbox 531 2002 585 2041; x_wconf 89' lang='lat' dir='ltr'>atque</span> <span class='ocrx_word' id='word_1_324' title='bbox 593 1998 699 2041; x_wconf 86' lang='lat' dir='ltr'>angelorum</span> <span class='ocrx_word' id='word_1_325' title='bbox 707 2008 759 2033; x_wconf 84' lang='lat' dir='ltr'>sanc·</span> <span class='ocrx_word' id='word_1_326' title='bbox 768 2005 787 2038; x_wconf 82' lang='lat'>35</span> 
     </span>
     <span class='ocr_line' id='line_1_37' title="bbox 59 2050 760 2094; baseline 0.006 -12"><span class='ocrx_word' id='word_1_327' title='bbox 59 2051 118 2084; x_wconf 88' lang='lat' dir='ltr'>torum</span> <span class='ocrx_word' id='word_1_328' title='bbox 133 2051 202 2085; x_wconf 90' lang='lat' dir='ltr'>munite</span> <span class='ocrx_word' id='word_1_329' title='bbox 218 2050 304 2092; x_wconf 88' lang='lat' dir='ltr'>custodia,</span> <span class='ocrx_word' id='word_1_330' title='bbox 319 2051 338 2085; x_wconf 96' lang='lat' dir='ltr'>in</span> <span class='ocrx_word' id='word_1_331' title='bbox 353 2050 439 2094; x_wconf 86' lang='lat' dir='ltr'>religioso</span> <span class='ocrx_word' id='word_1_332' title='bbox 456 2050 529 2085; x_wconf 85' lang='lat' dir='ltr'>suerunt</span> <span class='ocrx_word' id='word_1_333' title='bbox 542 2050 623 2094; x_wconf 87' lang='lat' dir='ltr'>quotidie</span> <span class='ocrx_word' id='word_1_334' title='bbox 642 2050 760 2094; x_wconf 80' lang='lat' dir='ltr'>proficientes</span> 
     </span>
     <span class='ocr_line' id='line_1_38' title="bbox 59 2101 759 2147; baseline 0.011 -16"><span class='ocrx_word' id='word_1_335' title='bbox 59 2101 122 2136; x_wconf 92' lang='lat' dir='ltr'>studio.</span> <span class='ocrx_word' id='word_1_336' title='bbox 144 2103 212 2147; x_wconf 86' lang='lat' dir='ltr'>Angeii</span> <span class='ocrx_word' id='word_1_337' title='bbox 226 2103 316 2147; x_wconf 89' lang='lat' dir='ltr'>siquidem</span> <span class='ocrx_word' id='word_1_338' title='bbox 329 2103 394 2138; x_wconf 70' lang='lat' dir='ltr'>missil</span> <span class='ocrx_word' id='word_1_339' title='bbox 405 2104 429 2138; x_wconf 93' lang='lat' dir='ltr'>de</span> <span class='ocrx_word' id='word_1_340' title='bbox 442 2102 485 2137; x_wconf 90' lang='lat' dir='ltr'>celis</span> <span class='ocrx_word' id='word_1_341' title='bbox 500 2103 573 2137; x_wconf 89' lang='lat' dir='ltr'>beatam</span> <span class='ocrx_word' id='word_1_342' title='bbox 584 2103 671 2138; x_wconf 89' lang='lat' dir='ltr'>Vrsulam</span> <span class='ocrx_word' id='word_1_343' title='bbox 684 2114 759 2139; x_wconf 88' lang='lat' dir='ltr'>omnem</span> 
     </span>
     <span class='ocr_line' id='line_1_39' title="bbox 60 2150 761 2200; baseline 0.009 -16"><span class='ocrx_word' id='word_1_344' title='bbox 60 2150 113 2186; x_wconf 87' lang='lat' dir='ltr'>futuri</span> <span class='ocrx_word' id='word_1_345' title='bbox 126 2155 214 2199; x_wconf 92' lang='lat' dir='ltr'>triumphi</span> <span class='ocrx_word' id='word_1_346' title='bbox 230 2157 297 2189; x_wconf 86' lang='lat' dir='ltr'>seriem</span> <span class='ocrx_word' id='word_1_347' title='bbox 312 2157 416 2196; x_wconf 87' lang='lat' dir='ltr'>edocentes,</span> <span class='ocrx_word' id='word_1_348' title='bbox 428 2156 525 2199; x_wconf 86' lang='lat' dir='ltr'>predicunt</span> <span class='ocrx_word' id='word_1_349' title='bbox 540 2166 572 2189; x_wconf 90' lang='lat' dir='ltr'>eas</span> <span class='ocrx_word' id='word_1_350' title='bbox 585 2156 679 2190; x_wconf 89' lang='lat' dir='ltr'>Coloniam</span> <span class='ocrx_word' id='word_1_351' title='bbox 691 2157 761 2200; x_wconf 87' lang='lat' dir='ltr'>pariter</span> 
     </span>
     <span class='ocr_line' id='line_1_40' title="bbox 59 2202 604 2253; baseline 0.017 -18"><span class='ocrx_word' id='word_1_352' title='bbox 59 2202 114 2239; x_wconf 86' lang='lat' dir='ltr'>ituras</span> <span class='ocrx_word' id='word_1_353' title='bbox 122 2207 237 2252; x_wconf 87' lang='lat' dir='ltr'>gloriosoque</span> <span class='ocrx_word' id='word_1_354' title='bbox 245 2207 321 2242; x_wconf 87' lang='lat' dir='ltr'>martirii</span> <span class='ocrx_word' id='word_1_355' title='bbox 329 2208 407 2253; x_wconf 90' lang='lat' dir='ltr'>tropheo</span> <span class='ocrx_word' id='word_1_356' title='bbox 414 2219 479 2242; x_wconf 92' lang='lat' dir='ltr'>omnes</span> <span class='ocrx_word' id='word_1_357' title='bbox 485 2209 604 2244; x_wconf 87' lang='lat' dir='ltr'>coronandas.</span> 
     </span>
    </p>
   </div>
   <div class='ocr_carea' id='block_1_3' title="bbox 60 2301 760 2426">
    <p class='ocr_par' dir='ltr' id='par_1_3' title="bbox 60 2301 760 2426">
     <span class='ocr_line' id='line_1_41' title="bbox 60 2301 760 2346; baseline 0.007 -12"><span class='ocrx_word' id='word_1_358' title='bbox 60 2339 64 2346; x_wconf 28' lang='grc' dir='ltr'><strong><em>Δ</em></strong></span> <span class='ocrx_word' id='word_1_359' title='bbox 99 2301 389 2344; x_wconf 82' lang='lat' dir='ltr'>¹B.predicabatur...iaudabatur.</span> <span class='ocrx_word' id='word_1_360' title='bbox 435 2306 558 2338; x_wconf 78' lang='lat' dir='ltr'>²B.hicideru.</span> <span class='ocrx_word' id='word_1_361' title='bbox 603 2306 760 2345; x_wconf 72' lang='lat' dir='ltr'>&#39;idemrcgiusonn</span> 
     </span>
     <span class='ocr_line' id='line_1_42' title="bbox 60 2342 760 2396; baseline 0.004 -20"><span class='ocrx_word' id='word_1_362' title='bbox 60 2342 116 2396; x_wconf 41' lang='grc' dir='ltr'>ΨΒ..</span> <span class='ocrx_word' id='word_1_363' title='bbox 151 2346 236 2378; x_wconf 81' lang='lat' dir='ltr'>⁴B.sane.</span> <span class='ocrx_word' id='word_1_364' title='bbox 275 2347 405 2394; x_wconf 35' lang='lat' dir='ltr'>&#39;⁵B.animunr.</span> <span class='ocrx_word' id='word_1_365' title='bbox 457 2346 547 2394; x_wconf 56' lang='lat' dir='ltr'>‘Besae</span> <span class='ocrx_word' id='word_1_366' title='bbox 599 2345 760 2385; x_wconf 68' lang='lat' dir='ltr'>⁷soB.;om.inF„</span> 
     </span>
     <span class='ocr_line' id='line_1_43' title="bbox 75 2385 580 2426; baseline 0.008 -12"><span class='ocrx_word' id='word_1_367' title='bbox 75 2391 104 2413; x_wconf 81' lang='lat' dir='ltr'>om.</span> <span class='ocrx_word' id='word_1_368' title='bbox 112 2395 128 2415; x_wconf 82' lang='lat' dir='ltr'>ur</span> <span class='ocrx_word' id='word_1_369' title='bbox 136 2385 155 2416; x_wconf 89' lang='lat' dir='ltr'>B.</span> <span class='ocrx_word' id='word_1_370' title='bbox 195 2387 349 2426; x_wconf 78' lang='lat' dir='ltr'>⁹B.comrtumque.</span> <span class='ocrx_word' id='word_1_371' title='bbox 389 2388 400 2405; x_wconf 79' lang='lat'>¹⁰</span> <span class='ocrx_word' id='word_1_372' title='bbox 410 2388 429 2418; x_wconf 93' lang='lat' dir='ltr'>B.</span> <span class='ocrx_word' id='word_1_373' title='bbox 437 2391 475 2418; x_wconf 93' lang='lat' dir='ltr'>etn.</span> <span class='ocrx_word' id='word_1_374' title='bbox 483 2388 580 2426; x_wconf 85' lang='lat' dir='ltr'>etglorrosa.</span> 
     </span>
    </p>
   </div>
   <div class='ocr_carea' id='block_1_4' title="bbox 0 0 896 2803">
    <p class='ocr_par' dir='ltr' id='par_1_4' title="bbox 0 0 896 2803">
     <span class='ocr_line' id='line_1_44' title="bbox 0 0 896 2803; baseline 0 0"><span class='ocrx_word' id='word_1_375' title='bbox 0 0 896 2803; x_wconf 95' lang='lat' dir='ltr'> </span> 
     </span>
    </p>
   </div>
  </div>
 </body>
</html>
