1762 2803
246 116 291 171 bt
306 113 407 168 &anot
423 103 568 173 dabbato.
715 129 758 172 227

53 234 124 269 duobus
142 236 195 272 annis
211 236 280 272 exactis
295 246 326 271 me
341 245 384 271 mee
395 234 522 271 sollicitudinis
537 234 617 270 remittet
632 235 655 269 ad
670 234 759 280 quietem.

54 286 137 333 Precipio
145 296 206 326 autem
214 291 246 325 tibi
254 290 272 325 in
282 289 356 325 nomine
364 289 434 324 domini
442 296 460 324 et
467 289 563 325 saluatoris
572 289 634 331 nostri,
643 300 666 324 ne
676 288 704 323 cui
716 294 757 323 ante

53 351 115 377 meum
123 344 198 386 obitum,
205 355 241 389 que
249 355 260 379 a
267 355 298 379 me
309 343 375 378 audisti
386 343 457 377 reterre
467 345 575 387 presumas?
599 342 683 387 Cumque
695 342 729 376 hec
741 346 759 376 et

53 395 110 431 multa
119 396 153 431 alia
163 408 200 440 que
208 398 297 442 querebat
307 397 430 441 exposuisset,
438 407 525 431 reuersus
534 402 563 431 est
574 397 598 430 ad
609 396 688 430 insulam
700 405 759 428 suam.

54 440 173 494 congregata
184 456 227 494 post
238 451 273 484 hec
282 451 354 494 synodo
362 460 399 485 non
407 460 469 494 parua,
477 450 495 484 in
503 449 598 495 presentia
605 448 654 494 regis
663 447 732 493 Eglridi
740 452 759 482 et
768 456 777 486 5

54 501 185 546 archiepiscopi
197 503 295 544 Theodori,
305 503 386 537 vnanimi
398 503 480 538 omnium
493 513 584 537 consensu
595 503 619 537 ad
630 502 758 547 episcopatum

54 552 214 591 lindisfarnensem
227 557 296 592 electus
307 562 341 592 est.
369 555 427 591 Cum¹
438 561 506 598 tamen,
514 556 576 591 multis
588 555 680 601 legatariis
691 566 725 600 pro
736 565 758 589 se

54 606 117 641 missis
127 613 145 642 et
155 609 225 651 litteris,
233 620 244 643 a
251 610 290 644 loco
300 620 334 644 suo
344 620 459 653 nequaquam
470 610 508 644 erui
520 615 589 654 posset,
600 620 634 644 rex
645 609 728 654 prelatus
739 614 757 643 et

54 660 165 696 Trunwinus
177 663 275 707 episcopus
286 674 327 697 cum
339 663 423 707 plurimis
434 663 525 707 religiosis
534 668 552 698 et
562 663 667 707 potentibus
674 662 758 703 veniunt,

54 724 103 757 genu
114 715 195 758 flectunt,
202 727 236 759 per
247 716 341 751 dominum
353 716 442 757 adiurant,
453 716 557 759 lachrymas
565 716 648 757 fundunt,
657 716 759 754 obsecrant,
769 728 787 749 10

55 767 113 800 donec
122 773 139 801 et
146 767 207 811 ipsum
215 768 315 812 lachrymis
322 769 398 812 plenum
406 769 429 802 ad
437 768 528 812 synodum
535 768 648 812 pertrahunt.
670 766 712 809 Vbi,
717 766 760 801 licet

55 819 154 863 plurimum
166 821 254 862 renitens,
267 821 382 866 compellitur
394 821 418 855 ab
431 821 516 855 omnibus
528 820 628 865 episcopali
643 820 703 854 officio
717 821 759 854 sub

55 873 128 908 mittere
139 875 211 908 collum.
233 874 347 909 ²Ordinatus
359 879 387 908 est
399 880 460 908 autern
473 873 568 907 Eboraco³
579 884 590 907 a
600 873 699 907 Theodoro
708 873 760 906 doro·

55 926 142 962 bernensi
157 927 296 972 archiepiscopo
309 927 339 962 die
350 928 426 971 pasche,
439 926 590 961 conuenientibus
605 925 673 960 ibidem
689 930 760 970 septem

56 979 153 1024 episcopis,
162 985 180 1014 et
188 985 276 1025 presente
283 990 327 1025 rege
336 979 417 1025 Egirido,
425 990 474 1014 anno
482 979 550 1014 domini
558 980 694 1015 sexcentesimo
699 983 761 1014 octua-
770 993 788 1023 1⁵

55 1032 194 1077 gesimoquinto.
238 1026 275 1067 ⁴In
283 1033 313 1067 die
320 1044 365 1067 vero
376 1033 495 1067 ordinationis
506 1044 539 1067 sue
551 1037 709 1067 commutauerunt
720 1031 760 1076 ipse

56 1090 74 1118 et
86 1084 131 1118 Eata
144 1086 200 1120 sedes
213 1085 333 1130 episcopales,
347 1085 502 1121 consentientibus
514 1096 558 1131 rege
570 1085 652 1131 Egt'n'dq
663 1085 760 1119 Theodoro

56 1138 200 1182 archiepiscopo,
212 1139 274 1173 Cedda
288 1144 306 1173 et
320 1139 370 1174 Cedd
384 1139 512 1184 episcopisque
525 1139 565 1174 aliis
578 1138 664 1184 quinque.
692 1139 760 1182 Sitque

57 1190 102 1225 Eata
111 1193 159 1235 apud
167 1192 327 1236 hagustaldensem
336 1192 431 1227 ecclesiam
439 1193 491 1235 sedit,
499 1192 610 1227 Cuthbertus
616 1203 661 1227 vero
669 1191 760 1226 lindisfar-

57 1254 134 1278 nensem
148 1246 253 1278 cathedram
264 1245 346 1279 obtinuit.
374 1245 398 1278 Et
412 1246 462 1279 dedit
477 1245 493 1279 ei
508 1255 541 1280 rer
557 1244 644 1289 Egiridus
658 1251 726 1280 terram
741 1244 760 1279 in
770 1258 789 1281 ao

58 1297 140 1331 Eboraco
148 1308 158 1331 a
166 1308 219 1332 muro
228 1298 286 1332 sancti
294 1299 343 1334 Petri
351 1299 440 1342 usquead
448 1309 534 1343 magnam
543 1304 613 1343 portam
623 1298 760 1339 occidentalem,

57 1354 76 1383 et
82 1361 141 1393 vsque
149 1351 172 1385 ad
180 1362 253 1385 murum
263 1351 340 1385 ciuitatis
351 1362 417 1385 versus
426 1357 514 1386 austrum.
537 1351 592 1385 Dedit
603 1352 658 1385 etiam
670 1351 687 1385 ei
697 1351 759 1385 villam

57 1413 93 1446 que
101 1403 167 1437 dicitur
174 1403 234 1446 Creik,
243 1408 260 1438 et
268 1404 302 1438 tria
310 1403 388 1438 miliaria
395 1404 414 1438 in
422 1404 503 1445 circuitu,
514 1409 533 1438 vt
544 1403 569 1437 ibi
580 1409 643 1448 posset
655 1415 731 1439 manere
741 1404 760 1438 in

58 1457 118 1490 eundo
123 1461 141 1491 et
147 1457 241 1491 redeundo
246 1457 269 1491 de
275 1457 362 1492 Eboraco.
374 1457 402 1491 Ibi
407 1463 481 1492 sanctus
486 1457 597 1492 Cuthbertus
602 1457 761 1502 congregationem

58 1510 196 1552 monachorum,
207 1515 225 1544 et
236 1511 321 1544 abbatem
334 1510 408 1544 nomine
420 1510 472 1544 Geue
486 1510 553 1545 statuit.
584 1509 632 1544 Huic
647 1510 713 1545 adiecit
728 1521 762 1545 rex
771 1525 789 1555 ²5

58 1561 150 1596 ciuitatem
163 1562 215 1605 Luci,
224 1562 243 1597 id
255 1568 283 1597 est
294 1563 381 1605 ean-leil,
388 1568 406 1597 et
413 1563 432 1597 in
440 1563 515 1597 circuitu
523 1563 627 1607 quindecim
635 1562 722 1599 miliaria:
735 1563 762 1598 Ibi

58 1614 107 1649 enirn
126 1615 154 1649 vir
172 1622 246 1650 sanctus
262 1616 423 1661 congregationem
438 1616 604 1651 sanctimonialium
618 1622 637 1651 et
651 1617 762 1651 abbatissam

58 1668 148 1703 ordinauit
160 1674 178 1704 et
190 1669 249 1704 scolas
261 1669 286 1704 ibi
300 1669 398 1705 constituit.
443 1663 545 1714 Postquam
559 1680 604 1705 vero
619 1675 693 1705 sanctus
706 1670 763 1705 Cuth-

58 1722 121 1756 bertus
133 1722 227 1757 suscitauit
238 1734 317 1767 puerum
329 1734 340 1758 a
353 1723 430 1758 mortuis
441 1723 460 1757 in
474 1723 516 1758 villa
529 1735 565 1768 que
578 1723 644 1759 dicitur
659 1724 764 1766 Exenlord,

59 1776 109 1810 dedit
117 1776 133 1808 ei
142 1776 228 1820 ngridus
235 1788 268 1810 rex
276 1783 344 1810 terram
352 1787 388 1820 que
395 1782 471 1810 vocatur
481 1776 580 1818 Carthmel‚
588 1782 606 1811 et
617 1788 682 1811 omnes
691 1776 763 1811 Britan·
772 1791 791 1821 ³⁰

59 1839 93 1863 nos
101 1839 142 1863 curn
150 1839 176 1863 ea
222 1822 252 1863 Ea
262 1834 371 1874 tempestate
381 1829 469 1874 pugnauit
480 1840 513 1863 rex
526 1829 612 1874 Egsridus
624 1836 687 1864 contra
699 1840 762 1874 regem

60 1882 170 1916 Merciorum
177 1883 339 1925 Wllerum,frlium
348 1882 417 1924 Pende,
426 1887 443 1916 et
451 1893 494 1916 ceso
503 1882 583 1916 exercitu
591 1881 630 1916 eius
638 1882 706 1926 fugauit
714 1893 763 1917 eum.

60 1934 127 1968 Postea
138 1935 188 1969 dedit
196 1935 283 1980 Egiridus
290 1935 329 1969 viro
339 1935 368 1969 dei
377 1934 458 1977 Mailros,
466 1934 484 1969 id
496 1939 524 1969 est
535 1934 616 1976 Meuros,
623 1940 641 1969 et
649 1934 736 1969 Carramt
744 1941 762 1970 et

59 1987 145 2032 quicquid
151 1989 174 2022 ad
180 1999 212 2023 eas
219 1988 316 2033 pertinet⁴.
360 1981 454 2033 Suscepto
461 1987 522 2032 itaque
529 1987 641 2032 episcopatu,
646 1988 762 2023 commissam

59 2042 94 2075 sibi
109 2042 183 2084 plebem
197 2042 308 2076 orationibus
319 2042 426 2086 protegebat
437 2041 522 2083 assiduis,
533 2041 685 2076 admonitionibus
697 2042 763 2076 saluta·
771 2055 790 2085 35

60 2094 110 2129 ribus
118 2095 142 2129 ad
150 2095 223 2129 celestia
230 2097 315 2139 vocabat3
329 2099 348 2129 et
358 2105 395 2139 que
406 2095 477 2139 agenda
489 2095 570 2136 docebat,
577 2094 619 2139 ipse
629 2095 680 2139 prius
691 2096 763 2139 agendo

60 2149 212 2191 premonstrabat.
235 2148 363 2182 Esurientibus
375 2148 467 2189 alimenta,
476 2147 530 2181 nudis
539 2153 600 2182 vestes
610 2148 703 2192 prebebat,
715 2153 763 2183 cete·

60 2200 122 2244 risque
132 2200 169 2235 vite
179 2200 288 2244 pontificalis
298 2201 402 2245 insignibus
411 2201 445 2234 rite
454 2201 550 2235 decoratus
559 2201 659 2235 incedebat.
704 2194 764 2246 igitur

61 2254 105 2288 dum
118 2254 204 2298 Egiridus
216 2265 249 2288 rex
261 2254 321 2288 Pictos
333 2254 389 2288 atroci
400 2254 465 2289 seuitia
477 2255 586 2296 deuastaret,
596 2254 624 2289 vir
635 2254 665 2288 dei
677 2255 728 2289 uenit
741 2256 764 2291 ad

62 2306 181 2351 Lugubaliam
188 2307 324 2351 ciuitatem,que
330 2307 353 2341 ab
358 2307 424 2352 Anglis
430 2307 476 2341 Luel
481 2308 654 2342 vocabatur—modo
660 2307 765 2342 Carleolum
773 2327 793 2359 40

61 2360 169 2404 appellatur.
192 2360 215 2395 Et
223 2371 264 2396 cum
272 2360 289 2395 ei
299 2360 349 2394 ciues
357 2360 418 2394 menia
425 2360 475 2394 vrbis
483 2360 588 2405 fontemque
595 2361 614 2394 in
622 2371 644 2394 ea
651 2360 698 2395 miro
705 2372 765 2406 quon-

62 2414 104 2447 dam
121 2413 246 2448 Romanorum
262 2423 318 2458 opere
333 2418 446 2448 exstructum
459 2414 582 2454 ostenderent,
593 2419 670 2457 repente
682 2416 766 2450 turbatus

62 2466 128 2511 spiritu
136 2472 214 2501 mestam
221 2466 286 2501 faciem
296 2466 371 2501 deflexit
382 2467 405 2501 ad
417 2472 496 2501 terram:
508 2477 617 2512 rursumque
630 2466 679 2512 [se]⁸
692 2469 766 2514 erigens

82 2539 88 2557 ¹
98 2540 116 2569 T.
124 2540 164 2576 Qui;
175 2541 213 2570 Bed.
223 2541 299 2576 Quicum.
375 2539 381 2556 ²
392 2540 415 2570 Cs.
423 2540 462 2570 Bed.
471 2540 492 2569 H.
500 2540 517 2570 E.
526 2540 552 2569 IV.
560 2541 584 2571 αθ.
658 2541 665 2559 ³
674 2551 686 2573 r.
694 2541 766 2572 Eboraci.

62 2577 433 2612 ⁴-tAddedsromllistoriadcs.cuthbeno.
481 2580 597 2612 ’ateanunc
644 2580 691 2613 lom,
699 2583 714 2612 in
723 2582 741 2613 E.

399 2640 431 2670 92
