1762 2803
43 127 175 166 osanna]
195 117 241 172 bo
254 115 291 170 ὲ.
302 117 434 169 oomaooo
449 126 506 179 troo
521 121 545 168 tt
558 121 674 179 merotz.
698 122 742 174 653

58 241 116 283 Quot>
126 248 265 275 aonrourcroun
275 248 300 273 ar
311 248 448 275 nnunuacrouo
459 248 527 275 saucrr
538 241 636 275 Eouuuot
647 248 679 275 arr
690 248 728 275 rna

133 299 225 325 racuouu
237 299 270 325 vm
281 299 307 325 au
319 299 408 325 saucruu
419 293 570 325 Erasuonsoau
583 299 604 324 ru
616 292 662 325 Eur.

296 365 371 407 Empore
383 364 448 398 Heruei
458 364 533 408 episcopi
544 364 618 405 eliensis,
628 369 699 397 sanctus
706 365 743 398 Ed·

317 414 390 447 mundus
402 415 462 447 colono
472 414 540 448 cuidam
551 414 591 447 ville
602 414 624 448 de
633 414 713 456 Exninge
724 415 741 447 in

43 466 80 499 uisu
91 465 171 508 apparuit
181 471 234 508 atque
245 464 329 499 suscitans
341 463 375 498 hiis
387 473 427 497 eum
437 464 495 498 verbis
506 464 602 507 alloquitur,
614 464 686 498 dicens:
702 464 743 498 ‘Vir

42 518 93 556 bone,
112 526 145 559 que
161 516 200 549 dico
217 515 308 557 diligenter
323 513 398 555 attende,
417 519 434 547 et
452 524 486 558 que
504 513 535 548 tibi
554 514 633 548 iubentur
651 514 743 548 efficaciter

43 567 120 608 comple:
129 572 146 599 et
153 576 225 607 surgens
232 565 255 599 ad
263 565 364 608 episcopum
372 564 394 597 de
402 564 437 606 Ely
442 569 553 606 properanter
560 565 639 604 ascende,
647 565 697 608 eique
704 576 743 599 meo
751 569 760 598 5

41 615 110 647 nomine
122 615 168 649 dices
180 615 260 657 quatinus
271 614 323 648 michi
332 619 380 656 paret
392 613 437 645 viam
450 611 493 656 quo¹
506 614 594 646 dominam
605 625 662 647 meam
673 616 742 648 beatam

41 664 165 702 Etheldredam
178 665 226 698 adire
238 664 310 708 queam?
332 664 355 697 At
367 663 395 696 ille
407 673 446 696 mox
459 662 477 695 in
490 663 524 704 Ely
534 662 577 696 sicut
589 662 645 697 iussus
656 664 710 697 luerat
720 665 743 697 ad

41 715 141 758 episcopum
153 714 245 753 festinaui,
255 722 273 749 et
285 714 386 748 mandatum
398 714 444 756 quod
457 724 468 747 a
481 713 532 747 beato
547 713 642 747 Edmundo
654 722 743 758 acceperat

41 766 65 798 illi
73 766 187 798 denunciauit.
211 766 244 806 Qui
252 771 270 798 ut
277 765 318 798 talia
327 764 398 804 audiuit,
406 774 436 805 pre
447 763 511 805 gaudio
520 761 577 803 fleuit3
590 769 607 796 et
615 763 629 797 si
636 763 680 797 sorte
688 765 744 798 voleat

41 816 74 847 hoc
82 815 148 857 impleri
156 827 166 848 a
174 815 250 857 pluribus
258 814 351 858 inquisiuit.
366 815 396 846 Set
405 825 444 846 curn
452 812 542 855 negocium
550 813 609 846 multis
617 812 743 856 com[m]odum
754 824 771 845 ro

41 865 126 907 suscipere
134 875 186 897 nemo
193 871 309 907 presumeret:
320 864 387 897 eliensis
395 863 466 897 ecclesie
474 863 570 896 monachus
578 862 647 905 quidam
657 864 744 897 Iohannes

41 915 111 947 nomine
118 916 208 956 accedens,
216 921 282 955 natura,
290 915 343 947 verbo
353 920 371 947 et
382 914 429 947 uultu
440 912 583 956 simplicissimus,
592 924 650 945 coram
662 913 744 956 episcopo

41 964 102 1006 optulit
114 975 133 998 se
146 965 205 998 diceus
219 975 262 1008 opus
275 965 308 998 hoc
319 964 363 998 velle
377 963 457 1005 incipere,
469 968 486 996 et
500 972 539 996 cum
552 963 580 996 dei
594 964 679 996 adiutorio
691 975 743 1007 posse

41 1014 122 1056 perficere
129 1015 207 1047 asseruit.
230 1014 263 1056 Qui
271 1014 329 1047 statim
337 1014 393 1047 iussus
400 1014 423 1045 ab
430 1013 469 1055 ipso
478 1013 560 1055 episcopo
570 1023 581 1046 a
591 1019 636 1046 terra
647 1014 669 1047 de
678 1014 743 1048 Saham

41 1062 85 1104 cepit
93 1063 154 1104 metiri,
159 1069 211 1105 atque
218 1064 339 1096 arundinetum
347 1064 365 1095 in
372 1063 418 1095 viam
426 1069 502 1095 sternere
510 1073 515 1102 ;
524 1063 583 1095 alueos
590 1063 646 1095 eciarn
653 1064 742 1096 fluminum
752 1074 770 1104 ¹5

41 1113 132 1155 ponticulis
145 1113 206 1147 cinxit:
224 1114 283 1156 sicque
295 1113 322 1146 uir
333 1112 361 1146 ille
373 1112 406 1145 deo
417 1112 488 1145 dilectus
501 1111 518 1144 in
530 1111 577 1145 breui
589 1111 684 1154 proficiens,
699 1123 742 1155 opus

40 1162 100 1196 celitus
109 1164 196 1205 prouisum
203 1162 277 1205 expleuit
285 1168 302 1196 et
310 1173 341 1205 per
348 1161 395 1196 inuia
402 1161 484 1204 paludum
491 1171 545 1204 vsque
552 1160 570 1194 in
578 1160 674 1205 Helyuiam
682 1162 743 1196 semite

40 1212 85 1254 fecit,
94 1213 196 1254 mirantibus
205 1213 260 1247 cuntis
270 1224 291 1246 ac
299 1213 355 1253 deum,
364 1218 442 1245 sanctum
450 1211 562 1245 Edmundum
570 1217 586 1246 et
595 1216 674 1246 sanctam
681 1213 742 1246 Ethel-

40 1264 112 1296 dredam
119 1263 266 1296 benedicentibus.

64 392 97 424 Ex
102 393 175 425 cronicis
181 393 202 425 de
209 394 250 436 Ely.

143 1370 174 1402 DE
186 1377 269 1403 RUSTlCO
280 1376 403 1403 urluacuuost:
414 1375 426 1402 Α
437 1376 527 1402 VlNCULlS
538 1375 639 1402 Ltuuuato.

84 1443 150 1477 Uidam
163 1444 234 1477 clericus
249 1444 271 1476 de
286 1443 378 1485 Geddinge
392 1444 462 1476 nomine
477 1444 562 1483 Herueus,
577 1441 667 1484 sepissime
682 1448 742 1475 contra
751 1456 770 1477 ro

48 1512 80 1533 Α
105 1493 199 1527 iurasancti
210 1493 298 1526 Edmundi
306 1504 390 1536 vsurpans
402 1498 419 1526 et
426 1493 472 1526 mala
479 1492 559 1535 ingerens
567 1502 646 1535 nouaque
653 1502 742 1534 opponens

40 1551 58 1577 et
73 1544 169 1586 imponens,
180 1544 302 1576 homunculum
314 1543 400 1586 quendam
413 1542 452 1575 iuris
464 1548 481 1576 et
493 1541 576 1576 hominii²
588 1542 641 1575 sancti
653 1543 742 1575 Edmundi

41 1594 101 1636 rapuit,
120 1593 218 1635 flagellauit,
233 1593 306 1626 vinculis
324 1592 383 1626 terreis
402 1592 481 1636 inposuit,
496 1592 575 1625 noctibus
592 1591 686 1635 diebusque
703 1602 742 1625 cunr

40 1644 139 1677 austeritate
151 1642 220 1677 retinuit
231 1642 330 1686 diuciusque
342 1642 419 1676 detinuit.
443 1643 474 1675 Cui
482 1643 552 1676 tandem
560 1648 630 1676 sanctus
639 1643 742 1676 Edmundus

40 1700 123 1727 nocturno
138 1700 216 1736 ternpore
230 1693 314 1737 apparuit,
330 1693 398 1727 dicens:
415 1694 464 1735 ‘Eya
478 1703 538 1736 rumpe
553 1704 615 1734 moras,
631 1704 681 1736 surge
696 1693 740 1727 cito:
751 1707 769 1737 25

40 1745 123 1776 dissoluta
135 1754 209 1784 namque
225 1750 264 1776 sunt
275 1743 344 1776 vincula
356 1744 420 1785 pedum
431 1749 499 1776 tuorum
512 1744 579 1783 serrea;
597 1745 691 1785 comproba
702 1745 742 1786 quia

40 1792 101 1832 soluta,
109 1790 160 1834 igitur
171 1798 265 1833 comporta.
287 1792 315 1825 En
326 1802 359 1833 ego
371 1792 474 1825 Edmundus
485 1798 529 1832 tuus,
539 1801 560 1825 en
571 1798 650 1833 egomet3
662 1793 713 1836 palpa
724 1800 741 1827 et

40 1842 80 1875 uide
93 1841 160 1874 vincula
170 1846 200 1874 tua
215 1846 232 1874 ct
246 1842 350 1883 comproba;
368 1852 417 1884 surge
431 1847 448 1875 et
459 1842 546 1875 accelera!
569 1842 605 1875 Hic
619 1841 671 1884 igitur
683 1843 741 1876 dolore

40 1893 128 1925 consectus
138 1891 209 1924 tandem
220 1891 302 1933 palpauit,
310 1897 327 1924 et
335 1892 409 1924 solutum
420 1902 439 1924 se
447 1891 510 1932 sensit3
522 1891 600 1935 letusque
607 1892 659 1933 exilit,
668 1894 741 1927 cucunit

40 1941 97 1980 cicius,
105 1951 137 1974 nec
145 1951 198 1983 vsque
206 1941 228 1974 ad
237 1951 297 1984 corpus
308 1940 411 1974 sanctissimi
420 1941 508 1975 Edmundi
516 1952 585 1975 cursum
593 1943 667 1976 retinuit.
687 1943 741 1976 Cuius
750 1950 770 1980 30

39 1991 128 2033 presencie
140 1997 204 2032 astans,
211 2001 253 2025 uoce
266 1991 333 2024 sublimi
344 1992 407 2034 profert
414 1997 431 2025 et
437 1991 472 2026 ait:
485 1992 513 2026 ‘0
525 1993 617 2026 Edmunde
624 1994 693 2035 bone‚o
705 1995 741 2028 Ed·

40 2041 104 2073 muude
112 2040 143 2083 pie,
149 2039 200 2073 laude
207 2039 279 2073 mirabili
288 2039 344 2082 digne,
351 2046 369 2074 tu
376 2041 428 2074 michi
436 2041 494 2074 vincto
501 2042 574 2075 vinculis
581 2042 615 2075 hiis
623 2043 682 2076 ferreis
690 2050 741 2078 nocte

39 2092 73 2122 hac
78 2089 138 2122 vltima
145 2089 244 2134 apparuisti,
248 2090 315 2123 locutus
322 2089 374 2130 fuisti,
380 2090 447 2123 vincula
455 2091 525 2132 soluisti,
531 2102 570 2125 cum
578 2092 640 2134 quibus
648 2100 666 2127 ut
675 2094 741 2128 tibimet

39 2142 148 2183 confugerem
158 2140 277 2175 commonuisti
285 2147 302 2175 et
310 2141 407 2184 precepisti.
424 2143 462 2175 Rex
469 2142 493 2175 mi
502 2143 575 2185 gloriose
585 2149 602 2177 et
611 2144 674 2180 Christi
682 2146 741 2180 martir

39 2191 157 2232 inuictissime,
165 2191 195 2225 tibi
207 2192 266 2225 laudes
277 2191 337 2231 refero,
346 2191 376 2226 tibi
387 2192 454 2234 gracias
465 2203 504 2235 ago,
515 2199 532 2227 et
544 2194 562 2226 in
574 2195 643 2229 Christo
654 2203 671 2230 te
682 2198 741 2230 adoro.
750 2202 769 2232 35

41 2242 79 2273 Hec
87 2240 138 2282 igitur
145 2241 213 2274 vincula
223 2243 278 2275 ferrea
288 2253 299 2274 a
311 2248 327 2275 te
338 2243 399 2282 soluta,
407 2242 429 2275 ad
437 2243 520 2277 honorem
530 2243 633 2287 laudemque
642 2246 675 2285 dei,
683 2253 700 2281 et
710 2247 740 2281 tibi

40 2290 110 2323 domine
124 2300 164 2323 meo
178 2290 220 2332 regi,
233 2291 250 2324 in
265 2296 358 2333 conspectu
371 2291 426 2325 tocius
441 2292 512 2326 ecclesie
528 2293 627 2336 suppliciter
640 2305 709 2338 appono
724 2304 740 2330 et

41 2340 103 2371 offero!
125 2339 201 2372 Exiliunt
212 2339 263 2382 igitur
275 2341 308 2373 hoc
316 2347 333 2373 et
345 2341 384 2374 illac
394 2340 426 2375 viri
438 2340 526 2382 Religiosi,
538 2349 555 2376 et
566 2343 595 2376 alii
605 2344 741 2385 circumstantes,

40 2389 157 2432 inspiciuntet
167 2396 268 2424 scrutantur.
291 2391 358 2433 Quibus
369 2391 446 2426 subtilius
457 2393 577 2438 scrutantibus,
587 2394 611 2428 rei
620 2395 681 2430 veritas
693 2396 740 2430 iuno

40 2440 76 2480 tuit,
88 2440 187 2483 propalatur
197 2446 214 2474 et
225 2442 347 2476 manifestatur.
370 2444 409 2477 Hec
420 2443 464 2477 inter
473 2445 519 2478 fama
527 2444 642 2486 circumuolat,
650 2445 740 2489 clericique
748 2452 768 2482 40

39 2489 111 2532 predicti
124 2489 188 2524 Heruei
203 2491 259 2532 tetigit
274 2502 329 2525 aures.
352 2493 386 2534 Qui
400 2493 504 2536 stupefactus
519 2495 597 2536 cucurrit,
610 2495 685 2530 vinctum
698 2506 739 2540 que·

199 2574 205 2591 ¹
216 2574 249 2606 MS.
257 2583 307 2614 quam.
473 2576 479 2594 ἲ
488 2587 499 2609 r.
507 2577 581 2608 dominii?
