1762 2803
109 123 136 177 78
297 120 377 172 tauta
393 117 509 180 haemon
524 116 617 179 unctio.

108 241 193 275 dominus
205 241 260 282 dedit,
269 242 357 285 pleraque
368 241 467 282 adderent;
479 240 575 283 respondit
586 250 625 281 rex,
634 239 708 273 dicens:
721 239 808 274 ‘Pulchra

108 294 182 338 quidem
194 301 236 328 sunt
245 295 301 328 verba
312 298 330 328 et
341 293 433 338 promissa
444 304 480 337 que
491 292 569 335 affertis;
582 294 615 326 sed
626 292 668 336 quia
679 302 727 326 noua
738 297 781 326 sunt
792 298 809 327 et

91 376 93 378 .
108 347 182 390 incerta,
195 359 231 381 non
244 348 273 381 his
286 358 362 392 possum
375 357 472 381 assensum
485 346 565 380 tribuere
578 347 637 387 modo,
651 344 719 380 relictis
733 344 759 379 eis
773 357 809 390 que

108 405 158 433 tanto
168 406 250 443 tempore
260 410 302 431 cum
312 399 362 431 omni
370 399 473 442 Anglorum
484 404 539 441 gente
550 399 628 431 seruaui.
651 399 721 431 Verum
733 398 775 440 quia
787 400 810 432 de

91 463 99 493 5
109 453 163 496 longe
172 454 207 487 huc
218 452 310 495 peregrini
317 451 399 494 venistis,
408 456 430 492 et,
438 457 457 486 vt
466 462 500 495 ego
508 451 563 485 michi
571 451 634 486 videor
644 450 764 495 perspexisse
769 451 780 492 ¹,
788 462 810 486 ea

108 517 145 549 que
154 517 186 539 vos
196 516 238 538 vera
249 511 267 538 et
277 505 345 548 optima
355 504 461 546 credebatis,
470 504 523 538 nobis
534 515 607 547 quoque
617 503 752 538 communicare
763 504 810 538 desi·

109 559 197 600 derasti53
209 558 295 591 nolumus
305 557 378 591 molesti
388 568 429 591 esse
440 557 497 597 vobis,
508 556 552 600 quin
562 556 623 600 potius
633 556 713 600 benigno
723 567 757 590 vos
768 557 810 590 hos-

109 610 243 654 piciorecipere
249 616 267 644 et
273 610 444 654 quevictui2vestro
450 615 492 644 sunt
498 609 810 652 necessariaministrarecuramus;

109 675 143 697 nec
157 663 276 707 prohibemus
292 663 335 707 quin
351 674 416 697 omnes
431 674 477 706 quos
490 662 568 706 potestis
583 662 626 697 fidei
640 668 702 697 vestre
717 661 810 705 religionis

82 734 101 755 10
109 717 220 760 predicando
226 716 310 750 societis)
351 709 459 760 Deditergo
465 715 492 749 eis
497 716 613 750 mansionem
620 716 638 749 in
645 715 717 749 ciuitate
724 717 811 749 dorober-

109 769 167 811 nensi,
179 780 214 812 que
226 769 298 812 imperii
310 769 338 802 sui
349 769 403 803 totius
415 775 454 803 erat
465 769 578 812 metropolis,
588 768 657 813 eisque,
665 774 685 803 vt
696 768 811 812 promiserat,

109 833 150 856 cum
161 821 318 856 administratione
328 822 387 856 victus
397 821 508 864 temporalis,
518 822 609 855 licentiam
620 832 693 865 quoque
704 821 811 865 predicandi

110 885 147 908 non
155 874 233 909 abstulit.
256 874 321 907 Fertur
329 880 390 907 autem
398 875 447 917 quod
454 874 623 917 appropinquantes
634 874 707 913 ciuitati,
715 884 766 906 more
777 884 811 906 suo

110 938 151 960 cum
160 938 213 961 cruce
222 932 284 961 sancta
292 932 310 961 et
318 926 396 969 imagine
404 927 466 970 magni
474 927 523 970 regis
531 926 600 960 domini
608 927 665 960 nostri
674 927 729 961 lhesu
738 925 811 968 Christi,

84 991 101 1021 15
110 981 157 1015 hanc
165 981 251 1014 letaniam
259 991 339 1013 consona
344 991 389 1014 voce
397 980 534 1013 modularentur
542 992 546 1012 z
559 980 695 1023 ‘Deprecamur
703 984 726 1021 te,
732 979 811 1020 domine,

110 1032 188 1067 inomni
199 1033 323 1068 misericordia
330 1037 365 1075 tua,
373 1038 392 1067 vt
403 1032 494 1066 auferatur
503 1033 553 1066 furor
563 1038 605 1066 tuus
615 1038 633 1067 et
643 1032 670 1066 ira
677 1037 708 1066 tua
718 1043 729 1065 a
739 1032 812 1066 ciuitate

110 1085 145 1119 ista
156 1091 174 1120 et
183 1087 206 1119 de
215 1086 270 1119 domo
280 1090 343 1119 sancta
351 1091 387 1126 tua,
395 1085 481 1129 quoniam
489 1085 627 1129 peccauimus⁸.’
671 1079 700 1119 At
709 1085 740 1119 vbi
751 1086 811 1119 datam

111 1139 145 1173 sibi
157 1138 271 1173 mansionem
282 1138 399 1181 intrauerant,
408 1144 496 1182 ceperunt
507 1138 625 1182 apostolicam
634 1138 726 1182 primitiue
735 1138 811 1172 ecclesie

109 1192 166 1224 vitam
177 1191 255 1231 imitari;
266 1191 378 1223 orationibus
388 1191 471 1224 videlicet
482 1191 567 1233 assiduis,
575 1191 645 1234 vigiliis,
656 1203 677 1224 ac
689 1191 761 1224 ieiuniis
773 1202 812 1224 ser-

84 1259 103 1281 20
110 1244 182 1285 uiendo,
190 1244 267 1277 verbum
274 1244 311 1277 vite
319 1243 385 1286 quibus
394 1248 478 1288 poterant
485 1243 602 1286 predicando,
611 1249 675 1277 cuncta
684 1242 738 1277 huius
749 1242 812 1277 mundi

110 1298 160 1331 velut
171 1296 230 1331 aliena
241 1297 352 1340 spernendo,
363 1307 385 1330 ea
396 1302 467 1331 tantum
477 1308 513 1340 que
523 1296 578 1331 victui
590 1296 694 1331 necessaria
703 1296 812 1330 uidebantur

110 1352 133 1384 ab
142 1350 168 1384 eis
177 1361 222 1393 quos
232 1351 321 1384 docebant
331 1349 442 1393 accipiend0,
450 1351 551 1384 secundum
559 1362 581 1384 ea
589 1362 624 1393 que
634 1351 723 1384 docebant
733 1349 769 1394 ipsi
779 1360 813 1393 per

111 1403 172 1437 omnia
179 1403 264 1442 uiuendo,
272 1408 291 1437 et
301 1408 385 1447 paratum
397 1403 419 1436 ad
429 1402 536 1446 patiendum
547 1404 625 1437 aduersa
636 1414 708 1446 queque
717 1403 747 1436 vel
757 1403 812 1436 etiam

112 1457 149 1499 [ad]
159 1456 274 1490 moriendum
284 1467 318 1500 pro
328 1467 350 1490 ea
359 1467 414 1499 quam
422 1456 541 1499 predicabant
548 1456 624 1490 veritate
633 1457 714 1490 animum
723 1456 812 1489 habendo.

85 1526 92 1546 2
95 1526 103 1555 5
112 1509 204 1542 Curabant
211 1508 293 1542 vicissim
301 1519 365 1542 omnes
374 1509 444 1542 debiles
451 1514 469 1542 et
479 1509 580 1551 languidos,
588 1510 618 1543 vel
626 1509 648 1542 ad
657 1520 677 1543 se
685 1509 755 1542 delatos
762 1509 792 1543 vel
802 1519 813 1542 a

112 1572 133 1595 se
140 1560 228 1595 visitatos.
251 1560 304 1594 Adeo
312 1565 331 1594 vt
341 1560 402 1594 nullus
413 1566 443 1593 aut
454 1571 507 1595 rarus
517 1561 535 1594 in
543 1572 599 1605 grege
607 1560 705 1604 Augustini
714 1562 813 1595 habebatur

113 1614 144 1658 qui
158 1624 194 1646 non
209 1612 266 1656 gratia
281 1612 378 1646 sanitatum
391 1613 479 1656 polleret:
496 1619 516 1647 vt
529 1624 566 1647 non
579 1614 640 1647 minus
653 1614 745 1648 miraculis
758 1624 813 1657 quam

112 1665 266 1709 predicationibus
273 1666 358 1699 tenebras
364 1666 459 1708 gentilium
466 1666 577 1700 illustrarent
582 1666 594 1699 4.
613 1666 660 1708 Quid
669 1670 730 1701 mora?
750 1666 813 1700 Credi-

112 1720 178 1752 derunt
190 1717 273 1751 nonnulli
284 1723 303 1752 et
314 1718 457 1762 baptizabantur,
467 1718 553 1753 mirantes
565 1719 699 1763 simplicitatem
711 1719 814 1754 innocentis

86 1788 105 1817 30
112 1772 154 1814 vite,
160 1783 181 1805 ac
190 1771 304 1805 dulcedinem
312 1771 394 1805 doctrine
402 1782 465 1805 eorum
474 1772 551 1806 celestis.
571 1772 614 1806 Erat
623 1777 683 1806 autem
689 1783 748 1817 prope
754 1772 814 1816 ipsam

112 1825 203 1859 ciuitatem
215 1825 237 1857 ad
249 1823 337 1858 orientem
349 1824 426 1858 ecclesia
436 1824 455 1858 in
467 1825 548 1858 honore⁵
557 1826 615 1858 sancti
628 1825 702 1858 Martini
715 1825 813 1867 antiquitus

112 1878 163 1918 facta,
172 1879 216 1911 dum
223 1878 282 1911 adhuc
291 1878 370 1910 Romani
379 1877 492 1910 Britanniam
500 1878 605 1916 incolerent,
613 1878 632 1911 in
640 1889 676 1921 qua
684 1878 752 1921 regina,
759 1888 814 1921 quam

112 1929 230 1965 christianam
242 1930 298 1964 fuisse
312 1930 431 1973 prediximus,
443 1941 496 1963 orare
509 1936 634 1964 consueuerat.
658 1931 680 1964 ln
693 1931 727 1964 hac
741 1941 784 1974 ergo
797 1936 815 1964 et

112 1983 148 2029 ipsi
163 1984 222 2028 primo
238 1982 342 2025 conuenire,
356 1984 440 2026 psallere,
453 1994 511 2025 orare,
525 1982 592 2018 missas
607 1983 672 2025 facere,
686 1983 781 2027 predicare
797 1988 815 2018 et

85 2053 103 2083 35
111 2037 204 2081 baptizare
216 2041 309 2079 ceperunt,
321 2028 379 2070 donec
391 2047 434 2080 rege
446 2038 469 2070 ad
480 2037 536 2070 fidem
548 2048 643 2076 conuerso,
654 2037 743 2071 maiorem
754 2037 814 2080 predi·

112 2091 166 2124 candi
179 2100 213 2133 per
225 2088 291 2131 omnia,
304 2094 322 2122 et
335 2089 422 2123 ecclesias
436 2089 536 2123 fabricandi
548 2090 577 2124 vel
591 2089 711 2131 restaurandi,
723 2089 814 2124 licentiam

112 2147 221 2187 acceperant
226 2143 238 2177 ⁰,
260 2142 286 2176 At
295 2142 326 2176 vbi
337 2142 377 2186 ipse
389 2142 443 2176 etiam
454 2143 502 2176 inter
513 2143 563 2185 alios,
574 2143 675 2177 delectatus
685 2142 722 2177 vita
733 2144 814 2177 mundis-

113 2198 160 2232 sima
175 2201 284 2237 sanctorum,
300 2200 319 2230 et
334 2195 431 2239 promissis
448 2207 512 2230 eorum
528 2195 648 2237 suauissimis,
663 2207 699 2240 que
714 2207 758 2230 vera
773 2207 815 2231 esse

112 2249 242 2283 miraculorum
255 2249 354 2282 multorum
368 2248 473 2283 ostensione
485 2249 610 2289 firmauerunt,
622 2250 700 2283 credens
713 2248 815 2292 baptizatus

85 2318 105 2347 4⁰
113 2309 151 2344 est3
164 2307 252 2345 ceperunt
262 2302 325 2345 plures
335 2301 401 2336 cotidie
412 2303 434 2335 ad
445 2302 557 2335 audiendum
564 2302 641 2336 verbum
650 2302 679 2335 dei
689 2302 786 2343 confluere,
795 2313 815 2336 ac

113 2355 175 2388 relicto
189 2354 294 2398 gentilitatis
307 2354 348 2395 ritu,
361 2354 425 2388 vnitati
440 2366 461 2388 se
476 2359 539 2388 sancte
552 2354 619 2388 Christi
633 2354 709 2387 ecclesie
723 2355 816 2388 credendo

114 2408 187 2441 sociare.
215 2407 297 2448 Quorum
312 2407 355 2441 fidei
370 2412 388 2441 ct
404 2406 519 2441 conuersioni
535 2406 560 2440 ita
575 2407 710 2449 congratulatus
725 2418 767 2441 esse
782 2418 816 2441 rex

113 2460 225 2503 perhibetur,
230 2465 249 2494 vt
257 2461 327 2494 nullum
334 2467 396 2494 tamen
405 2465 478 2503 cogeret
484 2461 507 2493 ad
515 2459 670 2493 christianismum
676 2460 687 2501 Τ,
695 2461 728 2494 sed
737 2465 815 2494 tantum-

134 2527 168 2556 ¹E.
177 2528 281 2564 prospexisse.
321 2528 449 2566 ²T.victuique.
489 2528 646 2557 ³T.addsAlleluia.
687 2528 817 2560 ⁴E.illustraret.

113 2567 120 2585 ⁵
130 2568 147 2598 T.
155 2569 235 2598 honorem
297 2567 324 2597 ΒΓ.
332 2569 425 2605 acciperent.
486 2567 492 2585 ⁷
503 2569 519 2598 Ε,
528 2568 677 2599 christianissimum.
