1762 2803
120 189 148 219 20
199 229 200 232 Ἴ
310 173 521 236 moralitatum
536 174 629 236 antlia

117 298 246 342 temptandum
251 308 294 333 eurn
298 297 352 340 venit,
358 298 431 332 dicens:
443 296 512 331 ‘Ceous
520 306 561 331 sum
569 301 587 331 et
595 291 670 331 surdus,i
693 295 727 330 Cui
735 299 808 330 sanctus
816 301 820 330 t

120 351 195 394 ‘Neque
207 352 274 385 surdus
285 362 306 384 es
317 361 377 393 neque
388 361 454 392 cecus;
470 352 509 392 sed,
517 351 564 384 sicut
575 360 604 384 me
616 350 722 393 temptando
734 348 821 383 mentitus

120 413 146 445 es,
154 404 177 436 ab
186 403 274 437 hodierno
282 403 312 436 die
319 413 353 436 rex
361 413 398 436 non
408 402 449 443 eris,
458 407 476 435 et
484 413 542 446 vsque
552 402 582 435 in¹
595 403 643 437 diem
654 401 718 436 mortis
725 407 756 435 tue
767 410 821 435 cecus

121 461 138 491 et
145 455 342 500 surduspermanebis!
362 455 525 490 Etsactumestita.
558 447 821 490 Cumbenedietionedemum

103 509 180 545 rsancti
193 508 264 542 Dauid²
276 509 307 542 illo
322 509 341 542 in
355 508 464 542 Hiberniam
479 519 570 553 regress0,
583 509 668 553 cogitauit
681 508 700 542 in
713 510 768 543 corde
783 519 822 550 suo,

122 562 197 597 dicens:
214 561 295 595 ‘Penitet
309 572 344 602 me,
352 562 401 605 apud
414 562 508 595 doctorem
520 572 582 595 meum
595 572 633 596 non
645 562 769 607 interrogasse
781 560 822 605 quis

120 616 139 648 in
152 615 186 649 hae
200 614 290 648 Hibernie
305 614 365 648 insula
379 614 414 648 erit
428 614 484 648 michi
495 615 565 649 amicus
580 616 650 649 anime.¹
677 615 759 659 Cumque
775 614 822 648 sicco

120 669 168 710 pede
178 676 235 710 super
242 676 293 700 mare
301 667 407 707 ambularet,
416 677 459 700 ecce
469 668 545 710 angelus
553 667 622 701 domini
633 678 732 701 occurrens
740 667 757 701 ei
765 666 821 700 dixit:

121 719 198 763 ‘Magna
209 719 275 753 fiducia
286 725 315 753 est
326 719 375 763 quod
387 718 450 759 fecisti,
458 723 477 753 vt
489 731 545 763 supra
556 730 607 754 mare
618 720 697 764 pedibus
708 719 823 754 ambulares!

94 783 112 805 ro
122 773 145 807 Et
162 773 204 806 ille:
224 773 276 807 ‘Non
295 784 329 817 pro
345 773 412 820 fiducia
428 773 463 806 hoc
482 773 522 815 feci,
541 774 575 807 sed
594 783 628 816 pro
647 772 752 808 fortitudine
770 771 823 807 fidei!

121 826 205 870 Angelus
215 826 250 860 ait:
262 826 316 860 ‘Non
326 831 355 860 est
365 826 397 860 tibi
408 836 485 860 necesse
492 831 512 860 vt
522 825 582 860 anime
593 826 672 860 amicum
683 826 762 861 habeas:
774 829 823 859 amat

122 885 140 914 te
148 881 199 922 deus,
208 884 225 914 et
235 879 284 914 inter
292 885 311 914 te
321 884 339 914 et
349 880 404 914 deum
415 879 488 913 medius
500 890 537 913 non
549 880 588 914 erit.
611 881 634 914 Et
645 880 661 914 si
672 880 733 914 anime
745 879 823 913 amicum

121 933 207 973 volueris,
218 932 295 967 habebis
305 933 380 966 viduam
392 933 453 966 Molue
464 933 551 966 nomine!
578 930 630 967 Tune
642 933 672 967 ille
683 933 702 966 in
715 932 824 966 Hiberniam

122 996 219 1030 regressus
227 991 261 1019 est.
306 978 400 1028 Cogitauit
407 996 480 1029 quoque
484 986 534 1029 quod
540 985 637 1019 cimbalum
644 985 721 1019 suumin
728 985 824 1018 Britonum

96 1046 114 1076 15
123 1039 198 1084 regione
208 1039 275 1073 oblitus
283 1039 352 1080 suisset,
361 1044 379 1073 et
389 1049 466 1073 necesse
476 1038 501 1072 illi
512 1039 545 1074 suit
552 1044 572 1074 vt
582 1039 626 1074 illud
637 1040 682 1073 hora
692 1039 772 1084 legitima
782 1048 824 1082 per-

123 1096 198 1126 cuteret.
226 1092 264 1127 Nee
272 1102 328 1133 mora,
336 1091 434 1125 cimbalum
442 1090 500 1135 ipsius
508 1092 531 1126 de
539 1091 634 1126 Britannia
641 1097 692 1126 trans
703 1102 754 1126 mare
764 1090 824 1125 subito

122 1145 199 1178 veniens
214 1144 264 1178 iuxta
276 1155 297 1178 se
309 1144 409 1187 repositum
422 1144 523 1187 conspexit.
551 1144 573 1177 In
586 1145 638 1178 euius
651 1146 731 1178 aduentu
744 1145 824 1188 gauisus,

122 1197 190 1242 gratias
203 1197 239 1241 egit
252 1199 291 1232 deo.
325 1190 371 1231 Alio
384 1197 414 1231 die
426 1201 500 1231 sanctus
512 1196 571 1231 Aidus
583 1196 602 1230 in
614 1208 668 1231 curru
683 1208 717 1231 suo
728 1207 762 1241 per
774 1207 825 1231 mare

123 1262 210 1294 magnum
220 1250 303 1294 perrexit
311 1251 334 1283 de
342 1261 378 1284 vno
387 1251 426 1283 loco
434 1251 457 1283 ad
465 1249 525 1292 alium,
534 1256 552 1284 et
559 1251 627 1294 ungule
635 1261 724 1294 equorum
732 1256 750 1284 et
758 1255 797 1284 rote
806 1249 825 1283 in

95 1312 114 1334 20
123 1304 169 1339 mari
177 1315 214 1338 non
222 1308 265 1338 sunt
272 1303 353 1345 intincte,
361 1304 394 1337 sed
405 1308 444 1337 erat
454 1313 505 1337 mare
516 1303 594 1337 solidum
605 1303 657 1348 quasi
665 1303 763 1338 durissima
771 1296 825 1337 terra.

123 1350 210 1401 Cumque
221 1356 240 1390 in
252 1356 356 1391 molendino
367 1356 444 1398 molens,
452 1355 526 1400 quidam
534 1356 610 1391 farinam
622 1357 645 1391 ab
657 1368 679 1391 eo
690 1357 796 1400 postularet,
808 1360 826 1391 et

106 1428 108 1430 >
122 1411 199 1454 petitam
211 1416 319 1444 consecutus
331 1409 400 1452 suisset,
411 1409 477 1442 iterum
489 1414 557 1443 mutato
569 1409 636 1452 habitu,
646 1410 719 1444 oculum
730 1410 825 1444 sinistrum

123 1475 219 1505 exteram,
226 1463 281 1504 venit,
289 1468 307 1497 et
317 1462 336 1496 in
348 1462 421 1496 nomine
431 1461 501 1496 domini
512 1462 590 1496 farinam
601 1462 662 1507 peciit.
683 1462 717 1497 Vir
724 1467 785 1497 autem
796 1461 826 1496 dei

124 1516 240 1550 calliditatem
252 1516 291 1549 eius
303 1525 421 1558 cognoscens,
434 1515 458 1547 ait
469 1515 505 1548 illi:
519 1516 591 1556 ‘Quare
602 1517 637 1549 hoc
648 1516 719 1550 iecisti?
743 1517 782 1559 Ego
793 1516 826 1548 tibi

97 1577 115 1606 ²5
124 1579 158 1612 pro
172 1567 246 1601 nomine
258 1567 327 1601 domini
340 1566 416 1601 farinam
430 1566 485 1607 dabo;
502 1568 536 1601 sed
548 1577 606 1610 vsque
620 1568 643 1602 ad
655 1567 704 1602 diem
720 1567 783 1602 mortis
796 1573 826 1602 tue

124 1621 204 1656 cecitatis
212 1621 284 1664 plagam
293 1631 329 1653 non
336 1621 413 1654 euades.¹
444 1609 497 1652 Vidit
503 1619 532 1653 die
540 1620 618 1663 quadam
626 1621 689 1664 lupam
695 1621 826 1654 cancellantem

124 1674 216 1717 nimisque
224 1673 346 1714 esurientem
358 1678 376 1707 et
387 1673 502 1716 interrogans
513 1682 591 1716 puerum
603 1672 619 1707 si
630 1673 690 1707 cibum
701 1673 782 1715 haberet,
790 1673 826 1708 ait:

125 1728 200 1762 ‘Habeo
208 1727 276 1761 vnum³
284 1737 351 1770 panem
363 1732 381 1760 et
392 1731 463 1770 partem
475 1726 541 1770 piscis.¹
564 1726 587 1759 Et
598 1727 691 1771 accipiens
703 1738 775 1770 panem,
783 1728 827 1771 lupe

124 1780 216 1824 porrexit3
230 1784 248 1813 et
256 1791 302 1823 puer
310 1779 386 1813 erubuit.
414 1779 447 1813 Cui
455 1785 540 1813 sanctus:
556 1779 762 1814 ‘Affermichifolium'
786 1781 827 1822 Quo

97 1845 116 1874 30
125 1834 178 1868 allato
184 1838 202 1867 et
207 1833 308 1874 benedicto,
314 1843 381 1876 panem
388 1834 411 1867 de
416 1833 459 1866 folio
465 1832 512 1874 fecit,
519 1838 536 1866 et
542 1843 600 1875 puero
606 1832 662 1867 dedit.
707 1825 757 1868 Cum
765 1838 826 1867 autern

124 1888 148 1921 de
163 1892 211 1920 terra
227 1885 265 1920 suis
283 1885 369 1930 precibus
390 1886 459 1920 fontem
474 1885 597 1929 produxisset,
613 1885 687 1930 quidam
706 1886 827 1920 armentarius

124 1940 201 1975 veniens
209 1941 281 1974 adeum
289 1940 344 1973 dixit:
357 1940 427 1974 ‘Serue
435 1940 470 1982 dei,
477 1945 555 1974 matrem
563 1949 623 1974 meam
631 1939 722 1974 infirmam
727 1940 801 1975 visitare
809 1945 827 1974 et

125 2003 159 2037 pro
167 1993 225 2027 salute
233 1991 272 2026 eius
280 1993 335 2026 deum
343 1992 438 2035 deprecari
446 2003 469 2025 ne
477 1993 557 2034 differas,
563 1992 670 2036 suppliciter
678 1993 766 2037 efflagito:
789 1993 827 2027 Sed

125 2051 223 2089 antequam
236 2044 278 2079 illuc
289 2045 364 2087 veniret,
376 2045 442 2079 mulier
452 2045 483 2078 illa
494 2046 579 2079 defuncta
590 2051 623 2079 est.
651 2046 731 2080 Currens
743 2056 787 2089 ergo
799 2057 828 2080 ar-

97 2107 116 2135 35
125 2098 225 2133 mentarius
237 2098 260 2131 ad
272 2103 360 2140 sanctum,
372 2098 422 2132 dixit.
445 2098 517 2132 ‘Homo
530 2098 564 2140 dei,
576 2098 612 2132 noli
623 2098 698 2133 vexari:
707 2103 766 2132 mater
778 2099 827 2133 enim

125 2163 167 2186 mea
174 2156 245 2185 mortua
253 2152 291 2186 est)
315 2150 348 2184 Cui
358 2150 400 2186 ille:
413 2151 475 2185 ‘Vade
483 2157 501 2185 et
511 2151 540 2185 die
550 2150 603 2184 matri
612 2156 643 2185 tue
650 2155 670 2185 vt
680 2151 703 2184 ad
711 2162 741 2185 me
748 2151 828 2185 salutan-

126 2206 170 2239 dum
181 2204 252 2239 veniat.⁵
281 2204 363 2247 Pergens
379 2210 439 2238 autem
455 2204 490 2246 ille,
507 2204 560 2239 matri
576 2215 609 2239 sue
623 2204 694 2238 locutus
710 2209 738 2238 est
753 2204 827 2239 dicens:

127 2258 202 2300 ‘Surge
210 2262 263 2290 vocat
273 2261 292 2290 te
304 2261 378 2290 sanctus
388 2256 458 2290 Aidus'
481 2256 504 2291 Et
516 2256 582 2297 statim,
591 2256 643 2300 quasi
655 2256 678 2289 de
689 2266 773 2299 sompno,
783 2268 828 2290 sana

126 2310 205 2345 surrexit
212 2321 216 2352 ;
225 2314 243 2343 et
248 2309 337 2344 festinans
343 2310 366 2342 ad
371 2315 454 2343 sanetum
459 2310 526 2353 gratias
532 2310 566 2343 deo
572 2308 613 2352 egit.
653 2301 740 2352 Cumque
747 2314 828 2344 aratores

99 2375 119 2403 40
127 2364 155 2398 sui
165 2365 188 2397 ad
199 2364 288 2398 arandum
298 2364 355 2397 boues
366 2363 468 2406 iungerent,
476 2374 519 2397 ecee
528 2364 607 2407 quedam
618 2362 683 2395 mulier
693 2362 766 2406 leprosa
773 2363 828 2404 venit,

127 2428 193 2461 rogans
207 2421 226 2451 vt
241 2416 276 2451 sibi
289 2417 356 2450 bouem
369 2416 470 2461 largiretur.
497 2416 530 2451 Cui
545 2415 585 2450 sine
598 2426 650 2449 mora
663 2415 686 2448 de
700 2416 765 2450 ceteris
779 2416 829 2450 dedit

127 2471 193 2504 bouem
202 2471 285 2504 electum.
307 2470 359 2503 Tunc
367 2475 448 2503 aratores
456 2470 521 2504 offensi
529 2470 615 2503 dixerunt
622 2469 650 2502 ei:
666 2468 724 2510 ‘Quid
735 2470 828 2511 faciemus,

127 2527 146 2558 et
157 2522 247 2566 quomodo
258 2532 310 2557 arare
322 2522 445 2567 poterimusi'
469 2522 548 2557 Sanetus
560 2521 594 2557 ait:
611 2522 722 2565 ‘Expectata
734 2522 829 2567 paulisper

231 2621 236 2640 ¹
247 2622 265 2653 T.
274 2623 298 2653 ad.
422 2622 428 2640 ²
439 2622 456 2652 E.
465 2622 513 2653 dauit.
633 2621 639 2640 ³
649 2622 666 2652 Τ,
674 2622 732 2655 vinum.
