1762 2803
245 111 292 166 Bc
306 109 408 163 &anca
423 111 585 162 tttmctttna.
719 125 761 167 421

63 236 135 277 debant,
143 240 218 277 semper
225 229 359 276 impressiones
369 230 437 276 pedum
448 229 532 265 animalis
540 228 599 265 clare¹
607 228 665 265 videri
673 235 763 276 poterant.

63 291 130 332 Sicque
137 287 211 321 tandem
220 284 282 320 relicta
291 284 309 318 in
317 294 393 319 nemore
398 295 458 327 vacca,
464 285 545 320 latrones
551 284 637 320 velociter
645 283 735 329 fugientes
743 295 764 320 se

63 341 182 377 occultabant.
234 330 285 373 Cum
293 336 346 381 pueri
358 337 420 371 tenelli
431 336 492 381 aliquo
503 336 532 371 sui
544 338 626 382 corporis
633 336 765 381 incom[m]odo

62 396 166 428 laborantes
173 395 257 433 egrotare
265 389 352 432 ceperint,
360 390 452 432 proiectos
460 389 479 423 in
487 389 545 433 ipsius
554 389 664 433 scaturigine
673 389 728 423 fontis
734 390 740 409 ²
747 396 765 423 et

63 444 169 490 pernicitate
180 442 262 476 fluminis
273 441 351 476 reiectos
362 446 430 475 matres
440 452 504 476 eorum
514 442 582 476 hilares
591 446 609 475 et
619 441 702 486 sospitati
711 441 782 476 resti-5

63 504 111 534 tutos
119 500 194 541 repente
205 505 238 529 eos
247 493 342 539 suscipere
353 499 494 529 consueuerant.
547 487 571 530 In
581 494 673 530 descensu
681 493 765 530 eiusdem

63 550 97 586 riui
108 548 197 594 optimum
205 547 331 582 molendinum
339 546 455 590 construitur,
463 547 512 593 quod
520 558 614 593 nunquam
622 546 716 593 ymbrium
725 547 765 583 siue

63 604 109 638 niuis
117 601 242 636 habundantia
249 600 352 643 profluente
359 605 390 634 aut
398 600 458 643 aliqua
465 600 536 635 vrentis
545 601 588 644 gelu
599 601 639 634 siue
647 600 705 634 estiue
713 600 765 634 sicci-

63 655 104 690 tatis
119 652 204 688 molestia
216 652 352 696 perstringente
363 652 434 686 molere
447 652 524 687 desistit.
547 653 600 694 Quod
612 653 670 687 semel
684 652 765 686 latrones

62 706 146 753 ingressi,
158 705 271 740 ferramenta
281 705 343 739 omnia
355 716 388 740 seu
399 704 522 740 instrumenta
533 716 596 740 secum
607 705 719 740 auferebant.
742 706 765 740 Et
775 713 794 734 10

63 768 104 793 cum
113 757 143 791 illa
151 766 185 790 suo
194 755 300 790 molendino
310 755 425 797 detulissent,
433 766 468 790 nec
479 761 519 791 rota
528 755 605 791 circuire
614 767 648 791 nec
658 755 765 791 officialibus

62 808 681 854 iltisaliquisprosectus,doneereportatasuerant,poterateuenire.
719 801 766 844 Post

63 863 160 899 multorum
172 872 262 896 annorum
273 861 367 905 curricula,
378 872 427 896 anno
438 862 476 897 scil.
487 861 545 906 gratie
556 862 654 898 millesimo
665 862 766 898 centesimo

63 915 155 949 tricesimo
163 920 232 954 octauo,
241 924 283 947 ossa
290 914 483 948 sancte³Wenetrede
489 914 565 958 virginis
573 916 621 958 apud
630 914 734 958 Salapiam⁴
742 916 765 949 ad

63 966 194 1003 monasterium
201 966 333 1002 monachorum
341 976 383 1001 curn
391 976 458 1011 magno
466 967 536 1002 honore
543 967 632 1002 translata
639 971 688 1002 sunt.
776 976 793 1006 ¹5

41 1060 45 1066 ⁴
85 1071 132 1116 [MS.
140 1071 180 1105 Tib.
188 1071 244 1106 adds:
349 1069 476 1108 ttNarraabt

84 1123 142 1165 Anno
150 1128 218 1163 domini
224 1130 230 1147 ‘¹
236 1127 333 1163 millesimo
342 1129 441 1163 centesimo
449 1129 572 1174 octuagesimo
580 1135 619 1164 erat
627 1130 656 1164 uir
663 1129 738 1175 quidam
746 1131 764 1164 in

63 1184 107 1216 urbe
114 1182 252 1224 Huntingdonie
261 1181 347 1225 operibus
355 1190 443 1215 manuum
450 1191 525 1215 suarum
531 1182 600 1215 uictum
608 1191 695 1226 querens,
701 1181 733 1226 qui
740 1192 764 1215 ex

64 1234 164 1268 concubina
175 1244 208 1268 sua
219 1233 277 1267 filium
289 1233 352 1277 genuit
363 1234 437 1267 nomine
449 1233 578 1267 Herebertum.
601 1232 692 1267 Defuncta
703 1238 764 1267 autem

63 1286 168 1330 concubina,
179 1285 234 1321 aliam
245 1285 355 1321 introduxit:
367 1285 419 1321 cuius
429 1285 536 1331 potissime'
544 1287 619 1321 consilio
629 1286 721 1329 inductus,
732 1297 766 1330 per

63 1340 121 1374 noctis
128 1340 215 1374 tenebras
222 1338 281 1374 filium
288 1349 342 1373 suum
350 1349 408 1384 usque
418 1340 441 1374 ad
452 1339 528 1374 fluuium
539 1341 573 1374 sub
583 1340 628 1374 urbe
637 1340 765 1374 decurrentem
775 1352 782 1372 ε

64 1393 127 1428 detulit
135 1398 153 1428 et
160 1398 233 1436 petram
240 1392 260 1426 in
268 1393 309 1426 sinu
316 1392 393 1436 puerili⁸
400 1392 464 1437 ligans,
469 1392 587 1427 innocentem
593 1403 635 1426 curn
643 1392 740 1426 conamine
747 1392 765 1426 in

63 1446 161 1489 ampnem⁰
168 1445 250 1489 proiecit.
269 1445 308 1478 Nec
316 1454 373 1487 mora,
378 1445 427 1478 unda
434 1445 532 1488 tranquilla
539 1444 643 1486 famulante,
649 1445 671 1479 ad
679 1444 738 1488 ripam
746 1445 765 1479 in

64 1508 99 1541 qua
106 1499 165 1532 stabat
172 1502 226 1542 pater
233 1496 273 1532 eius
280 1496 371 1532 rehicitur,
387 1496 470 1541 Cumque
477 1497 495 1532 id
504 1497 552 1532 idem
559 1497 614 1533 tercio
621 1496 689 1532 factum
697 1497 766 1540 fuisset,

63 1551 115 1586 unice
120 1552 177 1596 prolis
182 1551 257 1596 punitor
262 1552 400 1596 obstupescens,
405 1551 478 1597 spinam
484 1552 533 1586 dorsi
538 1551 613 1596 puerilis
618 1557 700 1586 teneram
706 1552 766 1596 fregit,

63 1610 126 1647 pectus
134 1605 232 1648 quassauit,
241 1609 259 1639 et
269 1604 348 1648 paxillos
357 1604 427 1648 ligneos
438 1603 457 1638 in
465 1604 580 1639 extremitate
590 1603 669 1639 uestium
681 1604 766 1648 infigens,
775 1615 794 1644 ²5

63 1656 138 1690 fluuium
148 1657 222 1691 intrauit
231 1661 250 1691 et
260 1656 308 1690 inter
320 1656 390 1690 lutosos
402 1656 476 1690 laticum
488 1656 540 1691 sinus
552 1667 593 1691 cum
604 1656 681 1702 prefatis
693 1656 766 1701 paxillis

63 1709 191 1752 corpusculum
201 1709 311 1743 fundotenus
321 1709 401 1744 confixit.
429 1709 472 1743 Post
482 1709 516 1743 hec
524 1720 569 1744 uero
576 1709 624 1744 die¹⁰
631 1709 766 1755 quintadecima

63 1763 129 1796 uirtute
137 1761 198 1796 diuina
206 1772 273 1806 corpus
277 1761 289 1780 ¹¹
296 1772 338 1796 cum
345 1762 418 1806 paxillis
426 1763 445 1796 in
450 1762 511 1796 tunica
518 1763 566 1804 fixis,
571 1772 647 1806 corpore
653 1762 724 1806 integro
730 1768 749 1796 et
754 1762 767 1782 ¹¹

64 1820 104 1849 cute
115 1815 205 1850 candente
216 1814 313 1859 reperitur,
324 1813 371 1849 etin
382 1814 459 1849 ecclesia
470 1820 534 1850 sancte
546 1814 604 1849 Marie
618 1814 669 1849 urbis
682 1814 765 1850 eiusdem

63 1867 82 1901 in
86 1868 157 1903 tumulo
162 1878 265 1902 marmoreo
270 1868 364 1911 sepelitur.
378 1867 592 1902 lnlocoueromartirii¹³
599 1867 668 1912 capella
674 1867 766 1910 fundatur,
775 1878 795 1907 3⁰

63 1921 93 1954 ubi
100 1920 189 1956 miracula
195 1932 232 1954 non
238 1920 288 1954 nulla
294 1921 334 1954 fieri
341 1920 431 1963 uidentur,
437 1920 485 1955 inter
491 1930 527 1964 que
533 1919 559 1954 sic
565 1919 636 1964 legitur.
652 1919 686 1954 Vir
691 1920 766 1964 quidam

63 1973 130 2008 nobilis
137 1973 194 2008 filiam
202 1974 266 2008 decem
277 1982 372 2015 annorum,
380 1972 456 2007 alteram
465 1971 567 2015 duodecim,
575 1982 586 2007 a
596 1970 689 2006 natiuitate
699 1973 766 2007 surdas

63 2031 81 2060 et
92 2032 152 2061 mutas
163 2026 237 2061 habuit:
251 2026 280 2069 (ad
292 2024 352 2060 locum
364 2025 402 2068 ubi)
414 2036 461 2069 puer
470 2024 586 2060 Herebertus
597 2024 668 2059 occisus
680 2031 714 2066 est,
724 2036 766 2060 cum

63 2078 346 2124 filiabus(quantocius)accessit.
358 2077 456 2124 Cumque¹⁴
461 2077 557 2113 sanitatem
563 2083 661 2113 consecute
666 2078 743 2113 fuissent
749 2085 766 2114 et

63 2137 100 2167 tam
113 2134 186 2168 auditus
199 2143 254 2178 quam
268 2133 341 2177 loquele
355 2132 458 2167 facultatem
473 2131 606 2176 percepissent,
618 2131 704 2177 quicquid
715 2132 743 2167 eis
756 2143 796 2173 aas

63 2185 197 2229 loquentibus¹⁶
202 2185 294 2229 quesitum
300 2185 386 2227 fuerat,et
392 2185 432 2228 ipse
438 2184 565 2228 loquebantur.
577 2184 647 2218 Etcum
652 2184 767 2227 inquirentes

63 2236 247 2272 dicerentz‘Potestis
253 2248 286 2271 uos
292 2237 355 2271 audire
360 2242 379 2271 et
384 2236 457 2281 loquit',
463 2247 500 2270 non
505 2236 767 2281 respondebant‘possumus,’

64 2295 92 2323 set
102 2291 166 2324 eadem
176 2291 233 2324 uerba
243 2290 298 2324 latina
308 2289 327 2324 in
337 2290 417 2325 secunda
428 2300 509 2335 persona
516 2290 664 2334 respondebant:
677 2290 767 2325 ‘Potestis

63 2352 97 2377 uos
104 2343 168 2379 audire
175 2349 193 2379 et
201 2343 250 2388 loqui
255 2345 272 2378 i’
286 2343 354 2388 Sicque
362 2343 425 2388 gallice
433 2348 453 2377 et
459 2343 530 2388 anglice
538 2344 604 2378 eodem
611 2343 666 2377 modo
674 2343 767 2388 querenti·

83 2420 167 2454 ¹E.elari.
225 2423 422 2461 ¹E.fontisscaturigine.
479 2423 514 2453 Ἐ
522 2428 583 2454 sancta.
641 2421 766 2461 ‘Esolopiam

63 2459 395 2500 ⁵sametextintus.Bodla4o,p.614.
419 2462 482 2492 ‘Bodl
491 2462 548 2499 gracie.
573 2461 609 2492 ⁵13.
619 2470 649 2491 om.
674 2462 766 2499 tepuere.

63 2497 69 2516 ’
79 2499 98 2530 B.
106 2501 175 2533 fluuium.
216 2502 229 2520 ¹⁰
239 2502 258 2533 B.
266 2503 297 2531 Die
304 2511 342 2533 vero
349 2506 386 2541 post
393 2502 427 2533 hec.
476 2501 487 2520 ¹¹
498 2502 517 2534 B.
524 2510 583 2541 corpus
590 2500 634 2540 pueri
642 2501 700 2531 virtute
708 2501 766 2534 diuina.

63 2536 73 2555 ¹¹
83 2540 102 2571 Β.
110 2551 149 2573 cum.
194 2542 311 2575 18Β,ιιι.εἰιιε.
355 2543 480 2575 ¹¹B.Vbicurn.
527 2541 741 2580 ¹⁶B.abinterrogantibus.
