1762 2803
111 95 177 165 '2486
212 173 214 175 ,
322 107 402 159 aona
418 103 535 166 aaran
550 103 643 166 angria.
711 104 833 150 [aaa.

133 232 151 263 et
162 227 253 263 nobilibus
265 236 306 261 cum
318 236 390 261 summo
398 226 513 261 deducuntur
524 225 600 269 honore,
608 235 619 260 a
627 225 693 270 quibus
705 224 760 260 etiam
770 235 834 261 neees-

133 281 181 316 saria
189 279 254 324 quibus
262 279 367 324 indigebant
376 278 449 324 copiose
457 278 608 313 ministrabantur
613 279 624 314 ¹.

176 371 191 407 ii
210 368 263 411 Quod
272 368 357 402 Basiliam
365 367 460 402 venientes
468 367 535 402 relictis
543 368 567 402 ibi
575 368 652 403 nauibus
662 367 785 412 processionis

332 420 440 453 ordinabant
448 419 527 454 Romam
534 420 635 455 tendentes.

157 477 216 528 Igitur
228 482 302 517 domino
312 482 427 527 gloriosaque
439 487 497 517 matre
508 482 548 517 eius
555 482 646 527 virginum
657 487 761 517 sanctarum
773 483 836 527 regina

134 547 206 571 necnon
225 541 244 570 et
262 535 331 580 angelis
350 547 382 571 eas
401 535 482 571 sanctis²
500 547 589 580 prospere
608 536 745 579 deducentibus,
764 536 836 571 denu0³

117 596 198 633 5contra
216 589 272 623 ictum
291 589 342 623 fluuii
361 595 379 623 et
398 600 472 623 cursum
492 590 565 623 liuentis
585 589 645 623 Reni⁴
661 589 763 631 tendentes,
778 589 836 625 tribus

135 643 200 678 diebus
212 648 230 677 et
242 642 318 677 dimidio
329 643 427 686 plusquam
439 647 479 676 octo
489 643 560 676 dierum
572 641 607 676 iter
615 642 742 685 expleuerunt,
751 642 836 677 Basiliam

135 697 224 731 adeuntes
236 695 333 729 ciuitatem.
357 695 397 737 Quo
409 705 451 728 cum
462 694 597 737 peruenissent,
609 695 632 728 ab
646 694 687 738 ipso
698 693 785 740 episeopo
799 695 836 739 [no-

136 750 186 784 mine
199 749 301 792 Pantulo]⁵,
313 748 383 784 ciuibus
397 753 415 783 et
427 747 528 792 magnatis⁰
539 747 639 783 honorifice
655 747 775 792 excipiuntur.
798 748 837 783 illle

136 813 193 838 naues
202 803 332 845 relinquentes
338 801 411 836 domino
419 811 488 844 sueque
496 800 549 834 matri
557 800 653 835 benedicte
661 811 681 835 se
687 801 837 836 commendantes

104 868 128 897 ιιο
137 858 160 892 ad
171 859 206 891 iter
220 866 241 890 se
255 861 354 899 preparant
367 855 501 889 desideratum:
521 854 569 887 acies
584 853 688 887 instruunt⁷
699 854 837 898 pulcherrimas,

137 908 266 951 processiones
273 909 357 940 ordinant
365 906 509 940 decentissimas.
529 906 600 939 Prefata
608 906 676 939 etenim
685 907 779 939 Eiizabeth
786 907 838 950 virgo

137 959 206 995 Christi
218 960 284 993 deuota
294 958 412 993 basiliensem
423 957 530 1002 episcopum
542 968 583 991 cum
595 958 622 992 eis
634 958 713 992 Romam
724 958 786 992 scribit
797 969 838 1002 pro·

137 1014 210 1053 sectum,
223 1017 277 1056 atque
290 1011 366 1046 martirii
379 1011 459 1055 palmam
471 1010 546 1044 Colonie
558 1020 595 1045 vna
610 1011 688 1046 cumeis
702 1016 839 1055 consequutum.

138 1066 233 1111 Siquidem
248 1076 286 1100 non
301 1066 429 1100 subuehuntur
443 1074 478 1098 nec
494 1064 588 1099 curribus⁸
599 1075 633 1098 nec
646 1065 745 1109 quadrigis,
757 1066 790 1099 sed
805 1076 839 1100 nec

111 1129 130 1160 15
138 1121 229 1154 mulorum
242 1119 284 1152 aut9
292 1129 381 1162 equorum
396 1118 501 1151 releuantur
508 1117 521 1136 ¹⁰
535 1116 641 1151 ministerio.
665 1118 763 1152 Hahebant
778 1123 839 1153 tamen

139 1171 221 1216 episcopi
231 1177 249 1204 et
259 1171 357 1214 principes,
366 1180 438 1203 necnon
446 1175 464 1203 et
469 1169 481 1188 ¹¹
489 1171 512 1203 de
520 1169 566 1213 ipsis
574 1170 663 1204 matronis
671 1175 689 1204 et
696 1170 797 1214 virginibus
805 1181 840 1215 que

138 1226 186 1260 inter
201 1234 233 1259 eas
248 1223 321 1259 fuerunt
337 1223 476 1258 excellentiores
491 1223 575 1266 quedam,
586 1223 644 1257 ferme
659 1224 682 1257 ad
698 1228 771 1258 centum
783 1234 840 1267 equos

140 1276 210 1322 [fortes]
217 1276 223 1295 ⁶
232 1282 250 1311 et
258 1276 317 1311 mulos
325 1274 414 1310 somarios
419 1275 438 1317 ¹²,
444 1274 475 1319 qui
483 1286 546 1309 eorum
554 1276 769 1320 apparatusdeferebant
777 1282 795 1311 et
803 1287 841 1312 sar·

140 1331 195 1365 cinas.
218 1330 274 1365 Porro
289 1330 361 1364 decenti
374 1328 438 1363 ordine
453 1339 496 1363 suas
508 1328 605 1363 instituunt
616 1328 665 1364 acies
676 1335 695 1364 et
707 1329 840 1373 processiones.

113 1396 132 1418 ιο
140 1385 181 1419 Vna
192 1383 225 1417 fuit
236 1383 318 1417 omnium
325 1382 411 1417 undecim
422 1382 492 1416 milium
500 1382 606 1426 [virginum]
615 1383 709 1427 processio
717 1396 721 1425 ς
733 1384 786 1418 beata
797 1394 841 1418 sane

140 1437 208 1471 Vrsula
215 1437 324 1479 quandoque
332 1435 351 1468 in
362 1435 427 1475 medio,
436 1436 545 1477 quandoque
553 1435 608 1469 etiarn
616 1436 635 1469 in
643 1436 702 1478 capite
710 1436 792 1469 omnium
800 1446 841 1469 cum

141 1488 234 1534 episcopis
249 1487 358 1532 quibusdam
373 1492 392 1521 et
407 1486 532 1521 sacerdotibus
546 1487 642 1531 precessit,
657 1499 699 1522 cum
717 1488 806 1522 matronis
824 1493 842 1522 et

141 1542 242 1588 virginibus
257 1541 328 1575 adhoc
344 1540 379 1575 sibi
393 1539 503 1584 assumptis3
523 1540 602 1574 habebat
616 1551 660 1575 vero
679 1551 741 1576 secum
760 1551 842 1577 sororem

141 1596 199 1640 patris
212 1595 254 1638 [sui]
267 1595 338 1628 beatam
348 1593 442 1635 Eulaliam,
453 1598 471 1627 et
484 1594 529 1628 duas
542 1593 605 1628 matris
617 1605 650 1629 sue
664 1605 736 1629 sorores
750 1600 842 1629 matronas

115 1660 134 1691 ²5
143 1650 230 1683 honestas
235 1654 253 1682 et
258 1647 410 1691 prudentissimas
417 1653 499 1680 sanctam
508 1646 596 1681 Eulaliam
604 1653 622 1681 et
627 1653 709 1682 sanctam
714 1648 727 1667 ¹³
735 1648 842 1691 Eugeniarn,

142 1712 178 1744 que
190 1700 303 1733 Alexandria
314 1699 412 1733 dicebatur.
435 1698 525 1732 Concordi
537 1709 616 1742 namque
624 1699 742 1743 processione
750 1699 786 1733 illis
793 1700 842 1734 inee-

142 1752 232 1794 dentibus,
238 1752 319 1795 nullalvt
327 1763 367 1786 mos
375 1750 410 1794 est)
417 1751 554 1785 iuuencuiarum
562 1763 582 1786 ac
589 1752 725 1797 virginum,'hac
733 1758 751 1787 et
756 1753 769 1772 ¹⁴
775 1753 815 1787 illac
823 1763 843 1787 se

142 1808 255 1850 abrumpens
261 1806 274 1825 ¹5
289 1805 408 1848 disiungebat.
431 1805 490 1839 Tanta
503 1806 582 1849 denique
597 1806 704 1850 angelorum
720 1817 740 1840 ac
752 1806 843 1850 virginum

142 1870 235 1895 sacrarum
244 1858 346 1903 frequentia
354 1860 377 1892 de
387 1858 431 1892 celis
442 1859 465 1892 ad
473 1869 536 1892 earum
542 1859 554 1878 ¹⁶
562 1860 662 1893 custodiam
670 1860 733 1893 aderat
744 1859 817 1901 directa,
824 1863 843 1892 vt

115 1927 135 1958 30
143 1923 206 1949 eorum
212 1913 224 1931 ¹⁷
233 1923 322 1957 personas
334 1912 380 1946 miro
388 1911 472 1946 viderent
479 1912 546 1956 ubique
557 1912 656 1956 splendore
666 1913 783 1956 refulgentes.
803 1912 843 1947 Non

142 1967 202 2001 solum
208 1966 268 1999 adulte
276 1971 294 1998 et
300 1964 379 1998 maiores
385 1963 456 1997 illorum
461 1964 473 1983 ¹⁷
480 1970 575 2009 aspectum
583 1964 695 2000 mirabantur
701 1970 719 1999 et
726 1965 843 2009 presentiam,

142 2029 207 2054 verum
218 2019 273 2052 etiam
284 2018 367 2063 paruule‚
374 2023 394 2052 vt
405 2018 528 2062 supradictum
540 2023 573 2060 est,
581 2018 600 2051 in
611 2028 675 2053 eorum
686 2018 751 2053 intuitu
759 2019 844 2053 iocunda-

143 2074 209 2109 bantur
220 2076 238 2107 et
250 2082 306 2116 super
317 2071 388 2106 illorum
400 2071 500 2115 splendore
513 2070 594 2105 iocantes
605 2071 726 2107 vehementer
736 2071 844 2116 gaudebant.

144 2127 222 2160 Summa
227 2135 306 2169 namque
313 2124 410 2168 disciplina
416 2124 521 2168 gradientes
528 2123 674 2167 incede[bant]¹⁸,
682 2124 818 2160 modestissime
826 2123 844 2158 in

118 2177 205 2224 35verbis
217 2183 234 2211 et
246 2178 327 2222 gestibus
340 2188 361 2211 se
374 2178 470 2211 habebant.
494 2177 551 2211 Porro
563 2176 646 2220 plerique
659 2177 747 2211 lectorum
759 2178 790 2221 qui
803 2186 844 2222 pas·

145 2231 202 2275 sionis
215 2231 314 2264 earundem
329 2230 420 2274 virginum
435 2230 538 2273 legerunt¹⁹
550 2230 649 2272 historiam,
665 2230 800 2265 arbitrabantur
814 2239 844 2265 eas

145 2285 226 2318 virorum
237 2293 300 2316 carere
309 2282 373 2316 solatio
381 2287 399 2315 et
407 2283 498 2323 comitatu,
506 2282 548 2325 quia
555 2281 580 2315 ibi
588 2282 637 2316 nulla
644 2282 665 2315 fit
672 2283 741 2317 mentio
751 2283 832 2317 virorum
840 2293 844 2314 ι

165 2396 322 2427 ¹B.ministrantur.
356 2396 496 2428 ²B.sanctiseas.
530 2396 565 2428 ³13.
573 2397 646 2435 denique.
680 2397 845 2428 'liuentisReniom

145 2438 188 2467 inB.
230 2437 263 2466 ⁵so
272 2437 291 2467 B.
331 2435 476 2474 “Bmagnatibus
516 2435 662 2468 ⁷E.instruuntur.
695 2438 845 2476 ⁸B.bigisnons.,

145 2476 291 2507 neccurribusom.
321 2475 356 2506 ΒΒ.
364 2480 385 2506 et.
420 2477 431 2494 ¹⁰
442 2476 459 2507 E.
468 2476 562 2514 reuelantur,
571 2477 588 2507 B.
596 2477 711 2508 releuabantur.
743 2478 754 2496 ¹¹
765 2477 819 2509 enain
827 2474 846 2505 B.

142 2519 156 2544 ,Η
168 2519 185 2547 E.
193 2517 284 2547 seruiarios.
333 2518 345 2533 ¹³
351 2517 375 2546 -Β,
382 2517 450 2546 beatam.
500 2517 510 2533 ¹*
522 2518 540 2548 Β,
548 2522 580 2547 aut.
626 2518 638 2535 ¹⁵
649 2518 667 2547 B.
674 2527 783 2556 prorumpens,
791 2527 809 2548 se
816 2524 845 2546 om·

146 2557 158 2576 ¹⁵
168 2559 186 2589 E.
194 2566 252 2587 eorum.
292 2555 304 2573 ¹⁷
316 2556 335 2586 B.
343 2556 409 2586 illarum.
450 2556 461 2573 ¹³
472 2556 490 2586 E.
498 2557 596 2586 incedentes.
637 2556 763 2593 relegebant,
817 2559 843 2580 ·'
