1762 2803
126 141 169 171 210
317 128 396 180 mona
412 126 527 188 tecente
543 124 635 187 unctio.

126 249 181 284 catuli
193 249 252 284 solent
266 249 344 284 dominis
358 249 468 283 exultabant.
493 248 528 282 Hic
541 248 591 282 febre
603 253 698 291 correptus
710 248 774 291 valida,
786 249 831 282 vidit

127 303 213 336 iuuenem
221 303 366 346 pulcherrimum
374 303 479 336 venientem
487 303 510 335 ad
521 313 541 336 se
549 307 567 336 et
575 301 676 335 dicentem:
690 301 741 335 ‘Non
749 306 767 334 te
776 302 831 335 modo

127 366 138 389 a
150 365 226 398 corpore
238 355 305 387 ducere
317 365 399 397 possum,
411 355 454 396 quia
467 355 579 388 orationibus
592 359 609 387 et
622 354 723 397 lachrymis
737 354 794 395 patris
804 354 830 387 tui

128 407 236 442 Columbani
247 407 345 450 impeditus
357 407 425 439 existo)
448 406 472 439 Et
483 408 571 440 accercito
580 406 699 446 Columbano,
708 415 749 438 cum
758 405 830 448 lachry-

109 460 163 493 5mis
176 459 210 493 ait:
228 458 275 492 ‘Cur
288 469 323 500 me,
335 460 398 502 inquit,
412 459 448 492 tuis
464 460 576 493 orationibus
591 460 609 492 in
623 460 656 492 hac
670 469 782 502 erumpnosa
794 459 831 493 vita

127 513 210 546 detines?
234 511 281 545 Nam
296 510 373 546 adsunt¹
387 511 418 555 qui
433 522 463 545 me
479 512 546 545 ducere
561 512 630 555 volunt,
643 512 659 545 si
674 512 709 545 tuis
725 511 798 545 iletibus
813 517 831 545 et

127 565 212 609 precibus
220 564 303 608 impediti
311 574 348 598 non
357 564 398 598 sint,
421 565 478 598 Solue
486 565 593 598 retentionis
601 565 699 607 obstacula,
704 570 723 598 vt
731 564 786 597 michi
794 565 830 598 iarn

127 621 201 662 pateant
209 617 283 650 celestia
291 619 358 661 regna!
381 617 433 651 Tunc
441 618 545 651 conuocatis
554 617 645 659 fratribus,
653 622 671 651 et
680 622 753 661 sumpto
760 617 830 660 viatico,

127 671 212 715 migrauit
222 671 245 704 ad
254 671 354 704 dominum.
377 670 413 703 Hic
423 671 473 704 enim
484 675 534 704 tante
545 670 690 704 mansuetudinis
701 669 733 703 tuit
742 675 762 704 vt
772 670 831 704 ferus-

100 735 119 756 10
128 724 168 756 cula
180 733 235 765 quam
247 723 335 765 squirium
347 730 418 764 vocant,
430 733 475 766 sepe
487 723 510 755 de
522 723 609 755 arborum
621 723 730 756 culminibus
743 723 831 756 accercita

128 786 220 818 manuque
232 780 319 819 percepta
332 786 402 819 suoque
413 775 460 810 collo
472 775 556 818 imposita
563 774 574 818 ²,
587 774 606 808 in
619 774 680 809 sinum
693 774 800 819 ingrediens
814 780 831 808 et

128 830 225 872 egrediens
239 838 284 872 sepe
295 829 396 863 videbatur.
441 820 571 861 Theodericus
586 838 619 860 rex
635 827 729 861 advirum
743 828 772 860 dei
786 838 832 870 sepe

128 883 191 917 venire
200 886 218 915 et
226 882 327 915 orationum
336 892 410 915 suarum
418 880 504 924 suffragia
513 880 562 914 omni
571 890 612 914 cum
621 879 723 913 humilitate
731 880 832 923 deposcere

130 936 205 969 solebat.
229 935 331 978 Sigibertus
347 935 425 969 etenim³
437 936 530 978 predictus
543 932 632 977 Hilperici
645 933 728 977 germani
742 932 770 967 sui
784 933 831 975 dolo,

102 994 120 1024 15
130 999 185 1032 quem
198 988 299 1030 Sigihertus
310 998 368 1031 vsque
382 989 404 1021 ad
416 988 552 1020 internitionem
563 986 714 1029 persequebatur,
726 986 831 1020 interfectus

130 1046 163 1075 est.
187 1040 285 1084 Perempto
291 1040 351 1084 itaque
360 1040 450 1083 Sigiberto
457 1039 590 1078 Childebertus,
596 1038 644 1072 filius
650 1037 695 1079 eius,
701 1040 752 1082 regni
760 1043 832 1083 sceptra

130 1093 217 1135 suscepit,
225 1099 317 1126 annuente
325 1098 383 1127 matre
391 1093 508 1126 Brunchilde.
531 1092 572 1133 Quo
580 1097 656 1133 mortuo,
665 1096 788 1134 regnauerunt
796 1092 832 1125 duo

130 1146 163 1180 filii
175 1145 208 1184 sui,
216 1145 357 1178 Theodebertus
367 1151 385 1177 et
393 1144 523 1183 Theodericus,
531 1154 573 1177 cum
583 1144 623 1176 auia
632 1144 753 1178 Brunchilde:
767 1145 832 1187 Regno

131 1197 282 1241 Burgundionum
287 1196 412 1230 Theodericus
420 1196 487 1239 potitus
495 1199 533 1237 est;
546 1205 623 1238 regnum
628 1195 767 1230 Austrasiorum
773 1196 832 1231 Theo-

102 1251 217 1283 aodebertus
226 1250 307 1292 suscepit
317 1251 423 1292 regendum.
445 1248 572 1282 Theodericus
579 1259 629 1289 vero,
637 1247 679 1291 quia
689 1246 736 1282 intra
744 1249 832 1283 terminos

130 1304 182 1347 regni
196 1301 223 1336 sui
235 1302 308 1336 beatum
320 1300 383 1336 habuit
395 1301 528 1336 Columbanum
540 1301 614 1345 gauisus
626 1304 659 1335 est.
682 1299 711 1334 Ad
723 1311 779 1344 quem
791 1312 832 1336 cum

130 1355 206 1397 veniret,
215 1355 262 1398 cepit
270 1356 298 1390 vir
306 1356 335 1390 dci
343 1366 385 1390 eum
393 1356 488 1400 increpare
497 1365 529 1389 cur
537 1353 679 1388 concubinarum
687 1354 780 1388 adulteriis
789 1355 833 1389 mis·

130 1414 208 1449 ceretur,
220 1413 238 1441 et
249 1418 286 1441 non
298 1409 358 1451 potius
370 1408 450 1450 legitimo
462 1408 553 1442 frueretur
565 1408 653 1450 coniugio,
662 1413 682 1440 vt
692 1408 759 1451 regalis
770 1409 833 1451 proies

131 1471 168 1494 non
182 1471 206 1493 ex
221 1460 309 1503 lupanari,
322 1462 355 1494 sed
368 1471 392 1493 ex
405 1460 468 1502 regina
481 1460 555 1502 prodire
568 1459 631 1502 possit,
655 1459 738 1502 Cumque
751 1470 785 1493 rex
798 1460 833 1493 sibi

104 1520 122 1550 ²5
131 1512 271 1556 obtemperare*
282 1512 311 1546 etfi
320 1512 406 1547 omnibus
415 1512 480 1546 illicitis
490 1522 512 1546 se
520 1511 629 1546 renunciare
638 1512 764 1556 responderet,
774 1512 833 1547 Brun-

132 1566 211 1600 childem
221 1565 281 1599 auiam
292 1576 344 1598 suam
355 1565 446 1609 [antiquus
458 1565 542 1608 anguisll
550 1565 603 1607 aditi,
614 1575 692 1608 eamque
703 1570 766 1599 contra
773 1565 833 1600 virum

133 1619 163 1652 dei
174 1617 283 1652 stimulatam
294 1618 366 1660 excitat,
374 1618 416 1661 quia
423 1618 462 1652 viro
472 1618 501 1651 dei
512 1618 647 1651 Theodericum
656 1618 730 1651 obedire
741 1618 816 1653 timebat
822 1619 832 1652 Β.

132 1671 235 1705 Verebatur
247 1670 296 1704 enim
308 1681 337 1713 ne,
349 1671 364 1704 si
378 1671 452 1705 abiectis
464 1670 569 1704 concubinis
583 1670 665 1714 reginam
677 1671 718 1704 aule
730 1672 833 1714 preficeret,

133 1723 225 1768 dignitatis
233 1728 287 1767 atque
295 1723 370 1757 honoris
378 1724 406 1758 sui
414 1725 488 1757 modum
497 1728 604 1767 amputaret.
635 1716 693 1757 Venit
701 1728 761 1757 autem
767 1724 796 1758 vir
803 1726 833 1759 dei

105 1785 125 1814 30
133 1776 163 1810 die
174 1777 252 1818 quadam
262 1777 285 1808 ad
296 1775 437 1817 Brunchildem3
449 1787 486 1819 que
496 1787 539 1809 eum
548 1776 620 1816 videns,
630 1776 677 1809 filios
688 1776 798 1810 Theoderici
810 1790 833 1811 ex

132 1828 234 1862 concubina
245 1827 316 1871 genitos
328 1828 351 1861 ad
362 1839 404 1861 eum
414 1828 505 1871 perduxit.
528 1829 579 1869 Quos
591 1838 632 1862 cum
641 1827 724 1870 vidisset,
732 1828 835 1864 sciscitatur

133 1881 176 1925 quid
188 1880 222 1915 sibi
233 1881 306 1916 vellent.
330 1881 363 1915 Cui
375 1881 405 1914 illa
417 1881 451 1916 ait:
464 1880 533 1925 ‘Regis
547 1886 589 1914 sunt
600 1881 644 1915 filii:
661 1885 680 1915 tu
692 1891 724 1915 eos
735 1886 766 1915 tua
778 1883 834 1917 bene-

132 1933 211 1969 dictione
226 1935 335 1968 corrobora!
358 1934 494 1978 ‘Nequaquam
510 1934 568 1978 inquit
583 1934 618 1976 ille,
634 1933 679 1968 istos
694 1935 744 1978 regia
759 1941 833 1980 sceptra

132 1992 251 2030 suscepturos
270 1986 322 2028 scias,
338 1987 418 2035 quiade
433 1987 552 2031 lupanaribus
569 1988 709 2031 processerunt.¹
733 1987 784 2022 Tunc
803 1989 834 2024 illa

105 2049 124 2080 35
133 2040 196 2074 furens
208 2040 294 2083 paruulos
306 2040 356 2075 abire
367 2040 421 2075 iubet.
445 2041 547 2085 Egrediens
559 2046 620 2075 autem
627 2040 656 2076 vir
665 2040 694 2075 dei
704 2041 747 2075 dum
757 2041 834 2077 limitem

133 2093 223 2133 transiret,
235 2093 296 2136 fragor
308 2099 382 2128 exortus
393 2099 450 2128 totam
461 2095 537 2128 domum
549 2094 639 2138 quatiens,
647 2094 732 2128 omnibus
744 2100 834 2130 terrorem

133 2145 215 2186 incussit,
223 2145 291 2180 misere
301 2151 362 2180 tamen
372 2146 440 2181 semine
450 2147 532 2181 sororem
542 2157 659 2191 compescere
667 2158 704 2181 non
712 2148 775 2190 potuit.
798 2149 835 2184 Per

133 2198 210 2233 nuncios
222 2198 283 2242 itaque
294 2198 372 2242 imperat
384 2204 403 2233 ut
416 2200 461 2233 nulli
473 2200 604 2234 monachorum
617 2205 669 2234 extra
681 2201 787 2234 monasterii
798 2207 835 2235 ter-

134 2252 195 2288 minos
206 2252 242 2285 iter
252 2252 347 2295 pandatur,
356 2263 416 2295 neque
428 2253 543 2296 receptacula
554 2252 649 2286 monachis
661 2252 706 2291 eius,
714 2252 744 2286 vel
755 2254 835 2295 quelibet

105 2317 125 2347 4⁰
135 2304 217 2339 subsidia
225 2303 330 2339 tribuantur.
354 2305 437 2340 Cernens
443 2305 471 2341 vir
477 2305 506 2340 dei
514 2305 595 2340 animum
601 2304 651 2350 regis
659 2310 722 2339 contra
730 2316 750 2340 se
758 2311 834 2352 motum,

134 2360 157 2392 ad
165 2358 227 2401 ipsum
237 2363 329 2402 properat,
337 2364 356 2392 vt
367 2358 405 2393 suis
416 2359 490 2393 monitis
502 2359 541 2393 eius
553 2358 683 2402 pertinaciam⁹
694 2358 770 2402 frangat.
794 2361 835 2403 Quo

134 2421 176 2446 cum
188 2410 224 2444 iam
239 2411 278 2445 sole
292 2413 411 2446 occumbente
419 2411 509 2457 uvenisset,
521 2412 561 2456 regi
576 2411 664 2445 nunciant
675 2410 735 2445 virum
749 2413 779 2447 dei
790 2413 836 2449 inibi

135 2474 176 2498 esse
183 2475 217 2498 nec
222 2463 241 2498 in
246 2464 307 2509 regias
312 2465 376 2499 domos
382 2465 468 2499 intrare1⁰
473 2466 525 2501 velle.
545 2466 550 2483 ⁴
556 2464 622 2499 Melius
629 2469 661 2506 est,
668 2464 726 2509 inquit
732 2476 770 2508 rex,
776 2466 835 2502 virum

155 2530 249 2562 ¹T.assunt.
266 2532 373 2570 ‘Einposita
391 2533 486 2564 ³E.etinim.
506 2533 677 2570 *vieobtemperaret
697 2534 835 2567 teiomnibuset.

134 2570 251 2602 ⁶0m.inT.E.
270 2570 305 2602 ἵΕ.
312 2572 354 2603 adiit.
375 2572 504 2604 lVit.cerneret¹
525 2573 670 2611 'spartianum
691 2573 702 2592 ¹⁰
709 2575 729 2604 al.
738 2575 798 2609 metari.
831 2581 834 2584 ’
