1762 2803
242 108 287 163 Bt
302 105 403 159 sancto
419 105 533 158 antiano.
711 120 737 164 15

38 239 76 267 tum
82 230 192 264 dimitterem
197 230 225 262 te?
240 228 264 262 Et
272 238 314 262 ecce
322 226 370 261 illico
377 227 480 261 columbam
488 226 637 260 candidissimam
645 226 664 259 in
670 226 739 260 vertice

38 284 100 318 tumbe
111 280 170 315 sancti
181 280 258 315 Adriani
270 280 371 323 conspexit,
383 290 419 323 que
430 279 531 313 clementer
542 278 635 313 submisso
647 278 711 322 capite,
722 284 740 313 et

38 334 126 380 expansis
133 334 172 375 alis,
180 333 253 368 veniam
262 344 296 378 pro
307 333 384 378 paruulo
392 332 491 376 implorare
498 331 600 367 videbatur.
628 332 739 366 Perterritus

38 401 81 432 ergo
96 389 159 422 doctor
175 397 234 431 puero
250 385 338 430 pepercit,
350 395 411 419 coram
428 390 492 419 sancto
505 395 526 419 se
539 384 621 428 proiecit,
635 389 653 418 et
665 384 738 418 veniam

38 453 71 477 sue
83 439 183 475 obstinacie
195 438 288 473 humiliter
298 437 408 482 implorauit.
435 437 523 472 Columba
534 446 579 471 vero
590 438 613 471 ad
626 447 699 471 summa
711 448 739 472 ec·
749 446 758 477 5

39 494 93 529 clesie
104 498 152 527 tecta
163 493 244 533 euolans,
252 492 275 526 ab
286 491 344 525 oculis
356 491 396 525 eius
404 491 498 535 disparuit.
538 483 587 525 ¹Vir
594 490 668 534 quidam
676 496 740 524 sancto

38 546 120 580 Adriano
127 545 181 579 valde
189 545 272 584 deuotus,
280 554 314 587 pro
322 543 361 577 suis
371 543 475 577 commissis
486 541 547 587 ipsum
557 542 607 587 apud
617 543 673 577 deum
683 542 740 577 inter·

38 608 131 634 cessorem
139 597 178 631 fore
186 596 252 641 iugiter
259 596 357 639 flagitabat.
376 596 459 640 Cumque
467 597 563 639 repentina
571 600 631 630 morte
639 600 740 639 preuentus

38 651 107 693 fuisset,
123 649 197 694 quidam
213 648 230 683 ei
245 648 352 683 familiarior
365 647 456 683 continuis
471 647 558 692 precibus
572 659 607 692 pro
623 647 685 683 anima
699 648 741 682 eius

38 703 132 738 dominum
147 712 225 736 exorare
239 712 276 735 non
292 702 380 736 cessabat.
408 700 441 736 Cui
456 702 531 736 demum
544 707 630 746 soporato
644 700 741 736 defunctus
750 709 769 732 1⁰

38 755 92 790 lineis
103 755 178 789 indutus
190 765 289 799 appareas,
302 753 353 789 dixit.
376 753 441 797 ‘Scito,
453 754 528 800 inquid,
540 756 588 800 quod
600 753 680 799 peccatis
693 754 740 789 meis

39 809 153 854 exigentibus
168 818 210 842 cum
222 810 321 842 demonum
332 809 409 842 traditus
420 818 480 842 essem
491 808 582 851 potestati,
590 812 677 852 tanquam
687 807 741 842 stella

39 862 127 897 matutina
138 861 211 895 radians
223 860 284 895 subito
295 861 369 895 aduenit
380 862 446 895 beatus
457 860 557 902 Adrianus,
568 862 668 895 aduncatus
681 871 740 902 meus,

39 925 80 949 cum
88 914 184 958 splendida
191 913 243 954 facie,
251 918 269 948 et
277 913 380 948 columbina
388 913 456 957 specie,
464 912 495 957 qui
505 913 575 948 cunctis
583 912 666 948 excussis
675 913 740 947 aduer-

39 968 91 1002 sariis
100 967 166 1010 eripuit
174 977 210 1009 me,
216 972 235 1000 et
242 971 285 1000 ante
293 966 371 1000 tribunal
380 966 438 1000 eterni
446 965 510 1001 iudicis
517 966 634 1000 tremendum
642 965 740 999 constituit.
750 974 768 1005 15

38 1020 80 1053 Vidi
95 1019 144 1053 enim
157 1019 228 1052 vultum
244 1018 313 1052 domini
328 1017 452 1062 [amabilem]³
464 1029 508 1061 erga
522 1029 552 1052 me
565 1018 666 1052 terribilem
680 1018 740 1060 valde,

39 1072 69 1117 qui
80 1077 144 1106 sancto
155 1071 238 1106 Adriano
249 1081 351 1106 conuersus
363 1071 399 1105 ait:
419 1070 451 1105 “O
462 1071 551 1111 Adriane,
563 1070 626 1115 inquit,
639 1070 687 1104 hunc
699 1082 740 1115 pre-

39 1125 158 1159 uaricatorem
167 1130 185 1158 et
192 1124 239 1158 meis
248 1124 340 1168 preceptis
349 1135 386 1158 non
395 1125 554 1169 obtemperantem
561 1134 618 1168 quare
626 1124 662 1158 huc
670 1125 740 1158 addux-

38 1177 91 1214 isti?¹'
100 1177 133 1213 Cui
141 1177 181 1213 ille:
193 1177 303 1212 “Odomine
311 1177 478 1213 clementissimeet
484 1177 588 1213 misericors
596 1184 665 1222 eterne,
672 1189 707 1223 pro
714 1178 740 1213 tui

38 1231 117 1266 nominis
129 1232 199 1266 honore
207 1231 243 1266 mei
252 1232 360 1266 memoriam
371 1242 446 1275 semper
457 1232 526 1272 habuit,
533 1237 552 1266 et
562 1233 611 1276 apud
622 1236 641 1266 te
652 1231 740 1266 interces-
750 1243 768 1265 ro

38 1295 98 1318 sorem
111 1290 129 1319 et
140 1290 263 1328 protectorem
274 1295 305 1318 me
316 1284 425 1319 constituit.’'
448 1284 489 1319 Hac
496 1285 579 1329 placatus
591 1284 676 1319 dominus
687 1284 741 1319 satis-

38 1337 121 1378 factione,
129 1337 179 1371 sensi
187 1338 253 1372 faciem
261 1338 330 1372 domini
337 1348 382 1381 erga
389 1348 419 1371 me
429 1338 469 1371 fore
479 1338 623 1378 serenissimam,
631 1342 650 1371 et
660 1348 671 1371 a
681 1337 740 1382 culpis

38 1390 84 1423 meis
92 1390 186 1424 absolutus
193 1390 212 1424 in
220 1389 302 1424 custodia
310 1389 393 1424 aduocati
400 1390 437 1425 mei
445 1390 522 1424 Adriani
530 1389 642 1432 me,tradidit
649 1389 740 1431 dominus,

38 1442 72 1476 sub
80 1442 132 1476 cuius
140 1441 253 1485 protectione
260 1442 303 1476 viuo
310 1441 387 1476 feliciter
395 1448 413 1476 et
421 1442 527 1477 eternaliter
535 1443 651 1486 conregnabo
655 1442 673 1477 ⁴.’

260 1542 275 1575 ‘il
286 1540 371 1574 Narratio
381 1540 517 1586 [adficafom'oP.

60 1605 120 1648 Clrca
128 1614 162 1648 hec
170 1618 253 1657 tempora
260 1612 293 1647 fuit
301 1613 320 1647 in
328 1613 404 1658 regione
413 1613 616 1649 Northanhumbrorum
624 1613 653 1649 vir
660 1614 740 1657 quidam,
749 1627 768 1657 ²5

38 1666 112 1701 nomine
126 1667 259 1709 Drithehnust,
270 1666 330 1710 primo
343 1665 402 1701 noctis
414 1662 498 1711 ternpore
513 1666 615 1710 defunctus,
628 1672 646 1701 et
662 1667 740 1701 diluculo

39 1719 156 1762 reuiuiscens,
170 1721 290 1754 obseruantes
303 1731 324 1754 se
336 1718 355 1754 in
367 1720 429 1763 fugam
441 1719 541 1762 conuertit3
560 1731 607 1754 vxor
618 1725 680 1755 tamen
694 1720 740 1762 eius,

38 1772 122 1815 quamuis
134 1773 189 1807 nimis
200 1772 271 1816 pauida,
279 1772 372 1807 remansit.
395 1772 429 1806 Cui
441 1772 482 1807 ille:
499 1772 551 1806 ‘Noli
559 1772 634 1807 timere:
647 1773 719 1807 surrexi
729 1784 741 1806 a

38 1830 96 1858 morte
109 1836 145 1868 qua
158 1826 239 1867 tenebar,
251 1830 269 1859 et
280 1825 391 1869 permissum
405 1830 434 1859 est
447 1824 503 1859 michi
514 1825 580 1860 itemm
593 1826 643 1870 apud
656 1825 741 1860 homines

38 1876 116 1920 viuere,
124 1878 157 1912 sed
168 1878 246 1912 multum
258 1878 311 1913 aliter
321 1878 420 1913 uiuendum
432 1883 460 1913 est
471 1877 526 1913 michi
538 1878 604 1913 amodo
615 1889 671 1923 quam
678 1879 740 1923 prius!
748 1892 769 1922 30

39 1929 61 1963 Et
69 1931 130 1964 statim
142 1942 220 1975 surgens
232 1932 255 1965 ad
267 1932 365 1966 ecclesiam
377 1931 426 1972 abiit,
434 1937 452 1965 et
462 1942 521 1975 vsque
532 1933 555 1966 ad
567 1932 616 1967 diem
628 1932 740 1967 irroratione

38 1983 144 2025 persistens,
153 1983 273 2017 substantiam
281 1994 334 2017 suam
342 1984 361 2017 in
369 1989 407 2017 tres
415 1989 477 2027 partes
486 1984 558 2019 diuisit:
570 1990 589 2018 et
596 1994 651 2019 unam
662 1984 740 2029 coniugi,

38 2035 113 2071 alteram
129 2036 171 2070 filiis
186 2036 266 2077 tradens,
279 2035 351 2071 tertiam
367 2036 479 2081 pauperibus
494 2038 556 2072 statim
570 2037 671 2078 distribuit;
688 2043 706 2071 et
720 2037 740 2072 in

38 2089 149 2123 monasterio
157 2089 238 2130 Mailros,
246 2090 294 2132 quod
306 2090 361 2123 modo
369 2089 445 2123 Meuros
453 2090 523 2132 dieitur,
531 2101 589 2134 vsque
600 2091 623 2123 ad
633 2095 711 2124 mortem
720 2089 739 2124 in

38 2139 116 2176 mirabili
127 2141 265 2176 conuersatione
277 2141 384 2185 permansit.
407 2142 498 2176 Narrabat
509 2148 570 2176 autem
582 2142 616 2176 hoc
627 2142 683 2176 modo
690 2144 739 2185 quod
747 2154 766 2184 35

37 2193 117 2229 viderat:
131 2195 219 2237 ‘Quidam
226 2195 297 2229 lucidus
305 2199 380 2238 aspectu
388 2199 406 2229 et
414 2195 474 2229 clarus
481 2200 533 2230 veste
542 2205 572 2229 me
582 2194 664 2229 ducebat.
687 2194 739 2229 Ince-

38 2247 127 2282 debamus
138 2248 187 2282 taciti
199 2252 262 2282 contra
269 2247 313 2282 solis
321 2253 381 2281 ortum
390 2248 512 2289 solstitialem,
519 2253 538 2281 et
544 2248 629 2282 venimus
641 2248 664 2281 ad
670 2247 739 2283 vallem

38 2299 152 2342 latissimam,
160 2301 292 2345 longissimam,
299 2305 318 2335 et
327 2299 496 2345 profundissimam,
505 2311 541 2344 que
552 2306 590 2335 erat
600 2311 611 2334 a
621 2301 663 2335 leua
670 2307 739 2336 nostra.

38 2352 61 2387 Et
73 2354 152 2389 habebat
162 2365 220 2389 vnum
231 2355 278 2389 latus
289 2353 369 2388 flammis
379 2353 493 2388 feruentibus
504 2353 581 2388 nimium
593 2353 679 2395 terribile,
691 2355 740 2389 aliud

57 2469 63 2489 ¹
73 2472 91 2502 T.
99 2484 120 2502 on
127 2473 155 2503 the
161 2474 233 2512 margin:
243 2474 288 2504 Beda
295 2474 315 2503 de
323 2473 373 2512 (Hist.
380 2472 430 2510 Eccl.)
437 2472 484 2509 Angl.
492 2472 507 2503 li.
514 2472 534 2508 V,
542 2481 575 2511 cap.
583 2482 606 2503 12.
637 2472 644 2490 ²
654 2473 672 2503 E.
680 2473 738 2510 inquid.

38 2508 44 2526 ³
54 2512 106 2542 added
112 2513 129 2542 in
135 2514 154 2543 T.
313 2512 319 2529 ¹
329 2513 364 2541 The
370 2512 452 2548 Antiphon
460 2513 475 2541 in
483 2512 518 2542 tls.
525 2512 559 2542 Tib.
567 2512 643 2543 hasbeen
650 2513 740 2551 destroyed.

38 2547 44 2565 ³
54 2552 105 2583 added
112 2553 129 2582 in
136 2553 153 2583 T.
254 2552 260 2570 ⁰
270 2552 287 2583 T.
295 2561 325 2582 om.
332 2551 396 2582 nomine
403 2551 499 2583 drithelmus.
