1762 2803
192 113 238 170 bc
252 112 352 167 &anuo
368 112 489 169 bahane
505 112 623 175 mitono.
715 127 759 174 257

56 236 149 280 quondam
164 235 261 272 Wilfridus
276 235 332 271 nobili
347 239 451 271 constructo
468 235 581 271 monasterio
595 234 662 271 meruit
677 235 758 280 sepeliri.

57 288 117 323 Locus
129 295 191 325 tamen
202 290 233 325 ille
244 301 255 324 a
267 290 351 325 barbaris
362 290 406 324 olim
417 299 485 335 magna
496 300 520 324 ex
531 296 584 334 parte
595 290 672 332 dirutus,
679 289 759 324 latibulis

56 348 99 376 tunc
110 343 190 379 ferarum
202 344 235 379 fuit
246 345 396 389 accom[m]odus.
420 344 458 378 Illic
470 344 519 379 enim
527 343 605 389 peruigil
616 344 636 379 in
646 343 759 379 orationibus

56 401 111 430 noctu
129 398 237 442 persistens,
252 398 315 432 diuina
329 397 441 433 reuelatione
461 396 523 432 didicit
539 396 581 442 ipso
595 396 635 432 loco
653 402 758 432 sanctorum

56 460 133 492 corpora
147 450 219 485 condita
232 461 286 493 esse;
298 461 334 494 que
345 450 459 494 inuestigans
472 461 514 485 cum
528 450 633 485 nominibus
644 451 777 495 singulorum5

56 503 177 545 proculdubio
191 503 288 537 inueniret.
311 504 366 538 Facto
381 509 442 537 autem
457 514 513 538 mane
528 514 570 538 cum
585 508 654 537 terram
669 503 759 544 foderent,

57 561 162 591 sanctorum
177 566 254 600 corpora
265 567 307 591 cum
319 556 380 591 tabula
393 556 427 591 hec
441 556 546 591 continente
558 562 632 600 reperta
644 562 698 591 sunt:
710 555 758 590 ‘Hic

56 608 154 652 requiescit
173 615 247 645 sanctus
265 610 364 645 Wilfridus
382 609 459 645 antistes
481 609 604 652 eboracensis,
623 615 641 645 et
659 609 758 645 reuerendi

56 661 132 697 abbates
143 662 242 707 Tilbertus,
254 663 354 705 Botwinus,
361 663 455 706 Albertus,
466 662 561 708 sigredus,
573 668 627 708 atque
639 661 759 698 Wildenus¹.’

57 715 153 760 Reliquias
164 722 225 752 autem
236 723 320 762 repertas
329 716 403 751 interim
414 716 454 751 loco
462 722 505 760 apto
516 716 614 751 collocauit
638 716 758 751 Postmodum
768 723 788 745 10

56 778 101 802 vero
109 779 175 812 corpus
183 770 241 804 saneti
248 769 328 804 Wilfridi
336 770 355 803 in
363 769 430 804 feretro
441 770 528 803 decenter
535 774 596 813 aptato
604 780 646 803 cum
654 769 759 803 reuerentia

57 821 142 863 condidit,
159 827 222 866 utpote
237 833 292 866 quem
307 832 374 865 magno
389 821 476 856 Wilt'rido
494 821 542 856 illius
561 821 595 856 loci
610 822 701 856 fundatori
716 832 758 855 con-

57 873 178 917 sanguinitate
190 875 271 909 iunctum
283 880 365 909 nouerat.
388 875 460 919 Corpus
473 886 554 919 namque
567 875 642 909 maioris
653 875 734 908 Wilfridi
747 884 759 907 a

57 933 120 962 sancto
134 927 199 963 Odone
214 927 337 963 cantuariensi
351 927 489 973 archiepiscopo
504 929 573 963 dudum
586 927 684 963 Cantuarie
698 933 759 962 trans·

56 981 113 1015 latum
129 981 192 1017 fuerat.
216 982 288 1017 Locatis
300 981 362 1027 itaque
375 981 393 1016 in
407 981 475 1017 feretro
488 981 575 1026 reliquiis,
587 981 702 1026 Wigorniam
716 989 787 1021 cum15

57 1044 124 1076 magno
137 1035 207 1068 honore
220 1035 327 1069 transmisit.
370 1028 406 1068 Vir
417 1035 492 1078 quidam
505 1039 572 1078 potens
583 1035 643 1068 valida
655 1034 706 1068 febre
718 1044 759 1068 eor-

57 1091 127 1131 reptus,
142 1097 176 1132 per
194 1087 281 1122 nuncium
299 1087 338 1123 viro
357 1086 387 1122 dei
405 1097 426 1123 se
445 1085 533 1122 infirmari
551 1085 656 1122 insinuauit.
683 1086 709 1122 At
727 1086 759 1122 ille

57 1140 170 1175 benedicens
184 1152 252 1186 panem
267 1141 320 1186 eique
335 1141 469 1184 transmittens,
480 1146 500 1174 vt
512 1151 554 1174 cum
567 1141 604 1174 fide
617 1140 701 1175 sanitatis
714 1151 758 1175 con-

57 1195 153 1237 sequende
165 1196 270 1229 comederet
282 1195 339 1229 iussit.
363 1195 416 1237 Quod
428 1205 470 1228 cum
483 1194 563 1235 fecisset,
575 1194 656 1238 perfecte
669 1194 723 1229 saluti
737 1205 758 1229 se

57 1247 161 1282 restitutum
180 1248 243 1283 sensit.
293 1240 369 1284 Sedens
386 1252 446 1282 autem
465 1247 488 1282 ad
507 1257 592 1282 mensam
611 1246 721 1293 episcopus²
739 1253 758 1282 et
768 1254 788 1277 20

57 1310 126 1343 panem
140 1301 253 1336 benedicens
267 1307 285 1335 et
298 1301 436 1335 considentibus
451 1300 568 1343 distribuens,
579 1299 627 1335 forte
640 1300 698 1335 micas
710 1300 758 1336 deci·

57 1354 123 1386 dentes
134 1364 190 1387 sorex
203 1355 338 1397 superueniens
349 1353 403 1387 auido
416 1363 479 1387 morsu
493 1352 578 1397 colligere
592 1354 652 1397 cepit:
666 1359 684 1387 et
697 1354 759 1387 statim

58 1405 157 1440 suffocatus
175 1406 235 1452 periit,
250 1412 269 1441 et
283 1407 332 1452 quod
349 1406 368 1441 in
385 1417 417 1441 ore
432 1410 535 1449 vorauerat,
550 1405 654 1441 nullatenus
672 1416 760 1442 enomere

57 1459 124 1503 quibat.
147 1460 171 1493 Et
182 1470 207 1493 ne
220 1470 253 1494 sue
265 1459 314 1494 laudi
326 1459 387 1504 quiuis
400 1460 435 1493 hoc
447 1458 551 1500 ascriberet,
563 1458 668 1493 exanimem
681 1459 758 1494 bestiam

58 1522 69 1545 a
87 1517 186 1558 conspectu
204 1512 314 1548 intuentium
333 1511 386 1547 abiici
404 1511 434 1548 vir
452 1517 527 1547 sanctus
544 1511 602 1548 iussit.
652 1504 759 1548 Monachus
769 1518 788 1549 ²⁵

58 1564 133 1609 quidam
148 1571 190 1609 post
205 1566 297 1609 balneum,
312 1566 331 1600 in
347 1566 387 1600 loco
401 1565 433 1601 vbi
448 1564 547 1610 episcopus
562 1565 676 1609 frequentius
693 1566 760 1600 sedere

58 1624 179 1652 consueuerat
198 1628 297 1663 sompnum
316 1628 382 1662 capere
401 1618 454 1661 cepit.
477 1618 501 1651 Et
518 1627 561 1651 ecce
577 1622 637 1651 astant
653 1617 679 1652 illi
696 1618 760 1661 plures

58 1669 134 1714 spiritus
149 1670 248 1705 teterrimi:
263 1676 281 1705 et
294 1670 317 1705 ab
330 1682 352 1705 eo
365 1669 447 1704 districta
459 1669 594 1705 examinatione
606 1670 715 1714 perquirunt
727 1681 761 1704 cur

58 1722 77 1755 in
92 1723 133 1757 loco
147 1724 193 1757 tanti
207 1723 301 1767 pontificis
313 1723 410 1767 quiescere
425 1734 463 1757 non
477 1722 562 1757 timeret:
578 1722 639 1767 ipsum
654 1723 760 1765 inuadunt³‚

58 1781 149 1820 torquent,
162 1776 236 1818 laniant,
250 1777 284 1811 hac
299 1781 317 1810 et
332 1776 373 1811 illae
388 1776 468 1819 trahunt,
481 1776 504 1810 ab
519 1775 556 1810 imo
571 1787 645 1811 sursum
660 1776 759 1821 rapientes,
769 1782 790 1813 30

58 1830 82 1864 de
93 1840 167 1865 sursum
177 1831 201 1865 ad
211 1831 249 1865 ima
259 1830 377 1873 deiicientes3
389 1830 464 1864 horrido
475 1830 550 1864 tandem
561 1830 641 1865 clamore
651 1829 759 1872 vociferans,

59 1882 102 1927 quid
118 1883 153 1918 sibi
168 1883 268 1928 contigerat
281 1883 366 1918 omnibus
378 1883 440 1927 palam
453 1882 551 1918 enarrauit.
596 1875 681 1927 Singulis
694 1882 760 1917 diebus

58 1939 121 1975 preter
134 1934 179 1968 alios
191 1944 237 1976 quos
250 1933 331 1976 quotidie
344 1934 452 1966 innumeros
467 1933 532 1973 alebat,
544 1932 641 1966 duodecim
656 1943 759 1977 pauperum

58 1987 117 2030 pedes
132 1987 211 2028 abluere,
226 1986 349 2021 deosculando
364 1985 416 2020 crine
433 1985 482 2029 [ac]⁴
497 1985 566 2020 lintheo
581 1990 659 2030 tergere,
675 1986 760 2021 manibus

59 2050 125 2084 aquam
136 2040 219 2082 fundere,
229 2039 315 2074 denarios
326 2039 410 2084 prebere,
420 2038 481 2073 cibum
493 2043 511 2073 et
522 2043 587 2082 potum
599 2038 683 2083 apposita
695 2049 761 2074 mensa
769 2046 788 2078 35

59 2092 170 2135 ministrare,
183 2093 202 2127 in
217 2093 286 2137 pascha
298 2092 380 2127 vestibus
395 2091 449 2125 nouis
464 2090 538 2126 indutos
553 2101 588 2136 per
602 2092 671 2136 aliquot
686 2092 726 2126 dies
741 2092 760 2126 in

59 2146 109 2180 curia
123 2157 157 2180 sua
170 2158 233 2181 secum
244 2146 312 2181 habere
324 2145 424 2181 consueuit.
447 2144 502 2179 Nulla
513 2155 556 2180 eum
567 2144 664 2180 infirmitas
678 2145 761 2189 corporis

59 2200 82 2232 ab
97 2199 138 2233 istis
152 2199 262 2240 retardabat,
275 2199 308 2234 sed
324 2209 360 2243 quo
375 2208 396 2232 se
411 2207 488 2241 corpore
503 2196 593 2232 sentiebat
610 2197 722 2239 debiliorem,
738 2208 761 2232 eo

59 2250 94 2285 sibi
105 2252 128 2286 ad
140 2252 259 2286 seruiendum
271 2251 298 2286 eis
309 2251 346 2285 vim
356 2250 464 2285 validiorem
475 2248 558 2294 ingessit.
581 2249 616 2284 Die
627 2250 707 2295 quadam
718 2262 760 2285 cum

59 2303 98 2338 suis
114 2307 212 2339 oratorium
227 2315 320 2349 egressus,
335 2310 353 2339 et
368 2304 402 2338 sub
417 2314 460 2338 aere
475 2309 532 2346 stans,
548 2304 597 2338 acies
610 2304 704 2338 oculorum
721 2304 761 2339 celo
769 2311 790 2341 40

59 2357 182 2392 intentissime
197 2357 242 2402 fixit,
258 2358 357 2399 Christum,
371 2358 393 2391 ad
408 2367 463 2400 quem
478 2356 568 2400 anelabat,
582 2357 613 2401 plo
628 2357 683 2392 corde
697 2362 715 2392 et
728 2368 760 2392 ore

59 2410 147 2445 intentius
160 2422 220 2446 orans.
244 2411 283 2446 Nec
297 2417 358 2446 erecta
371 2409 445 2452 lumina,
456 2415 476 2444 vt
487 2410 513 2453 fit,
525 2410 561 2445 cito
572 2410 653 2451 deflexit,
664 2411 697 2445 sed
708 2411 760 2454 quasi

59 2567 64 2585 ἱ
76 2528 88 2599 ὲ
95 2529 133 2600 Wth.
140 2529 240 2569 wildengus.
321 2529 327 2548 ¹
337 2530 355 2560 T.
362 2529 446 2567 episcopus
453 2529 473 2559 ad
480 2538 550 2560 mensam
639 2529 645 2546 ³
656 2530 674 2561 E.
681 2530 762 2560 inundent.

91 2593 94 2599 .
102 2580 110 2600 e
119 2594 123 2601 .

81 2636 122 2661 VOL·
130 2637 149 2662 11.
404 2636 414 2661 S
