1762 2803
233 89 279 145 be
294 87 393 141 &annu
409 87 554 150 aunuatim.
717 100 744 146 77

42 210 89 245 Tam
97 209 146 245 enim
154 209 225 246 infinita
234 211 321 246 charitate
329 211 378 246 idem
386 211 416 246 dei
424 211 473 245 iilius
480 209 565 245 homines
573 208 636 244 dilexit
644 218 690 253 quos
699 208 746 250 lecit,

41 269 61 297 vt
69 275 106 297 non
115 265 174 298 solum
183 266 238 299 homo
245 264 293 299 inter
299 264 383 298 homines
390 264 436 304 fieri,
441 275 506 299 verum
515 263 570 298 etiarn
578 268 662 304 mortem,
667 267 746 296 mortem

42 321 104 351 autem
115 316 178 358 crucis,
186 329 220 362 pro
229 317 333 352 hominibus
343 317 381 362 pati
391 318 503 361 dignaretur.
526 316 558 351 Sic
569 316 618 350 enirn
628 315 695 361 placuit
707 314 746 350 eius

42 370 129 404 ineffabili
141 372 242 411 clementie,
250 376 269 405 vt
281 371 379 415 dyabolum
391 370 522 414 captiuatorem
534 375 624 411 nostrum,
634 380 671 402 non
683 368 702 402 in
713 378 747 402 sue

43 423 142 457 diuinitatis
154 424 253 467 maiestate,
261 425 295 459 sed
305 423 324 458 in
335 429 399 458 nostre
409 423 470 458 carnis
480 423 585 457 infirmitate
593 422 675 461 elideret,
684 427 702 456 et
712 430 764 460 nos5

43 476 123 510 debitam
134 477 215 519 predam,
223 488 257 521 per
267 476 367 512 indebitam
378 476 437 511 crucis
447 486 539 521 penam‚a
549 475 631 510 faucibus
642 473 747 519 impiissimi

1 550 3 553 -
43 529 116 571 tyranni
123 536 200 562 erueret.
220 530 276 563 Cuius
282 530 375 563 incarnata
381 529 467 563 diuinitas
475 527 679 563 innumerisvirtutibus
685 527 747 568 claret,

43 580 93 614 omni
105 581 197 616 debilitate
209 587 275 624 curata,
286 582 335 616 omni
344 582 411 616 virtute
422 587 503 625 patrata:
518 581 563 622 celo,
573 580 670 621 sideribus,
681 585 730 614 terra
735 579 746 621 ¹,

43 633 95 675 mari,
103 633 176 668 inferno
183 646 204 668 se
212 634 294 669 omnium
300 636 355 669 deum
361 635 441 669 ostendit
448 640 466 668 et
474 635 575 669 dominum.
590 634 662 667 Ventos
669 639 687 666 et
695 644 746 666 mare

43 686 121 730 imperio
129 688 205 729 sedauit,
213 688 279 722 lluctus
286 688 342 722 maris
350 689 402 732 quasi
412 688 491 721 solidum
499 687 591 721 marmorl
598 686 679 721 calcauit.
697 686 747 719 Tan·
756 696 775 718 10

45 739 88 773 dem
99 739 145 773 mori
157 745 176 774 vt
186 741 241 774 homo
252 751 285 784 pro
297 740 402 775 hominibus
413 740 503 784 dignatus,
515 740 534 773 in
544 739 604 774 triduo
612 750 623 773 a
631 744 689 773 morte
701 737 747 773 sicut

44 793 91 825 deus
101 792 186 833 surrexit,
194 798 212 826 et
222 792 286 834 solem,
294 792 325 836 qui
335 793 355 826 in
365 793 394 826 sui
405 792 504 826 conditoris
515 802 561 825 nece
573 791 702 825 obtenebratus
714 796 748 833 est,

45 855 78 878 suo
90 845 190 888 splendore
201 845 268 879 clarius
279 845 380 878 illustrauit.
403 845 494 884 Surrexit,
502 844 582 887 inquam,
593 848 613 879 tt
624 854 659 877 nos
670 843 748 877 resusci-

45 901 101 931 taret:
118 897 199 931 ascendit
211 898 234 931 ad
246 897 300 939 celos,
311 902 330 931 vt
342 908 376 931 nos
387 896 429 931 illuc
441 896 576 940 triumphantes
587 901 679 941 aggreget.
702 895 748 930 lnde

44 949 100 984 iudex
106 950 188 984 omnium
196 950 299 985 seculorum
306 950 396 991 veniet,vt
404 951 500 985 credentes
508 950 527 983 in
535 960 593 994 regno
600 960 639 990 suo,
644 949 749 993 dampnatis
758 960 776 989 ¹5

45 1002 150 1045 incredulis,
161 1008 250 1046 perpetuo
262 1003 342 1037 collocet.
365 1003 393 1037 Ne
405 1008 471 1043 autern,
482 1002 646 1047 precellentissime
657 1007 749 1047 regnator,

46 1055 193 1100 superstitionis³
200 1067 235 1090 nos
244 1056 318 1097 iudices,
326 1058 375 1101 quod
383 1067 394 1090 a
402 1057 462 1090 Roma
470 1056 488 1090 in
496 1061 538 1090 tuos
545 1056 594 1090 fines
601 1062 632 1090 tue
639 1061 749 1100 tuorumque

46 1109 109 1143 salutis
117 1108 174 1153 gratia
182 1109 305 1144 laborauimus
313 1110 406 1150 deuenire,
415 1114 432 1143 et
442 1108 510 1152 ignotis
520 1108 605 1152 gentibus
617 1108 669 1152 quasi
678 1108 749 1152 ingrata

46 1161 136 1196 beneficia
147 1162 257 1206 subrogare;
269 1162 349 1203 noueris,
359 1161 447 1206 piissime,
457 1172 524 1205 magne
535 1161 628 1196 charitatis
640 1161 749 1196 necessitate

45 1220 122 1258 vrgente
129 1215 148 1249 id
156 1226 191 1249 nos
201 1214 308 1249 intendisse.
332 1215 464 1248 Desideramus
473 1214 528 1255 enim,
536 1224 592 1258 super
599 1225 674 1249 omnem
685 1213 749 1249 mundi
758 1225 777 1247 ro

46 1267 146 1311 appetitum
161 1273 179 1301 et
192 1267 274 1311 gloriam,
288 1267 432 1311 quamplurimos
445 1268 464 1301 in
478 1278 535 1310 regno
548 1267 578 1301 dei
592 1267 650 1301 nostri
663 1267 749 1301 concines

46 1319 125 1361 habere,
138 1325 155 1354 et
162 1320 193 1364 qui
201 1320 219 1354 in
228 1325 332 1354 sanctorum
340 1320 447 1365 angelorum
455 1319 566 1353 consortium
574 1320 646 1365 possint
654 1321 744 1365 proficere

46 1384 70 1407 ne
84 1379 166 1416 pereant,
176 1373 220 1407 totis
231 1373 302 1407 nisibus
313 1378 405 1407 certamus
416 1373 528 1417 prospicere.
550 1372 605 1407 Hanc
617 1372 685 1417 quippe
697 1373 750 1408 beni-

47 1426 146 1459 uolentiam
154 1425 222 1459 Christi
231 1426 289 1459 nostri
298 1426 406 1469 benignitas,
415 1426 438 1459 de
446 1425 562 1460 inestimabili
570 1425 667 1460 dulcedine
674 1426 750 1470 spiritus

47 1478 81 1519 sui,
94 1478 179 1512 omnibus
194 1489 227 1513 sue
239 1478 321 1513 veritatis
336 1478 447 1524 preconibus
458 1479 526 1523 vbique
538 1478 622 1520 infundit,
636 1485 655 1513 vt
670 1479 750 1524 propriis
759 1491 777 1522 ²5

47 1532 187 1566 necessitatibus
198 1531 305 1575 postpositis
318 1532 336 1565 in
348 1532 430 1565 omniurn
442 1531 524 1576 gentium
536 1532 613 1566 salutern
625 1533 751 1570 exardescant,

48 1589 66 1617 et
81 1583 171 1626 quaslibet
186 1583 270 1618 nationes
281 1590 301 1618 vt
316 1590 408 1627 parentes,
420 1589 439 1617 vt
452 1584 505 1623 filios,
518 1589 537 1617 vt
550 1584 616 1617 fratres
630 1589 649 1617 et
663 1590 751 1627 cognatos

48 1635 132 1676 habeant,
143 1640 161 1670 et
173 1646 237 1670 omnes
248 1647 285 1670 vna
296 1636 326 1670 dei
338 1635 434 1670 dilectione
445 1636 541 1681 amplexos
552 1638 575 1671 ad
586 1637 658 1671 infinita
669 1637 751 1672 omnium

48 1689 156 1732 gaudiorum
164 1699 184 1721 ac
193 1689 341 1733 solempnitatum
349 1689 411 1723 secula
419 1690 526 1732 pertrahere
533 1694 621 1734 satagant.
640 1690 695 1724 Tales
703 1690 752 1735 regis

49 1741 107 1775 nostri
114 1740 202 1785 signiferi,
210 1751 252 1775 cum
261 1741 363 1777 innumeris
372 1742 464 1776 miraculis
473 1742 515 1776 sacti
523 1748 585 1784 testes,
593 1754 627 1788 per
634 1744 709 1787 gladios,
718 1754 752 1788 per
760 1756 780 1787 30

48 1794 107 1838 ignes,
115 1805 149 1838 per
156 1794 229 1835 bestias,
238 1804 272 1837 per
280 1795 341 1828 omnia
348 1800 480 1829 tormentorum
488 1800 507 1828 et
514 1795 578 1829 mortis
586 1806 655 1839 genera
662 1798 752 1831 mundum

49 1846 135 1881 saluatori
146 1857 179 1880 suo
187 1846 307 1881 inuictissime
315 1847 441 1882 subdiderunt.
464 1847 503 1881 lam
511 1847 554 1882 olim
563 1847 628 1889 Roma,
636 1848 672 1883 iarn
681 1849 751 1889 Grecia,

49 1899 86 1933 iam
93 1910 147 1943 reges
157 1904 175 1932 et
183 1899 278 1943 principes
288 1905 342 1942 terre,
351 1900 387 1934 iam
398 1900 458 1934 insule
467 1900 554 1944 gentium,
562 1901 675 1944 propheticis
685 1901 751 1936 inuita·

49 1951 130 1986 tionibus
141 1956 222 1991 attracte,
234 1951 326 1995 cumipse
337 1953 382 1986 orbe
392 1958 483 1987 terrarum
493 1953 574 1997 gaudent
583 1964 647 1998 regum
656 1953 751 1989 dominum

50 2006 126 2039 adorare
136 2010 154 2039 et
163 2004 189 2038 illi
200 2004 219 2038 in
229 2011 338 2048 perpetuum
351 2006 426 2046 seruire,
437 2017 471 2050 per
482 2016 537 2049 quem
548 2011 567 2040 et
577 2017 618 2040 cunr
626 2018 662 2050 quo
671 2007 751 2049 perhen-
760 2019 778 2051 35

50 2057 98 2092 niter
103 2057 176 2092 valeant
183 2068 266 2101 regnare.
281 2057 321 2091 Tali
330 2057 385 2091 etiam
393 2057 457 2092 affatu⁴
463 2058 563 2093 hodiernus
570 2065 623 2103 pater
628 2060 683 2094 totius
689 2060 751 2094 Chris-

50 2110 137 2145 tianitatis
149 2110 253 2154 Gregorius,
264 2115 345 2144 vestram
358 2110 479 2145 saluationem
492 2111 620 2146 ardentissime
635 2111 704 2154 sitiens,
717 2124 752 2148 nec

50 2175 141 2207 penarum
152 2175 186 2197 nec
198 2162 262 2197 mortis
273 2163 338 2197 timore
349 2163 478 2206 prohiberetur
489 2166 512 2199 ad
523 2175 556 2199 vos
567 2165 636 2206 venire,
647 2166 664 2199 si
676 2172 752 2209 posset;

51 2216 96 2251 sed⁶
104 2227 142 2250 non
150 2221 211 2261 potest
218 2221 244 2250 tot
255 2215 393 2250 commissarum
404 2216 506 2251 animarum
516 2227 578 2251 curam
589 2217 679 2253 deserere.
703 2218 752 2261 Qua-

51 2274 128 2313 propter
138 2280 173 2302 nos
184 2269 204 2302 in
215 2279 248 2302 sua
257 2267 296 2303 vice
308 2267 362 2309 misit,
369 2273 389 2302 vt
397 2269 446 2303 viam
458 2275 521 2304 eterne
532 2269 578 2304 lucis
589 2275 607 2304 et
618 2270 691 2305 ianuam
699 2273 753 2307 vobis
760 2286 781 2318 4⁰

51 2323 154 2367 pandamus
161 2322 215 2367 regni
222 2321 300 2357 celestis.
323 2321 376 2364 Quod
384 2321 400 2355 si
408 2322 518 2367 contemptis
525 2322 579 2357 idolis
587 2324 711 2360 demoniacis⁶
719 2338 754 2371 per

52 2376 146 2410 Christum
158 2375 226 2410 intrare
238 2386 274 2410 non
286 2374 367 2415 renuitis,
380 2375 482 2409 certissima
494 2376 531 2410 fide
542 2387 617 2421 semper
630 2380 753 2422 regnabitis⁷.¹

52 2429 142 2472 Cumque,
150 2430 184 2463 hec
196 2434 214 2462 et
225 2429 253 2463 his
262 2428 327 2463 similia
334 2427 438 2471 Augustino
446 2428 554 2470 disserente,
562 2429 602 2464 eius
610 2430 691 2473 comites,
700 2439 753 2477 prout

72 2498 77 2516 ¹
88 2498 106 2527 E.
114 2502 160 2536 terre,
168 2498 187 2526 T.
194 2501 240 2527 terra.
287 2497 293 2515 ²
303 2497 326 2527 So
332 2496 350 2526 T.
357 2507 361 2531 ;
372 2496 389 2525 Ε.
397 2497 498 2532 marinorum,
505 2497 525 2527 al.
532 2506 609 2536 campum.
656 2500 662 2518 ³
672 2501 693 2531 al,
700 2511 754 2540 super.

51 2536 127 2568 stitiosos.
167 2536 273 2569 ⁴aLaffectu.
313 2536 403 2574 'alquod
443 2537 477 2567 ⁶T.
485 2537 577 2568 demonicis.
617 2538 750 2578 'Rregnabilis
