1762 2803
234 128 280 184 Q&
295 126 396 181 &antid
411 127 573 181 fflmtfttflb·
709 143 754 187 419

54 262 126 299 quoque
134 257 172 286 tam
179 250 198 284 in
205 248 260 284 sontis
268 248 378 292 scaturigine
386 259 441 293 quam
452 249 471 283 in
481 249 521 283 riuo
530 248 580 282 illius
589 258 622 283 seu
632 248 651 283 iu
659 249 755 284 amborum

54 304 136 350 margine
149 301 238 348 sanguine
249 302 289 336 eius
300 302 396 347 conspersi
402 301 415 345 ¹,
425 312 484 347 vsque
495 300 550 337 hodie
561 303 657 346 pristinam
669 312 756 347 consper-

54 358 137 396 sionem²
144 357 235 392 retinent:
246 365 289 390 nam
298 360 342 390 sunt
350 353 402 400 quasi
413 354 508 400 congelato
516 366 581 390 cruore
591 354 667 400 perfusi,
674 366 708 391 nec
720 357 756 391 situ

54 410 144 456 temporis
152 421 187 444 nec
195 408 270 444 assidua
277 408 415 453 preterfluentis
422 420 469 452 aque
477 409 569 443 alluuione
577 409 650 443 detersi.
673 409 756 444 Muscida

54 475 98 500 vero
109 474 145 508 que
157 462 228 504 eisdem
242 461 333 506 lapidibus
349 462 431 503 adheret,
442 462 494 505 quasi
506 461 549 496 thus
561 462 636 496 redolet.
660 461 774 503 Prouincie5

54 518 102 551 illius
113 515 148 550 viri
159 515 190 559 qui
203 515 258 548 deum
270 514 352 548 nondum
364 519 493 558 cognouerant,
504 513 581 557 virginis
592 514 757 555 resuscitationem,

55 568 109 604 fontis
117 567 251 603 emanationem
263 571 282 601 et
292 571 387 611 petrarum
397 566 658 611 conspersionem²videntes,
666 568 689 602 ad
697 567 756 612 pedes

55 623 103 659 beati
115 620 185 656 Bennoi
196 619 292 666 prouoluti,
300 619 392 665 baptisma
403 625 530 665 susceperunt.
574 613 635 666 Virgo
646 626 708 656 autem
720 622 756 656 deo

55 674 171 719 decoranti
186 674 245 710 sancti
259 674 338 719 pedibus
353 673 452 717 adherens
467 674 584 710 sermonibus
596 674 645 710 illins
658 675 756 710 deuotione

56 730 119 764 sedula
132 728 244 769 intendebat,
255 732 274 761 et
285 728 308 760 ab
319 726 360 770 ipso
371 728 446 760 tandem
460 737 532 760 sacrum
544 727 627 761 velamen
638 727 712 762 humilis
725 737 785 762 all-10

55 780 95 816 oilla
103 778 171 814 Christi
179 778 265 824 suscepit.
309 771 346 813 Vir
353 778 382 813 dei
391 779 483 821 Beunous,
488 784 561 825 arrepta
568 790 624 815 manu
629 779 705 824 virginis
712 781 757 815 dex-

56 842 100 875 tera,
107 833 157 867 illam
167 833 190 867 ad
198 833 267 867 sontem
275 832 332 875 duxit,
340 837 358 866 et
370 842 427 877 super
438 832 518 877 lapidem
525 843 588 875 vnum,
596 832 627 877 qui
634 832 690 878 ‘lapis
698 832 757 868 sancti

56 887 136 922 Beunoi’
148 885 219 930 dicitur,
230 891 318 927 statuens,
329 885 386 921 dixit:
403 885 477 929 ‘Vides
490 885 554 930 inquit,
567 885 626 921 adhuc
639 886 668 921 hic
680 887 757 931 vestigia

55 940 147 986 passionis
158 945 200 975 tue:
213 950 256 974 ecce
265 939 337 984 lapides
348 938 378 974 isti
387 944 419 974 tuo
429 939 518 983 sanguine
528 940 624 984 conspersi
629 938 641 982 ¹,
649 944 667 974 te
677 940 757 983 prodeo

56 1003 130 1037 passam
137 993 291 1033 demonstrantes,
298 991 429 1036 sanguinisque
436 992 462 1025 tui
470 991 633 1035 conspersionem'
638 992 657 1026 in
665 992 757 1036 lapidibus
767 1003 785 1034 ¹5

56 1045 106 1079 adeo
114 1044 255 1090 preseruatam⁸.
275 1045 328 1080 Nunc
336 1044 395 1089 igitur,
401 1044 438 1079 tilia
445 1054 487 1079 mea
493 1043 604 1088 dulcissima,
611 1054 621 1079 a
629 1044 664 1081 deo
672 1044 706 1081 hec
715 1045 757 1090 [tria

56 1099 107 1143 tibi]⁴
114 1104 198 1143 errogata
206 1109 301 1143 cognosce,
309 1109 345 1143 que
356 1103 375 1132 et
385 1098 445 1133 laudis
456 1102 487 1132 tue
497 1098 569 1132 titulum
577 1098 700 1142 celebrabunt,
708 1105 727 1136 et
737 1100 756 1135 in

56 1157 170 1197 posterorum
178 1152 271 1187 mentibus
282 1152 384 1187 deuotionis
393 1157 424 1186 tue
436 1162 517 1186 amorem
529 1152 651 1186 cumulabunt.
673 1152 756 1188 Primum

57 1205 130 1250 quidem
138 1211 171 1247 est,
179 1206 229 1249 quod
237 1205 308 1249 lapides
315 1204 346 1239 isti
354 1215 419 1239 cruore
428 1210 459 1239 tuo
469 1205 540 1248 aspersi
550 1204 599 1239 nulla
610 1210 696 1248 poterunt
705 1205 757 1240 ablu-

56 1258 105 1292 tione
112 1268 146 1301 per
151 1258 213 1292 secula
220 1257 290 1301 detergi
296 1268 330 1291 nec
336 1256 411 1291 assiduo
415 1256 468 1291 istius
473 1267 520 1301 aque
525 1257 594 1300 impetu
600 1257 692 1298 ablui,sed
697 1259 720 1291 ad
726 1263 757 1292 tue
767 1271 786 1292 no

57 1310 148 1354 passionis
154 1310 279 1345 ostensionem
286 1320 361 1354 semper
366 1309 454 1343 cruentati
460 1310 600 1354 permanebunt.
612 1309 718 1346 Secundum
723 1317 757 1353 est,

57 1364 105 1408 quod
111 1363 216 1409 quicunque
223 1364 283 1409 aliqua
288 1363 386 1398 infortunia
392 1374 459 1408 passus
465 1369 483 1397 te
489 1363 593 1407 requisierit
599 1368 617 1398 et
624 1374 635 1398 a
641 1374 675 1398 sua
680 1375 758 1410 oppres-

58 1416 109 1451 sione
114 1422 132 1451 et
137 1417 255 1451 inualitudine
261 1427 282 1452 se
287 1416 361 1452 liberari
366 1416 444 1461 petierit,
450 1415 515 1460 prima,
520 1416 606 1458 secunda,
611 1422 642 1450 aut
647 1417 700 1451 tertia
708 1423 758 1452 certe

57 1469 102 1511 vice,
110 1471 159 1514 quod
166 1470 285 1514 postulauerit
296 1480 317 1504 se
325 1468 435 1514 impetrasse
442 1468 539 1513 gaudebit;
552 1468 648 1511 sinautem,
656 1469 758 1505 certissime

58 1524 102 1557 sciat
110 1533 131 1557 se
138 1524 231 1567 presentis
238 1523 275 1556 vite
282 1522 323 1556 luce
330 1522 350 1556 in
358 1521 442 1566 proximo
450 1521 548 1556 cariturum
560 1526 614 1566 atque
622 1532 656 1567 per
663 1528 682 1557 te
690 1522 758 1568 aliquid
767 1535 775 1556 2
778 1535 787 1565 5

58 1574 91 1608 sibi
97 1576 155 1609 maius
160 1575 179 1609 in
185 1575 246 1609 tuturo
251 1579 412 1619 consequuturum.
423 1574 506 1609 Tertium
512 1579 551 1608 est:
561 1580 644 1609 comate
650 1574 759 1619 discessero,

57 1627 294 1672 superlittusmarislocum
300 1626 506 1672 admanendumlargiri
512 1626 556 1661 mihi
562 1627 758 1672 dignabiturdcus,tuis

58 1681 258 1725 [tamen]⁴muneribus
264 1692 295 1716 me
300 1681 350 1715 omni
355 1692 403 1716 anno
408 1680 525 1715 inuisendum
530 1681 613 1725 precepit
618 1681 727 1717 altissimus:
736 1683 759 1717 ad

58 1739 164 1775 presentem
172 1735 241 1767 fontem
248 1744 290 1767 eum
298 1744 375 1767 munere
382 1738 414 1767 tuo
421 1733 522 1775 festinabis,
527 1737 545 1767 ct
555 1733 640 1777 quicquid
648 1732 691 1768 illud
699 1733 759 1775 suerit,

58 1785 91 1819 deo
99 1786 151 1830 prius
162 1785 281 1821 commissum
292 1785 312 1820 in
323 1786 373 1821 sonte
384 1786 498 1820 confidenter
509 1785 604 1829 depones:
615 1785 686 1821 videbis
698 1787 759 1821 statim
768 1800 788 1829 3⁰

58 1838 162 1882 depositum
175 1845 227 1874 tuum
242 1850 253 1872 a
264 1839 314 1873 sonte
326 1849 360 1883 per
371 1838 431 1872 riuum
444 1837 509 1871 deduci
521 1842 539 1871 et
550 1837 620 1883 impetu
631 1838 759 1874 decurrentisl

58 1901 105 1935 aque
115 1903 174 1937 vsque
185 1893 209 1927 ad
222 1902 273 1927 mare
287 1892 356 1934 traiici3
372 1891 465 1936 man'sque
480 1891 571 1925 elemento
583 1892 613 1926 dei
626 1891 714 1927 voluntati
726 1894 759 1927 ob-

58 1948 172 1990 temperante
183 1951 239 1990 atque
249 1945 371 1980 ministerium
379 1945 474 1989 prebente,
482 1945 530 1989 quod
539 1949 557 1978 tu
565 1944 584 1979 in
592 1944 642 1979 fonte
650 1945 759 1989 deposueris

58 1998 80 2031 ad
88 2000 124 2033 mei
132 1999 224 2044 hospitioli
232 2000 305 2033 ianuam
313 1998 443 2033 transferetur?
466 1997 508 2032 Hiis
516 1997 574 2041 dictis,
582 1998 605 2032 ad
613 1998 709 2034 ecclesiam
717 2009 758 2034 earn

59 2051 154 2094 reducens,
166 2053 202 2087 ait:
218 2052 269 2095 ‘Ego
284 2062 333 2085 nunc
348 2050 390 2085 hinc
405 2051 456 2093 abeo,
469 2051 503 2084 deo
518 2050 563 2084 alias
578 2062 612 2095 pro
627 2052 702 2086 modulo
717 2062 759 2086 meo
768 2065 787 2095 35

59 2102 184 2148 famulaturus,
198 2105 262 2148 tuique
277 2105 393 2138 deuotionem
408 2104 452 2137 dum
466 2102 532 2137 vixero
547 2114 588 2138 cum
603 2103 652 2139 dulci
670 2106 760 2139 memoria

59 2154 162 2192 habiturus.¹
185 2157 209 2192 Et
221 2157 255 2192 hec
269 2158 338 2198 dicens,
348 2160 443 2200 assumpto
454 2155 570 2190 solummodo
581 2156 646 2191 baculo
659 2168 693 2192 suo
708 2156 760 2192 abire

59 2209 111 2253 cepit,
123 2220 198 2245 omnem
213 2212 279 2245 domus
293 2220 327 2245 sue
341 2209 474 2253 supellectilem
489 2214 508 2243 et
523 2208 608 2254 quicquid
625 2221 660 2255 per
677 2211 759 2246 fidelium

59 2268 124 2296 manus
136 2264 182 2297 deus
193 2263 227 2298 sibi
239 2264 344 2305 donauerat,
352 2268 410 2297 totum
421 2263 475 2297 beate
482 2261 547 2305 virgini
558 2265 633 2306 eiusque
644 2264 760 2298 consortibus

60 2312 194 2359 derelinquens.
245 2309 306 2350 Beata
320 2320 382 2350 autem
396 2313 510 2349 Wenesreda
524 2314 613 2349 nobilium
631 2316 678 2349 filias
696 2326 759 2351 secum
768 2325 789 2356 40

60 2375 178 2412 congregans,
190 2369 267 2404 docebat
282 2379 314 2403 eas
329 2369 430 2403 castitatem
445 2379 507 2402 amare
522 2373 576 2413 atque
591 2369 659 2413 spretis
674 2371 760 2404 omnibus

60 2420 123 2455 mundi
134 2421 256 2457 blandientisl
263 2422 354 2457 illecebris
362 2422 398 2457 leui
406 2422 448 2467 iugo
456 2421 524 2457 Christi
532 2421 578 2457 colla
585 2422 693 2458 submittere
701 2427 720 2458 et
726 2432 761 2467 per

79 2546 84 2564 ¹
94 2548 112 2578 T.
121 2551 207 2589 consparsi.
262 2550 268 2568 ²
279 2551 296 2581 T.
303 2551 436 2589 consparsionem.
492 2550 498 2569 ³
509 2551 529 2583 nl.
537 2552 658 2582 demonstrant.
666 2575 670 2582 .
678 2555 759 2581 ,seruant

59 2583 64 2600 ⁴
75 2595 106 2618 ⁰¹11·
165 2590 172 2607 ⁵
182 2591 313 2621 succurrentes.
373 2591 380 2607 ⁰
390 2591 408 2621 E.
416 2590 502 2620 blanditiis

387 2648 435 2672 ΕΗ
