1762 2803
129 94 174 146 464
321 90 400 143 tutta
416 87 532 151 torenna
547 87 640 151 unalia.

130 211 204 245 dicensr
224 211 298 255 ‘Vsque
316 221 365 244 nunc
384 210 534 244 existimabamus
552 211 607 245 deum
626 221 668 245 esse
684 221 774 253 veracem,
791 209 833 254 quia

131 272 186 296 omne
196 262 281 297 delictum
291 262 339 306 quod
350 273 387 296 non
397 268 486 306 purgatur
495 268 634 307 superterram,
644 264 667 297 de
676 263 715 297 celo
726 274 768 297 esse
775 262 833 297 vindi-

132 316 211 351 candum
219 315 308 359 promisit,
321 315 376 350 Ysaia
387 315 478 360 propheta
489 317 591 350 clamante:
604 316 673 358 “Quod
684 316 700 350 si
709 315 804 350 volueritis
816 322 834 349 et

131 368 225 403 audieritis
237 379 272 411 me,
284 369 331 402 bona
342 373 392 403 terre
404 368 509 403 comedetis.
532 369 586 412 Quod
598 369 614 403 si
625 368 726 410 nolueritis,
738 374 755 403 et
767 380 797 402 me
810 371 834 403 ad

114 421 244 457 siracundiam
252 421 708 465 prouocaueritis,gladiusmeus¹deuorabitvos.’'
732 421 834 455 Hichomo
873 447 875 451 .

132 484 169 506 non
176 473 261 517 purgauit
271 474 337 508 delicta
348 474 410 508 suain
421 479 475 515 terra,
484 484 518 509 nec
529 474 627 508 vindictam
637 474 667 508 hic
678 473 752 518 recipit:
765 472 795 507 vbi
806 478 834 507 est

132 536 176 570 ergo
195 525 265 561 iusticia
284 526 336 561 deii‘
366 525 450 570 Angelus
469 525 527 561 dixitz
547 526 617 562 ‘Nolite
636 527 770 571 blasphemare,
790 528 834 561 dum

132 579 207 613 nescitis
222 580 292 614 occulta
305 580 423 624 deiiudicia.¹
447 580 470 614 Et
484 580 528 614 ille:
541 581 601 622 ‘Quid
616 579 662 614 erit‘
675 581 705 614 hic
722 580 834 614 occultumi’

131 632 216 676 Angelus
231 632 266 667 ait:
286 633 388 675 ‘Quamdiu
407 638 491 677 speratur
509 632 616 677 penitentia,
632 633 728 667 comitatur
741 632 835 667 hominem

105 697 124 721 ιο
132 685 194 719 diuina
209 685 344 720 misericordia?
368 686 392 720 Et
407 687 450 721 ille:
468 686 516 720 ‘Sed
533 686 594 721 nullus
614 691 676 721 tamen
692 686 722 721 hic
739 687 790 720 locus
807 692 835 720 est

132 738 244 783 penitentie!
266 740 351 783 Angelus
366 739 422 774 dixit:
436 739 591 774 ‘Profunditatem
605 740 728 774 misteriorum
741 739 770 773 dei
783 739 835 782 igno-

133 792 187 826 ratis:
201 791 286 827 Fortasse
295 792 363 827 etenim
371 792 400 827 hic
408 793 452 827 erit.¹
476 793 499 826 Et
507 794 584 828 demon:
595 793 726 827 ‘Discedamus
734 803 783 836 ergo,
791 793 836 826 dum

133 845 225 880 iudicandi
234 845 279 879 ratio
290 857 328 880 non
338 847 376 880 est'
400 847 423 880 Et
433 846 567 889 superueniens
578 846 625 879 alius
637 847 704 879 demon
717 845 773 878 dixit:
786 846 836 878 ‘Ad-

133 898 169 931 huc
182 902 238 931 restat
251 898 277 931 illi
290 903 368 941 angusta
379 904 432 942 porta
443 909 477 942 per
488 909 543 942 quam
554 909 591 931 non
603 897 639 932 nisi
650 897 703 942 pauci
715 898 793 931 intrant:
811 896 835 931 ibi

76 960 77 963 ¹
107 950 185 988 15illum
203 961 292 995 superare
310 962 419 995 possumus:
439 951 525 995 “Diliges
548 951 653 995 proximum
676 955 728 985 tuum
752 950 799 985 sicut
818 956 836 984 te

133 1004 221 1048 ipsum.”'
245 1004 268 1038 Et
287 1005 375 1048 angelus:
388 1004 432 1039 ‘Vir
446 1005 481 1039 iste
498 1005 517 1038 in
533 1005 627 1048 proximos
644 1015 687 1038 suos
704 1010 791 1049 operatus
808 1009 836 1039 est

133 1057 192 1092 bona)
216 1057 239 1091 Et
253 1058 294 1092 ille:
308 1058 360 1092 ‘Non
374 1058 441 1093 sufficit
455 1060 502 1092 bona
518 1058 595 1101 operari,
611 1057 646 1091 nisi
661 1056 717 1092 etiam
731 1057 836 1101 proximum

134 1120 188 1145 suum
204 1111 251 1144 sicut
269 1110 391 1154 semetipsum
407 1110 502 1144 dilexerit!
525 1111 610 1155 Angelus
625 1109 661 1144 ait:
676 1110 764 1144 ‘Fructus
780 1109 836 1144 dilec-

133 1163 188 1198 tionis
196 1169 224 1197 est
232 1164 280 1197 bona
287 1163 359 1207 operari
372 1175 376 1198 2
384 1164 427 1208 quia
435 1165 481 1198 deus
489 1164 561 1198 reddit‘
568 1163 666 1207 unicuique
672 1165 774 1198 secundum
780 1173 837 1207 opera

107 1231 126 1252 ao
134 1217 178 1251 sua!
201 1215 224 1250 Et
234 1217 312 1251 demon:
325 1217 373 1251 ‘Sed
382 1217 424 1261 quia
431 1217 508 1259 verbum
519 1217 548 1251 dei
559 1218 582 1251 de
592 1216 689 1250 dilectione
700 1227 737 1250 non
747 1215 836 1260 impleuit,

134 1270 263 1311 dampnandus
274 1269 313 1302 erit.
337 1269 358 1303 Si
368 1269 419 1303 enim
428 1272 474 1303 deus
484 1270 558 1313 iniquus
569 1279 605 1303 non
617 1273 649 1307 est,
661 1274 679 1302 et
689 1268 705 1302 si
715 1268 837 1308 mendacium,

134 1328 152 1355 et
160 1321 211 1356 verbi
219 1320 267 1355 illius
274 1321 397 1364 transgressio
407 1321 439 1365 [ei]
448 1321 537 1365 displicet,
544 1321 573 1355 vir
580 1321 616 1355 iste
624 1330 713 1364 penarum
721 1331 790 1363 expers
799 1332 836 1353 non

134 1374 173 1409 erit.
197 1373 283 1408 Promisit
301 1374 351 1408 enim
369 1373 431 1407 seculo
449 1373 587 1415 abrenunciare,
602 1378 620 1407 et
636 1372 738 1406 econtrario
755 1373 837 1407 seculum

134 1425 203 1468 dilexit,
215 1431 280 1460 contra
295 1426 373 1470 apostoli
383 1433 492 1471 preceptum
504 1417 594 1461 dicentis:
607 1425 683 1460 “Nolite
694 1425 771 1470 diligere
784 1436 837 1460 mun·

108 1487 126 1518 25
135 1481 179 1514 dum
190 1490 251 1523 neque
264 1490 286 1514 ea
298 1491 334 1524 que
345 1480 365 1513 in
378 1481 446 1514 mundo
459 1482 528 1514 sunt.”'
552 1480 575 1514 Et
590 1480 679 1523 angelus:
693 1480 744 1513 ‘Non
757 1479 791 1514 sibi
803 1479 837 1514 soli

135 1545 157 1567 ea
168 1543 204 1577 que
216 1538 258 1566 sunt
270 1533 332 1574 seculi,
344 1533 377 1566 sed
388 1533 473 1566 omuibus
484 1532 609 1576 indigentibus
621 1532 752 1577 dispensanda,
763 1531 836 1567 dilexit.5

136 1586 209 1620 Demon
217 1585 251 1620 ait:
264 1586 394 1630 ‘Quocumque
404 1587 458 1619 modo
466 1586 556 1630 diligatur,
564 1591 627 1620 contra
638 1590 746 1629 preceptum
755 1585 838 1619 diuinum

135 1644 168 1679 est,
183 1644 201 1672 et
214 1643 276 1672 contra
288 1638 408 1683 sponsionem
419 1638 556 1673 christianitatis
568 1638 588 1673 in
600 1638 702 1682 baptismo.5
726 1638 791 1673 Victus
806 1640 838 1673 ad-

135 1691 234 1731 uersarius,
247 1692 270 1724 ad
284 1691 358 1724 callidas
374 1691 485 1724 conuertitur
498 1690 630 1733 accusationes,
644 1690 720 1725 dicens:
734 1692 838 1735 ‘Scriptum

108 1753 128 1780 30
136 1749 174 1778 est:
187 1743 243 1776 “Nisi
255 1742 395 1778 annunciaueris
406 1743 469 1786 iniquo
480 1743 594 1786 iniquitatem
606 1754 663 1783 suam,
675 1744 785 1786 sanguinem
798 1743 838 1777 eius

136 1798 159 1831 de
174 1805 230 1831 manu
243 1799 273 1829 tua
286 1794 394 1839 requiram.'‘
418 1795 453 1830 Hic
467 1807 504 1830 non
517 1794 635 1830 annunciauit
647 1794 703 1839 digne
719 1796 838 1840 peccantibus

135 1847 265 1893 penitentiam?
294 1848 318 1883 Et
330 1849 418 1892 augelus:
435 1849 523 1892 ‘Quando
535 1849 628 1884 auditores
639 1848 743 1893 despiciunt
753 1850 838 1890 verbum,

135 1903 197 1947 lingua
209 1902 288 1936 doctoris
300 1902 349 1946 loqui
360 1902 468 1946 prepeditus·
481 1903 525 1936 dum
538 1902 589 1936 videt
601 1902 649 1945 quod
663 1901 725 1936 audita
738 1903 838 1946 predicatio

136 1954 256 2000 despiciatur.¹
279 1954 303 1988 Et
316 1954 358 1989 ille:
371 1954 415 1989 ‘llle
425 1960 487 1989 tamen
499 1966 557 1999 vsque
570 1956 593 1990 ad
607 1954 713 1999 passionem
727 1955 838 1990 annunciare

108 2020 127 2049 35
137 2008 204 2049 debuit,
217 2019 251 2042 nec
266 2008 375 2051 consentire,
387 2018 421 2042 nec
437 2008 508 2042 tacere!
531 2008 615 2043 Tandem
631 2007 707 2042 deuictis
722 2008 838 2048 aduersariis,

136 2062 227 2095 immensa
246 2059 327 2093 claritate
345 2060 374 2094 vir
392 2065 466 2093 sanctus
485 2060 625 2102 circumfusus‘,
644 2060 746 2104 respiciens
765 2071 839 2096 sursum

136 2115 181 2149 vidit
193 2114 267 2157 agmina
280 2112 387 2156 angelorum
399 2118 417 2147 et
429 2119 534 2147 sanctorum
546 2112 641 2156 immensa,
653 2113 735 2148 claritate
746 2113 839 2158 fulgentia,

138 2167 169 2211 qui
185 2166 299 2206 adnotantes,
312 2166 365 2208 quasi
378 2166 412 2198 alis
428 2166 567 2198 choruscatione
582 2166 650 2199 eximia
663 2167 791 2200 circumfusis'
805 2167 839 2200 cir-

137 2219 244 2254 cumdantes
260 2228 307 2260 eum,
323 2228 398 2251 omnem
412 2216 529 2252 formidinem
544 2217 592 2261 ignis
608 2223 626 2252 et
642 2219 741 2252 demonum
759 2224 839 2252 terrores

108 2283 129 2314 40
137 2272 201 2317 procul
212 2271 315 2314 abigebant.
338 2270 362 2304 Et
372 2270 441 2304 audiuit
452 2270 504 2314 quasi
515 2276 592 2315 quatuor
603 2270 668 2305 choros
678 2271 786 2315 angelorum
797 2282 839 2307 can-

138 2326 214 2360 tantium
223 2331 277 2367 atque
285 2324 395 2358 dicentium:
406 2324 500 2357 “Sanctus
511 2323 513 2367 Ι
523 2329 597 2358 sanctus
607 2324 610 2367 l
620 2330 694 2359 sanctus
702 2324 787 2360 dominus
793 2326 840 2360 deus

138 2377 235 2413 Sabaoth?
258 2377 281 2411 Et
293 2376 318 2411 ait
330 2377 406 2421 angelus
418 2377 442 2410 ad
454 2387 509 2411 eum:
522 2376 567 2411 ‘Vbi
582 2388 674 2421 supernus
689 2384 791 2412 conuentus
807 2384 840 2418 est,

137 2432 181 2466 inde
192 2435 210 2466 et
222 2441 257 2465 nos
270 2432 343 2465 sumus!
366 2430 419 2465 Tunc
430 2440 484 2464 mens
496 2429 560 2463 Fursei
572 2441 645 2465 omnem
658 2431 740 2465 laborem
752 2443 773 2465 ac
784 2432 840 2465 tribu-

138 2484 224 2517 lationem
236 2483 352 2524 obliuiscens,
363 2483 454 2517 immensa
466 2482 523 2516 letitia
534 2482 619 2525 repletus,
632 2482 688 2517 dixit:
701 2483 799 2526 ‘Magnum
812 2487 840 2516 est

138 2546 207 2578 ¹ad0m.
228 2544 312 2577 ‘atenim
330 2545 363 2577 3ιιΙ.
372 2546 433 2577 reddet.
454 2545 485 2575 ‘E
493 2546 604 2577 circumfulsus.
624 2547 840 2586 ‘Rcircumsulsismlom
