1762 2803
112 125 167 170 '412
316 115 396 168 unua
411 112 528 176 termus
542 113 635 176 auctir.

124 232 208 278 Gregorii
227 231 297 268 diuiciis
310 243 422 277 comparare,
437 232 469 278 qui
484 233 542 278 magis
561 233 610 269 iliam
625 238 684 269 catam
699 237 756 277 tuam,
771 241 826 278 quam

124 286 188 331 habes,
199 286 265 322 cotidie
277 286 368 332 palpando
380 286 456 331 diligere
467 287 597 333 comprobaris,
608 297 663 333 quam
675 286 717 323 ille¹
729 291 788 323 tantas
799 285 827 321 di·

124 340 187 383 uictas,
199 351 245 385 quas
258 351 295 375 non
307 341 386 375 amando
399 346 427 375 set
439 342 591 386 contempnendo,
603 341 672 375 cunctis
683 340 780 375 liberaliter
792 339 827 375 lar-

124 393 191 438 giendo
203 393 310 438 dispergiti’
333 393 428 429 Solitarius
437 394 498 439 itaque
507 395 542 429 deo
552 394 622 439 gracias
632 404 694 439 agens,
702 395 767 439 rogare
778 392 827 438 cepit

108 458 116 489 5
125 452 144 481 ut
152 456 193 481 cum
202 456 224 480 eo
233 446 347 480 mansionem
356 448 465 492 quandoque
473 447 569 492 percipere
577 447 691 491 mereretur]

275 623 289 660 ti
302 622 332 657 Da
343 634 414 658 suncro
424 623 536 658 Wntsrnno
547 621 681 658 conressonul.

127 704 342 784 SAnctusWalstanus
347 707 382 741 deo
386 712 477 751 acceptus,
482 706 556 741 australi
561 706 580 740 in
586 711 638 752 parte
645 705 721 741 Maioris
728 704 828 750 Britannie,

180 758 200 792 in
210 759 254 793 villa
265 761 288 793 de
301 760 404 804 Bawburg³
415 761 509 802 oriundus,
519 770 544 794 ex
556 760 614 803 stirpe
626 759 681 803 regia,
694 764 747 803 patre
759 758 829 793 scilicet

126 811 231 857 Benedicto,
240 817 298 848 matre
306 824 350 848 vero
359 812 412 848 Blida
419 812 499 856 nomine,
507 813 609 859 preclaram
617 812 669 848 duxit
679 812 774 857 originem.
792 810 828 846 Hic

125 877 137 900 a
148 866 232 910 primeuo
243 867 296 901 etatis
310 877 344 901 sue
356 872 440 911 tempore
451 867 510 902 cultor
522 867 584 902 diuine
595 866 693 902 voluntatis
706 866 725 901 in
737 865 829 907 omnibus,

99 928 118 950 10
126 920 177 953 iuxta
194 920 262 953 mentis
278 930 311 954 sue
323 930 387 953 veram
402 920 523 953 intentionem
538 920 603 953 extitit.
631 919 731 953 Maioribus
743 920 797 952 etiam
811 923 829 952 et

126 971 227 1006 minoribus
234 977 321 1016 tanquam
332 973 390 1016 gratia
400 972 506 1007 humilitatis
516 972 614 1017 preditum,
622 972 673 1006 omni
684 972 731 1006 sastu
742 970 828 1016 superbie

125 1030 202 1067 remoto,
215 1026 249 1059 sub
267 1025 371 1059 columbina
388 1025 504 1069 simplicitate
517 1026 606 1059 humilem
621 1030 639 1059 et
656 1025 774 1059 fauorabilem
791 1030 829 1059 toto

126 1077 193 1112 mentis
208 1078 304 1112 conamine
316 1078 399 1122 seipsum
413 1079 515 1113 seeundum
527 1088 602 1113 omnem
614 1078 729 1113 honestatem
741 1077 829 1113 exhibuit.

126 1131 206 1166 Sanctus
217 1142 262 1165 vero
273 1131 383 1165 Walstanus
394 1131 448 1165 etatis
461 1142 495 1165 sue
508 1131 637 1166 duodecimum
648 1131 741 1175 attingens
753 1141 829 1172 annum,

100 1191 117 1221 15
126 1184 188 1217 diuina
199 1183 318 1226 inspiratione
329 1189 348 1217 et
361 1184 467 1227 euangelica
478 1184 566 1226 doctrina,
578 1184 597 1217 in
608 1193 645 1227 qua
656 1183 722 1217 dicitur
733 1184 780 1225 ‘Qui
791 1193 829 1217 non

126 1236 220 1272 renunciat
231 1236 316 1272 omnibus
328 1246 364 1280 que
377 1236 465 1280 possidet,
477 1247 514 1271 non
525 1241 586 1280 potest
597 1246 650 1272 meus
662 1246 705 1272 esse
716 1236 829 1280 discipulus:

126 1288 244 1334 spiritualiter
255 1288 341 1332 imbutus,
353 1294 428 1334 accepta
443 1288 516 1325 licentia
534 1289 617 1334 generali
633 1300 644 1325 a
662 1288 700 1325 suis
717 1289 829 1334 parentibus,

126 1348 191 1378 contra
207 1343 309 1377 eorundem
324 1343 437 1378 voluntatem
454 1342 505 1377 omni
525 1342 561 1377 iuri
579 1342 646 1388 regalis
662 1342 785 1378 successionis
802 1343 829 1377 in-

126 1402 222 1441 posterum
230 1396 265 1431 sibi
273 1396 423 1442 qualitercunque
431 1396 552 1441 competituro
561 1396 680 1432 renunciauit.
691 1396 714 1431 Et
724 1401 744 1431 vt
753 1395 830 1431 liberius

100 1461 120 1483 ao
127 1449 204 1483 orationi
209 1449 286 1492 aliisque
291 1450 437 1493 contemplatiuis
443 1450 513 1482 actibus
519 1449 631 1493 sinepompa
636 1449 714 1482 seculari
719 1449 831 1492 integraliter

127 1506 206 1544 vacaret,
214 1501 274 1535 locum
282 1501 356 1546 proprie
364 1501 439 1545 originis
447 1501 549 1545 dereliquit,
557 1506 576 1535 et
583 1506 645 1546 partes
653 1501 768 1546 aquilonares
777 1501 830 1536 citius

128 1566 165 1600 quo
172 1555 230 1599 potuit
237 1560 301 1600 petere
309 1566 346 1589 non
353 1555 437 1590 tardauit.
460 1555 539 1589 Sanctus
546 1566 591 1589 vero
598 1555 706 1589 Walstanus
716 1565 750 1600 pro
762 1555 830 1590 Christi

128 1607 203 1643 nomine
215 1609 297 1643 seruituti
311 1614 329 1643 et
341 1608 393 1652 quasi
406 1607 509 1643 obedientie
523 1608 640 1642 districtionis
653 1609 725 1643 cuidam
738 1608 798 1644 incole
810 1608 830 1643 in

108 1654 109 1657 Ἴ
128 1662 171 1695 villa
179 1662 202 1693 de
209 1661 314 1693 Tauerham
320 1661 332 1703 4,
340 1661 375 1693 sibi
382 1661 402 1693 in
409 1661 494 1693 omnibus
502 1660 645 1694 deseruiendum
653 1661 745 1694 humiliter
754 1672 775 1694 se
785 1661 831 1694 obli-

102 1726 119 1757 25
128 1714 182 1759 gauit.
198 1714 258 1748 Tanta
265 1714 320 1758 igitur
326 1714 359 1748 fuit
367 1713 429 1748 diuine
436 1713 507 1748 virtutis
515 1714 573 1758 gratia
580 1713 685 1758 inspiratus,
692 1718 711 1748 vt
717 1724 754 1748 non
760 1719 830 1749 tantum

128 1767 212 1802 victualia
219 1777 253 1801 sue
261 1767 389 1801 sustentationi
397 1767 478 1801 exhibita
485 1766 597 1811 pauperibus
603 1771 701 1811 errogaret,
706 1777 771 1801 verum
776 1767 831 1802 etiam

127 1821 237 1857 vestimenta
250 1832 284 1855 sua
299 1826 318 1855 et
335 1822 426 1856 sotulares
439 1822 530 1865 proprios,
541 1820 596 1855 nudis
612 1821 691 1865 pedibus
703 1820 785 1866 seipsum
798 1832 831 1857 ex·

128 1875 215 1918 ponendo
229 1874 307 1907 diuersis
319 1874 415 1917 angustiis,
426 1874 525 1917 egentibus
538 1878 557 1907 et
570 1873 661 1907 debilibus
672 1873 757 1917 personis
771 1874 831 1908 distri-

128 1928 197 1961 bueret.
223 1926 303 1970 Contigit
318 1931 385 1968 autem,
396 1936 437 1960 cum
449 1926 528 1971 quodam
540 1925 570 1960 die
580 1936 651 1970 pauper
660 1925 734 1970 quidam
746 1936 757 1960 a
768 1931 831 1961 sancto

101 1990 120 2020 30
128 1979 225 2015 Walstano
233 1979 354 2014 elemosinam
365 1984 442 2024 peteret,
449 1979 491 2023 ipso
501 1978 558 2014 nimia
567 1980 635 2024 pietate
645 1984 741 2022 commoto,
749 1979 832 2024 predicto

128 2032 205 2079 pauperi
213 2043 246 2067 sua
254 2032 372 2067 calciamenta
380 2032 462 2067 exhibuit
469 2046 474 2075 ς
485 2044 527 2067 cum
535 2033 570 2068 ista
577 2038 639 2068 tamen
647 2033 717 2067 adiecta
728 2032 832 2068 conditione

129 2087 167 2132 [ne]
183 2086 268 2131 cuiquam
283 2086 332 2121 illam
347 2087 438 2122 reuelaret
453 2086 575 2122 donationem.
608 2086 646 2121 Sed
665 2086 708 2131 quia
725 2087 832 2131 regulariter

129 2140 198 2174 dictum
207 2145 236 2173 est
246 2141 295 2183 quod
305 2140 356 2173 nulla
365 2140 417 2184 peior
426 2141 483 2184 pestis
491 2151 546 2183 quam
554 2139 648 2174 familiaris
655 2139 740 2183 iniquus:
753 2140 832 2184 contigit,

130 2203 172 2226 cum
184 2201 231 2225 vxor
245 2192 329 2225 malefica
342 2197 360 2225 et
372 2192 427 2226 nimis
441 2192 545 2236 perniciosa
558 2191 638 2225 hominis
651 2191 699 2226 illius
715 2193 743 2226 cui
758 2198 832 2228 sanctus

102 2257 121 2288 35
130 2244 239 2280 Walstanus
250 2244 350 2279 deseruiuit
360 2245 428 2279 seriem
438 2245 492 2280 huius
502 2244 604 2279 donationis
616 2244 749 2288 intellexissem
760 2246 836 2292 quesite

130 2302 190 2333 astute
205 2298 284 2341 quodam
299 2298 359 2332 colore
378 2308 445 2342 magne
463 2297 583 2341 necessitatis,
598 2298 700 2342 predictum
716 2298 832 2335 Walstanum

130 2350 267 2386 sanctissimum
282 2350 331 2384 hunc
346 2350 470 2385 consessorem
486 2350 526 2385 sine
541 2361 592 2385 mora
605 2351 628 2384 ad
641 2351 705 2396 spinas
720 2363 741 2387 ac
756 2352 833 2388 tribulos

130 2405 235 2439 onerandos
247 2403 266 2437 in
278 2404 357 2446 quadam
369 2409 441 2437 carecta
454 2404 478 2436 ad
493 2404 558 2437 siluam
570 2404 625 2438 nudis
639 2405 717 2447 pedibus
729 2405 833 2440 destinauit.

149 2493 155 2512 ¹
166 2493 184 2523 T.
193 2492 219 2522 ilie
229 2492 260 2531 qut
326 2492 333 2510 ⁹
342 2492 381 2522 This
388 2492 415 2521 lise
422 2492 436 2521 is
443 2503 473 2523 otu.
482 2493 498 2522 in
507 2492 526 2523 Τ.
546 2492 570 2524 Cf.
581 2493 670 2531 Blornfield,
680 2493 722 2525 illst
735 2494 753 2525 of
762 2493 832 2532 Norsollr,

131 2535 142 2566 1.
150 2535 209 2573 p.641.
269 2532 275 2551 ³
287 2532 382 2571 Bawburgh,
391 2533 480 2571 commonly
487 2533 537 2564 called
545 2533 601 2570 Baber.
609 2534 644 2565 iour
650 2534 695 2565 miles
703 2535 743 2566 {rom
751 2535 831 2567 Norwich.

130 2575 136 2594 ‘
146 2576 161 2606 A
168 2575 225 2613 village
232 2574 314 2612 adjoining
320 2578 337 2604 to
344 2575 411 2613 Cossey,
418 2583 458 2606 near
465 2573 546 2606 Norwich.
