1762 2803
106 98 148 158 5'82
312 105 314 108 ’
370 98 493 160 &innituit
510 100 542 146 ΙΙ.

104 221 210 262 dilacerauit,
224 221 257 254 nisi
270 221 299 263 qui
312 221 351 262 luge
365 221 440 263 presidio
456 232 475 254 se
490 222 556 255 saluare
569 227 667 264 potuerunt.
690 223 753 267 Sitque
767 234 806 269 post

104 272 160 304 varios
173 276 245 305 euentus
258 271 342 303 bellorum
357 277 374 303 et
389 281 462 314 magnos
478 272 549 304 sudores
565 272 620 305 sancti
635 277 653 305 et
667 274 752 308 exercitus
765 276 805 318 eius,

105 322 150 355 exire
161 324 183 355 ab
193 322 221 354 illa
228 320 298 362 regione
306 321 360 354 coacti
368 328 413 355 sunt.
435 324 467 355 Ec
473 324 545 356 cronicis
553 324 592 365 Ely,
600 324 688 365 chcicnc,
696 329 712 357 ci
720 327 806 361 diaricni.

104 372 119 407 ll
128 373 189 405 Postea
201 372 222 403 de
234 371 317 404 Orientali
325 371 388 413 Anglia
398 372 451 404 tercio
458 372 542 405 aduentus
551 373 576 404 sui
586 383 632 405 anno
640 373 663 405 ad
671 374 770 408 Eboracum
777 388 807 419 per

88 431 152 459 5rnare
166 421 287 461 migrauerunt,
305 427 322 453 et
341 422 364 453 ibi
379 433 418 462 pars
437 422 512 454 maxima
527 422 725 463 Northanimbrensium‚
740 426 806 458 duobus

104 471 172 512 regibus
185 470 273 502 Osbrutho
284 475 301 502 et
312 470 351 502 Alla
362 470 430 511 occisis,
438 471 522 503 occubuit.
546 471 579 512 Qui
590 483 630 503 vero
642 479 738 513 euaserunt,
746 485 807 516 pacem

105 532 144 553 curn
155 520 227 563 paganis
238 520 343 563 pepigerunt.
366 522 396 553 Ex
407 523 479 555 cronicis
491 523 581 554 Wcsimoa.
596 522 611 559 il
623 523 689 563 Quarto
697 529 754 557 autem
762 535 806 560 anno

105 571 226 604 Northimbros
231 571 471 614 relinquentes,Snotynghanr
477 579 494 606 et
500 572 583 606 Merciam
588 573 703 614 adierunavbi
710 585 807 616 perannum

105 622 211 663 hyemantes,
226 622 265 654 loca
279 627 377 655 sanctorum
392 628 409 655 et
421 623 524 655 monasteria
539 633 627 655 seruorum
639 628 656 655 et
667 623 767 657 ancillarum
780 627 807 660 dei

80 682 97 703 ιο
106 673 221 714 depredantes
236 673 369 704 combusserunt.
392 674 469 714 Cumque
482 683 513 714 per
527 683 587 704 omnes
601 673 643 705 fines
656 683 746 713 regnorum
759 680 808 708 tanta

106 732 212 763 paganorum
220 720 318 754 immanitas
326 720 446 754 disseminata¹
454 721 523 754 fuisset:
535 722 585 754 Ebba
593 727 653 755 sancta
659 722 807 764 collinghamensis

106 772 173 804 cenobii
181 772 273 812 abbatissa,
282 776 359 803 metuens
367 782 389 803 ne
401 771 438 813 ipsa
449 782 488 803 cum
496 771 531 804 suis
541 771 627 804 sororibus
635 772 708 805 ludibrio
714 774 808 808 traderetur

106 832 217 863 paganorum,
231 821 329 854 conuocatis
341 821 406 854 eisdem
419 822 505 854 sororibus
517 821 569 854 dixit:
582 821 703 855 ‘Aduenerunt
716 824 739 855 ad
751 830 808 865 partes

106 879 173 904 nostras
178 871 240 914 pagani
248 871 347 913 nequissimi
354 871 383 913 qui
391 872 429 903 loca
437 872 503 912 singula
510 872 634 913 perlustrantes
642 883 673 904 nec
681 873 728 904 sexui
736 874 808 907 femineo

80 935 97 964 15
106 931 139 953 nec
150 922 258 962 paruulorum
268 925 339 961 parcunt
349 920 395 952 etati.
419 920 506 953 Ecclesiae
519 926 536 953 et
548 931 630 961 personas
642 921 767 955 ecclesiasticas
779 924 808 956 de-

106 969 808 1013 struunt,feminassanctimonialesprostituunt‚etobuiasibiquequeconsumunt.

108 1023 168 1063 ltaque
176 1020 190 1053 si
198 1020 273 1052 consiliis
281 1019 324 1052 meis
332 1019 442 1062 adquiescere
450 1019 564 1061 decreuerbis,
572 1021 683 1053 barbarorum
691 1020 756 1053 rabiem
767 1023 808 1054 effu-

106 1081 147 1113 gere
152 1070 246 1103 valebimus
252 1076 269 1102 et
277 1075 376 1112 perpetuam
382 1069 496 1111 virginitatem
504 1069 630 1102 custodiemus!
643 1070 674 1102 Cui
683 1080 722 1102 curn
730 1071 809 1104 vniuersa

106 1119 219 1162 congregacio
225 1119 356 1161 spospondisset
362 1118 394 1161 [se]
402 1120 437 1153 suis
443 1119 460 1152 in
467 1119 546 1152 omnibus
552 1121 670 1162 obtemperare
675 1120 769 1162 preceptis:
780 1121 809 1155 illa

80 1184 98 1204 zo
107 1182 146 1203 mox
152 1176 220 1212 arrepta
225 1171 309 1202 nouacula
314 1180 375 1201 nasum
381 1169 468 1211 proprium
473 1180 512 1201 cum
517 1170 565 1201 labro
573 1170 654 1211 superiori
660 1171 682 1202 ad
690 1170 750 1202 dentes
756 1181 809 1214 vsque

106 1219 193 1263 precidit²,
207 1225 224 1252 et
237 1219 341 1251 horrendum
354 1219 376 1251 de
389 1229 407 1251 se
422 1220 539 1260 spectaculum
550 1219 649 1252 astantibus
664 1219 736 1261 prebuit.
759 1221 808 1262 Quod

106 1272 169 1304 lactum
178 1280 244 1303 sorores
252 1269 357 1302 admirantes
365 1269 416 1302 simili
424 1270 446 1302 de
454 1279 473 1302 se
482 1269 540 1302 statim
544 1279 600 1311 opere
610 1280 621 1302 a
632 1269 703 1311 singulis
713 1275 809 1312 perpetrato

107 1328 184 1355 materna
192 1319 265 1362 vestigia
272 1325 312 1352 sunt
320 1325 383 1352 secute.
406 1320 429 1352 Et
441 1319 474 1352 hiis
485 1319 537 1361 gestis
546 1324 630 1352 venerunt
641 1319 704 1352 tiranni
712 1325 730 1353 vt
742 1325 809 1353 sanctas

106 1372 178 1404 feminas
190 1370 262 1402 ludibrio
273 1370 359 1402 traderent
370 1376 388 1402 et
395 1369 486 1410 spoliatum
498 1368 620 1401 monasterium
632 1376 771 1402 concremarent:
784 1375 809 1402 set

80 1437 97 1466 ²5
107 1421 231 1463 conspicientes
245 1418 350 1452 abbatissam
362 1424 378 1451 et
392 1428 459 1451 sorores
469 1418 546 1460 singulas
556 1424 592 1451 tam
603 1417 696 1451 enormiter
707 1418 793 1452 mutilatas
798 1417 809 1458 ³,

107 1483 146 1503 cum
161 1469 272 1503 festinacione
287 1474 397 1509 recesserunt,
412 1474 430 1501 et
444 1468 544 1501 recedentes
559 1468 598 1510 igne
613 1467 675 1501 iniecto
687 1468 810 1502 monasterinm

108 1533 146 1554 cum
162 1520 233 1554 officinis
246 1526 263 1552 et
275 1519 317 1561 ipsis
329 1519 423 1560 virginibus
436 1525 570 1552 concremarunt.
594 1520 614 1551 ln
629 1520 663 1551 hac
676 1529 743 1561 quoque
755 1529 810 1561 perse·

108 1572 178 1604 cucione
186 1570 273 1603 destructa
284 1569 351 1602 fuerunt
363 1568 469 1602 nobilissima
480 1568 589 1609 monasteria,
597 1568 661 1601 scilicet
671 1568 810 1601 Lindisfarnensc

108 1622 237 1659 monachorum,
245 1619 262 1651 in
269 1630 303 1660 quo
310 1619 358 1650 sedes
366 1624 407 1650 tuuc
415 1624 451 1650 erat
459 1618 567 1656 cathedralis,
575 1628 626 1659 quam
638 1619 698 1650 beatus
707 1619 810 1650 Cuthbertus

80 1681 100 1710 30
108 1681 157 1703 sacra
165 1669 191 1703 sui
199 1668 274 1711 corporis
282 1667 370 1710 presencia
376 1666 477 1709 [decorauit]
485 1679 489 1706 ;
498 1665 640 1709 Tynemu[t]ense
646 1666 809 1707 sanctimonialium

108 1721 196 1755 Girwense
209 1718 239 1762 [et]
249 1719 391 1752 Weremuthense
401 1719 530 1758 monachorum,
542 1717 629 1761 inquibus
641 1719 689 1751 Beda
701 1718 761 1752 doctor
771 1717 810 1751 edu·

108 1777 156 1803 catus
164 1775 200 1803 erat
207 1781 211 1810 ;
224 1768 364 1802 streneshalense
372 1768 531 1808 sanctimonialium,
540 1769 585 1810 quod
593 1774 653 1801 sancta
662 1768 716 1801 Hilda
723 1768 811 1801 abbatissa

107 1820 191 1853 fundauit.
214 1820 237 1851 Et
248 1818 310 1851 iterum
317 1829 362 1850 anno
370 1818 429 1860 quinto
437 1819 534 1851 Eboracum
546 1818 637 1859 redierunt,
645 1818 702 1860 ibique
709 1829 740 1860 per
747 1828 810 1851 annum

107 1874 207 1903 manserunt
220 1868 330 1908 insanientes,
344 1868 465 1909 debachantes,
477 1874 494 1901 et
507 1868 564 1910 plures
578 1868 624 1900 viros
639 1878 659 1900 ac
674 1868 753 1901 mulieres
767 1866 811 1900 occi·

81 1930 98 1959 35
107 1921 173 1952 dentes.

200 1978 212 2011 i
224 1979 325 2019 Quanam
337 1985 413 2011 rinnon
423 1985 450 2010 no
461 1979 587 2011 Esrnnocian
599 1985 718 2011 REDIERUNTr

434 2040 480 2070 *Exta
496 2039 547 2080 igitur
561 2051 606 2071 anno
620 2040 642 2071 ab
656 2040 732 2071 aduentu
745 2038 811 2069 illorum

457 2089 474 2120 in
493 2089 579 2129 Angliam,
594 2095 611 2121 et
626 2100 672 2121 anno
690 2088 737 2129 regni
756 2086 810 2120 sancti

109 2138 197 2172 Ednrundi
212 2141 253 2179 xv⁰‚
267 2148 327 2170 versus
342 2137 450 2180 Estangliam
464 2138 566 2180 repedantes
581 2143 600 2169 vt
615 2148 633 2170 se
649 2137 666 2170 in
681 2143 760 2170 sanctum
775 2135 811 2167 Ed·

110 2191 194 2222 mundum
209 2189 321 2228 vindicarent,
339 2189 443 2221 monasteria
459 2188 556 2228 Crulandie,
575 2189 666 2228 Thomeie,
685 2188 738 2228 Burgi
757 2184 811 2219 sancti

81 2252 101 2281 40
111 2239 160 2279 Petri,
168 2237 262 2278 Rameseie,
274 2243 291 2270 et
303 2238 379 2278 Segham
391 2238 519 2278 monachorum,
529 2245 545 2271 et
557 2238 590 2279 Ely
598 2237 757 2277 sanctimonialium,
766 2234 811 2278 quod

109 2290 160 2323 beata
175 2288 281 2322 Etheldreda
294 2294 414 2329 construxerat,
427 2299 467 2321 curn
481 2288 561 2321 omnibus
572 2288 601 2331 qui
614 2289 659 2322 intus
673 2294 721 2321 erant
736 2288 780 2320 ferro
795 2290 811 2318 et

109 2339 182 2371 flammis
191 2339 313 2369 destruxerunt.
329 2338 455 2380 Wcrcngfcrdc
461 2342 478 2369 ci
484 2339 556 2370 cronicis
565 2339 633 2370 Wcsim.
646 2340 724 2380 Cumque
729 2337 811 2369 maximas

108 2395 165 2433 partes
177 2388 199 2420 ab
211 2386 312 2419 occidentali
324 2387 403 2428 aquilone
415 2388 536 2430 depopulando
548 2394 681 2430 peragrassent:
693 2387 752 2420 relicto
762 2385 812 2418 Vbba

109 2441 132 2473 ad
143 2438 219 2472 sarcinas
231 2448 270 2470 curn
282 2438 341 2479 spoliis
352 2444 369 2470 et
381 2438 444 2479 prediis
455 2439 569 2479 innocentum,
579 2441 646 2480 lngtvar
654 2449 692 2472 cum
703 2436 811 2471 multitudine

81 2502 100 2532 45
109 2496 213 2523 armatorum
225 2489 248 2520 ad
262 2488 371 2529 Estangliam
384 2488 491 2529 perueniens,
502 2489 548 2530 apud
560 2489 647 2531 quandam
659 2488 745 2521 ciuitatem
757 2483 811 2519 sancti

169 2550 174 2567 ¹
186 2548 220 2579 MS.
228 2549 269 2579 dess.
367 2548 374 2567 ²
384 2548 418 2578 MS.
425 2548 502 2589 prescidit.
603 2548 610 2568 ³
621 2549 656 2579 MS.
663 2548 752 2579 rnutulatas¹

129 2063 161 2094 Ec
167 2062 239 2095 actricis
246 2062 264 2093 E
264 2061 281 2103 ly
288 2063 305 2092 ci
316 2061 384 2093 Wcsim.
