1762 2803
280 102 325 158 mo
341 100 442 155 &uncto
457 102 601 167 &murga
748 117 792 165 357

373 240 388 276 ll
399 239 500 275 Narratio¹.

113 304 178 346 Huius
184 312 233 346 enim
239 312 276 346 filia
282 312 398 356 Erkengoda,
404 323 511 357 magnarum
518 313 551 347 suit
556 313 705 358 virgovirtutum‚
710 314 794 348 seruiens

89 364 165 400 domino
172 364 191 399 in
200 364 311 401 monasterio
319 366 368 410 quod
374 365 394 400 in
401 365 477 411 regione
486 366 598 401 Francorum
605 367 775 402 constructum²est
783 377 794 401 a

90 423 153 453 sancta
165 418 237 463 virgine
253 418 318 462 Phara,
333 418 408 454 nomine
424 418 484 464 Brige.
515 419 562 454 Nam
578 431 600 455 eo
615 425 699 465 tempore
714 420 793 455 necdum

91 472 153 506 multis
165 471 185 505 in
197 471 272 516 regione
283 472 387 517 Anglorum
399 472 516 507 monasteriis
527 474 642 516 constructis,
654 473 706 507 multi
718 473 742 508 de
754 473 794 507 Bri·

90 526 152 559 tannia
167 526 268 559 monastice
283 525 428 560 conuersationis
438 525 497 569 gratia
507 526 607 561 Galliarum
619 526 730 561 monasteria
743 526 812 565 adires

91 577 178 620 solebant,
184 576 267 622 filiasque
275 587 319 612 suas
325 576 399 612 Christo
406 578 506 613 sacrandas
514 577 615 622 mittebant,
622 578 702 613 maxime
709 577 728 613 in
733 577 795 623 Brige,

90 631 109 664 in
122 630 171 673 Cale,
183 636 201 664 et
214 630 233 664 in
246 630 376 675 Andelegum:
392 631 441 665 inter
453 642 499 676 quas
512 637 551 665 erat
564 631 671 666 Sethritha³
683 632 719 666 filia
731 631 795 666 uxoris

90 685 146 719 Anne
158 685 207 729 regis
219 684 340 719 Orientalium
351 685 460 729 Anglorum,
472 691 490 721 et
501 685 539 721 filia
550 686 639 720 naturalis
650 685 733 721 eiusdem
745 685 795 730 regis

92 739 215 784 Ethelburga:
228 750 264 784 que
274 743 357 784 utraque,
365 749 406 774 cum
418 743 468 775 esset
479 739 582 785 peregrina,
593 740 676 775 eiusdem
688 739 794 775 monasterii

91 792 182 834 brigensis
196 797 224 825 est
237 791 330 825 abbatissa
343 793 445 825 constituta.
469 792 580 836 Erkengode
593 803 638 827 vero
648 793 725 836 virginis
737 793 794 826 multa
806 801 824 822 ιο

91 844 150 878 solent
159 855 216 888 opera
223 845 310 878 virtutum
318 850 336 878 et
344 844 473 878 miraculorum
481 845 561 888 narrari,
571 856 635 880 verum
644 856 678 880 nos
686 846 709 879 de
717 845 794 879 transitu

91 897 144 940 illius,
152 908 188 942 quo
198 898 273 932 celestia
283 908 341 943 regna
351 897 408 943 petiit,
416 898 483 943 aliquid
491 898 573 934 breuiter
581 899 643 934 dicere
653 898 736 933 sufficiat,
759 898 794 933 lm·

91 951 173 985 minente
187 951 287 985 vocationis
306 962 339 985 sue
354 951 389 992 die,
405 951 453 996 cepit
467 951 544 986 circuire
558 952 577 986 in
597 952 708 987 monasterio
723 952 795 986 casulas

90 1004 205 1038 infirmarum
219 1003 287 1038 Christi
300 1003 415 1046 famularum,
428 1010 446 1039 et
461 1005 542 1040 maxime
555 1011 642 1050 prouecte
655 1005 714 1049 etatis,
727 1010 794 1050 etque

91 1068 163 1091 morum
178 1057 268 1101 probitate
283 1064 336 1092 erant
350 1057 470 1102 insigniores:
487 1070 565 1102 quarum
578 1070 599 1093 se
612 1058 695 1093 omnium
708 1058 823 1102 precibus15

91 1109 184 1143 humiliter
199 1110 336 1150 commendans,
350 1109 418 1143 obitum
434 1120 494 1153 suum,
505 1120 561 1154 quem
574 1111 686 1145 reuelatione
700 1110 793 1150 didicerat,

91 1174 133 1197 esse
151 1162 232 1197 futurum
248 1174 286 1197 non
303 1162 373 1197 celauit.
400 1163 460 1206 Quam
475 1163 607 1197 reuelationem
623 1174 665 1198 esse
680 1163 735 1197 talem
750 1174 793 1207 per-

91 1215 186 1252 hibebat‘:
202 1216 253 1251 Vidit
266 1216 327 1251 enim⁶
338 1216 439 1252 albatorum
451 1222 543 1252 cateruam
555 1217 649 1252 hominum
661 1217 793 1252 monasterium

91 1270 164 1311 intrare,
173 1269 243 1314 hosque
253 1280 264 1304 a
274 1280 295 1304 se
303 1268 424 1314 interrogatos
432 1270 475 1314 quid
483 1275 582 1314 quererent
593 1275 623 1304 aut
634 1270 677 1315 quid
688 1269 713 1304 ibi
720 1269 793 1312 vellent,

91 1322 210 1368 respondisse
226 1323 274 1367 quod
290 1323 313 1357 ob
328 1323 362 1358 hoc
377 1322 419 1357 illuc
435 1322 509 1358 suerunt
522 1322 613 1366 destinati,
624 1329 644 1358 vt
659 1333 735 1357 aureum
749 1322 793 1357 illud
804 1335 823 1356 ro

91 1376 219 1417 nummisma',
234 1377 283 1420 quod
302 1375 343 1410 illuc
363 1377 386 1410 de
405 1376 473 1411 Cancia
490 1382 572 1419 venerat,
591 1387 654 1411 secum
673 1381 794 1411 assumerent.

91 1429 164 1462 Aurora
179 1434 240 1462 autem
255 1427 313 1471 ipsius
328 1428 393 1470 noctis,
408 1428 501 1472 presentis
516 1428 580 1462 mundi
595 1429 682 1463 tenebras
696 1428 794 1470 transiens,

91 1492 191 1526 supernam
201 1481 285 1525 migrauit
295 1482 318 1516 ad
328 1481 393 1516 lucem.
416 1481 469 1516 Multi
477 1492 521 1516 vero
529 1481 605 1516 fratrum
613 1486 713 1516 concentus
720 1480 795 1525 angelo·

91 1545 133 1569 rum
145 1534 263 1579 psallentium
276 1533 373 1569 manifeste
388 1544 409 1569 se
424 1533 498 1569 audisse
511 1534 621 1577 referebant,
634 1535 667 1569 sed
680 1540 699 1569 et
713 1533 794 1568 sonitum

91 1588 144 1632 quasi
155 1587 234 1632 plurime
244 1587 364 1622 multitudinis
375 1588 507 1622 monasterium
518 1587 643 1632 ingredientis.
666 1587 710 1621 Mox
718 1587 795 1632 egressi,
804 1603 823 1634 ²5

91 1642 177 1676 viderunt
188 1642 248 1675 lucem
259 1641 323 1675 celitus
334 1641 411 1675 missam
422 1641 479 1675 fuisse
490 1641 596 1682 maximam,
603 1653 639 1685 que
651 1646 733 1675 sanctam
744 1641 795 1675 illam

91 1695 172 1729 animam
183 1694 243 1728 camis
252 1693 330 1728 vinculis
341 1694 449 1734 absolutam,
459 1695 482 1728 ad
493 1699 557 1728 eterna
566 1694 625 1738 patrie
635 1693 720 1728 celestis⁷
728 1693 795 1738 gaudia

91 1748 174 1781 ducebat.
202 1746 271 1780 Placuit
286 1751 328 1790 post
343 1746 393 1780 diem
408 1747 502 1791 sepulture
517 1746 557 1781 eius
572 1746 646 1781 tertium
660 1751 680 1780 vt
694 1746 741 1791 lapis
758 1757 795 1790 quo

92 1805 233 1835 monumentum
245 1800 285 1834 eius
294 1800 395 1844 tegebatur,
406 1799 460 1834 altius
469 1799 510 1844 ipso
521 1799 539 1834 in
550 1800 590 1835 loco
601 1805 733 1844 reponeretur:
745 1800 794 1844 quod

92 1854 136 1888 dum
148 1854 205 1896 fieret,
217 1858 267 1887 tante
279 1852 377 1897 fragrantia
389 1852 494 1887 suauitatis³
505 1853 528 1887 ab
541 1852 583 1887 imis
595 1852 682 1896 ebulliuit,
693 1857 713 1887 vt
724 1853 795 1887 cunetis
803 1869 824 1899 ³0

92 1909 124 1954 qui
137 1909 220 1944 astabant
233 1906 319 1942 iratribus
333 1918 354 1941 ac
370 1906 464 1941 sororibus
475 1907 527 1951 quasi
541 1905 653 1951 opobalsami
665 1906 739 1940 cellaria
751 1917 794 1941 esse

92 1964 199 1998 viderentur
206 1966 274 2005 aperta.
297 1960 396 1994 Matertera
403 1971 447 1994 vero
455 1961 495 1994 eius
503 1959 615 2003 Ethelburga
622 1964 712 2003 perpetue
719 1959 795 2003 virgini·

93 2016 135 2051 tatis
146 2013 222 2060 gloriam
234 2012 252 2047 in
264 2023 330 2058 magna
342 2011 424 2057 corporis
436 2011 547 2046 continentia
558 2012 644 2048 seruauit.
667 2011 741 2056 Elapsis
752 2018 795 2056 post

92 2071 132 2106 eius
140 2069 208 2103 obitum
216 2072 289 2113 septem
296 2066 355 2110 annis,
363 2067 387 2100 ita
394 2066 523 2100 intemeratum
531 2076 599 2111 corpus
608 2065 648 2100 eius
657 2066 753 2100 inuentum
760 2073 795 2110 est,

93 2124 140 2159 sicut
150 2134 161 2158 a
171 2121 287 2167 corruptione
295 2119 443 2165 concupiscentie
451 2119 529 2155 camalis
539 2124 578 2154 erat
587 2119 680 2163 immune3
692 2119 744 2155 cuius
754 2120 795 2155 dies
804 2134 823 2166 ³5

92 2177 182 2213 natilicius
191 2175 249 2210 Nonis
257 2174 295 2209 iulii
303 2174 322 2208 in
330 2184 396 2219 magna
403 2173 461 2218 gloria
468 2173 557 2209 celebrari
564 2173 616 2208 solet.

113 2277 118 2296 ¹
128 2277 166 2308 Abr.
174 2277 213 2307 t‘rorn
221 2276 265 2306 Beda
272 2275 294 2305 ll.
301 2275 319 2305 E.
328 2274 357 2304 lll.
364 2275 379 2305 Β.
421 2273 428 2291 ²
437 2283 456 2305 so
462 2274 486 2311 T.,
494 2273 513 2305 E.
520 2274 621 2305 constitutum
668 2273 674 2290 ³
684 2273 703 2304 T.
710 2273 795 2304 sechritha.

92 2317 97 2335 ¹
108 2318 126 2348 E.
134 2317 230 2356 prohibebat.
271 2316 277 2334 ⁵
287 2315 327 2345 Beda
334 2315 393 2345 vidisse
400 2324 423 2345 se.
466 2314 472 2332 ⁸
481 2314 499 2344 T.
507 2314 588 2345 numisma
633 2312 639 2330 ³
649 2322 668 2344 so
675 2314 698 2352 T.,
707 2313 724 2344 E.
732 2314 795 2344 celestia

92 2359 147 2395 patrie.
188 2357 194 2373 ⁸
205 2357 226 2395 E„
231 2356 312 2386 suauitatis
320 2355 413 2393 fragrancia.
