1762 2803
120 171 164 216 254
310 158 390 211 narra
405 156 521 219 hannon
536 150 629 218 anate.

119 281 170 323 vrbe,
178 290 212 324 pro
219 279 257 314 vite
265 290 298 314 sue
306 279 377 314 meritis
388 279 492 314 transitorie
499 281 523 314 ad
530 289 588 323 regna
597 278 696 314 translatus
704 283 732 313 est
740 278 820 314 celestia.

120 332 179 376 Vnde,
191 331 238 365 sicut
250 344 261 366 a
272 331 372 366 maioribus
383 332 493 377 accepimus,
502 343 513 366 a
522 331 577 365 sociis
590 336 608 365 et
620 330 705 365 fidelibus
717 331 748 375 qui
762 332 779 365 ei
791 332 820 365 in-

120 385 190 421 diuidui
205 386 280 420 comites
299 385 416 427 adheserunt,
431 385 530 420 translatus
548 389 577 419 est
592 394 651 429 vsque
666 384 820 429 Congresbiriam‚

120 444 214 482 prestante
225 438 299 472 domino
311 444 375 472 nostro
389 437 431 473 Iesu
445 437 523 482 Christo,
535 437 564 472 cui
576 443 605 472 est
618 438 677 471 honor
688 443 706 472 et
717 437 775 481 gloria
787 447 822 481 per

103 501 112 533 5
120 491 191 526 infinita
199 490 260 526 secula
268 490 376 526 seculorum.

220 596 235 632 ll
248 589 281 631 DE
292 605 363 630 sehero
376 589 444 630 Danu>
455 606 542 630 EPISCOPO
553 606 576 629 ET
588 606 704 630 CONFESSORE
709 596 721 630 1.

154 675 226 710 Anctus
245 675 294 710 enim
312 674 378 718 Dauid,
393 684 448 719 quem
463 674 530 719 vulgus
545 674 599 709 Dewi
617 674 702 720 appellat,
719 674 823 719 Anglorum

176 727 253 762 oraculis
261 729 285 762 ad
292 732 363 771 patrem
371 727 445 771 quidem
454 727 510 770 prius,
521 727 588 762 deinde
597 729 620 761 ad
630 732 713 761 sanctum
724 728 822 762 Patricium

121 779 212 815 ter-denis
231 780 285 814 annis
303 779 411 824 priusquam
431 785 543 823 nasceretur,
562 790 599 813 non
618 779 678 813 solum
696 780 822 824 prophetatus,

121 844 186 869 verum
196 833 251 868 etiam
261 833 337 868 misticis
348 833 466 868 donationum
477 832 584 867 muneribus
593 833 660 867 ditatus
669 832 751 868 innotuit
775 834 823 869 Nam

96 898 114 921 10
122 889 202 933 quodam
213 891 297 932 tempore
308 892 361 931 pater
372 886 417 929 eius,
431 886 508 921 ceretice
519 886 585 931 gentis,
597 886 655 931 regali
666 887 748 931 potentia
759 886 823 930 fretus,

123 952 159 986 qua
171 941 244 975 tandem
253 940 336 986 deposita
346 940 414 974 celeste
423 950 500 984 regnum
512 950 627 984 comparans,
635 941 718 983 angelica
725 940 744 973 in
752 940 823 974 somnis

123 996 203 1029 monitus
216 1005 262 1029 voce
274 994 353 1029 audiuit:
370 994 466 1029 ‘Crastina
478 993 508 1027 die
520 999 607 1028 venatum
620 994 684 1037 iturus,
697 994 732 1028 tria
746 1004 823 1028 munera

123 1049 217 1092 reperies:
234 1058 309 1082 ceruum
328 1047 401 1089 scilicet,
420 1058 475 1092 quem
493 1046 617 1091 prosequeris,
632 1046 708 1091 piscem,
724 1046 823 1091 apiumque

124 1112 208 1136 examen.
232 1101 261 1135 Ex
274 1101 310 1135 hiis
323 1101 384 1145 itaque
396 1100 455 1135 tribus
468 1111 553 1135 reserues
566 1101 633 1143 sanum,
646 1107 755 1145 partemque
767 1100 824 1145 piscis

97 1167 115 1197 15
125 1159 143 1187 et
154 1154 214 1188 cerui:
227 1154 268 1194 Que
281 1155 304 1187 ad
316 1153 427 1187 Maucanni²
440 1153 581 1194 monasterium‚’
591 1154 647 1196 (quod
658 1163 717 1197 vsque
728 1164 777 1187 nunc
789 1154 824 1187 De·

123 1207 178 1251 positi
188 1206 321 1240 monasterium
329 1206 416 1249 vocatur,)
425 1205 471 1240 ‘lilio
479 1216 503 1240 ex
511 1210 529 1240 te
537 1205 630 1240 nascituro
639 1205 758 1240 custodienda
765 1211 824 1241 trans·

123 1260 190 1295 mittes.
213 1259 254 1301 Que
263 1259 337 1303 quidem
348 1269 425 1293 munera
435 1259 489 1293 huius
498 1259 554 1293 vitam
565 1258 692 1302 prenunciant.
716 1259 763 1293 Nam
773 1259 825 1294 sauus

124 1313 184 1347 mellis
192 1312 232 1346 eius
240 1311 348 1356 sapientiam
356 1312 432 1347 clamat:
444 1311 495 1345 Sicut
503 1311 552 1346 enim
562 1312 626 1345 melin
634 1322 681 1354 cera,
691 1312 716 1345 ita
725 1311 825 1355 spiritalem

124 1376 200 1401 sensum
215 1364 302 1399 historico
317 1364 376 1410 capiet
389 1364 517 1399 instrumento.
540 1364 599 1400 Piscis
611 1375 656 1400 vero
671 1364 772 1409 aquaticam
786 1365 826 1400 eius

98 1433 116 1453 ιο
124 1420 180 1454 vitam
196 1417 295 1461 significat:
310 1417 361 1451 Sicut
377 1417 427 1451 enim
442 1416 498 1461 piscis
513 1428 560 1461 aqua
574 1416 624 1460 viuit,
639 1417 665 1451 ita
679 1418 714 1452 iste
729 1417 792 1452 vinum
808 1422 826 1451 et

125 1472 203 1507 ciceram
211 1476 229 1505 et
237 1482 292 1505 omne
302 1471 351 1515 quod
362 1469 453 1504 inebriare
463 1474 524 1514 potest
536 1480 633 1514 respuens,
643 1471 715 1505 beatam
725 1472 759 1505 deo
770 1471 827 1505 vitam

125 1526 144 1560 in
155 1536 204 1571 pane
216 1530 287 1558 tantum
299 1529 317 1558 et
328 1534 375 1568 aqua
386 1524 449 1558 ducet’
474 1522 527 1566 (lude
538 1523 593 1557 etiam
605 1523 675 1558 ‘Dauid
687 1524 769 1569 aquatice
780 1525 826 1560 vite¹

126 1576 301 1622 cognominabatur.)
324 1577 405 1610 ‘Ceruus
417 1576 467 1610 enim
481 1575 500 1608 in
511 1576 586 1618 antiquo
597 1581 684 1619 serpente
697 1577 757 1621 signat
769 1577 827 1612 domi-

126 1630 199 1665 nium³:
216 1629 267 1663 Sicut
282 1628 331 1662 enim
347 1638 413 1662 ceruus
428 1627 530 1671 expoliatus
546 1628 663 1671 serpentibus
678 1634 742 1673 pastus
757 1629 827 1664 sontem

100 1695 118 1726 25
127 1695 174 1728 aque
186 1682 300 1724 desiderans,
310 1681 391 1725 acceptis
401 1680 471 1715 viribus
480 1680 530 1715 velut
538 1680 633 1716 iuuentute
642 1687 746 1725 renouatur,
757 1682 783 1717 sic
793 1682 827 1718 iste

127 1737 179 1781 quasi
191 1746 288 1770 ceruorum
300 1734 378 1778 pedibus
391 1745 448 1777 super
460 1734 534 1768 excelsa
547 1739 630 1778 statutus,
644 1734 739 1780 antiquum
752 1735 827 1769 humani

127 1789 201 1836 generis
213 1794 318 1833 serpentem
330 1787 400 1823 viribus
411 1787 501 1821 nocendi⁴
516 1793 579 1822 contra
590 1788 712 1832 semetipsum
724 1789 826 1833 expolians,

127 1844 196 1878 fontem
207 1842 243 1876 vite
254 1841 333 1876 assiduis
344 1841 479 1885 lachrymarum
489 1842 572 1876 cursibus
582 1842 672 1886 adoptans
682 1844 706 1877 de
715 1843 744 1877 die
752 1842 771 1877 in
779 1843 828 1877 diem

126 1902 226 1931 renouatus
233 1895 327 1939 proficiet)
373 1887 450 1929 Deinde
457 1900 532 1929 sanctus
540 1894 635 1937 Patricius,
644 1895 705 1930 Rome
716 1895 798 1930 eruditus
810 1900 828 1930 et

100 1963 119 1992 50
126 1950 209 1993 pontifex
215 1948 296 1989 effectus,
302 1947 392 1981 demetica
399 1946 454 1981 intrat
460 1958 502 1980 rura
507 1948 514 1967 ⁵
519 1953 537 1981 et
543 1948 566 1981 ad
572 1948 633 1981 locum
638 1948 669 1991 qui
675 1949 742 1982 ‘Vallis
749 1949 829 1982 Rosina.'

127 2001 193 2035 dicitur
201 1999 300 2043 [peruenit]
307 1999 318 2041 ⁵,
326 1998 344 2032 id
353 2004 381 2033 est
390 1998 522 2033 Meneuia-ibi
530 2004 558 2033 est
566 2001 622 2033 modo
629 2000 707 2034 ecclesia
714 2001 829 2041 cathedralis,

126 2055 158 2090 vbi
169 2055 219 2088 idem
231 2058 305 2086 sanetus
317 2053 372 2086 modo
383 2051 565 2096 requiescit—ibique
577 2053 612 2087 dec
623 2052 718 2087 deseruire
730 2052 783 2096 cepit
807 2053 830 2086 Et

128 2119 171 2143 ecce
179 2106 256 2150 angelus
264 2105 333 2140 domini
341 2105 358 2140 ei
366 2116 459 2150 apparens
465 2104 522 2142 dixit:
532 2105 586 2149 ‘Tibi,
592 2105 655 2151 inquit,
662 2116 699 2140 non
705 2106 761 2141 istum
769 2107 829 2141 locum

128 2160 218 2205 disposuit
229 2160 281 2201 deus,
289 2160 322 2193 sed
334 2159 371 2194 filio
381 2160 464 2193 nondum
475 2163 524 2201 nato,
534 2169 569 2193 nec
579 2159 615 2193 nisi
625 2160 705 2203 peractis
715 2159 769 2194 annis
781 2169 829 2194 mxx.

101 2214 231 2257 35nascituro!
253 2212 338 2246 Audiens
356 2213 391 2245 hoc
409 2211 503 2254 Patricius,
518 2221 593 2246 merens
608 2218 626 2246 et
641 2218 724 2256 stupens,
740 2212 796 2247 iratus
811 2212 831 2246 in

128 2269 183 2301 corde
196 2276 229 2299 suo
241 2265 298 2298 dixit:
312 2264 361 2298 ‘Cur
371 2264 456 2298 dominus
470 2265 555 2310 despexit
567 2276 643 2299 seruum
652 2276 706 2299 suum
718 2266 741 2299 ab
755 2265 830 2299 infantia

128 2330 162 2353 sua
170 2318 204 2353 sibi
212 2319 324 2352 seruientem
332 2328 374 2351 cum
383 2317 454 2361 timore,
464 2318 555 2362 elegitque
566 2317 621 2352 alium
631 2318 713 2352 nondum
720 2318 739 2351 in
748 2318 782 2352 hac
789 2319 830 2353 luce

129 2373 213 2407 natum?¹
238 2371 349 2415 Parauitque
364 2371 428 2415 fugere
443 2376 461 2405 et
476 2371 571 2405 dominum
588 2381 642 2405 suum
659 2371 722 2405 Iesum
737 2370 831 2405 Christum

129 2427 221 2466 deserere,
240 2424 314 2458 dicens:
332 2424 388 2458 ‘Cum
403 2429 446 2459 ante
463 2424 532 2457 domini
548 2423 585 2458 mei
601 2429 720 2467 conspectum
737 2423 830 2459 incassum

150 2494 155 2512 ¹
167 2496 212 2524 From
220 2494 247 2523 the
254 2494 291 2523 Vita
297 2493 319 2531 by
326 2492 419 2523 Ricemarch
430 2493 447 2523 in
457 2492 490 2523 MS.
501 2492 549 2531 Vesp.
559 2492 579 2523 A.
589 2492 628 2523 XIV
635 2493 659 2523 ed.
667 2492 720 2528 Rces;
730 2493 769 2522 from
777 2494 830 2524 which

130 2544 157 2564 are
164 2535 197 2564 also
205 2534 269 2563 derived
276 2534 303 2563 the
310 2538 352 2563 texts
363 2534 380 2563 in
389 2533 424 2564 Act.
433 2533 462 2563 SS.
471 2533 512 2563 Boll.
520 2533 575 2563 March
585 2533 597 2564 I.
606 2543 621 2572 p.
630 2542 655 2570 41,
667 2532 728 2569 Colgan
737 2533 749 2564 Ι.
757 2543 791 2573 425,
800 2535 831 2564 and

131 2575 165 2604 that
172 2575 193 2611 by
200 2574 273 2603 Giraldus
280 2573 341 2602 Cambr.
349 2573 366 2601 in
372 2573 451 2603 Wharton
458 2572 478 2602 A.
486 2572 502 2602 S.
511 2573 531 2602 ll.
538 2573 573 2602 628.
645 2571 651 2589 ²
662 2572 680 2601 E.
688 2574 780 2610 mancanni;
791 2574 832 2604 Boll.

131 2614 225 2643 Nautanum.
265 2612 415 2643 ³E.Trdominum.
455 2611 489 2642 4Τ.
498 2612 515 2643 Ε.
523 2612 601 2642 nocendo.
642 2611 723 2643 “ll-iura.
763 2613 809 2644 flom.
