1762 2803
224 88 270 142 ma
285 85 386 139 sanan
401 88 561 145 mormanus.
705 99 746 129 211

42 214 176 254 expectassent,
183 210 237 244 ambo
244 209 313 253 pariter
324 207 401 243 orationi
410 219 430 243 se
438 208 534 250 dcdcrunt,
542 208 660 242 obsecrantes
668 206 747 241 diuinam

42 262 157 296 clementiam
166 261 251 306 quatinus
260 261 295 295 illis
303 262 401 296 ostendere
409 261 515 305 dignaretur
526 261 568 304 quid
580 261 603 295 de
614 259 680 304 puellis
688 264 748 293 actum

42 316 70 350 sit.
91 315 193 358 Surgentes
202 315 276 349 tandem
287 315 310 349 ab
318 313 405 356 oratione,
412 313 503 358 aspiciunt
513 313 559 349 miro
567 314 621 348 modo
629 312 677 348 viam
685 317 749 357 paten-

42 375 79 403 tem
95 373 113 402 et
129 368 196 402 siccam
211 368 229 401 in
245 368 306 401 rnedio
321 367 415 401 iluminis:
431 373 448 400 et
462 366 558 400 confestim
573 366 701 409 ingrediuntur
715 376 750 408 per

42 421 110 454 siccum
122 420 199 453 fundum
210 419 257 453 viam
271 419 373 453 mirabilem
384 424 402 453 et
413 419 493 452 aridam:
507 424 525 452 et
536 424 588 452 erant
600 429 646 462 aque
657 419 766 461 stupendos

43 473 97 506 modo
109 471 167 506 diuise
180 473 199 506 tn
212 473 295 517 partibus
305 473 380 515 duabus,
391 477 409 506 et
422 472 514 516 utrimque
526 472 575 507 velut
588 471 663 516 quidam
679 470 749 505 muria

43 526 112 561 dextris
120 530 138 560 et
146 536 157 559 a
165 525 251 560 sinistris.
274 526 357 570 Cumque
365 525 460 560 venissent
468 525 491 559 ad
499 525 559 559 locum
569 526 587 558 in
597 536 633 570 quo
641 525 700 559 fuerat
707 535 750 569 prc-

43 579 116 622 cipitata
129 579 218 619 nauicula,
226 579 315 613 heremita
325 589 390 612 manus
403 578 499 622 apposuit:
512 578 545 611 sed
557 578 606 611 velut
618 578 666 621 palis
678 577 750 611 confixa

43 631 95 666 nauis
103 631 201 666 immobilis
209 632 315 675 permansit.
338 631 361 666 Et
370 642 412 665 cum
419 630 471 675 virgo
479 636 543 665 sancta
551 641 618 665 manus
628 630 719 674 apposuit,
726 629 750 664 ita

44 685 109 719 leuiter
123 684 225 719 nauiculam
241 684 325 725 eleuauit,
336 695 357 718 ac
373 683 389 718 si
404 683 477 728 penitus
490 683 541 717 omni
557 684 640 727 pondere
656 683 751 717 caruisset.
761 692 779 713 10

44 736 126 771 inuentis
137 742 197 771 autem
209 737 310 781 virginibus
321 736 369 771 uiuis
380 742 399 770 et
410 736 467 778 sanis,
475 736 579 770 nauiculam
590 736 659 780 pariter
670 736 751 780 ingredi-

43 796 110 824 untur:
123 795 141 824 et
152 790 232 834 Vndique
244 795 361 824 recurrentes
373 800 420 832 aque
432 789 480 823 illam
494 790 608 823 sustulerunt
619 794 637 822 et
649 789 672 822 ad
685 789 750 822 cellam

44 841 119 885 virginis
134 842 255 876 deduxerunt.
301 834 348 875 Erat
367 847 428 876 autem
446 841 508 886 puella
525 842 604 886 quedam
619 841 698 886 gentilis,
714 852 750 885 que

44 894 120 929 audiens
132 895 199 928 samam
209 895 286 939 virginis
297 900 365 935 sancte,
374 895 458 939 cupiebat
469 905 510 930 eam
518 895 582 929 videre
594 900 612 930 et
622 894 645 929 ab
656 905 678 929 ea
688 893 706 929 in
716 894 750 929 fide

45 948 112 983 Christi
120 948 222 983 illuminari.
244 948 326 983 Veniens
334 954 395 983 autem
404 950 427 983 ad
436 960 482 990 eam,
488 959 529 984 cum
538 949 556 983 in
564 949 602 983 lide
610 949 673 983 edocta
680 948 750 990 luisset,
760 955 779 986 15

45 1001 96 1046 graui
111 1001 216 1036 infirmitate
232 1002 306 1037 detenta
320 1001 339 1036 in
354 1003 422 1037 lectum
442 1002 515 1043 decidit,
530 1007 549 1036 et
567 1002 649 1036 nondum
664 1006 751 1046 suscepto

45 1054 154 1098 baptismate
166 1056 222 1089 vitam
234 1054 299 1089 finiuit.
321 1055 446 1098 Quamobrem
462 1055 567 1089 contristata
582 1055 698 1095 Modwenna,
710 1055 751 1089 susa

45 1108 68 1139 ad
76 1108 131 1140 deum
139 1117 195 1150 prece
203 1108 252 1140 illam
259 1108 297 1141 vite
304 1107 388 1140 restituit.
412 1107 452 1148 Que
464 1107 559 1150 baptizata,
567 1107 648 1140 habitum
656 1105 750 1149 religionis

46 1158 151 1201 assumpsit,
158 1164 176 1192 ct
183 1158 201 1192 in
210 1164 272 1192 sancta
278 1158 417 1193 conuersatione
422 1158 477 1193 vitam
484 1158 623 1193 consummauit.
667 1151 750 1204 Quidam

45 1211 134 1256 puerulus
146 1212 202 1247 fidem
214 1212 282 1246 Christi
294 1212 401 1257 suscipiens,
410 1223 451 1246 cum
462 1214 485 1246 ab
495 1212 570 1246 infantia
583 1212 647 1247 luisset
659 1223 751 1256 egressus,
761 1220 780 1241 2⁰

46 1276 113 1299 nomen
133 1265 202 1299 domini
221 1276 261 1299 cum
281 1266 369 1309 despectu
384 1270 402 1298 et
417 1265 501 1299 irrisione
517 1264 593 1299 mirabili
611 1265 752 1309 blasphemauit.

47 1318 102 1351 Hunc
115 1329 157 1351 cum
170 1324 257 1360 parentes
271 1319 334 1351 durius
347 1318 479 1361 increpassem,
487 1323 505 1350 et
518 1317 621 1350 induratum
633 1318 656 1350 ad
669 1322 751 1351 sanctam

46 1368 136 1412 virginem
147 1370 260 1411 detulissent,
269 1369 299 1402 illa
310 1370 332 1403 ab
343 1380 405 1404 errore
416 1380 458 1404 eum
469 1380 555 1404 reuocare
566 1370 640 1410 studuit,
648 1374 666 1403 et
677 1370 752 1404 tandem

47 1422 113 1456 deuote
120 1433 154 1466 pro
162 1433 184 1456 eo
192 1423 215 1457 ad
223 1423 277 1456 deum
286 1422 373 1457 exorauit.
396 1422 434 1457 Sed
443 1422 527 1457 dominus
537 1433 578 1457 eam
588 1422 675 1457 exaudire
683 1422 752 1458 noluit:

47 1475 89 1519 quia
102 1476 219 1520 postmodum
231 1487 288 1521 super
300 1477 365 1511 eodem
379 1487 420 1511 eam
433 1476 512 1520 amplius
528 1476 649 1511 honorificare
665 1477 753 1511 decreuit.
762 1484 781 1515 ²5

48 1529 147 1572 Postquam
155 1529 205 1563 enim
214 1529 330 1563 miserandus
338 1540 385 1573 puer
392 1535 497 1573 contempta
503 1529 580 1572 virgine,
587 1528 678 1573 despectis
686 1540 753 1572 paren-

48 1580 96 1615 tibus
107 1581 186 1616 luriosus
199 1577 262 1623 euasit,
274 1581 374 1616 suffocante
387 1592 429 1616 eum
442 1582 513 1616 diabolo
525 1581 626 1626 improuisa
639 1588 698 1617 morte
710 1593 753 1626 pre·

48 1639 112 1677 reptus
120 1639 153 1667 est.
177 1633 236 1675 Quem
248 1645 289 1668 cum
301 1640 388 1678 parentes
399 1636 422 1668 ad
432 1641 515 1668 sanctam
526 1637 630 1668 exanimem
638 1635 754 1676 detulissent,

48 1696 81 1730 pro
95 1697 116 1720 eo
131 1697 185 1721 orans
198 1686 291 1721 uiuentem
303 1686 387 1729 reddidit,
401 1692 419 1721 et
431 1698 443 1720 a
456 1687 522 1730 spiritu
534 1687 649 1732 blasphemie
664 1687 753 1732 deinceps

48 1738 118 1783 integre
130 1739 217 1773 liberauit.
262 1732 376 1775 Confluente
387 1742 410 1774 ad
420 1739 511 1784 virginem
523 1746 606 1775 sanctam
617 1745 693 1786 propter
705 1740 754 1775 sani·
763 1746 783 1777 30

48 1796 105 1826 tatum
113 1793 202 1827 beneficia
208 1799 225 1827 et
233 1794 363 1827 miraculorum
369 1794 445 1838 gloriam
452 1795 475 1828 de
482 1793 561 1828 diuersis
566 1794 673 1838 regionibus
680 1795 754 1839 populo,

48 1852 124 1890 propter
131 1846 226 1880 hominum
232 1846 353 1890 frequentiam
361 1847 410 1881 tedio
416 1848 485 1888 affecta,
491 1848 552 1881 Athea
557 1852 575 1881 et
584 1846 653 1882 Lazara
661 1847 679 1881 in
688 1848 754 1882 eodem

49 1899 88 1933 loco
96 1899 183 1941 dimissis,
191 1911 212 1933 se
223 1900 242 1932 in
251 1899 360 1933 Hiberniam
368 1900 453 1940 transire,
461 1906 479 1933 et
489 1901 508 1934 in
520 1900 572 1933 breui
582 1900 639 1933 vitam
650 1900 703 1934 linire
711 1911 754 1943 pre-

50 1951 100 1986 dixit.
124 1952 147 1985 Et
161 1952 241 1986 addidit:
253 1952 371 1995 ‘Vbicunque
386 1953 429 1987 finis
442 1953 479 1986 vite
493 1962 534 1986 mee
546 1952 637 1993 acciderit,
649 1962 712 1986 meum
724 1952 754 1986 hic

50 2005 177 2047 sepeliendum
185 2005 313 2048 corpusculum
321 2003 366 2038 mihi
374 2004 459 2038 dominus
466 2003 609 2039 demonstrauit!
648 1997 755 2040 Transiens
764 2011 783 2040 35

50 2055 104 2099 igitur
111 2056 130 2090 in
140 2057 258 2099 Hiberniam
271 2067 312 2091 eum
321 2063 394 2091 eentum
402 2057 475 2101 triginta
487 2063 536 2091 esset
545 2068 641 2099 armorum,
649 2057 755 2093 infirmitate

51 2109 144 2153 depressa,
156 2110 225 2144 vocatis
237 2109 331 2143 sororibus
343 2110 382 2143 suis
394 2111 442 2144 inter
454 2116 514 2144 cetera
527 2110 584 2145 dixit:
597 2110 675 2145 ‘Peeten
688 2121 755 2153 meum,

51 2160 131 2205 ligneum
148 2162 228 2206 ligonem
246 2167 265 2197 et
279 2162 371 2197 sarculum
386 2167 482 2207 ceteraque
497 2163 582 2198 vtensilia
598 2174 640 2197 mea
654 2164 673 2197 in
689 2164 756 2207 quibus

51 2220 126 2257 operata
139 2226 186 2255 sum,
196 2215 313 2249 Celliscliuii¹
325 2215 437 2249 monasterio
448 2216 534 2249 concedo.
558 2215 643 2260 Reliquis
656 2226 700 2250 vero
713 2226 755 2251 mee

51 2277 93 2300 curn
104 2268 168 2302 baculo
180 2278 227 2309 meo,
235 2268 345 2312 disponente
353 2268 393 2311 deo,
401 2269 420 2302 in
431 2273 498 2302 terram
510 2269 563 2302 aliam
574 2268 690 2303 delerentur.r
713 2268 755 2303 Hiis
764 2276 784 2305 40

52 2319 109 2364 dictis,
121 2320 252 2365 apparentibus
262 2321 279 2356 ei
291 2320 378 2366 apostolis
390 2320 447 2357 beatis
460 2321 514 2357 Petro
528 2328 545 2357 et
559 2322 621 2364 Paulo,
632 2322 686 2356 tertio
697 2334 756 2357 nonas

51 2373 93 2415 iulii,
106 2375 184 2419 septimo
198 2386 209 2408 a
222 2375 276 2409 natali
289 2376 389 2409 eorundem
402 2376 525 2418 apostolorum
537 2375 572 2418 die,
584 2375 661 2409 feliciter
672 2376 694 2409 ad
706 2376 756 2411 celos

52 2427 141 2471 migrauit.
185 2420 252 2462 Tertia
264 2438 308 2463 vero
321 2428 350 2462 die
363 2434 459 2471 postquam
473 2428 557 2462 defuncta
569 2433 603 2471 est,
615 2427 693 2471 quedam
704 2428 756 2472 virgo

341 2535 346 2555 ¹
357 2536 375 2567 E.
384 2536 467 2567 celliclinii.

389 2604 401 2629 P
408 2605 420 2629 2
