1762 2803
257 97 548 156 metmetetssttbcte.
712 113 755 155 109

51 222 105 257 miter
117 224 147 257 dei
158 224 177 257 in
189 234 211 258 eo
222 224 279 269 gratia
291 223 386 264 emineret,
398 233 466 258 nornen
478 223 512 258 viri
524 222 601 257 celebris
613 222 755 268 circumquaque

50 276 99 310 fama
112 277 187 320 ferebat,
199 289 235 323 que
248 277 297 312 illius
309 278 328 312 in
341 276 438 321 scripturis
451 277 578 312 excellentiam
591 277 668 312 ecclesie
680 276 754 312 auribus

51 329 163 373 infundebat,
172 332 283 376 plurimique
295 332 334 366 eius
346 330 454 375 sapientiam
464 331 542 365 audituri
554 330 609 365 etiarn
621 331 644 364 de
654 330 754 374 longinquo

51 383 183 425 confluxerunt,
195 384 289 419 indiuidua
301 384 434 419 cohabitatione
447 383 464 418 el
477 385 595 418 adherentes.
617 383 655 417 Alii
667 383 699 428 qui
712 394 754 428 pre·

51 442 113 471 sentes
126 448 168 472 esse
183 438 287 483 nequibant,
301 438 376 472 directis
391 437 473 482 epistolis
486 438 593 482 questiones
606 447 664 482 super
676 436 772 482 capitula5

51 489 183 532 scripturarum
194 492 274 524 nodosas
286 491 367 532 enodari,
380 496 398 523 et
409 491 496 524 obscuras
508 490 543 523 sibi
554 495 643 534 exoptant
654 489 755 522 dilucidari.

51 541 105 575 Vnde
116 542 165 576 inter
175 542 210 577 alia
221 543 289 588 scripta
301 554 340 585 sua,
352 543 370 577 in
381 542 501 587 Euangelium
513 542 563 578 Luce
574 553 608 577 sex
620 541 755 587 explanationis

51 594 108 629 libros
117 595 220 631 luculenter
230 596 292 636 edidit,
300 597 404 641 postulatus
413 596 436 630 ab
446 595 534 640 episcopo
543 595 680 639 hagustaldensi
688 595 754 636 Acca¹,

52 646 103 681 cuius
117 648 239 684 exhortatoria
252 651 275 684 ad
289 661 331 685 eum
345 650 422 694 epistola
435 649 460 683 ita
471 649 545 693 incipit:
562 649 622 694 ‘Sepe
635 648 710 694 quidem
723 655 754 684 tue

52 706 114 736 sancte
126 701 234 737 fraternitati
245 709 263 737 et
273 703 340 738 absens
352 703 455 744 scribendo,
463 707 481 736 et
492 713 571 747 presens
582 702 702 747 colloquendo
711 713 754 747 sug·
765 711 783 732 ro

51 753 106 798 gessi,
119 760 139 788 vt
154 761 196 799 post
210 756 345 800 expositionem
361 756 441 790 Actnum
456 756 586 799 apostolorum,
599 756 618 790 in
633 755 754 800 Euangelium

52 818 124 852 quoque
133 808 182 843 Luce
193 809 274 843 scribere
286 809 378 854 digneris:
392 809 445 852 Quod
457 809 497 852 ipse
508 808 597 859 haetenus
606 809 711 843 verecunda
723 820 755 843 ex·

51 860 144 895 cusatione
156 861 230 897 differre
243 873 298 907 quam
312 862 373 896 faeere
386 860 476 896 maluisti!
500 861 523 895 Et
534 860 553 895 in
565 871 654 905 processu
666 861 754 906 epistole:

51 913 138 948 ‘Beatum
150 915 219 949 Lucam
231 915 323 949 luculento
335 925 421 949 sermone
433 924 512 958 expone.
536 914 558 948 Et
570 914 612 958 quia
622 918 698 948 sanctus
709 914 755 949 Am-

51 966 123 1001 brosius
131 968 210 1010 quedam
218 967 321 1002 indiscussa
331 967 414 1010 preteriit
422 978 459 1010 que
467 967 497 1007 illl,
506 967 559 1010 quasi
567 977 640 1001 summe
647 966 755 1002 eruditionis
765 977 782 1007 ¹5

51 1018 95 1058 viro,
109 1019 164 1062 plana
176 1030 210 1053 ncc
223 1019 294 1063 quesitu
308 1019 363 1062 digna
375 1019 494 1060 videbantur;
512 1019 546 1053 hec
559 1029 638 1064 quoque,
652 1020 755 1064 perspectis

51 1071 127 1105 aliorum
135 1078 207 1116 patrum
215 1072 314 1116 opusculis,
322 1072 427 1117 diligentius
435 1073 477 1114 tuis,
484 1072 514 1106 vel
522 1083 586 1106 eorum
594 1072 647 1107 dictis
655 1073 755 1117 explanare

52 1130 119 1159 curato.
142 1125 202 1159 Credo
214 1125 273 1166 etiarn,
281 1130 313 1160 tuo
321 1125 461 1169 vigilantissimo
472 1125 551 1170 ingenio,
560 1124 591 1169 qui
602 1125 621 1159 in
633 1125 674 1169 lege
686 1124 755 1160 domini

52 1177 157 1211 meditanda
164 1178 204 1212 dies
215 1184 315 1223 noctesque
324 1178 387 1212 ducis²
394 1177 499 1223 peruigiles,
507 1178 601 1213 nonnullis
609 1178 628 1212 in
636 1178 681 1213 locis
688 1190 725 1224 que
732 1179 755 1213 ab

52 1230 79 1264 eis
87 1230 192 1266 intermissa
200 1237 248 1273 sunt,
256 1232 299 1276 quid
307 1231 372 1266 sentiri
383 1232 453 1273 debeat,
461 1237 524 1265 auctor
531 1230 577 1265 lucis
585 1231 660 1276 aperiat.
683 1231 754 1266 lustum
763 1241 783 1262 ao

52 1294 132 1329 namque
140 1284 184 1319 satis
192 1292 221 1320 est
229 1290 247 1319 et
254 1296 335 1329 superne
342 1285 415 1329 pietatis
424 1290 479 1330 atque
490 1284 574 1330 equitatis
582 1284 703 1320 moderamini
711 1296 754 1320 con-

52 1338 135 1378 ueniens,
150 1344 169 1372 vt
184 1339 220 1382 qui,
236 1339 325 1383 neglectis
340 1340 363 1372 ad
380 1338 471 1381 integrum
490 1338 554 1372 mundi
571 1338 654 1382 negotiis,
670 1344 754 1373 eternum

51 1400 153 1434 verumque
160 1390 250 1434 sapientie
260 1391 322 1425 lumen
333 1390 426 1425 indelessa
436 1395 499 1425 mente
510 1389 633 1435 persequeris,
641 1395 659 1426 et
669 1390 699 1425 hic
708 1390 754 1425 sruc-

52 1448 91 1477 tum
102 1443 221 1488 intelligentie
228 1443 308 1487 purioris
317 1444 427 1488 assequaris,
436 1449 453 1478 et
462 1442 481 1478 in
491 1444 552 1478 suturo
561 1443 628 1488 ipsum,
636 1443 654 1478 in
665 1454 701 1488 quo
712 1450 755 1479 sunt

53 1507 118 1530 omnes
126 1497 206 1531 thesauri
214 1497 304 1541 sapientie
312 1503 330 1531 et
337 1498 413 1532 scientie
424 1497 531 1539 absconditi,
542 1508 606 1541 regern
614 1497 633 1531 in
643 1498 709 1531 decore
721 1507 755 1532 suo
764 1507 782 1537 ²5

52 1550 121 1583 mundo
136 1550 191 1584 corde
207 1549 346 1594 contempleris.¹
374 1549 463 1594 Denique,
478 1555 498 1584 vt
513 1554 531 1584 et
549 1550 590 1594 ipse
608 1549 659 1585 Beda
676 1549 755 1595 scripsit,

53 1613 128 1646 semper
139 1604 206 1638 docere
217 1609 235 1637 et
247 1604 328 1638 scribere
339 1604 393 1638 dulce
406 1604 474 1637 habuit.
518 1596 589 1639 ³Cnius
600 1603 634 1638 viri
645 1603 755 1639 venerabilis

52 1657 101 1699 apud
113 1667 209 1689 romanum
221 1656 327 1700 pontificem
339 1658 385 1690 adeo
396 1656 474 1690 celebris
486 1662 525 1690 erat
536 1657 590 1700 fama,
599 1662 619 1691 vt
630 1658 654 1691 ad
665 1657 754 1701 quasdam

52 1710 159 1742 enodandas
167 1719 218 1743 sacre
226 1710 316 1752 scripture
324 1709 436 1752 questiones,
444 1709 484 1742 eins
492 1708 559 1742 auxilio
570 1719 646 1742 romana
653 1709 755 1743 sublimitas

52 1759 147 1804 indigeret.
170 1761 224 1803 Quod
235 1768 297 1796 autem
307 1762 367 1797 Rome
377 1761 436 1802 suerit,
444 1762 502 1796 solide
512 1773 549 1795 non
558 1762 639 1804 affirmo;
651 1763 685 1795 sed
692 1768 754 1796 tamen
763 1771 783 1800 30

52 1813 104 1847 illum
112 1813 154 1847 illuc
162 1813 257 1848 inuitatum
266 1825 303 1848 non
311 1814 379 1856 dubito,
387 1815 435 1858 quod
444 1814 478 1848 hec
487 1813 564 1858 epistola
572 1814 641 1849 clarum
649 1813 691 1848 iacit
699 1825 754 1858 quam

53 1865 96 1900 olim
108 1867 185 1911 Sergius
197 1878 246 1911 papa
259 1867 340 1902 Colsrido
355 1868 415 1901 abbati
429 1866 515 1911 girwensi
528 1867 547 1901 in
561 1867 595 1901 hec
607 1867 664 1901 verba
677 1867 754 1903 direxit:

53 1912 143 1963 ‘Sergius
155 1920 253 1964 episcopus
264 1931 330 1955 seruus
342 1931 439 1955 seruorum
451 1920 486 1962 dei,
498 1920 578 1955 Colsrido
591 1920 677 1963 religioso
688 1920 754 1961 abbati,

53 1972 130 2007 salutem
141 1977 159 2006 et
169 1973 288 2016 apostolicam
297 1973 450 2008 benedictionem.
473 1973 544 2016 Quibus
551 1973 612 2007 verbis
622 1978 640 2007 et
649 1973 708 2007 modis
719 1973 755 2008 cle-

53 2025 140 2061 mentiam
153 2025 183 2060 dei
201 2026 258 2061 nostri
274 2031 328 2072 atque
346 2026 487 2062 inenarrabilem
504 2026 639 2073 prouidentiam
654 2037 755 2071 possumus
763 2037 782 2069 35

53 2080 109 2122 effari,
115 2084 133 2114 et
141 2079 205 2123 dignas
213 2080 312 2124 gratiarum
320 2081 402 2115 actiones
409 2092 444 2125 pro
450 2080 599 2115 uniuersis⁴eius
605 2080 700 2115 benefieiis
708 2080 755 2115 eirca

53 2143 86 2168 nos
98 2132 210 2177 persoluere,
220 2133 251 2176 qui
263 2132 282 2167 in
294 2134 375 2169 tenebris
386 2139 405 2169 et
415 2134 481 2169 umbra
492 2133 562 2179 positos
573 2135 596 2168 ad
606 2132 669 2168 lumen
678 2133 754 2169 scientie

52 2186 166 2230 perducit...
175 2210 179 2219 .
188 2186 289 2220 Hortamur
300 2186 362 2229 itaque
375 2186 422 2221 deo⁶
433 2188 517 2221 dilectam
529 2187 651 2230 religiositatis
662 2191 693 2220 tue
704 2187 754 2220 boni-

52 2244 113 2280 tatem,
118 2244 142 2278 vt,
149 2238 197 2283 quia,
202 2239 270 2273 exortis
277 2238 387 2282 quibusdam
395 2240 561 2274 ecclesiasticarum
569 2249 665 2273 causarum
670 2238 754 2283 capitulis

52 2303 89 2327 non
103 2292 144 2327 sine
156 2292 292 2328 examinatione
305 2292 377 2336 longius
390 2292 532 2334 innotescendis,
546 2303 592 2336 opus
607 2292 660 2326 nobis
674 2292 719 2327 suit⁰
730 2294 753 2328 ad
762 2303 783 2334 40

53 2346 185 2381 eonferendum
196 2352 235 2381 arte
246 2346 346 2380 litterature
356 2346 445 2380 imbutum
450 2347 462 2387 ⁷,
470 2346 516 2380 sicut
527 2347 580 2380 decet
591 2347 678 2381 deuotum
689 2347 754 2381 anxili-

52 2406 122 2435 atorem
133 2405 196 2434 sancte
207 2401 270 2435 matris
278 2405 296 2434 et
303 2400 413 2435 vniuersalis
421 2399 505 2442 ecclesie,
513 2399 580 2434 immo⁸
588 2399 692 2435 obedientie
697 2400 754 2435 deno·

72 2484 77 2501 ¹
88 2485 105 2515 T.
114 2494 159 2520 aeca;
170 2485 188 2514 E.
196 2490 235 2516 acta.
313 2485 320 2503 ²
329 2486 347 2514 T.
355 2485 372 2514 E.
380 2486 433 2515 duces.
508 2484 514 2502 ³
526 2485 573 2515 From
580 2485 624 2515 Will.
632 2486 685 2517 hlalm.
693 2488 733 2524 Reg.
742 2487 754 2518 Ι,

51 2524 73 2595 *W
67 2524 111 2594 lltM'
120 2525 204 2556 immensis.
246 2525 303 2556 ³E.in
311 2525 378 2556 domino.
420 2523 528 2556 ‘Wntsnnc
568 2524 644 2559 'imbuti
686 2526 754 2559 'emin
