1762 2803
125 100 168 179 2'98
239 179 240 182 Ν
312 120 634 184 manauerantque.
742 133 826 173 usu

124 244 179 284 quarn]
189 248 236 276 antea
246 256 264 276 se
274 245 333 275 uidisse
340 244 409 283 putabat.
429 244 461 275 Alii
473 245 489 275 in
500 245 535 282 hiis,
546 246 572 276 alii
582 246 598 276 in
609 246 640 276 illis
651 245 690 276 locis
700 255 730 284 per
739 248 828 276 conuentus

124 294 194 323 distincti
204 298 255 329 erant,
265 298 282 323 et
292 298 350 326 tamen,
361 297 407 329 prout
418 293 508 329 uoluerunt,
517 293 543 323 alii
554 295 574 323 de
584 294 617 323 istis
628 294 644 323 in
656 293 692 329 iliis,
703 293 729 323 alii
740 294 760 322 de
770 292 800 321 illis
811 292 827 321 in

125 340 159 370 istis
170 341 236 371 cateruis
246 351 281 371 cum
292 340 344 370 leticia
355 340 446 378 transibant,
455 340 509 378 sicque
519 341 566 371 fiebat
573 345 590 371 ut
600 346 616 371 et
627 341 653 371 alii
664 341 684 371 de
693 340 759 370 aliorum
766 340 828 369 uisione

125 389 219 426 gaudebant,
232 393 248 418 et
260 389 286 417 alii
298 389 317 417 dc
329 388 395 417 aliorum
407 388 500 418 uisitacione
512 389 606 418 exultabant.
627 388 676 418 Chori
689 388 741 418 choris
753 397 782 424 per
794 387 829 416 loca

109 435 213 476 5astiterunt,
228 434 308 471 dulcisque
319 433 389 463 armonie
400 439 478 463 concentu
490 438 576 464 creatorem
588 444 634 464 suum
644 434 732 465 laudabant.
758 433 778 463 Et
789 432 829 462 sicut

126 482 171 511 stella
182 493 192 511 a
203 482 249 511 stella
261 482 313 511 differt
325 482 342 510 in
354 481 431 518 claritate,
442 482 464 511 ita
475 485 508 510 erat
518 482 609 511 differencia
619 482 663 511 uaria
673 482 689 511 in
700 491 754 511 eorum
762 480 829 510 uestium

127 534 142 558 et
150 531 220 558 uultuum
229 530 286 559 nitore.
307 529 339 558 Alii
350 539 388 558 uero
399 530 456 558 amictu
467 530 561 559 uidebantur
569 530 636 569 indu[t]i
646 539 700 565 aureo,
707 530 733 559 alii
744 530 796 566 uiridi,
803 529 830 558 alii

127 586 211 615 purpureo,
222 576 249 607 nlii
260 576 349 615 iacinctino,
360 576 387 606 alii
397 577 466 613 ceruleo,
476 577 502 607 alii
512 577 587 613 candido:
602 577 634 615 alii,
643 577 687 615 quasi
697 586 747 615 reges,
759 576 830 606 coronati

127 624 226 660 incedebant,
240 624 267 653 alii
281 624 298 653 in
312 624 383 653 manibus
400 625 460 661 palmas
477 633 532 653 aureas
547 625 626 654 tenebant.
653 625 726 661 Vndique
740 628 830 654 sanctorum

101 671 187 705 10audiuit
200 675 295 700 concentum
311 671 365 699 laudes
381 671 407 700 dei
424 671 555 709 personancIum3
572 672 629 709 singuli
643 671 663 700 de
677 671 741 709 propria
756 670 831 699 felicitate

127 719 223 755 gaudebant,
230 718 287 755 singuli
294 719 314 747 de
321 718 418 755 singulorum
425 718 482 755 gaudio
492 721 508 747 et
517 719 601 754 erepcione
608 719 703 748 exultabant.
725 719 786 748 Omnes
793 726 831 745 uero

128 766 148 795 de
159 765 212 794 militis
222 766 292 795 aduentu
302 766 348 794 deum
358 765 478 801 benedicebant,
489 768 505 794 et
515 766 560 802 quasi
570 766 590 795 de
602 765 671 795 fraterne
681 765 736 795 mortis
747 764 831 802 erepcione

129 814 251 857 gratulabantur.
267 814 378 850 Vnusquisque
385 814 402 842 iu
409 814 459 851 patria
466 813 492 842 illa
499 813 585 849 exultabat,
592 814 661 851 undique
667 816 757 842 sanctorum
764 812 832 841 melodia

130 862 218 891 resonabat.
240 862 273 890 Nec
284 865 334 890 estum
342 870 371 889 nec
378 861 426 897 frigus
433 861 454 890 ibi
463 861 549 896 senciebat‚
557 870 586 891 nec
596 862 637 898 quod
648 861 729 890 offendere
739 860 765 890 uel
774 869 832 888 nocere

104 920 122 950 15
130 913 185 947 posset
196 908 217 937 ibi
227 908 309 946 quicquam
319 907 386 938 uidebat.
407 907 465 937 Omnia
477 908 498 937 ibi
510 911 572 947 pacata,
582 908 635 938 omnia
647 908 708 946 placita,
720 907 773 938 omnia
784 909 832 944 grata.

129 955 250 992 Archiepiscopi
260 960 313 983 autem
323 955 390 991 predicti
400 955 444 983 militi
454 955 540 984 dixerunt:
551 956 606 993 ¹Ecce,
616 956 669 993 frater,
677 955 730 984 uidisti
737 965 768 992 que
779 954 833 982 uidere

130 1002 232 1031 desiderasti:
243 1002 297 1030 uidisti
304 1002 346 1030 enim
353 1006 432 1031 tormenta
439 1005 543 1039 peccatorum,
551 1003 604 1032 uidisti
611 1002 636 1032 hic
646 1006 662 1031 et
669 1001 739 1038 requiem
746 1001 831 1031 beatorum.

131 1050 183 1079 Patria
193 1049 234 1077 enim
242 1049 272 1078 ista
282 1053 307 1078 est
317 1049 397 1078 terrestris
407 1049 493 1088 paradisus,
505 1050 547 1078 unde
560 1059 589 1088 pro
599 1050 668 1088 peccatis
679 1049 739 1079 eiectus
751 1053 775 1077 est
785 1048 833 1077 horno

131 1098 195 1135 primus.
221 1097 305 1134 Postquam
318 1096 360 1126 enirn
372 1097 403 1126 deo
414 1097 463 1126 subici
476 1107 504 1135 per
515 1098 585 1136 precepti
599 1097 707 1127 obedienciam
719 1097 775 1133 noluit,
786 1095 834 1125 celica

105 1158 124 1178 20
131 1145 188 1182 gaudia
195 1153 225 1181 que
235 1144 251 1173 in
262 1145 292 1174 hoc
302 1144 337 1173 loco
347 1144 407 1181 positus
417 1145 557 1182 contemplabatur,
565 1145 605 1175 ultra
615 1145 670 1175 uidere
679 1154 711 1174 non
719 1144 774 1182 potuit.
795 1144 834 1173 Cum

132 1200 171 1220 uero
181 1199 210 1228 per
220 1191 344 1220 inobedienciam
355 1192 415 1229 cecidit,
427 1192 477 1220 eciam
487 1192 540 1220 lumen
550 1193 613 1227 mentis,
622 1201 654 1229 quo
664 1192 773 1228 illustrabatur,
785 1190 805 1219 ab
816 1198 835 1218 eo

132 1238 202 1268 recessit.
224 1238 249 1267 Ex
260 1238 303 1267 cuius
314 1247 362 1266 carne
376 1247 405 1267 nos
418 1247 473 1267 omnes
485 1238 518 1267 nati
530 1247 584 1268 sumus
596 1238 613 1267 in
625 1238 696 1268 miseria:
707 1242 732 1268 set
743 1241 795 1268 tamen
807 1245 836 1273 per

132 1286 180 1315 iidem
192 1285 251 1314 domini
261 1284 311 1313 nostri
323 1284 370 1313 ihesu
379 1284 443 1320 Christi,
453 1294 500 1321 quam
509 1284 526 1313 in
534 1281 627 1323 baptismate
636 1285 739 1322 suscepimus,
750 1283 836 1313 rediuimus

133 1334 153 1363 ad
165 1334 206 1363 hanc
217 1332 287 1371 patriam.
307 1332 360 1362 Vitam
371 1332 416 1363 aliam
428 1333 521 1363 credidimus
533 1342 569 1364 esse
580 1343 609 1372 per
619 1333 690 1371 spiritum
703 1336 780 1370 sanctum,
790 1340 836 1369 quam
873 1367 875 1371 .

107 1394 125 1425 ²5
134 1391 169 1411 esse
177 1390 209 1410 non
217 1381 295 1419 potuimus
303 1380 348 1416 scire,
356 1380 396 1410 sicut
403 1381 434 1418 ille,
442 1390 472 1419 per
478 1381 608 1419 experimentum.
626 1382 755 1419 Verumptamen,
762 1379 836 1418 quoniam

134 1434 171 1467 post
182 1428 219 1457 fidei
231 1428 350 1465 suscepcionem
362 1428 415 1457 multis
426 1428 512 1457 actualibus
523 1429 591 1466 peccatis
603 1428 677 1466 implicati
688 1428 751 1464 suimus,
763 1437 796 1456 non
807 1426 837 1455 nisi

135 1486 164 1515 per
174 1476 285 1514 purgacionem
296 1479 410 1505 tormentorum
420 1485 450 1514 per
460 1485 490 1513 que
500 1476 570 1506 transisti
580 1477 611 1506 huc
621 1476 676 1506 uenire
686 1476 770 1514 potuimus.
791 1473 837 1503 Peni-

136 1525 203 1554 tenciam
210 1524 251 1552 enim
258 1533 305 1560 quam
312 1527 348 1552 ante
356 1528 422 1552 mortem
429 1524 455 1553 uel
462 1524 478 1552 in
485 1528 536 1553 morte
543 1525 641 1561 suscepimus
648 1529 664 1554 et
670 1523 734 1554 minime
741 1522 838 1561 perfecimus.

137 1571 153 1599 in
161 1570 192 1599 illis
199 1568 238 1598 locis
244 1569 331 1606 penalibus,
339 1569 366 1597 alii
373 1570 433 1605 maiori,
440 1569 466 1598 alii
474 1569 529 1598 minon'
537 1570 591 1606 spacio
598 1570 673 1607 temporis
681 1570 767 1599 secundum
774 1569 838 1597 modum

109 1630 129 1659 30
137 1622 154 1647 et
160 1615 264 1654 quantitatem
272 1615 357 1653 culparum,
366 1619 444 1646 tormenta
454 1616 512 1645 luendo
519 1617 612 1654 peregimus.
634 1617 694 1647 Omnes
703 1616 745 1646 enim
753 1615 779 1653 qni
786 1615 803 1644 in
809 1614 839 1643 hac

137 1665 192 1702 requie
201 1673 260 1700 sumus,
268 1663 284 1693 in
294 1664 325 1694 illis
336 1663 374 1693 locis
384 1674 413 1701 pro
424 1664 493 1701 peccatis
504 1664 561 1695 nostris
571 1665 637 1701 iuimus3
647 1664 670 1695 sic
680 1669 697 1695 et
707 1674 762 1694 omnes
772 1672 812 1701 quos
822 1661 839 1690 in

137 1712 204 1750 singulis
213 1712 253 1741 locis
262 1711 343 1749 penalibus
351 1711 409 1748 uidisti,
416 1716 470 1749 preter
476 1721 504 1741 eos
511 1712 537 1749 qui
545 1712 584 1743 infra
592 1722 610 1742 os
617 1712 660 1750 putei
667 1712 747 1742 infernalis
754 1715 796 1748 sunt,
803 1714 839 1748 post

137 1758 249 1798 purgacionem
259 1759 279 1788 ad
289 1759 330 1788 hanc
338 1758 355 1787 in
365 1768 396 1795 qua
403 1769 445 1789 nunc
455 1768 509 1788 surnus
519 1761 589 1796 requiem
600 1759 718 1797 peruenientes,
726 1759 766 1789 salui
776 1758 839 1788 tandem

138 1812 189 1838 erunt.
211 1807 258 1836 Omni
266 1816 304 1836 uero
312 1807 337 1836 die
344 1807 393 1836 seculi
400 1807 438 1836 inde
448 1807 509 1844 purgati
516 1807 547 1836 huc
554 1809 573 1837 ad
582 1817 612 1837 nos
619 1808 684 1837 ueniunt
691 1807 747 1844 aliqui:
758 1811 774 1836 et
780 1815 810 1835 nos
817 1806 840 1834 eis

111 1867 129 1897 35
138 1855 200 1884 obuiam
205 1854 283 1889 uenimus,
289 1853 329 1883 sicut
336 1857 352 1883 et
359 1853 387 1884 tibi
394 1854 463 1892 lecimus,
469 1858 485 1883 et
492 1863 520 1883 eos
528 1854 544 1883 in
551 1856 592 1884 hanc
599 1854 668 1892 requiem
674 1853 791 1884 introducimus
810 1851 841 1889 Qui

138 1913 178 1932 uero
188 1903 229 1932 bene
240 1902 301 1939 purgati
312 1902 333 1930 de
343 1911 409 1938 corpore
420 1906 484 1940 exeunt,
493 1902 545 1930 statim
555 1903 585 1931 huc
595 1903 616 1931 ad
626 1913 656 1931 nos
665 1902 764 1939 perueniunt.
785 1900 841 1929 Nullus

138 1954 191 1980 autem
198 1958 252 1979 eorum
260 1949 286 1987 qui
296 1949 312 1978 in
322 1948 367 1987 penis
376 1953 413 1979 sunt
423 1949 467 1979 nouit
473 1950 546 1987 quamdiu
556 1950 577 1980 ibi
585 1950 693 1979 demoraturus
701 1949 726 1981 sit.
748 1949 779 1978 Per
786 1948 842 1978 missas

139 2008 177 2027 uero
187 2001 203 2027 et
213 1998 282 2035 psalmos
289 2002 305 2026 et
312 1997 394 2026 oraciones
405 2002 421 2026 et
431 1997 531 2034 elemosinas,
538 1998 613 2034 quociens
624 2007 653 2035 pro
664 1997 687 2026 eis
697 1997 741 2032 fiunt,
749 2002 776 2026 aut
787 2006 841 2025 eorum

139 2048 218 2076 tormenta
224 2045 326 2080 minorantur,
334 2048 361 2073 aut
370 2044 390 2073 de
400 2045 439 2082 ipsis
449 2044 531 2074 tormentis
541 2045 557 2074 in
567 2045 653 2074 minoribus
664 2044 783 2079 transferuntur,
792 2044 842 2073 donec

113 2105 132 2135 40
141 2093 205 2123 omnino
212 2101 240 2129 per
247 2091 284 2121 talia
291 2091 368 2121 beneficia
374 2091 465 2122 liberentur.
486 2092 548 2122 Etcum
558 2093 573 2122 in
583 2093 623 2122 hanc
631 2092 697 2130 patriam
704 2092 782 2127 uenerint,
790 2099 842 2129 quarn-

141 2141 167 2169 diu
178 2140 203 2168 hic
215 2139 284 2168 mansuri
297 2139 329 2167 sint
341 2139 417 2174 nesciunt,
430 2140 482 2168 nullus
494 2140 535 2168 enirn
546 2145 617 2169 nostrum
631 2141 661 2169 hoe
673 2140 714 2169 seire
726 2144 779 2177 potest
791 2140 811 2168 dc
825 2147 843 2167 se

141 2185 215 2224 quamdiu
222 2185 247 2214 hic
254 2184 311 2214 debeat
318 2194 357 2215 esse.
380 2185 423 2215 Sicut
432 2185 475 2215 enim
484 2185 500 2215 in
509 2186 547 2215 locis
558 2186 639 2224 penalibus
647 2186 733 2216 secundum
742 2185 844 2223 quantitatem

142 2235 221 2271 culparum
232 2233 319 2270 percipiunt
330 2234 419 2263 remorandi
430 2234 455 2263 sni
466 2234 541 2270 spacium,
553 2235 574 2264 ita
588 2238 604 2263 et
618 2234 644 2271 qui
655 2234 680 2263 hic
692 2242 746 2264 sumus
757 2233 843 2263 secundum

143 2282 199 2311 merita
209 2280 251 2310 bona
260 2280 311 2309 minus
319 2279 374 2317 plusue
384 2281 409 2310 hic
420 2280 499 2319 morand(i
505 2280 582 2320 spacium)
593 2281 698 2319 percepimus,
706 2284 723 2311 et
732 2281 769 2311 licet
779 2291 789 2311 a
798 2278 844 2317 penis

114 2341 134 2371 45
142 2330 191 2360 simus
202 2327 263 2357 liberati
275 2332 292 2356 et
302 2326 352 2363 liberi,
365 2331 417 2357 tamen
429 2329 449 2358 ad
462 2338 547 2366 supernam
558 2329 587 2358 celi
597 2329 664 2359 leticiam
677 2329 763 2359 ascendere
775 2327 844 2358 nondum

142 2386 196 2408 sumus
204 2376 251 2414 digni.
272 2375 350 2412 Quamdiu
357 2375 399 2405 enim
406 2376 432 2405 hie
439 2376 559 2413 moraturussit,
566 2377 617 2406 nullus
624 2377 644 2406 de
651 2387 669 2406 se
677 2376 741 2416 (nouit).
759 2374 844 2412 Ecce,(ut)

143 2426 193 2461 uides,
203 2424 220 2452 in
227 2431 284 2459 magna
294 2422 348 2458 requie
356 2426 372 2450 et
382 2423 433 2451 leticia
443 2431 505 2452 sumus:
515 2427 540 2452 set
547 2428 583 2461 post
593 2425 663 2461 spacium
673 2433 683 2453 a
693 2425 724 2452 deo
734 2423 799 2460 singuiis
809 2430 845 2451 con·

143 2472 215 2503 stitutum
229 2470 265 2500 hinc
277 2469 382 2499 transibimus.
408 2470 470 2500 Cotidie
481 2469 523 2500 enim
536 2471 604 2501 societas
618 2474 672 2501 nostra
685 2471 745 2509 crescit,
759 2474 775 2501 et
789 2466 846 2500 cotidie

144 2517 226 2550 decrescit.
248 2517 292 2547 Sicut
299 2516 341 2546 enim
350 2516 408 2547 cotidie
418 2517 465 2555 aliqui
476 2517 496 2547 dc
506 2518 588 2548 tormentis
599 2518 660 2556 purgati
670 2518 696 2547 hic
706 2519 727 2548 ad
737 2527 767 2548 nos
775 2516 846 2549 ueniunt,

118 2579 137 2610 50
145 2568 167 2598 ita
180 2570 197 2598 et
210 2566 247 2596 hinc
261 2575 270 2596 a
283 2565 329 2595 nobis
343 2565 359 2595 in
373 2565 446 2603 paradiso
460 2565 532 2596 terrestri
545 2566 635 2597 constitutis
648 2566 696 2604 aliqui
714 2561 846 2605 (inparadisum)
