1762 2803
265 150 311 206 Ul
325 149 457 203 Uwsstflbili
472 149 555 202 lssssflfl.
717 164 757 194 111

58 272 119 315 odore,
127 278 146 307 vt
154 283 219 308 omnes
229 273 260 318 qui
270 273 353 308 astabant
365 271 384 307 in
395 272 481 317 paradiso
492 282 513 307 se
523 283 566 307 esse
577 272 684 314 crederent;
695 272 760 306 talem-

59 335 95 367 que
105 327 180 360 odorem
192 327 295 362 sentiebant
308 326 381 371 qualem
392 336 426 360 nec
438 325 538 361 timiamata
550 325 621 369 spirant
633 336 668 360 nec
679 324 761 360 balsama

59 378 151 421 preciosa¹
164 380 308 414 subministrant.
331 378 419 423 Sepultus
430 384 459 413 est
470 384 531 413 autern
542 378 561 412 in
572 379 638 412 eodem
649 378 761 412 monasterio

59 431 116 465 sancti
130 431 181 466 Pauli
196 433 244 477 apud
258 432 331 474 tanum,
344 442 393 466 anno
406 431 475 465 domini
490 430 654 476 septingentesimo
668 430 761 466 tricesimo

59 483 128 526 quinto,
140 485 193 520 etatis
204 496 249 520 vero
262 497 296 520 sue
309 485 515 530 quinquagesimonono‚
527 495 576 519 anno
588 484 689 519 centesimo
701 483 779 528 primo5

60 547 84 570 ex
98 548 134 581 quo
147 548 182 582 per
194 544 277 573 sanctum
290 538 398 574 Oswaldum
410 548 473 583 regem
487 543 504 573 et
516 537 610 573 Aidanum
623 537 730 582 pontificem
743 537 761 572 in

59 590 154 634 prouincia
167 591 292 627 Berniciorum
305 592 385 636 primum
397 592 472 626 fundata
480 597 509 626 est
519 591 601 626 ecclesia.
624 592 763 626 Extendebatur

60 648 121 677 autern
132 655 210 688 regnum
221 646 346 680 Berniciorum
357 656 367 679 a
376 645 432 679 ssuuio
439 645 493 688 Tyna
500 655 559 689 usque
568 646 591 678 ad
602 655 653 679 mare
663 644 761 685 scoticum;

60 705 139 738 regnum
153 707 198 731 uero
212 697 309 731 Deirorum
324 698 347 731 ab
360 697 446 731 Humbro
458 696 515 730 fluuio
529 697 569 730 siue
582 698 651 730 Trenta
665 707 723 741 vsque
739 697 762 730 ad

61 747 133 791 Tynam
140 748 216 783 fluuium
222 750 353 794 porrigebatur.
383 742 448 783 ²Licet
454 749 504 783 enim
510 749 560 783 Beda
566 749 585 783 in
591 755 696 784 sanctorum
701 749 763 782 catha·
773 760 791 781 ιο

61 801 103 845 logo
115 808 234 846 computetur,
242 808 304 837 tamen
316 803 339 837 ab
350 801 428 836 ecclesia
439 811 477 835 non
486 801 582 842 ‘sanctus'
591 800 624 835 sed
633 800 763 835 ‘uenerabilis¹

62 854 169 898 appellatur,
182 860 200 890 et
211 855 246 889 hoc
256 854 323 900 duplici
335 855 358 889 de
367 865 432 889 causa:
450 853 511 889 Prima
520 859 548 889 est
558 851 600 898 quia
611 864 652 889 curn
663 864 697 899 pre
707 854 764 888 nimia

62 913 157 942 senectute
169 908 209 943 eius
221 908 268 943 oculi
278 907 394 953 caligassent,
404 907 488 948 habebat,
500 912 519 941 vt
530 907 586 949 aiunt,
597 909 688 951 quendam
701 908 763 942 ducto·

62 971 108 1002 rem,
122 972 132 995 a
144 972 180 1005 quo
192 972 226 1005 per
237 961 290 996 villas
302 966 320 995 et
333 966 393 995 castra
404 970 425 995 se
436 959 477 995 duci
491 959 567 995 faciebat
579 966 597 994 et
610 960 676 1004 ubique
687 962 765 995 verbum

63 1014 131 1047 domini
142 1015 252 1057 predicabat.
275 1014 358 1055 Quadam
366 1013 406 1047 vice
416 1014 460 1046 dum
471 1023 505 1056 per
515 1013 607 1057 quandam
614 1013 681 1047 vallem
693 1012 793 1056 magnis15

63 1065 154 1109 lapidibus
167 1066 241 1110 plenam
254 1066 359 1107 transirent,
369 1065 409 1100 eius
418 1064 520 1110 discipulus
531 1065 629 1099 derisionis
638 1076 693 1101 causa
705 1065 765 1101 eidem

63 1118 114 1161 dixit,
122 1120 171 1163 quod
182 1118 205 1153 ibi
217 1125 267 1155 esset
277 1130 356 1164 magnus
366 1118 445 1163 populus
457 1125 583 1163 congregatus,
595 1118 625 1163 qui
635 1119 674 1154 eius
683 1118 766 1163 predica-

63 1172 133 1206 tionem
141 1171 217 1207 silenter
224 1178 242 1207 et
250 1173 303 1207 auide
311 1172 432 1216 expectabant
437 1171 449 1206 ³.
472 1171 524 1205 Tunc
531 1171 562 1205 ille
569 1171 664 1206 seruenter
671 1173 766 1216 predicare

64 1224 160 1268 incipiens,
166 1235 207 1258 cum
213 1224 233 1259 in'
238 1225 275 1259 fine
282 1226 325 1269 ‘per
330 1224 391 1258 omma
397 1224 459 1258 secula
465 1223 568 1258 seculorum
574 1225 578 1240 ¹
583 1224 712 1267 concludisset,
717 1235 766 1266 mox,

64 1282 83 1311 vt
95 1276 151 1319 aiunt,
163 1277 234 1322 lapides
246 1277 282 1312 alta
292 1288 338 1312 voce
350 1277 485 1312 clamauerunt:
502 1279 571 1318 ‘amem
581 1277 693 1312 venerabilis
704 1280 766 1323 pater.¹
776 1292 795 1313 20

65 1330 112 1372 Quia
127 1330 181 1374 igitur
196 1342 239 1365 eum
249 1330 374 1365 venerabilem
387 1329 497 1364 miraculose
510 1330 581 1374 lapides
594 1337 711 1371 vomuerunt,
724 1330 766 1365 ideo

65 1382 185 1418 ‘uenerabilis
200 1384 262 1427 pater¹
275 1382 381 1427 appellatur.
404 1382 445 1426 Vel,
458 1387 478 1417 vt
491 1381 521 1417 alii
535 1388 625 1425 asserunt,
637 1383 697 1427 angeli
709 1383 726 1418 ei
737 1395 766 1418 re·

66 1438 191 1480 sponderunt:
208 1437 274 1477 ‘Bene,
285 1435 395 1470 venerabilis
406 1440 464 1479 pater,
476 1434 547 1469 utristi!
570 1436 656 1470 Secunda
667 1447 723 1470 causa
734 1443 768 1478 est,

66 1488 108 1533 quia
116 1494 157 1534 post
166 1488 205 1523 eius
212 1494 291 1523 mortem
299 1488 374 1533 quidam
382 1488 459 1524 clericus
467 1487 502 1523 sibi
509 1489 587 1523 deuotus
595 1490 687 1533 quendam
693 1501 768 1524 versum

66 1543 122 1576 edere
134 1541 224 1585 cupiebat,
236 1552 291 1585 quem
302 1542 321 1576 in
333 1541 373 1576 eius
381 1541 451 1575 tumulo
463 1540 524 1576 facere
535 1542 594 1585 sculpi
604 1542 681 1584 volebat,
691 1542 716 1576 ita
725 1542 768 1576 inci·
778 1555 796 1585 ²5

66 1594 130 1639 piens:
143 1595 194 1629 ‘Hac
205 1600 248 1629 sunt
258 1594 277 1628 in
287 1594 347 1635 lossa,’
355 1594 420 1628 volens
428 1605 504 1628 versum
515 1594 574 1629 taliter
585 1595 695 1629 terminare:
708 1595 769 1629 ‘Bede

67 1647 125 1681 sancti
139 1649 190 1680 ossa.¹
213 1647 251 1681 Sed
267 1647 309 1691 quia
324 1646 378 1680 talem
393 1647 450 1680 finem
463 1656 529 1680 versus
544 1647 648 1690 congruitas
662 1658 699 1681 non
712 1648 769 1692 patie-

68 1700 126 1740 batur,
139 1704 157 1733 et
172 1699 247 1733 sedula⁴
259 1704 322 1733 mente
337 1698 441 1733 reuolueret
456 1709 490 1733 nec
505 1709 606 1743 congruum
618 1700 676 1734 finem
687 1700 769 1742 uideret;

68 1753 111 1786 dum
120 1753 199 1796 quadam
207 1757 261 1787 nocte
268 1752 287 1786 in
295 1757 354 1786 stratu
362 1751 407 1785 suo³
415 1761 471 1795 super
478 1752 513 1786 hoc
521 1751 609 1796 cogitans,
617 1762 671 1786 mane
678 1753 701 1786 ad
710 1758 770 1787 tumu-

67 1804 107 1839 lum
114 1810 237 1848 properasset,
246 1804 331 1839 manibus
340 1803 427 1848 angelicis
434 1815 509 1839 versum
519 1804 579 1840 taliter
589 1805 680 1849 sculptum
689 1805 770 1850 repperit
779 1817 799 1847 3⁰

68 1863 87 1892 ct
99 1856 181 1891 finitum:
197 1857 249 1891 ‘Hac
260 1863 303 1891 sunt
314 1857 333 1890 in
344 1857 394 1891 fossa
406 1857 457 1890 Bede
468 1858 578 1892 venerabilis
590 1859 643 1893 ossa.'
666 1858 711 1892 Eius
722 1868 770 1902 ossa,

68 1916 87 1946 vt
98 1910 176 1945 habetur
185 1910 204 1944 in
214 1911 252 1945 fine
260 1910 347 1955 Legende
355 1910 424 1954 Auree,
431 1911 481 1956 apud
489 1910 577 1945 Ianuam⁶
585 1910 682 1946 deuotione
690 1922 770 1955 congrua

69 1964 179 1997 recoluntur.
201 1964 269 1998 Verius
279 1969 341 1998 tamen
354 1964 434 1998 creditur
444 1964 493 2008 quod
504 1974 545 1998 cum
556 1974 633 2008 corpore
644 1964 702 1999 sancti
714 1964 771 1999 Cuth-

69 2016 116 2050 berti
128 2016 147 2050 in
159 2017 223 2050 locello
233 2027 277 2050 auro
287 2021 306 2051 et
317 2022 393 2060 argento
403 2017 502 2051 fabrefacto
513 2016 606 2051 recondita
616 2016 658 2059 sint,
669 2017 715 2051 sicut
725 2017 771 2051 anti-

69 2068 153 2113 quissimi
170 2068 218 2103 illius
235 2070 290 2113 plage
308 2068 385 2112 codices,
402 2074 421 2103 et
438 2069 493 2103 etiam
512 2068 588 2103 historie
607 2069 652 2104 satis
670 2069 771 2104 auctentice
781 2081 800 2112 35

69 2125 184 2157 attestantur.

357 2176 373 2213 ll
384 2175 484 2211 Narroir'o⁷.

92 2230 190 2282 Tempore
201 2236 278 2270 Adriani
293 2236 409 2281 imperatoris
422 2239 501 2282 quedam
514 2238 566 2282 virgo
579 2237 654 2272 nomine
668 2237 726 2272 Maria
738 2248 772 2281 pro

71 2292 108 2325 fide
123 2291 191 2324 Christi
206 2290 269 2324 multis
286 2290 382 2324 tormentis
397 2291 481 2332 cruciata,
496 2302 538 2325 cum
554 2301 620 2334 preces
634 2291 658 2324 ad
672 2291 733 2331 deum,
749 2301 773 2324 ue

71 2343 150 2387 amplius
162 2344 246 2377 manibus
259 2342 357 2387 impiorum
369 2353 410 2376 eam
422 2343 498 2377 lacerari
509 2343 630 2387 permitteret,
639 2352 680 2375 cum
693 2343 773 2378 lacrimis

72 2396 177 2438 effudissem
195 2401 249 2440 petra
266 2395 381 2441 pergrandis
396 2407 433 2440 que
450 2401 492 2430 ante
509 2396 571 2430 oculos
590 2395 629 2430 eius
646 2395 722 2438 iacebat,
738 2397 803 2438 deo4o

71 2450 146 2483 iubente
156 2449 252 2493 patefacta,
261 2450 326 2484 rimam
337 2448 407 2493 refugii,
418 2459 454 2493 qua
463 2448 514 2492 virgo
525 2448 654 2492 susciperetur,
662 2449 748 2492 ostendit,
756 2456 774 2485 et

92 2528 98 2546 ¹
108 2528 126 2558 E.
134 2537 216 2566 preconsa.
288 2527 294 2545 ²
305 2528 352 2558 From
360 2528 397 2564 Leg.
404 2526 463 2564 Aurea,
470 2536 486 2565 p.
494 2528 528 2565 833.
597 2526 604 2544 ³
614 2527 632 2558 1..
638 2527 659 2557 A.
666 2533 775 2566 expectarent.

72 2567 173 2598 ⁴E.eedula.
233 2567 453 2600 ³iusti-,sucorumLA.
513 2565 626 2598 ⁶=Genuam
687 2568 775 2599 tetvine.

73 2607 113 2638 Bell.
122 2609 149 2645 Sp.
157 2608 179 2637 H.
186 2607 207 2645 X,
215 2609 239 2646 87.
