<?xml version="1.0" encoding="UTF-8"?>
<!DOCTYPE html PUBLIC "-//W3C//DTD XHTML 1.0 Transitional//EN"
    "http://www.w3.org/TR/xhtml1/DTD/xhtml1-transitional.dtd">
<html xmlns="http://www.w3.org/1999/xhtml" xml:lang="en" lang="en">
 <head>
  <title>
</title>
<meta http-equiv="Content-Type" content="text/html;charset=utf-8" />
  <meta name='ocr-system' content='tesseract 3.04.00' />
  <meta name='ocr-capabilities' content='ocr_page ocr_carea ocr_par ocr_line ocrx_word'/>
</head>
<body>
  <div class='ocr_page' id='page_1' title='image "./MN5111ucmf_0/MN5111ucmf_0_0285.png"; bbox 0 0 1762 2803; ppageno 0'>
   <div class='ocr_carea' id='block_1_1' title="bbox 267 138 764 199">
    <p class='ocr_par' dir='ltr' id='par_1_1' title="bbox 267 138 764 199">
     <span class='ocr_line' id='line_1_1' title="bbox 267 138 764 199; baseline -0.022 -3"><span class='ocrx_word' id='word_1_1' title='bbox 267 140 313 196; x_wconf 67' lang='lat' dir='ltr'>De</span> <span class='ocrx_word' id='word_1_2' title='bbox 328 138 428 193; x_wconf 53' lang='lat' dir='ltr'>sanctu</span> <span class='ocrx_word' id='word_1_3' title='bbox 445 139 563 192; x_wconf 70' lang='lat' dir='ltr'>dalaiau.</span> <span class='ocrx_word' id='word_1_4' title='bbox 723 154 764 199; x_wconf 83' lang='lat'>195</span> 
     </span>
    </p>
   </div>
   <div class='ocr_carea' id='block_1_2' title="bbox 62 261 766 359">
    <p class='ocr_par' dir='ltr' id='par_1_2' title="bbox 62 261 766 359">
     <span class='ocr_line' id='line_1_2' title="bbox 63 261 766 308; baseline 0.004 -14"><span class='ocrx_word' id='word_1_5' title='bbox 63 271 105 295; x_wconf 88' lang='lat' dir='ltr'>eum</span> <span class='ocrx_word' id='word_1_6' title='bbox 113 262 136 295; x_wconf 89' lang='lat' dir='ltr'>ad</span> <span class='ocrx_word' id='word_1_7' title='bbox 143 272 246 306; x_wconf 85' lang='lat' dir='ltr'>vesperam,</span> <span class='ocrx_word' id='word_1_8' title='bbox 254 263 273 297; x_wconf 88' lang='lat' dir='ltr'>id</span> <span class='ocrx_word' id='word_1_9' title='bbox 281 268 314 306; x_wconf 89' lang='lat' dir='ltr'>est,</span> <span class='ocrx_word' id='word_1_10' title='bbox 322 268 442 308; x_wconf 90' lang='lat' dir='ltr'>prepararent</span> <span class='ocrx_word' id='word_1_11' title='bbox 451 272 516 297; x_wconf 93' lang='lat' dir='ltr'>omnes</span> <span class='ocrx_word' id='word_1_12' title='bbox 525 261 603 296; x_wconf 85' lang='lat' dir='ltr'><strong>ecclesie</strong></span> <span class='ocrx_word' id='word_1_13' title='bbox 611 272 645 306; x_wconf 93' lang='lat' dir='ltr'>per</span> <span class='ocrx_word' id='word_1_14' title='bbox 653 262 722 304; x_wconf 90' lang='lat' dir='ltr'>orbem,</span> <span class='ocrx_word' id='word_1_15' title='bbox 730 272 766 306; x_wconf 90' lang='lat' dir='ltr'>que</span> 
     </span>
     <span class='ocr_line' id='line_1_3' title="bbox 62 314 766 359; baseline 0.001 -12"><span class='ocrx_word' id='word_1_16' title='bbox 62 324 120 348; x_wconf 90' lang='lat' dir='ltr'>vnum</span> <span class='ocrx_word' id='word_1_17' title='bbox 132 315 251 350; x_wconf 90' lang='lat' dir='ltr'>catholicum¹</span> <span class='ocrx_word' id='word_1_18' title='bbox 261 317 333 359; x_wconf 82' lang='lat' dir='ltr'>faciunt,</span> <span class='ocrx_word' id='word_1_19' title='bbox 344 326 412 359; x_wconf 92' lang='lat' dir='ltr'>panem</span> <span class='ocrx_word' id='word_1_20' title='bbox 424 321 442 350; x_wconf 90' lang='lat' dir='ltr'>et</span> <span class='ocrx_word' id='word_1_21' title='bbox 453 316 517 351; x_wconf 91' lang='lat' dir='ltr'>vinum</span> <span class='ocrx_word' id='word_1_22' title='bbox 528 316 547 349; x_wconf 93' lang='lat' dir='ltr'>in</span> <span class='ocrx_word' id='word_1_23' title='bbox 559 314 661 349; x_wconf 83' lang='lat' dir='ltr'><strong>misterium</strong></span> <span class='ocrx_word' id='word_1_24' title='bbox 673 315 733 349; x_wconf 89' lang='lat' dir='ltr'>carnis</span> <span class='ocrx_word' id='word_1_25' title='bbox 748 320 766 349; x_wconf 90' lang='lat' dir='ltr'>et</span> 
     </span>
    </p>
   </div>
   <div class='ocr_carea' id='block_1_3' title="bbox 63 367 766 414">
    <p class='ocr_par' dir='ltr' id='par_1_3' title="bbox 63 367 766 414">
     <span class='ocr_line' id='line_1_4' title="bbox 63 367 766 414; baseline 0.001 -13"><span class='ocrx_word' id='word_1_26' title='bbox 63 367 158 411; x_wconf 85' lang='lat' dir='ltr'>sanguinis</span> <span class='ocrx_word' id='word_1_27' title='bbox 166 370 207 413; x_wconf 83' lang='lat' dir='ltr'>agni</span> <span class='ocrx_word' id='word_1_28' title='bbox 215 369 331 412; x_wconf 86' lang='lat' dir='ltr'>immaculati,</span> <span class='ocrx_word' id='word_1_29' title='bbox 340 370 371 414; x_wconf 91' lang='lat' dir='ltr'>qui</span> <span class='ocrx_word' id='word_1_30' title='bbox 378 369 452 404; x_wconf 81' lang='lat' dir='ltr'>abstuht</span> <span class='ocrx_word' id='word_1_31' title='bbox 460 374 534 414; x_wconf 88' lang='lat' dir='ltr'>peccata</span> <span class='ocrx_word' id='word_1_32' title='bbox 542 368 616 411; x_wconf 88' lang='lat' dir='ltr'>mundi;</span> <span class='ocrx_word' id='word_1_33' title='bbox 628 374 647 403; x_wconf 88' lang='lat' dir='ltr'>et</span> <span class='ocrx_word' id='word_1_34' title='bbox 654 368 766 413; x_wconf 83' lang='lat' dir='ltr'>precedente</span> 
     </span>
    </p>
   </div>
   <div class='ocr_carea' id='block_1_4' title="bbox 63 421 805 2533">
    <p class='ocr_par' dir='ltr' id='par_1_4' title="bbox 63 421 805 2533">
     <span class='ocr_line' id='line_1_5' title="bbox 63 421 767 466; baseline 0.001 -12"><span class='ocrx_word' id='word_1_35' title='bbox 63 431 144 464; x_wconf 84' lang='lat' dir='ltr'>congrua</span> <span class='ocrx_word' id='word_1_36' title='bbox 154 421 252 457; x_wconf 88' lang='lat' dir='ltr'>lectionum</span> <span class='ocrx_word' id='word_1_37' title='bbox 262 428 281 458; x_wconf 90' lang='lat' dir='ltr'>et</span> <span class='ocrx_word' id='word_1_38' title='bbox 291 424 393 457; x_wconf 87' lang='lat' dir='ltr'>orationum</span> <span class='ocrx_word' id='word_1_39' title='bbox 404 423 537 466; x_wconf 84' lang='lat' dir='ltr'>solempnitate,</span> <span class='ocrx_word' id='word_1_40' title='bbox 548 423 635 457; x_wconf 86' lang='lat' dir='ltr'>offerrent</span> <span class='ocrx_word' id='word_1_41' title='bbox 645 423 679 456; x_wconf 88' lang='lat' dir='ltr'>hec</span> <span class='ocrx_word' id='word_1_42' title='bbox 691 423 767 456; x_wconf 85' lang='lat' dir='ltr'>domino</span> 
     </span>
     <span class='ocr_line' id='line_1_6' title="bbox 63 474 785 520; baseline 0.003 -14"><span class='ocrx_word' id='word_1_43' title='bbox 63 474 82 507; x_wconf 94' lang='lat' dir='ltr'>in</span> <span class='ocrx_word' id='word_1_44' title='bbox 91 484 144 517; x_wconf 89' lang='lat' dir='ltr'>spem</span> <span class='ocrx_word' id='word_1_45' title='bbox 153 474 212 509; x_wconf 80' lang='lat' dir='ltr'>future</span> <span class='ocrx_word' id='word_1_46' title='bbox 221 486 254 509; x_wconf 89' lang='lat' dir='ltr'>sue</span> <span class='ocrx_word' id='word_1_47' title='bbox 263 476 401 520; x_wconf 82' lang='lat' dir='ltr'>redemptionis.</span> <span class='ocrx_word' id='word_1_48' title='bbox 424 475 467 520; x_wconf 91' lang='lat' dir='ltr'>lpsa</span> <span class='ocrx_word' id='word_1_49' title='bbox 477 482 505 509; x_wconf 90' lang='lat' dir='ltr'>est</span> <span class='ocrx_word' id='word_1_50' title='bbox 515 476 565 510; x_wconf 86' lang='lat' dir='ltr'>eninr</span> <span class='ocrx_word' id='word_1_51' title='bbox 576 476 641 510; x_wconf 86' lang='lat' dir='ltr'>eadem</span> <span class='ocrx_word' id='word_1_52' title='bbox 653 485 690 509; x_wconf 84' lang='lat' dir='ltr'>nox</span> <span class='ocrx_word' id='word_1_53' title='bbox 701 476 719 508; x_wconf 93' lang='lat' dir='ltr'>in</span> <span class='ocrx_word' id='word_1_54' title='bbox 731 484 767 517; x_wconf 88' lang='lat' dir='ltr'>qua</span> <span class='ocrx_word' id='word_1_55' title='bbox 776 486 785 517; x_wconf 78' lang='lat'><strong><em>5</em></strong></span> 
     </span>
     <span class='ocr_line' id='line_1_7' title="bbox 64 526 766 573; baseline 0.004 -15"><span class='ocrx_word' id='word_1_56' title='bbox 64 526 87 559; x_wconf 91' lang='lat' dir='ltr'>de</span> <span class='ocrx_word' id='word_1_57' title='bbox 102 526 174 571; x_wconf 66' lang='lat' dir='ltr'>Effipto</span> <span class='ocrx_word' id='word_1_58' title='bbox 185 539 218 572; x_wconf 92' lang='lat' dir='ltr'>per</span> <span class='ocrx_word' id='word_1_59' title='bbox 229 530 338 573; x_wconf 85' lang='lat' dir='ltr'>sanguinem</span> <span class='ocrx_word' id='word_1_60' title='bbox 347 530 389 572; x_wconf 83' lang='lat' dir='ltr'>agni</span> <span class='ocrx_word' id='word_1_61' title='bbox 400 529 496 562; x_wconf 83' lang='lat' dir='ltr'>israelitica</span> <span class='ocrx_word' id='word_1_62' title='bbox 506 529 560 573; x_wconf 87' lang='lat' dir='ltr'>plebs</span> <span class='ocrx_word' id='word_1_63' title='bbox 571 534 635 572; x_wconf 88' lang='lat' dir='ltr'>erepta</span> <span class='ocrx_word' id='word_1_64' title='bbox 645 534 683 570; x_wconf 87' lang='lat' dir='ltr'>est;</span> <span class='ocrx_word' id='word_1_65' title='bbox 695 529 736 572; x_wconf 87' lang='lat' dir='ltr'>ipsa</span> <span class='ocrx_word' id='word_1_66' title='bbox 747 529 766 562; x_wconf 92' lang='lat' dir='ltr'>in</span> 
     </span>
     <span class='ocr_line' id='line_1_8' title="bbox 64 581 767 626; baseline 0.004 -14"><span class='ocrx_word' id='word_1_67' title='bbox 64 589 100 622; x_wconf 90' lang='lat' dir='ltr'>qua</span> <span class='ocrx_word' id='word_1_68' title='bbox 108 590 141 622; x_wconf 92' lang='lat' dir='ltr'>per</span> <span class='ocrx_word' id='word_1_69' title='bbox 151 582 303 615; x_wconf 83' lang='lat' dir='ltr'>resurrectionem</span> <span class='ocrx_word' id='word_1_70' title='bbox 313 582 380 616; x_wconf 88' lang='lat' dir='ltr'>Christi</span> <span class='ocrx_word' id='word_1_71' title='bbox 391 582 477 616; x_wconf 88' lang='lat' dir='ltr'>liberatus</span> <span class='ocrx_word' id='word_1_72' title='bbox 485 587 513 616; x_wconf 92' lang='lat' dir='ltr'>est</span> <span class='ocrx_word' id='word_1_73' title='bbox 523 592 534 616; x_wconf 89' lang='lat' dir='ltr'>a</span> <span class='ocrx_word' id='word_1_74' title='bbox 544 587 602 616; x_wconf 87' lang='lat' dir='ltr'>morte</span> <span class='ocrx_word' id='word_1_75' title='bbox 613 587 677 615; x_wconf 85' lang='lat' dir='ltr'>eterna</span> <span class='ocrx_word' id='word_1_76' title='bbox 687 581 767 626; x_wconf 92' lang='lat' dir='ltr'>populus</span> 
     </span>
     <span class='ocr_line' id='line_1_9' title="bbox 64 632 767 678; baseline 0.003 -13"><span class='ocrx_word' id='word_1_77' title='bbox 64 632 125 666; x_wconf 90' lang='lat' dir='ltr'>omnis</span> <span class='ocrx_word' id='word_1_78' title='bbox 133 633 168 668; x_wconf 89' lang='lat' dir='ltr'>dei.</span> <span class='ocrx_word' id='word_1_79' title='bbox 191 633 246 668; x_wconf 85' lang='lat' dir='ltr'>Mane</span> <span class='ocrx_word' id='word_1_80' title='bbox 251 639 311 669; x_wconf 92' lang='lat' dir='ltr'>autem</span> <span class='ocrx_word' id='word_1_81' title='bbox 317 635 479 669; x_wconf 63' lang='lat' dir='ltr'>illucescenteldie</span> <span class='ocrx_word' id='word_1_82' title='bbox 487 634 583 677; x_wconf 88' lang='lat' dir='ltr'>dominica,</span> <span class='ocrx_word' id='word_1_83' title='bbox 588 634 667 678; x_wconf 89' lang='lat' dir='ltr'>primam</span> <span class='ocrx_word' id='word_1_84' title='bbox 674 633 767 678; x_wconf 83' lang='lat' dir='ltr'>paschalis</span> 
     </span>
     <span class='ocr_line' id='line_1_10' title="bbox 64 684 767 732; baseline 0.004 -14"><span class='ocrx_word' id='word_1_85' title='bbox 64 684 106 719; x_wconf 84' lang='lat' dir='ltr'>festi</span> <span class='ocrx_word' id='word_1_86' title='bbox 118 686 166 720; x_wconf 88' lang='lat' dir='ltr'>diem</span> <span class='ocrx_word' id='word_1_87' title='bbox 178 687 295 722; x_wconf 80' lang='lat' dir='ltr'>celebrarent.</span> <span class='ocrx_word' id='word_1_88' title='bbox 319 688 362 732; x_wconf 91' lang='lat' dir='ltr'>Ipsa</span> <span class='ocrx_word' id='word_1_89' title='bbox 369 693 397 722; x_wconf 92' lang='lat' dir='ltr'>est</span> <span class='ocrx_word' id='word_1_90' title='bbox 405 689 455 722; x_wconf 89' lang='lat' dir='ltr'>euim</span> <span class='ocrx_word' id='word_1_91' title='bbox 464 688 504 722; x_wconf 90' lang='lat' dir='ltr'>dies</span> <span class='ocrx_word' id='word_1_92' title='bbox 513 689 532 722; x_wconf 92' lang='lat' dir='ltr'>in</span> <span class='ocrx_word' id='word_1_93' title='bbox 543 698 578 732; x_wconf 91' lang='lat' dir='ltr'>qua</span> <span class='ocrx_word' id='word_1_94' title='bbox 587 687 726 722; x_wconf 87' lang='lat' dir='ltr'>resurrectionis</span> <span class='ocrx_word' id='word_1_95' title='bbox 733 697 767 721; x_wconf 89' lang='lat' dir='ltr'>sue</span> 
     </span>
     <span class='ocr_line' id='line_1_11' title="bbox 64 738 798 785; baseline 0.004 -14"><span class='ocrx_word' id='word_1_96' title='bbox 64 738 141 782; x_wconf 84' lang='lat' dir='ltr'>gloriam</span> <span class='ocrx_word' id='word_1_97' title='bbox 149 739 234 775; x_wconf 90' lang='lat' dir='ltr'>dominus</span> <span class='ocrx_word' id='word_1_98' title='bbox 242 740 359 785; x_wconf 88' lang='lat' dir='ltr'>multiphario</span> <span class='ocrx_word' id='word_1_99' title='bbox 368 742 398 785; x_wconf 87' lang='lat' dir='ltr'>pie</span> <span class='ocrx_word' id='word_1_100' title='bbox 409 741 526 776; x_wconf 89' lang='lat' dir='ltr'>reuelationis</span> <span class='ocrx_word' id='word_1_101' title='bbox 536 742 602 785; x_wconf 83' lang='lat' dir='ltr'>gaudio</span> <span class='ocrx_word' id='word_1_102' title='bbox 612 741 706 785; x_wconf 84' lang='lat' dir='ltr'>discipulis</span> <span class='ocrx_word' id='word_1_103' title='bbox 716 745 767 785; x_wconf 90' lang='lat' dir='ltr'>pate·</span> <span class='ocrx_word' id='word_1_104' title='bbox 777 753 798 774; x_wconf 83' lang='grc' dir='ltr'>ιο</span> 
     </span>
     <span class='ocr_line' id='line_1_12' title="bbox 66 791 768 838; baseline 0.003 -13"><span class='ocrx_word' id='word_1_105' title='bbox 66 791 118 834; x_wconf 80' lang='lat' dir='ltr'>fecit3</span> <span class='ocrx_word' id='word_1_106' title='bbox 130 793 171 836; x_wconf 88' lang='lat' dir='ltr'>ipsa</span> <span class='ocrx_word' id='word_1_107' title='bbox 178 795 238 837; x_wconf 89' lang='lat' dir='ltr'>prima</span> <span class='ocrx_word' id='word_1_108' title='bbox 245 795 285 828; x_wconf 90' lang='lat' dir='ltr'>dies</span> <span class='ocrx_word' id='word_1_109' title='bbox 293 795 393 828; x_wconf 81' lang='lat' dir='ltr'>azimorum</span> <span class='ocrx_word' id='word_1_110' title='bbox 401 794 424 828; x_wconf 92' lang='lat' dir='ltr'>de</span> <span class='ocrx_word' id='word_1_111' title='bbox 432 804 468 838; x_wconf 86' lang='lat' dir='ltr'>qua</span> <span class='ocrx_word' id='word_1_112' title='bbox 476 794 554 828; x_wconf 91' lang='lat' dir='ltr'>multum</span> <span class='ocrx_word' id='word_1_113' title='bbox 562 795 647 828; x_wconf 89' lang='lat' dir='ltr'>distincte</span> <span class='ocrx_word' id='word_1_114' title='bbox 655 794 674 827; x_wconf 94' lang='lat' dir='ltr'>in</span> <span class='ocrx_word' id='word_1_115' title='bbox 686 793 768 828; x_wconf 90' lang='lat' dir='ltr'>Leuitico</span> 
     </span>
     <span class='ocr_line' id='line_1_13' title="bbox 66 845 768 891; baseline 0.003 -13"><span class='ocrx_word' id='word_1_116' title='bbox 66 845 154 889; x_wconf 88' lang='lat' dir='ltr'>scriptum</span> <span class='ocrx_word' id='word_1_117' title='bbox 169 852 201 881; x_wconf 91' lang='lat' dir='ltr'>est.</span> <span class='ocrx_word' id='word_1_118' title='bbox 224 846 245 881; x_wconf 89' lang='lat' dir='ltr'>Si</span> <span class='ocrx_word' id='word_1_119' title='bbox 260 858 304 890; x_wconf 89' lang='lat' dir='ltr'>ergo</span> <span class='ocrx_word' id='word_1_120' title='bbox 319 848 358 881; x_wconf 90' lang='lat' dir='ltr'>fieri</span> <span class='ocrx_word' id='word_1_121' title='bbox 376 853 439 891; x_wconf 89' lang='lat' dir='ltr'>posset</span> <span class='ocrx_word' id='word_1_122' title='bbox 454 852 473 882; x_wconf 92' lang='lat' dir='ltr'>vt</span> <span class='ocrx_word' id='word_1_123' title='bbox 488 858 564 890; x_wconf 88' lang='lat' dir='ltr'>semper</span> <span class='ocrx_word' id='word_1_124' title='bbox 578 848 597 881; x_wconf 95' lang='lat' dir='ltr'>in</span> <span class='ocrx_word' id='word_1_125' title='bbox 612 846 661 881; x_wconf 88' lang='lat' dir='ltr'>diem</span> <span class='ocrx_word' id='word_1_126' title='bbox 677 848 768 891; x_wconf 92' lang='lat' dir='ltr'>quintum-</span> 
     </span>
     <span class='ocr_line' id='line_1_14' title="bbox 66 898 770 942; baseline 0.003 -12"><span class='ocrx_word' id='word_1_127' title='bbox 66 898 157 931; x_wconf 81' lang='lat' dir='ltr'>decimum</span> <span class='ocrx_word' id='word_1_128' title='bbox 169 900 223 942; x_wconf 85' lang='lat' dir='ltr'>primi</span> <span class='ocrx_word' id='word_1_129' title='bbox 234 900 309 941; x_wconf 88' lang='lat' dir='ltr'>mensis,</span> <span class='ocrx_word' id='word_1_130' title='bbox 317 901 336 932; x_wconf 90' lang='lat' dir='ltr'>id</span> <span class='ocrx_word' id='word_1_131' title='bbox 345 905 378 941; x_wconf 88' lang='lat' dir='ltr'>est,</span> <span class='ocrx_word' id='word_1_132' title='bbox 386 900 405 932; x_wconf 93' lang='lat' dir='ltr'>in</span> <span class='ocrx_word' id='word_1_133' title='bbox 417 900 480 932; x_wconf 92' lang='lat' dir='ltr'>lunam</span> <span class='ocrx_word' id='word_1_134' title='bbox 491 900 670 942; x_wconf 85' lang='lat' dir='ltr'>quintamdecimam,</span> <span class='ocrx_word' id='word_1_135' title='bbox 678 900 770 932; x_wconf 86' lang='lat' dir='ltr'>dominica</span> 
     </span>
     <span class='ocr_line' id='line_1_15' title="bbox 66 950 769 995; baseline 0.001 -12"><span class='ocrx_word' id='word_1_136' title='bbox 66 950 106 983; x_wconf 92' lang='lat' dir='ltr'>dies</span> <span class='ocrx_word' id='word_1_137' title='bbox 119 951 225 993; x_wconf 86' lang='lat' dir='ltr'>incurreret,</span> <span class='ocrx_word' id='word_1_138' title='bbox 237 962 274 986; x_wconf 91' lang='lat' dir='ltr'>vno</span> <span class='ocrx_word' id='word_1_139' title='bbox 287 961 362 995; x_wconf 87' lang='lat' dir='ltr'>semper</span> <span class='ocrx_word' id='word_1_140' title='bbox 377 952 479 995; x_wconf 89' lang='lat' dir='ltr'>eodemque</span> <span class='ocrx_word' id='word_1_141' title='bbox 494 956 578 994; x_wconf 91' lang='lat' dir='ltr'>tempore</span> <span class='ocrx_word' id='word_1_142' title='bbox 593 961 635 985; x_wconf 92' lang='lat' dir='ltr'>cum</span> <span class='ocrx_word' id='word_1_143' title='bbox 650 952 725 994; x_wconf 88' lang='lat' dir='ltr'>antiquo</span> <span class='ocrx_word' id='word_1_144' title='bbox 740 951 769 984; x_wconf 90' lang='lat' dir='ltr'>dei</span> 
     </span>
     <span class='ocr_line' id='line_1_16' title="bbox 66 1003 798 1047; baseline 0.001 -11"><span class='ocrx_word' id='word_1_145' title='bbox 66 1003 139 1046; x_wconf 85' lang='lat' dir='ltr'>populo,</span> <span class='ocrx_word' id='word_1_146' title='bbox 147 1013 257 1046; x_wconf 89' lang='lat' dir='ltr'>quamquam</span> <span class='ocrx_word' id='word_1_147' title='bbox 266 1008 422 1038; x_wconf 87' lang='lat' dir='ltr'>sacramentorum</span> <span class='ocrx_word' id='word_1_148' title='bbox 430 1014 498 1047; x_wconf 84' lang='lat' dir='ltr'>genere</span> <span class='ocrx_word' id='word_1_149' title='bbox 506 1004 590 1046; x_wconf 86' lang='lat' dir='ltr'>discreto,</span> <span class='ocrx_word' id='word_1_150' title='bbox 598 1004 645 1037; x_wconf 88' lang='lat' dir='ltr'>sicut</span> <span class='ocrx_word' id='word_1_151' title='bbox 652 1015 689 1037; x_wconf 87' lang='lat' dir='ltr'>vna</span> <span class='ocrx_word' id='word_1_152' title='bbox 696 1003 770 1037; x_wconf 91' lang='lat' dir='ltr'>eadem·</span> <span class='ocrx_word' id='word_1_153' title='bbox 779 1017 798 1047; x_wconf 79' lang='lat'>¹5</span> 
     </span>
     <span class='ocr_line' id='line_1_17' title="bbox 66 1055 770 1101; baseline 0.003 -13"><span class='ocrx_word' id='word_1_154' title='bbox 66 1065 102 1099; x_wconf 90' lang='lat' dir='ltr'>que</span> <span class='ocrx_word' id='word_1_155' title='bbox 111 1056 153 1097; x_wconf 88' lang='lat' dir='ltr'>fide,</span> <span class='ocrx_word' id='word_1_156' title='bbox 161 1055 229 1099; x_wconf 88' lang='lat' dir='ltr'>pascha</span> <span class='ocrx_word' id='word_1_157' title='bbox 237 1056 330 1090; x_wconf 90' lang='lat' dir='ltr'>celebrare</span> <span class='ocrx_word' id='word_1_158' title='bbox 338 1067 442 1099; x_wconf 88' lang='lat' dir='ltr'>possemus.</span> <span class='ocrx_word' id='word_1_159' title='bbox 464 1055 511 1098; x_wconf 82' lang='lat' dir='ltr'>Quia</span> <span class='ocrx_word' id='word_1_160' title='bbox 519 1067 563 1091; x_wconf 89' lang='lat' dir='ltr'>vero</span> <span class='ocrx_word' id='word_1_161' title='bbox 571 1057 610 1090; x_wconf 89' lang='lat' dir='ltr'>dies</span> <span class='ocrx_word' id='word_1_162' title='bbox 618 1057 721 1101; x_wconf 88' lang='lat' dir='ltr'>septimane</span> <span class='ocrx_word' id='word_1_163' title='bbox 732 1067 770 1090; x_wconf 87' lang='lat' dir='ltr'>nou</span> 
     </span>
     <span class='ocr_line' id='line_1_18' title="bbox 67 1108 770 1154; baseline 0.003 -12"><span class='ocrx_word' id='word_1_164' title='bbox 67 1108 126 1151; x_wconf 85' lang='lat' dir='ltr'>equali</span> <span class='ocrx_word' id='word_1_165' title='bbox 138 1119 180 1143; x_wconf 88' lang='lat' dir='ltr'>cum</span> <span class='ocrx_word' id='word_1_166' title='bbox 191 1109 235 1143; x_wconf 88' lang='lat' dir='ltr'>luna</span> <span class='ocrx_word' id='word_1_167' title='bbox 246 1110 317 1144; x_wconf 86' lang='lat' dir='ltr'>tramite</span> <span class='ocrx_word' id='word_1_168' title='bbox 329 1110 423 1154; x_wconf 84' lang='lat' dir='ltr'>procurrit,</span> <span class='ocrx_word' id='word_1_169' title='bbox 436 1110 516 1143; x_wconf 86' lang='lat' dir='ltr'>decreuit</span> <span class='ocrx_word' id='word_1_170' title='bbox 530 1109 629 1153; x_wconf 85' lang='lat' dir='ltr'>apostolica</span> <span class='ocrx_word' id='word_1_171' title='bbox 642 1110 721 1152; x_wconf 85' lang='lat' dir='ltr'>traditio,</span> <span class='ocrx_word' id='word_1_172' title='bbox 734 1120 770 1153; x_wconf 91' lang='lat' dir='ltr'>que</span> 
     </span>
     <span class='ocr_line' id='line_1_19' title="bbox 67 1162 770 1207; baseline 0.001 -11"><span class='ocrx_word' id='word_1_173' title='bbox 67 1172 101 1205; x_wconf 92' lang='lat' dir='ltr'>per</span> <span class='ocrx_word' id='word_1_174' title='bbox 108 1162 181 1196; x_wconf 87' lang='lat' dir='ltr'>beatum</span> <span class='ocrx_word' id='word_1_175' title='bbox 190 1162 264 1196; x_wconf 89' lang='lat' dir='ltr'>Petrum</span> <span class='ocrx_word' id='word_1_176' title='bbox 273 1162 333 1196; x_wconf 87' lang='lat' dir='ltr'>Rome</span> <span class='ocrx_word' id='word_1_177' title='bbox 341 1163 438 1206; x_wconf 87' lang='lat' dir='ltr'>predicata,</span> <span class='ocrx_word' id='word_1_178' title='bbox 446 1173 480 1207; x_wconf 89' lang='lat' dir='ltr'>per</span> <span class='ocrx_word' id='word_1_179' title='bbox 487 1162 569 1197; x_wconf 89' lang='lat' dir='ltr'>Marcum</span> <span class='ocrx_word' id='word_1_180' title='bbox 578 1163 710 1207; x_wconf 87' lang='lat' dir='ltr'>euangelistam</span> <span class='ocrx_word' id='word_1_181' title='bbox 718 1168 736 1197; x_wconf 88' lang='lat' dir='ltr'>et</span> <span class='ocrx_word' id='word_1_182' title='bbox 742 1163 770 1197; x_wconf 91' lang='lat' dir='ltr'>in·</span> 
     </span>
     <span class='ocr_line' id='line_1_20' title="bbox 67 1215 769 1261; baseline 0.001 -12"><span class='ocrx_word' id='word_1_183' title='bbox 67 1220 167 1258; x_wconf 85' lang='lat' dir='ltr'>terpretem</span> <span class='ocrx_word' id='word_1_184' title='bbox 180 1215 238 1260; x_wconf 90' lang='lat' dir='ltr'>ipsius</span> <span class='ocrx_word' id='word_1_185' title='bbox 253 1215 367 1250; x_wconf 85' lang='lat' dir='ltr'>Alexandrie</span> <span class='ocrx_word' id='word_1_186' title='bbox 382 1216 489 1250; x_wconf 86' lang='lat' dir='ltr'>confirmata</span> <span class='ocrx_word' id='word_1_187' title='bbox 503 1220 537 1257; x_wconf 88' lang='lat' dir='ltr'>est,</span> <span class='ocrx_word' id='word_1_188' title='bbox 551 1221 571 1250; x_wconf 89' lang='lat' dir='ltr'>vt</span> <span class='ocrx_word' id='word_1_189' title='bbox 586 1216 695 1250; x_wconf 85' lang='lat' dir='ltr'>adueniente</span> <span class='ocrx_word' id='word_1_190' title='bbox 709 1216 769 1261; x_wconf 90' lang='lat' dir='ltr'>primo</span> 
     </span>
     <span class='ocr_line' id='line_1_21' title="bbox 67 1269 798 1314; baseline 0.003 -12"><span class='ocrx_word' id='word_1_191' title='bbox 67 1278 138 1312; x_wconf 88' lang='lat' dir='ltr'>mense,</span> <span class='ocrx_word' id='word_1_192' title='bbox 153 1270 262 1304; x_wconf 89' lang='lat' dir='ltr'>adueniente</span> <span class='ocrx_word' id='word_1_193' title='bbox 281 1270 300 1304; x_wconf 90' lang='lat' dir='ltr'>in</span> <span class='ocrx_word' id='word_1_194' title='bbox 315 1281 337 1304; x_wconf 91' lang='lat' dir='ltr'>eo</span> <span class='ocrx_word' id='word_1_195' title='bbox 352 1280 430 1313; x_wconf 90' lang='lat' dir='ltr'>vespera</span> <span class='ocrx_word' id='word_1_196' title='bbox 448 1269 484 1303; x_wconf 88' lang='lat' dir='ltr'>diei</span> <span class='ocrx_word' id='word_1_197' title='bbox 502 1270 643 1313; x_wconf 86' lang='lat' dir='ltr'>quartedeeime,</span> <span class='ocrx_word' id='word_1_198' title='bbox 662 1275 770 1314; x_wconf 85' lang='lat' dir='ltr'>expectetur</span> <span class='ocrx_word' id='word_1_199' title='bbox 779 1281 798 1303; x_wconf 81' lang='lat' dir='ltr'>to</span> 
     </span>
     <span class='ocr_line' id='line_1_22' title="bbox 68 1321 769 1367; baseline 0.003 -12"><span class='ocrx_word' id='word_1_200' title='bbox 68 1321 122 1355; x_wconf 88' lang='lat' dir='ltr'>etiam</span> <span class='ocrx_word' id='word_1_201' title='bbox 138 1322 178 1356; x_wconf 90' lang='lat' dir='ltr'>dies</span> <span class='ocrx_word' id='word_1_202' title='bbox 193 1322 289 1364; x_wconf 86' lang='lat' dir='ltr'>dominica,</span> <span class='ocrx_word' id='word_1_203' title='bbox 302 1334 313 1356; x_wconf 90' lang='lat' dir='ltr'>a</span> <span class='ocrx_word' id='word_1_204' title='bbox 326 1322 459 1366; x_wconf 87' lang='lat' dir='ltr'>quintadecima</span> <span class='ocrx_word' id='word_1_205' title='bbox 472 1332 530 1366; x_wconf 88' lang='lat' dir='ltr'>vsque</span> <span class='ocrx_word' id='word_1_206' title='bbox 546 1322 568 1356; x_wconf 87' lang='lat' dir='ltr'>ad</span> <span class='ocrx_word' id='word_1_207' title='bbox 583 1322 769 1367; x_wconf 88' lang='lat' dir='ltr'>vicesimamprimam</span> 
     </span>
     <span class='ocr_line' id='line_1_23' title="bbox 68 1375 769 1419; baseline 0.003 -12"><span class='ocrx_word' id='word_1_208' title='bbox 68 1375 117 1408; x_wconf 92' lang='lat' dir='ltr'>diem</span> <span class='ocrx_word' id='word_1_209' title='bbox 127 1375 215 1408; x_wconf 87' lang='lat' dir='ltr'>eiusdem.</span> <span class='ocrx_word' id='word_1_210' title='bbox 238 1375 259 1408; x_wconf 93' lang='lat' dir='ltr'>In</span> <span class='ocrx_word' id='word_1_211' title='bbox 271 1385 379 1419; x_wconf 90' lang='lat' dir='ltr'>quacunque</span> <span class='ocrx_word' id='word_1_212' title='bbox 390 1375 439 1408; x_wconf 92' lang='lat' dir='ltr'>enim</span> <span class='ocrx_word' id='word_1_213' title='bbox 450 1375 514 1408; x_wconf 88' lang='lat' dir='ltr'>harum</span> <span class='ocrx_word' id='word_1_214' title='bbox 524 1375 599 1408; x_wconf 90' lang='lat' dir='ltr'>inuenta</span> <span class='ocrx_word' id='word_1_215' title='bbox 609 1375 667 1417; x_wconf 89' lang='lat' dir='ltr'>suerit,</span> <span class='ocrx_word' id='word_1_216' title='bbox 676 1375 741 1409; x_wconf 89' lang='lat' dir='ltr'>merito</span> <span class='ocrx_word' id='word_1_217' title='bbox 750 1376 769 1409; x_wconf 95' lang='lat' dir='ltr'>in</span> 
     </span>
     <span class='ocr_line' id='line_1_24' title="bbox 69 1427 771 1472; baseline -0.001 -10"><span class='ocrx_word' id='word_1_218' title='bbox 69 1437 91 1462; x_wconf 90' lang='lat' dir='ltr'>ea</span> <span class='ocrx_word' id='word_1_219' title='bbox 98 1428 167 1470; x_wconf 89' lang='lat' dir='ltr'>pascha</span> <span class='ocrx_word' id='word_1_220' title='bbox 174 1428 302 1462; x_wconf 88' lang='lat' dir='ltr'>celebrabitur:</span> <span class='ocrx_word' id='word_1_221' title='bbox 314 1428 357 1471; x_wconf 90' lang='lat' dir='ltr'>quia</span> <span class='ocrx_word' id='word_1_222' title='bbox 364 1428 450 1462; x_wconf 91' lang='lat' dir='ltr'>nimirum</span> <span class='ocrx_word' id='word_1_223' title='bbox 458 1428 492 1460; x_wconf 82' lang='lat' dir='ltr'>hec</span> <span class='ocrx_word' id='word_1_224' title='bbox 502 1428 525 1461; x_wconf 86' lang='lat' dir='ltr'>ad</span> <span class='ocrx_word' id='word_1_225' title='bbox 535 1438 633 1461; x_wconf 89' lang='lat' dir='ltr'>numerum</span> <span class='ocrx_word' id='word_1_226' title='bbox 643 1429 722 1472; x_wconf 74' lang='lat' dir='ltr'>pertinet</span> <span class='ocrx_word' id='word_1_227' title='bbox 731 1427 771 1461; x_wconf 86' lang='lat' dir='ltr'>illa·</span> 
     </span>
     <span class='ocr_line' id='line_1_25' title="bbox 69 1479 771 1523; baseline 0.001 -11"><span class='ocrx_word' id='word_1_228' title='bbox 69 1489 110 1512; x_wconf 91' lang='lat' dir='ltr'>rum</span> <span class='ocrx_word' id='word_1_229' title='bbox 125 1485 196 1522; x_wconf 86' lang='lat' dir='ltr'>septem</span> <span class='ocrx_word' id='word_1_230' title='bbox 210 1480 281 1514; x_wconf 93' lang='lat' dir='ltr'>dierum</span> <span class='ocrx_word' id='word_1_231' title='bbox 295 1481 361 1523; x_wconf 92' lang='lat' dir='ltr'>quibus</span> <span class='ocrx_word' id='word_1_232' title='bbox 374 1479 432 1513; x_wconf 90' lang='lat' dir='ltr'>azima</span> <span class='ocrx_word' id='word_1_233' title='bbox 446 1479 533 1513; x_wconf 89' lang='lat' dir='ltr'>celebrari</span> <span class='ocrx_word' id='word_1_234' title='bbox 546 1479 623 1513; x_wconf 86' lang='lat' dir='ltr'>iubetur.</span> <span class='ocrx_word' id='word_1_235' title='bbox 646 1479 709 1523; x_wconf 87' lang='lat' dir='ltr'>Itaque</span> <span class='ocrx_word' id='word_1_236' title='bbox 721 1479 741 1513; x_wconf 90' lang='lat' dir='ltr'>fit</span> <span class='ocrx_word' id='word_1_237' title='bbox 752 1485 771 1513; x_wconf 87' lang='lat' dir='ltr'>vt</span> 
     </span>
     <span class='ocr_line' id='line_1_26' title="bbox 69 1531 800 1577; baseline 0.003 -12"><span class='ocrx_word' id='word_1_238' title='bbox 69 1543 144 1576; x_wconf 88' lang='lat' dir='ltr'>semper</span> <span class='ocrx_word' id='word_1_239' title='bbox 151 1533 220 1576; x_wconf 91' lang='lat' dir='ltr'>pascha</span> <span class='ocrx_word' id='word_1_240' title='bbox 230 1539 314 1567; x_wconf 88' lang='lat' dir='ltr'>nostrum</span> <span class='ocrx_word' id='word_1_241' title='bbox 324 1531 416 1576; x_wconf 73' lang='lat' dir='ltr'>aliquem³</span> <span class='ocrx_word' id='word_1_242' title='bbox 426 1531 499 1565; x_wconf 92' lang='lat' dir='ltr'>illorum</span> <span class='ocrx_word' id='word_1_243' title='bbox 509 1537 581 1575; x_wconf 89' lang='lat' dir='ltr'>septem</span> <span class='ocrx_word' id='word_1_244' title='bbox 591 1531 662 1566; x_wconf 89' lang='lat' dir='ltr'>dierum</span> <span class='ocrx_word' id='word_1_245' title='bbox 672 1533 772 1567; x_wconf 88' lang='lat' dir='ltr'>azimorum</span> <span class='ocrx_word' id='word_1_246' title='bbox 781 1547 800 1577; x_wconf 80' lang='lat'>²5</span> 
     </span>
     <span class='ocr_line' id='line_1_27' title="bbox 69 1584 772 1630; baseline 0.001 -11"><span class='ocrx_word' id='word_1_247' title='bbox 69 1586 155 1629; x_wconf 85' lang='lat' dir='ltr'>legalium</span> <span class='ocrx_word' id='word_1_248' title='bbox 168 1591 234 1620; x_wconf 85' lang='lat' dir='ltr'>teneat.</span> <span class='ocrx_word' id='word_1_249' title='bbox 260 1585 326 1620; x_wconf 90' lang='lat' dir='ltr'>Nullus</span> <span class='ocrx_word' id='word_1_250' title='bbox 338 1596 382 1629; x_wconf 84' lang='lat' dir='ltr'>ergo</span> <span class='ocrx_word' id='word_1_251' title='bbox 395 1596 430 1619; x_wconf 90' lang='lat' dir='ltr'>nos</span> <span class='ocrx_word' id='word_1_252' title='bbox 443 1595 521 1628; x_wconf 84' lang='lat' dir='ltr'>arguere</span> <span class='ocrx_word' id='word_1_253' title='bbox 534 1584 600 1629; x_wconf 90' lang='lat' dir='ltr'>poterit</span> <span class='ocrx_word' id='word_1_254' title='bbox 612 1586 661 1630; x_wconf 81' lang='lat' dir='ltr'>quod</span> <span class='ocrx_word' id='word_1_255' title='bbox 673 1597 710 1620; x_wconf 91' lang='lat' dir='ltr'>non</span> <span class='ocrx_word' id='word_1_256' title='bbox 723 1591 772 1620; x_wconf 89' lang='lat' dir='ltr'>recte</span> 
     </span>
     <span class='ocr_line' id='line_1_28' title="bbox 70 1637 774 1684; baseline 0.003 -12"><span class='ocrx_word' id='word_1_257' title='bbox 70 1639 181 1674; x_wconf 89' lang='lat' dir='ltr'>dominicum</span> <span class='ocrx_word' id='word_1_258' title='bbox 194 1639 263 1684; x_wconf 85' lang='lat' dir='ltr'>pasche</span> <span class='ocrx_word' id='word_1_259' title='bbox 278 1638 333 1682; x_wconf 93' lang='lat' dir='ltr'>diem,</span> <span class='ocrx_word' id='word_1_260' title='bbox 345 1649 401 1683; x_wconf 91' lang='lat' dir='ltr'>quem</span> <span class='ocrx_word' id='word_1_261' title='bbox 416 1638 439 1673; x_wconf 92' lang='lat' dir='ltr'>de</span> <span class='ocrx_word' id='word_1_262' title='bbox 454 1637 550 1683; x_wconf 86' lang='lat' dir='ltr'>euangelio</span> <span class='ocrx_word' id='word_1_263' title='bbox 564 1640 686 1684; x_wconf 87' lang='lat' dir='ltr'>suscepimus,</span> <span class='ocrx_word' id='word_1_264' title='bbox 699 1641 718 1674; x_wconf 94' lang='lat' dir='ltr'>in</span> <span class='ocrx_word' id='word_1_265' title='bbox 732 1640 774 1684; x_wconf 88' lang='lat' dir='ltr'>ipsa</span> 
     </span>
     <span class='ocr_line' id='line_1_29' title="bbox 70 1692 773 1738; baseline 0.001 -11"><span class='ocrx_word' id='word_1_266' title='bbox 70 1703 125 1737; x_wconf 92' lang='lat' dir='ltr'>quam</span> <span class='ocrx_word' id='word_1_267' title='bbox 136 1693 166 1727; x_wconf 87' lang='lat' dir='ltr'>lex</span> <span class='ocrx_word' id='word_1_268' title='bbox 177 1693 239 1727; x_wconf 85' lang='lat' dir='ltr'>statuit</span> <span class='ocrx_word' id='word_1_269' title='bbox 249 1692 305 1727; x_wconf 89' lang='lat' dir='ltr'>tercia</span> <span class='ocrx_word' id='word_1_270' title='bbox 316 1693 370 1738; x_wconf 92' lang='lat' dir='ltr'>primi</span> <span class='ocrx_word' id='word_1_271' title='bbox 383 1693 454 1727; x_wconf 91' lang='lat' dir='ltr'>mensis</span> <span class='ocrx_word' id='word_1_272' title='bbox 463 1692 565 1727; x_wconf 86' lang='lat' dir='ltr'>ebdomada</span> <span class='ocrx_word' id='word_1_273' title='bbox 574 1692 694 1729; x_wconf 89' lang='lat' dir='ltr'>celebremus.</span> <span class='ocrx_word' id='word_1_274' title='bbox 717 1693 773 1729; x_wconf 88' lang='lat' dir='ltr'>Cuius</span> 
     </span>
     <span class='ocr_line' id='line_1_30' title="bbox 70 1746 774 1790; baseline 0.001 -10"><span class='ocrx_word' id='word_1_275' title='bbox 70 1747 186 1781; x_wconf 89' lang='lat' dir='ltr'>obseruantie</span> <span class='ocrx_word' id='word_1_276' title='bbox 202 1747 290 1781; x_wconf 84' lang='lat' dir='ltr'>catholiea</span> <span class='ocrx_word' id='word_1_277' title='bbox 301 1748 371 1780; x_wconf 88' lang='lat' dir='ltr'>ratione</span> <span class='ocrx_word' id='word_1_278' title='bbox 383 1746 478 1790; x_wconf 82' lang='lat' dir='ltr'>patefacta,</span> <span class='ocrx_word' id='word_1_279' title='bbox 489 1751 539 1789; x_wconf 91' lang='lat' dir='ltr'>patet</span> <span class='ocrx_word' id='word_1_280' title='bbox 551 1746 654 1780; x_wconf 86' lang='lat' dir='ltr'>econtrario</span> <span class='ocrx_word' id='word_1_281' title='bbox 665 1757 717 1781; x_wconf 91' lang='lat' dir='ltr'>error</span> <span class='ocrx_word' id='word_1_282' title='bbox 729 1747 774 1781; x_wconf 87' lang='lat' dir='ltr'>irra-</span> 
     </span>
     <span class='ocr_line' id='line_1_31' title="bbox 71 1798 802 1844; baseline 0.004 -11"><span class='ocrx_word' id='word_1_283' title='bbox 71 1799 164 1834; x_wconf 89' lang='lat' dir='ltr'>cionabilis</span> <span class='ocrx_word' id='word_1_284' title='bbox 172 1811 236 1833; x_wconf 90' lang='lat' dir='ltr'>eorum</span> <span class='ocrx_word' id='word_1_285' title='bbox 244 1800 275 1844; x_wconf 91' lang='lat' dir='ltr'>qui</span> <span class='ocrx_word' id='word_1_286' title='bbox 282 1800 363 1844; x_wconf 84' lang='lat' dir='ltr'>prefixos</span> <span class='ocrx_word' id='word_1_287' title='bbox 371 1800 390 1832; x_wconf 93' lang='lat' dir='ltr'>in</span> <span class='ocrx_word' id='word_1_288' title='bbox 399 1798 439 1843; x_wconf 85' lang='lat' dir='ltr'>lege</span> <span class='ocrx_word' id='word_1_289' title='bbox 447 1800 542 1841; x_wconf 86' lang='lat' dir='ltr'>terminos,</span> <span class='ocrx_word' id='word_1_290' title='bbox 550 1799 601 1833; x_wconf 86' lang='lat' dir='ltr'>nulla</span> <span class='ocrx_word' id='word_1_291' title='bbox 608 1805 685 1844; x_wconf 84' lang='lat' dir='ltr'>cogente</span> <span class='ocrx_word' id='word_1_292' title='bbox 693 1801 774 1834; x_wconf 88' lang='lat' dir='ltr'>necessi·</span> <span class='ocrx_word' id='word_1_293' title='bbox 783 1814 802 1843; x_wconf 79' lang='lat'>30</span> 
     </span>
     <span class='ocr_line' id='line_1_32' title="bbox 70 1852 775 1896; baseline 0 -9"><span class='ocrx_word' id='word_1_294' title='bbox 70 1858 112 1894; x_wconf 88' lang='lat' dir='ltr'>tate,</span> <span class='ocrx_word' id='word_1_295' title='bbox 127 1853 157 1886; x_wconf 90' lang='lat' dir='ltr'>vel</span> <span class='ocrx_word' id='word_1_296' title='bbox 174 1853 278 1896; x_wconf 84' lang='lat' dir='ltr'>anticipare,</span> <span class='ocrx_word' id='word_1_297' title='bbox 295 1853 325 1887; x_wconf 90' lang='lat' dir='ltr'>vel</span> <span class='ocrx_word' id='word_1_298' title='bbox 342 1853 474 1886; x_wconf 89' lang='lat' dir='ltr'>transcendere</span> <span class='ocrx_word' id='word_1_299' title='bbox 493 1857 607 1896; x_wconf 87' lang='lat' dir='ltr'>presumunt.</span> <span class='ocrx_word' id='word_1_300' title='bbox 632 1852 679 1886; x_wconf 86' lang='lat' dir='ltr'>Cum</span> <span class='ocrx_word' id='word_1_301' title='bbox 695 1854 746 1886; x_wconf 92' lang='lat' dir='ltr'>enim</span> <span class='ocrx_word' id='word_1_302' title='bbox 763 1863 775 1887; x_wconf 85' lang='lat' dir='ltr'>a</span> 
     </span>
     <span class='ocr_line' id='line_1_33' title="bbox 71 1905 774 1949; baseline 0 -10"><span class='ocrx_word' id='word_1_303' title='bbox 71 1915 149 1949; x_wconf 89' lang='lat' dir='ltr'>vespera</span> <span class='ocrx_word' id='word_1_304' title='bbox 160 1906 196 1939; x_wconf 86' lang='lat' dir='ltr'>diei</span> <span class='ocrx_word' id='word_1_305' title='bbox 207 1906 330 1939; x_wconf 86' lang='lat' dir='ltr'>tertiedecime</span> <span class='ocrx_word' id='word_1_306' title='bbox 341 1905 413 1948; x_wconf 86' lang='lat' dir='ltr'>vigilias</span> <span class='ocrx_word' id='word_1_307' title='bbox 426 1909 489 1938; x_wconf 88' lang='lat' dir='ltr'>sancte</span> <span class='ocrx_word' id='word_1_308' title='bbox 501 1906 560 1939; x_wconf 88' lang='lat' dir='ltr'>noctis</span> <span class='ocrx_word' id='word_1_309' title='bbox 572 1905 666 1939; x_wconf 80' lang='lat' dir='ltr'>celebrare</span> <span class='ocrx_word' id='word_1_310' title='bbox 679 1905 774 1948; x_wconf 89' lang='lat' dir='ltr'>incipiunt,</span> 
     </span>
     <span class='ocr_line' id='line_1_34' title="bbox 72 1956 774 2001; baseline 0 -9"><span class='ocrx_word' id='word_1_311' title='bbox 72 1958 128 1993; x_wconf 89' lang='lat' dir='ltr'>claret</span> <span class='ocrx_word' id='word_1_312' title='bbox 138 1958 187 2001; x_wconf 91' lang='lat' dir='ltr'>quod</span> <span class='ocrx_word' id='word_1_313' title='bbox 196 1957 246 1991; x_wconf 91' lang='lat' dir='ltr'>illam</span> <span class='ocrx_word' id='word_1_314' title='bbox 256 1958 275 1991; x_wconf 92' lang='lat' dir='ltr'>in</span> <span class='ocrx_word' id='word_1_315' title='bbox 283 1957 359 1991; x_wconf 84' lang='lat' dir='ltr'>exordio</span> <span class='ocrx_word' id='word_1_316' title='bbox 369 1958 397 1991; x_wconf 92' lang='lat' dir='ltr'>sui</span> <span class='ocrx_word' id='word_1_317' title='bbox 406 1957 475 2000; x_wconf 92' lang='lat' dir='ltr'>pasche</span> <span class='ocrx_word' id='word_1_318' title='bbox 485 1956 534 1991; x_wconf 90' lang='lat' dir='ltr'>diem</span> <span class='ocrx_word' id='word_1_319' title='bbox 543 1957 636 1991; x_wconf 75' lang='lat' dir='ltr'>statuunt*</span> <span class='ocrx_word' id='word_1_320' title='bbox 644 1957 696 1992; x_wconf 91' lang='lat' dir='ltr'>cuius</span> <span class='ocrx_word' id='word_1_321' title='bbox 703 1957 774 1992; x_wconf 88' lang='lat' dir='ltr'>nullam</span> 
     </span>
     <span class='ocr_line' id='line_1_35' title="bbox 72 2010 774 2053; baseline 0 -8"><span class='ocrx_word' id='word_1_322' title='bbox 72 2012 147 2045; x_wconf 89' lang='lat' dir='ltr'>omnino</span> <span class='ocrx_word' id='word_1_323' title='bbox 162 2011 274 2044; x_wconf 90' lang='lat' dir='ltr'>mentionem</span> <span class='ocrx_word' id='word_1_324' title='bbox 289 2011 307 2043; x_wconf 91' lang='lat' dir='ltr'>in</span> <span class='ocrx_word' id='word_1_325' title='bbox 323 2012 397 2044; x_wconf 88' lang='lat' dir='ltr'>decreto</span> <span class='ocrx_word' id='word_1_326' title='bbox 411 2010 457 2053; x_wconf 82' lang='lat' dir='ltr'>legis</span> <span class='ocrx_word' id='word_1_327' title='bbox 472 2010 577 2052; x_wconf 89' lang='lat' dir='ltr'>inueniunt;</span> <span class='ocrx_word' id='word_1_328' title='bbox 597 2016 615 2043; x_wconf 91' lang='lat' dir='ltr'>et</span> <span class='ocrx_word' id='word_1_329' title='bbox 630 2021 672 2044; x_wconf 91' lang='lat' dir='ltr'>curu</span> <span class='ocrx_word' id='word_1_330' title='bbox 686 2011 774 2045; x_wconf 87' lang='lat' dir='ltr'>vicesima</span> 
     </span>
     <span class='ocr_line' id='line_1_36' title="bbox 72 2062 802 2109; baseline 0.001 -12"><span class='ocrx_word' id='word_1_331' title='bbox 72 2066 132 2109; x_wconf 76' lang='lat' dir='ltr'>prIma</span> <span class='ocrx_word' id='word_1_332' title='bbox 142 2064 171 2097; x_wconf 90' lang='lat' dir='ltr'>die</span> <span class='ocrx_word' id='word_1_333' title='bbox 181 2063 252 2097; x_wconf 91' lang='lat' dir='ltr'>mensis</span> <span class='ocrx_word' id='word_1_334' title='bbox 261 2063 330 2107; x_wconf 91' lang='lat' dir='ltr'>pascha</span> <span class='ocrx_word' id='word_1_335' title='bbox 340 2062 452 2096; x_wconf 92' lang='lat' dir='ltr'>dominicum</span> <span class='ocrx_word' id='word_1_336' title='bbox 464 2062 557 2097; x_wconf 86' lang='lat' dir='ltr'>celebrare</span> <span class='ocrx_word' id='word_1_337' title='bbox 566 2062 663 2107; x_wconf 84' lang='lat' dir='ltr'>refugiunt,</span> <span class='ocrx_word' id='word_1_338' title='bbox 671 2068 720 2108; x_wconf 90' lang='lat' dir='ltr'>patet</span> <span class='ocrx_word' id='word_1_339' title='bbox 732 2074 774 2108; x_wconf 92' lang='lat' dir='ltr'>pro-</span> <span class='ocrx_word' id='word_1_340' title='bbox 783 2078 802 2109; x_wconf 78' lang='lat'>35</span> 
     </span>
     <span class='ocr_line' id='line_1_37' title="bbox 72 2116 774 2163; baseline 0 -11"><span class='ocrx_word' id='word_1_341' title='bbox 72 2120 119 2152; x_wconf 83' lang='lat' dir='ltr'>fecto</span> <span class='ocrx_word' id='word_1_342' title='bbox 134 2118 183 2163; x_wconf 92' lang='lat' dir='ltr'>quod</span> <span class='ocrx_word' id='word_1_343' title='bbox 197 2117 247 2151; x_wconf 89' lang='lat' dir='ltr'>illam</span> <span class='ocrx_word' id='word_1_344' title='bbox 262 2127 296 2161; x_wconf 91' lang='lat' dir='ltr'>per</span> <span class='ocrx_word' id='word_1_345' title='bbox 310 2116 372 2150; x_wconf 89' lang='lat' dir='ltr'>omnia</span> <span class='ocrx_word' id='word_1_346' title='bbox 387 2116 435 2150; x_wconf 91' lang='lat' dir='ltr'>diem</span> <span class='ocrx_word' id='word_1_347' title='bbox 451 2128 462 2150; x_wconf 92' lang='lat' dir='ltr'>a</span> <span class='ocrx_word' id='word_1_348' title='bbox 475 2116 519 2150; x_wconf 77' lang='lat' dir='ltr'>sua⁵</span> <span class='ocrx_word' id='word_1_349' title='bbox 532 2116 660 2160; x_wconf 88' lang='lat' dir='ltr'>solempnitate</span> <span class='ocrx_word' id='word_1_350' title='bbox 675 2124 774 2152; x_wconf 88' lang='lat' dir='ltr'>secernunt</span> 
     </span>
     <span class='ocr_line' id='line_1_38' title="bbox 73 2170 775 2216; baseline 0 -11"><span class='ocrx_word' id='word_1_351' title='bbox 73 2183 128 2216; x_wconf 88' lang='lat' dir='ltr'>quam</span> <span class='ocrx_word' id='word_1_352' title='bbox 141 2172 172 2205; x_wconf 80' lang='lat' dir='ltr'>lex</span> <span class='ocrx_word' id='word_1_353' title='bbox 183 2171 251 2205; x_wconf 91' lang='lat' dir='ltr'>maiore</span> <span class='ocrx_word' id='word_1_354' title='bbox 264 2180 298 2214; x_wconf 88' lang='lat' dir='ltr'>pre</span> <span class='ocrx_word' id='word_1_355' title='bbox 311 2170 377 2204; x_wconf 89' lang='lat' dir='ltr'>ceteris</span> <span class='ocrx_word' id='word_1_356' title='bbox 390 2170 487 2203; x_wconf 86' lang='lat' dir='ltr'>sestiuitate</span> <span class='ocrx_word' id='word_1_357' title='bbox 501 2170 639 2204; x_wconf 88' lang='lat' dir='ltr'>memorabilem</span> <span class='ocrx_word' id='word_1_358' title='bbox 652 2181 775 2213; x_wconf 91' lang='lat' dir='ltr'>sepenumero</span> 
     </span>
     <span class='ocr_line' id='line_1_39' title="bbox 74 2221 775 2266; baseline 0.001 -9"><span class='ocrx_word' id='word_1_359' title='bbox 74 2224 201 2258; x_wconf 86' lang='lat' dir='ltr'>commendat:</span> <span class='ocrx_word' id='word_1_360' title='bbox 214 2223 280 2266; x_wconf 86' lang='lat' dir='ltr'>Sicque</span> <span class='ocrx_word' id='word_1_361' title='bbox 292 2222 340 2255; x_wconf 89' lang='lat' dir='ltr'>diem</span> <span class='ocrx_word' id='word_1_362' title='bbox 352 2221 420 2265; x_wconf 88' lang='lat' dir='ltr'>pasche</span> <span class='ocrx_word' id='word_1_363' title='bbox 433 2222 497 2255; x_wconf 87' lang='lat' dir='ltr'>ordine</span> <span class='ocrx_word' id='word_1_364' title='bbox 510 2233 604 2266; x_wconf 80' lang='lat' dir='ltr'>peruerse,</span> <span class='ocrx_word' id='word_1_365' title='bbox 615 2228 634 2256; x_wconf 90' lang='lat' dir='ltr'>et</span> <span class='ocrx_word' id='word_1_366' title='bbox 647 2222 744 2266; x_wconf 90' lang='lat' dir='ltr'>aliquando</span> <span class='ocrx_word' id='word_1_367' title='bbox 755 2223 775 2258; x_wconf 92' lang='lat' dir='ltr'>in</span> 
     </span>
     <span class='ocr_line' id='line_1_40' title="bbox 74 2275 776 2318; baseline -0.001 -7"><span class='ocrx_word' id='word_1_368' title='bbox 74 2278 155 2312; x_wconf 88' lang='lat' dir='ltr'>secunda</span> <span class='ocrx_word' id='word_1_369' title='bbox 162 2277 264 2311; x_wconf 88' lang='lat' dir='ltr'>ebdomada</span> <span class='ocrx_word' id='word_1_370' title='bbox 271 2280 327 2309; x_wconf 87' lang='lat' dir='ltr'>totam</span> <span class='ocrx_word' id='word_1_371' title='bbox 333 2275 436 2318; x_wconf 88' lang='lat' dir='ltr'>compleant</span> <span class='ocrx_word' id='word_1_372' title='bbox 441 2275 453 2317; x_wconf 78' lang='lat'>⁰,</span> <span class='ocrx_word' id='word_1_373' title='bbox 458 2279 476 2308; x_wconf 92' lang='lat' dir='ltr'>et</span> <span class='ocrx_word' id='word_1_374' title='bbox 484 2285 579 2318; x_wconf 89' lang='lat' dir='ltr'>nunquam</span> <span class='ocrx_word' id='word_1_375' title='bbox 586 2275 605 2308; x_wconf 90' lang='lat' dir='ltr'>in</span> <span class='ocrx_word' id='word_1_376' title='bbox 613 2275 715 2310; x_wconf 89' lang='lat' dir='ltr'>ebdomade</span> <span class='ocrx_word' id='word_1_377' title='bbox 722 2276 776 2310; x_wconf 88' lang='lat' dir='ltr'>tertie</span> 
     </span>
     <span class='ocr_line' id='line_1_41' title="bbox 75 2327 805 2374; baseline 0.001 -11"><span class='ocrx_word' id='word_1_378' title='bbox 75 2330 104 2363; x_wconf 93' lang='lat' dir='ltr'>die</span> <span class='ocrx_word' id='word_1_379' title='bbox 112 2331 191 2374; x_wconf 89' lang='lat' dir='ltr'>septima</span> <span class='ocrx_word' id='word_1_380' title='bbox 198 2334 272 2373; x_wconf 89' lang='lat' dir='ltr'>ponant.</span> <span class='ocrx_word' id='word_1_381' title='bbox 293 2328 375 2361; x_wconf 89' lang='lat' dir='ltr'>Rursum</span> <span class='ocrx_word' id='word_1_382' title='bbox 383 2327 414 2371; x_wconf 92' lang='lat' dir='ltr'>qui</span> <span class='ocrx_word' id='word_1_383' title='bbox 422 2338 432 2360; x_wconf 91' lang='lat' dir='ltr'>a</span> <span class='ocrx_word' id='word_1_384' title='bbox 440 2328 564 2361; x_wconf 82' lang='lat' dir='ltr'>sextadecima</span> <span class='ocrx_word' id='word_1_385' title='bbox 572 2328 601 2361; x_wconf 90' lang='lat' dir='ltr'>die</span> <span class='ocrx_word' id='word_1_386' title='bbox 609 2328 679 2361; x_wconf 90' lang='lat' dir='ltr'>mensis</span> <span class='ocrx_word' id='word_1_387' title='bbox 687 2328 776 2372; x_wconf 84' lang='lat' dir='ltr'>sepedicti</span> <span class='ocrx_word' id='word_1_388' title='bbox 785 2344 805 2374; x_wconf 76' lang='lat'>4⁰</span> 
     </span>
     <span class='ocr_line' id='line_1_42' title="bbox 74 2380 777 2426; baseline -0.001 -9"><span class='ocrx_word' id='word_1_389' title='bbox 74 2393 133 2426; x_wconf 92' lang='lat' dir='ltr'>vsque</span> <span class='ocrx_word' id='word_1_390' title='bbox 148 2383 171 2416; x_wconf 93' lang='lat' dir='ltr'>ad</span> <span class='ocrx_word' id='word_1_391' title='bbox 185 2382 291 2417; x_wconf 86' lang='lat' dir='ltr'>vicesimam</span> <span class='ocrx_word' id='word_1_392' title='bbox 306 2380 406 2415; x_wconf 90' lang='lat' dir='ltr'>secundam</span> <span class='ocrx_word' id='word_1_393' title='bbox 420 2380 490 2423; x_wconf 89' lang='lat' dir='ltr'>pascha</span> <span class='ocrx_word' id='word_1_394' title='bbox 504 2380 634 2414; x_wconf 88' lang='lat' dir='ltr'>celebrandum</span> <span class='ocrx_word' id='word_1_395' title='bbox 650 2382 710 2425; x_wconf 85' lang='lat' dir='ltr'>magis</span> <span class='ocrx_word' id='word_1_396' title='bbox 724 2387 777 2416; x_wconf 89' lang='lat' dir='ltr'>autu-</span> 
     </span>
     <span class='ocr_line' id='line_1_43' title="bbox 75 2434 778 2478; baseline 0 -8"><span class='ocrx_word' id='word_1_397' title='bbox 75 2442 131 2478; x_wconf 84' lang='lat' dir='ltr'>mant,</span> <span class='ocrx_word' id='word_1_398' title='bbox 143 2446 181 2469; x_wconf 91' lang='lat' dir='ltr'>non</span> <span class='ocrx_word' id='word_1_399' title='bbox 193 2436 263 2470; x_wconf 89' lang='lat' dir='ltr'>minore</span> <span class='ocrx_word' id='word_1_400' title='bbox 274 2435 336 2478; x_wconf 87' lang='lat' dir='ltr'>vtique</span> <span class='ocrx_word' id='word_1_401' title='bbox 348 2443 410 2468; x_wconf 89' lang='lat' dir='ltr'>errore</span> <span class='ocrx_word' id='word_1_402' title='bbox 422 2443 433 2467; x_wconf 90' lang='lat' dir='ltr'>a</span> <span class='ocrx_word' id='word_1_403' title='bbox 445 2438 494 2468; x_wconf 83' lang='lat' dir='ltr'>recto</span> <span class='ocrx_word' id='word_1_404' title='bbox 506 2434 587 2468; x_wconf 88' lang='lat' dir='ltr'>veritatis</span> <span class='ocrx_word' id='word_1_405' title='bbox 599 2436 671 2468; x_wconf 87' lang='lat' dir='ltr'>tramite</span> <span class='ocrx_word' id='word_1_406' title='bbox 684 2434 778 2470; x_wconf 90' lang='lat' dir='ltr'>diuertunt</span> 
     </span>
     <span class='ocr_line' id='line_1_44' title="bbox 75 2485 778 2533; baseline 0 -9"><span class='ocrx_word' id='word_1_407' title='bbox 75 2494 94 2525; x_wconf 91' lang='lat' dir='ltr'>et</span> <span class='ocrx_word' id='word_1_408' title='bbox 101 2490 158 2524; x_wconf 91' lang='lat' dir='ltr'>veluti</span> <span class='ocrx_word' id='word_1_409' title='bbox 166 2488 259 2533; x_wconf 83' lang='lat' dir='ltr'>naufragia</span> <span class='ocrx_word' id='word_1_410' title='bbox 267 2487 323 2522; x_wconf 88' lang='lat' dir='ltr'>Scille</span> <span class='ocrx_word' id='word_1_411' title='bbox 330 2486 426 2531; x_wconf 69' lang='lat' dir='ltr'>fugientes</span> <span class='ocrx_word' id='word_1_412' title='bbox 434 2487 453 2521; x_wconf 90' lang='lat' dir='ltr'>in</span> <span class='ocrx_word' id='word_1_413' title='bbox 462 2485 570 2531; x_wconf 69' lang='lat' dir='ltr'>Caribdi[s]³</span> <span class='ocrx_word' id='word_1_414' title='bbox 578 2488 685 2533; x_wconf 82' lang='lat' dir='ltr'>voraginem</span> <span class='ocrx_word' id='word_1_415' title='bbox 694 2488 778 2524; x_wconf 86' lang='lat' dir='ltr'>submer-</span> 
     </span>
    </p>
   </div>
   <div class='ocr_carea' id='block_1_5' title="bbox 76 2572 761 2653">
    <p class='ocr_par' dir='ltr' id='par_1_5' title="bbox 76 2572 761 2653">
     <span class='ocr_line' id='line_1_45' title="bbox 96 2572 761 2612; baseline -0.005 -7"><span class='ocrx_word' id='word_1_416' title='bbox 96 2574 288 2606; x_wconf 79' lang='lat' dir='ltr'>¹aLvnarucatholicam</span> <span class='ocrx_word' id='word_1_417' title='bbox 338 2572 457 2604; x_wconf 81' lang='lat' dir='ltr'>²E.illueente.</span> <span class='ocrx_word' id='word_1_418' title='bbox 510 2572 544 2603; x_wconf 63' lang='grc' dir='ltr'>ΒΕ.</span> <span class='ocrx_word' id='word_1_419' title='bbox 553 2573 624 2612; x_wconf 83' lang='lat' dir='ltr'>aliquam.</span> <span class='ocrx_word' id='word_1_420' title='bbox 677 2573 711 2606; x_wconf 77' lang='lat' dir='ltr'>¹E.</span> <span class='ocrx_word' id='word_1_421' title='bbox 719 2578 761 2606; x_wconf 76' lang='lat' dir='ltr'>statu</span> 
     </span>
     <span class='ocr_line' id='line_1_46' title="bbox 76 2611 532 2653; baseline -0.007 -7"><span class='ocrx_word' id='word_1_422' title='bbox 76 2615 82 2633; x_wconf 81' lang='lat'>⁵</span> <span class='ocrx_word' id='word_1_423' title='bbox 92 2615 110 2645; x_wconf 76' lang='lat' dir='ltr'>E.</span> <span class='ocrx_word' id='word_1_424' title='bbox 118 2624 151 2646; x_wconf 87' lang='lat' dir='ltr'>suo.</span> <span class='ocrx_word' id='word_1_425' title='bbox 212 2614 218 2631; x_wconf 76' lang='lat'><strong>⁰</strong></span> <span class='ocrx_word' id='word_1_426' title='bbox 228 2615 246 2645; x_wconf 85' lang='lat' dir='ltr'>E.</span> <span class='ocrx_word' id='word_1_427' title='bbox 253 2614 338 2653; x_wconf 85' lang='lat' dir='ltr'>complent.</span> <span class='ocrx_word' id='word_1_428' title='bbox 399 2611 406 2629; x_wconf 69' lang='lat'>³</span> <span class='ocrx_word' id='word_1_429' title='bbox 415 2613 434 2644; x_wconf 92' lang='lat' dir='ltr'>T.</span> <span class='ocrx_word' id='word_1_430' title='bbox 442 2613 460 2644; x_wconf 80' lang='grc' dir='ltr'>Ε.</span> <span class='ocrx_word' id='word_1_431' title='bbox 468 2613 532 2644; x_wconf 85' lang='lat' dir='ltr'>caribdi.</span> 
     </span>
    </p>
   </div>
   <div class='ocr_carea' id='block_1_6' title="bbox 413 2673 444 2698">
    <p class='ocr_par' dir='ltr' id='par_1_6' title="bbox 413 2673 444 2698">
     <span class='ocr_line' id='line_1_47' title="bbox 413 2673 444 2698; baseline 0 0"><span class='ocrx_word' id='word_1_432' title='bbox 413 2673 444 2698; x_wconf 83' lang='lat'>02</span> 
     </span>
    </p>
   </div>
   <div class='ocr_carea' id='block_1_7' title="bbox 0 0 902 2803">
    <p class='ocr_par' dir='ltr' id='par_1_7' title="bbox 0 0 902 2803">
     <span class='ocr_line' id='line_1_48' title="bbox 0 0 902 2803; baseline 0 0"><span class='ocrx_word' id='word_1_433' title='bbox 0 0 902 2803; x_wconf 95' lang='lat' dir='ltr'> </span> 
     </span>
    </p>
   </div>
  </div>
 </body>
</html>
