1762 2803
138 170 179 223 148
226 184 228 189 ’
326 169 406 220 mona
421 166 537 228 haemon
552 165 645 229 onnia.

136 287 231 333 dampnati
239 287 320 332 spiritus,
326 287 345 322 in
352 293 419 322 tartara
427 290 499 321 vestra!
511 286 555 331 quid
563 286 615 322 vobis
624 297 665 321 cum
674 285 704 321 dei
711 285 778 322 famula
784 289 793 322 l.
802 296 838 331 quo

136 340 186 381 illam
204 342 303 384 raptatisi'
333 341 402 381 ‘Fals0‚
418 340 506 384 inquiunt,
523 340 598 374 nomine
616 351 653 374 non
669 340 712 374 lidei
730 339 839 375 executione

137 393 254 430 christianam
260 393 379 428 vendicamus
387 392 406 426 in
413 397 476 427 nostra
484 392 534 427 iura:
546 397 609 427 nostra
616 398 644 427 est
652 393 768 438 pedissequa,
776 397 839 426 nostra

137 446 247 481 hereditabit
254 447 356 480 tormenta!
379 449 383 465 ‘
390 445 486 488 Interdico,
494 445 554 489 inquit
562 445 665 490 episcopus,
673 445 726 481 vobis
735 456 810 480 omnem
820 446 839 480 in

120 509 128 540 5
137 511 159 535 ea
166 504 275 544 potestatem
283 511 287 534 :
300 499 350 533 ocius
358 498 446 533 discedite
454 499 476 532 ab
484 498 514 533 illa
522 498 540 532 in
548 504 610 533 vestre
621 499 729 543 perditionis
738 499 839 543 ergastula!

137 553 167 587 Ad
174 552 213 588 eius
219 552 269 587 enim
275 552 373 596 imperium
381 552 444 586 relicta
451 552 529 596 captiua,
535 563 600 586 omnes
608 553 708 586 demonum
716 553 772 595 mine,
777 551 839 587 omnia

137 604 283 640 machinamenta
291 604 372 639 funditus
380 605 472 639 exinanita
479 610 597 639 euanuerunt.
613 605 680 639 Mulier
686 611 839 649 vero,.resumpto

138 658 208 701 spiritu,
217 659 240 691 de
248 657 296 691 beati
306 657 394 691 Lethardi
403 658 454 691 vultu
466 662 484 690 et
494 657 594 700 patrocinio
604 657 695 699 letificata,
703 659 774 700 prolem
785 657 840 692 enixa

137 716 171 746 est.
206 702 315 745 Paraliticus
322 709 396 753 quidam
404 720 446 744 curn
454 711 476 744 ad
484 711 567 745 tumbam
575 709 615 744 eius
623 721 665 743 cum
673 709 776 744 lachrimis¹
785 720 840 754 opem

111 774 130 795 ro
136 763 254 808 imploraret;
266 763 343 807 sopore²
352 763 441 806 depresso
452 762 507 797 astitit
517 765 558 806 pius
569 769 625 807 pater,
634 763 678 807 quid
687 763 736 805 velit,
744 763 787 806 quid
797 774 839 802 eum

137 822 174 855 tam
186 816 290 859 importune
302 815 388 860 efflagitet
400 826 485 860 querens.
509 815 584 859 Debilis,
593 827 613 850 se
626 815 723 850 sanitatem
734 821 798 860 petere
810 826 840 851 re·

137 870 217 913 spondit.
237 869 260 903 Et
267 868 308 903 ille:
321 871 326 888 ¹
331 869 414 911 Quando,
419 868 482 913 inquit,
487 868 558 903 debitas
567 879 625 913 penas
632 868 687 909 luitis,
692 875 735 902 tunc
744 869 838 912 supplices

137 922 216 957 venitis:
232 922 263 961 vbi
276 921 380 956 desiderata
392 921 511 963 obtinueritis
524 920 643 955 immemores
658 927 676 955 et
691 920 758 966 ingrati
773 921 840 955 diuinis

137 974 232 1010 beneficiis
247 975 282 1009 cito
297 980 349 1018 terga
362 974 443 1010 vertitis!
465 975 496 1008 Ad
511 974 545 1008 hec
560 973 591 1007 illo
607 974 693 1008 obnixius
709 973 806 1009 insistente
821 979 840 1008 et

111 1036 129 1066 15
138 1029 285 1061 emendationem
298 1027 412 1071 pollicente³‚
426 1027 530 1061 misericors
543 1032 596 1069 pater
609 1026 713 1061 subintulit:
733 1027 784 1060 ‘Vna
797 1027 840 1063 tibia

138 1084 213 1114 sanatus
219 1079 330 1122 liberaberis,
335 1090 377 1114 eum
383 1079 440 1114 altera
445 1078 514 1114 abibis:
523 1079 608 1123 quatinus
614 1089 657 1123 pars
663 1090 709 1113 sana
716 1084 735 1112 te
743 1079 841 1113 admoneat

137 1133 237 1178 gratiarum
248 1133 333 1167 bonitatis
344 1132 411 1176 diuine‚
419 1132 492 1167 infirma
501 1133 598 1176 redarguat
607 1131 678 1177 ingrate
688 1132 810 1177 negligentie;
822 1138 840 1168 et

138 1197 180 1222 cum
191 1192 241 1221 tanto
250 1186 342 1221 desiderio
351 1186 436 1231 requiras
446 1187 554 1230 sospitatem
565 1186 649 1228 ablatam,
660 1186 721 1221 discas
731 1196 768 1220 non
778 1186 840 1230 parui-

137 1240 219 1284 pendere
235 1239 327 1272 collatam.¹
358 1238 442 1273 Surrexit
457 1249 502 1282 ergo
516 1238 626 1281 semisanus,
640 1250 677 1273 vno
692 1249 746 1273 crure
761 1243 839 1280 erectus,

111 1302 131 1323 το
138 1292 195 1327 altero
203 1291 282 1326 relictus.
305 1291 349 1325 Erat
357 1291 425 1325 enima
435 1291 510 1325 renibus
520 1297 539 1325 et
550 1291 597 1325 infra
606 1297 649 1325 ante
659 1291 772 1325 curationem
782 1291 840 1326 sancti

138 1351 187 1379 totus
195 1345 303 1386 paraliticus.
357 1337 380 1378 ln
388 1344 508 1387 processione
519 1344 593 1378 annuali
603 1344 717 1387 rogationum
728 1344 757 1378 vel
765 1340 840 1379 letania-

138 1407 179 1436 rum
195 1396 241 1430 solet
256 1394 318 1430 efferri
330 1395 399 1430 scrinio
411 1406 466 1429 aureo
479 1395 528 1429 beati
542 1395 630 1430 Lethardi
643 1406 709 1440 corpus
721 1396 811 1440 opiferum
822 1396 841 1430 iu

138 1449 285 1484 benedictionem
293 1455 311 1483 et
319 1448 442 1493 prouentum⁴
449 1460 536 1492 agrorum
545 1460 566 1482 ac
576 1449 663 1492 plebium.
687 1448 734 1483 Cum
744 1449 840 1493 aliquando

138 1502 228 1538 aduobus
236 1502 322 1537 fratribus
332 1511 399 1546 corpus
411 1502 451 1536 eius
462 1507 545 1536 sanctum
555 1512 590 1546 per
599 1512 674 1546 campos
684 1501 787 1543 veheretur,
795 1512 840 1545 que-

112 1567 130 1596 ²5
139 1558 181 1591 darn
193 1555 259 1590 mulier
270 1553 369 1598 insani[a]⁵
380 1559 438 1600 capta,
450 1554 536 1590 serenum
549 1565 591 1590 cum
605 1555 675 1600 impetu
688 1560 771 1600 tangens,
785 1556 841 1601 pleno

115 1644 116 1647 ,
139 1609 232 1644 intellectu
240 1613 258 1643 et
265 1608 335 1643 ratione
343 1607 446 1643 formaturl.

437 1712 521 1748 Narratio
526 1713 538 1748 ⁷.

162 1778 250 1820 Sanctus
257 1786 307 1818 enirn
319 1786 391 1818 Pharo³
402 1786 502 1820 meldensis
513 1787 612 1829 episcopus
624 1791 666 1820 ante
677 1792 783 1830 susceptum
796 1787 842 1821 anti-

139 1839 187 1873 stitis
194 1839 271 1882 gradum
281 1849 357 1872 vxorem
369 1849 422 1872 suam
432 1849 484 1873 sacro
494 1838 585 1873 velamine
595 1838 699 1872 consecrari
711 1838 758 1873 fecit.
782 1838 841 1880 Quem

140 1890 197 1925 hostis
210 1891 296 1934 antiquus
307 1891 347 1925 vice
361 1892 440 1934 quadam
453 1891 472 1925 in
487 1896 558 1925 tantum
572 1891 722 1935 temptationibus
735 1902 768 1926 sue
782 1891 841 1926 carnis

112 1956 132 1986 30
139 1944 206 1979 illicitis
214 1944 280 1985 allexit,
286 1949 306 1978 vt
313 1944 375 1978 uxoris
383 1954 417 1978 sue
425 1944 531 1978 recordatus
539 1954 602 1978 amore
610 1943 665 1978 simul
671 1949 689 1978 et
694 1943 842 1989 pulchritudine⁹

139 1999 163 2034 ad
170 1997 264 2042 hocusque
272 1997 401 2042 perduciturvt
409 2007 451 2031 eam
459 1997 482 2032 ad
489 2007 510 2032 se
515 1997 578 2032 venire
584 1998 684 2040 mandaret,
690 1997 754 2042 primo,
761 1997 842 2032 secundo

139 2062 160 2086 ac
168 2050 232 2085 tertio:
245 2056 263 2084 et
270 2050 300 2084 illa
309 2050 365 2094 [cum]
374 2050 409 2085 hoc
416 2060 471 2094 agere
479 2051 585 2093 distulisset,
592 2056 610 2084 et
618 2051 699 2084 animum
707 2052 792 2085 antistitis
799 2061 842 2094 quo-

140 2104 238 2137 dammodo
250 2108 358 2147 temptatum
369 2104 392 2136 ab
403 2113 424 2136 ea
435 2102 561 2144 intellexisset,
572 2108 722 2146 argumentosum
734 2102 842 2147 excogitauit

141 2155 237 2192 consilium
246 2156 337 2198 quomodo
345 2156 450 2199 pontificem
457 2166 468 2190 a
475 2155 570 2199 proposito
578 2155 685 2190 abstrahere
693 2161 756 2200 posset
764 2162 783 2191 et
790 2165 842 2190 suam

113 2219 132 2251 35
141 2208 240 2242 castitatem
248 2213 371 2241 conseruaret.
395 2207 468 2242 Etenim
476 2213 561 2241 ornatum
568 2208 655 2242 abiiciens
663 2208 747 2250 vestium,
755 2208 842 2243 cesariem

141 2260 205 2304 capitis
213 2261 295 2302 totondit,
304 2265 322 2294 et
330 2260 388 2294 cilicio
396 2260 459 2293 induta
469 2272 489 2294 se
500 2261 659 2305 contemplandam
670 2262 757 2307 episcopo
767 2271 842 2306 presen-

141 2314 191 2348 tauit.
214 2314 298 2356 Cumque
308 2314 326 2345 in
338 2324 379 2345 eam
390 2313 498 2354 intenderet,
507 2315 602 2347 exhorruit
610 2315 731 2350 vehementer
742 2315 812 2350 lacinus
822 2323 843 2347 se

141 2365 253 2402 deliberasse
259 2364 320 2399 animo
327 2364 413 2407 illicitum,
418 2371 436 2400 et
442 2366 513 2410 sagacis
518 2366 586 2400 femine
592 2367 708 2411 prudentiam
713 2368 789 2403 miratus
794 2364 843 2402 est¹⁰.

161 2456 167 2475 ¹
178 2456 196 2487 E.
203 2456 281 2486 lachrimis
286 2464 326 2485 cum.
366 2455 373 2473 ²
384 2457 401 2485 E.
407 2456 466 2494 sopori.
506 2457 513 2474 ³
525 2457 542 2488 E.
548 2458 652 2495 pollicentem.
693 2458 699 2476 ⁴
710 2458 728 2488 Ε.
734 2462 843 2496 prouentunm.

141 2496 175 2526 5Τ.
183 2496 200 2528 Ε.
210 2496 279 2532 insanie-3
290 2495 309 2525 G.
318 2495 373 2526 morbo
383 2497 449 2527 insanie.
504 2498 510 2515 ⁸
520 2497 538 2526 G.
549 2498 647 2527 reformatur.
697 2497 703 2515 ⁷
713 2498 737 2528 Cf.
746 2498 791 2527 Vinc.
802 2493 842 2525 Bell.

140 2536 247 2605 llllllslleclgih
253 2576 271 2606 T.
277 2535 286 2607 ξ
297 2535 315 2566 Ε.
323 2536 389 2568 Pharao.
430 2536 436 2553 ⁹
446 2535 480 2566 VB.
487 2538 544 2567 amoris
551 2546 563 2568 s.
571 2542 587 2567 et
595 2537 720 2576 pulchritudinis.

163 2612 202 2651 Lux
213 2622 261 2651 decus
271 2619 343 2657 angliaci,
353 2629 390 2658 spes
401 2624 417 2650 et
429 2621 539 2658 augustissima
549 2622 598 2659 regni,
611 2622 626 2651 0
637 2622 720 2660 Letharde,
731 2626 768 2651 tuos
778 2618 843 2650 defende
