1762 2803
97 131 154 193 Ι646
207 133 208 136 ¹
297 132 299 135 ’
372 125 495 187 appenso
512 128 543 173 11.

110 249 234 283 meliorandum
244 247 368 292 repromittunt
391 249 418 281 Ex
429 247 516 292 insperato
527 247 579 291 igitur
589 248 650 282 eadem
660 253 711 283 nocte
721 249 811 291 conualuit,

110 307 128 333 et
143 301 172 344 qui
187 299 257 342 gemina
271 306 351 341 grauatus
366 298 465 333 infirmitate
480 300 503 332 ad
518 305 596 333 sanctum
611 304 680 332 venerat
693 299 812 342 Edmmdum,

111 352 195 395 integram
202 351 289 393 professus
297 355 323 383 est
330 350 347 383 in
355 349 430 383 crastino
438 360 456 383 se
464 350 549 392 recepisse
557 349 654 383 sanitatem.

150 470 180 501 DE
191 473 329 501 CONUERSIONE
340 473 440 500 CUIUSDAM
452 473 530 506 MILlTIS,
542 473 576 505 QUI
588 473 614 499 DE
625 473 699 499 SALUTE
710 473 774 500 ANllllE

384 525 541 552 DESPERAUERAT.

283 592 299 624 D
311 591 379 624 laudem
392 591 419 624 dei
431 591 477 624 aliud
489 590 580 624 innectitur
591 589 692 624 miraculum
705 592 727 625 de
739 592 814 634 quodam

304 641 814 684 militequimultiseratterristerrarumquepossessionibus

112 693 187 734 locuples
202 698 220 725 et
235 694 279 726 sicut
294 692 312 725 in
327 692 400 724 externis
415 693 465 732 longe
479 690 571 733 prouinciis
587 691 612 723 sic
626 691 673 733 apud
686 691 753 733 Anglos
766 692 814 725 diues

113 752 202 784 possessor
215 741 317 783 orientales,
325 747 350 775 set
359 747 384 774 tot
392 740 490 774 criminibus
501 746 517 774 et
527 740 645 775 illecebrarum
656 743 744 784 voluptate
755 752 815 775 carna-

114 792 155 826 lium
167 793 258 835 depressus
271 799 311 834 erat,
323 793 370 834 quod
382 792 416 825 iam
430 792 452 825 de
465 790 576 825 conuersione
589 791 716 834 desperauerat.
744 792 815 834 Iamque

114 844 158 876 adeo
171 843 247 885 pessima
261 843 343 885 peccandi
357 842 451 875 inuoluerat
464 841 575 882 consuetudo,
586 847 605 874 vt
617 841 658 874 nulli
670 853 700 883 pre
713 843 816 875 verecundia

89 903 106 923 ro
114 899 186 935 peccata
194 903 225 925 sua
232 893 318 933 detegere,
326 890 424 934 neminique
434 891 532 924 confitendo
543 891 613 924 auderet
623 900 644 924 ea
654 891 746 925 denudare.
769 893 816 925 Tan-

115 937 156 976 dem
167 944 184 977 in
195 953 213 977 se
224 953 308 985 reuersus,
317 942 403 985 oculisque
415 941 531 976 misericordie
543 940 570 975 dei
582 947 680 985 respectus:
692 942 748 985 ‘Heu,
756 942 816 987 inquit,

115 1004 166 1035 quam
174 994 237 1026 multos
246 998 314 1026 sanctus
322 993 350 1025 dei
361 992 421 1025 martir
431 993 534 1025 Edmundus
543 999 593 1025 sanat
604 993 623 1025 in
633 1003 709 1036 corpore,
718 993 746 1036 qui
755 993 817 1028 cotidie

115 1043 194 1077 uidentur
201 1043 224 1076 de
231 1042 288 1077 carnis
295 1043 331 1077 vita
338 1044 431 1086 desperare
438 1046 441 1077 t
458 1044 481 1077 Et
489 1048 553 1086 quanto
559 1043 597 1086 plus
604 1048 629 1077 est
635 1043 710 1078 ammam
715 1044 817 1079 resuscitare

116 1106 126 1128 a
133 1095 212 1137 peccatis,
221 1105 273 1138 quam
280 1094 334 1127 vitam
342 1094 423 1127 membris
431 1093 503 1127 reddere
510 1093 586 1135 mortuis,
598 1100 647 1127 tanto
657 1094 712 1127 maior
719 1100 817 1128 sanctorum

89 1155 107 1185 15
116 1145 231 1186 predicabitur
238 1144 298 1185 gloria,
304 1144 318 1176 si
326 1150 412 1176 mortuam
420 1143 438 1175 in
446 1142 544 1176 criminibus
552 1143 628 1175 animam
635 1144 736 1177 retraxerint
744 1155 755 1177 a
762 1145 818 1186 culpa.

117 1196 156 1236 Ego
169 1193 227 1236 itaque
239 1194 267 1236 qui
281 1193 356 1236 peccatis
370 1193 414 1225 meis
427 1192 534 1234 exigentibus
546 1193 625 1234 grauiore
637 1194 696 1227 mortis
710 1205 771 1237 vrgeor
783 1194 818 1227 dis-

116 1245 187 1278 crimine
196 1254 248 1286 quam
258 1244 300 1276 alter
310 1241 391 1285 quilibet¹
404 1253 475 1285 corpore
485 1250 566 1284 mortuus,
575 1245 597 1275 ad
605 1249 683 1276 sanctum
693 1244 720 1277 dei
731 1244 818 1277 martirem

118 1294 229 1327 Edmundum
237 1303 272 1326 non
280 1293 353 1326 tardabo
361 1303 464 1335 percurrere,
472 1298 489 1324 et
498 1293 520 1325 ab
528 1292 556 1325 illo
568 1292 644 1327 remedia
651 1294 708 1327 anime
715 1304 754 1327 mee
761 1299 819 1336 postu-

117 1345 157 1379 lare.
181 1344 228 1378 Sicut
235 1344 281 1377 enirn
289 1343 359 1377 claudos
368 1348 417 1376 sanat
426 1349 442 1376 et
450 1352 500 1376 cecos
508 1342 591 1377 illuminat
602 1348 619 1377 et
628 1343 732 1378 demonibus
741 1344 819 1387 imperat,

91 1407 109 1429 zo
118 1396 142 1430 sic
149 1406 188 1429 meo
195 1405 293 1428 succurrere
300 1399 357 1437 potest
367 1392 493 1437 incom[m]odo
504 1400 521 1427 et
529 1394 604 1427 animam
611 1405 669 1428 meam
676 1406 687 1428 a
695 1396 819 1438 dampnacione

118 1447 199 1480 uberare!
223 1447 262 1479 Hec
273 1456 332 1478 secum
341 1446 418 1487 loquens,
431 1445 463 1477 iter
473 1455 524 1477 suurn
534 1445 557 1477 ad
568 1445 657 1478 basilicam
666 1447 721 1479 sancti
732 1445 821 1478 Edrnundi

119 1498 215 1530 accelerare
225 1495 299 1529 festinat.
321 1496 346 1528 Et
357 1504 396 1527 cum
407 1495 482 1527 venisset
493 1494 515 1527 ad
526 1494 588 1536 locum,
596 1506 636 1528 cum
646 1495 721 1528 maximo
732 1496 820 1538 ingressus

118 1553 144 1581 est
153 1552 225 1580 tremore
236 1545 363 1579 monasterium⁴
386 1545 498 1578 Peccatorum
508 1557 583 1588 namque
593 1557 662 1580 suorum
672 1548 770 1580 recordacio
781 1557 821 1581 eum

118 1598 202 1631 reddebat
213 1596 300 1639 pauidum,
310 1596 351 1638 qnia
362 1596 433 1629 timebat
444 1597 518 1640 nequid
529 1596 561 1629 sibi
572 1598 646 1631 deterius
657 1598 761 1640 contingeret
772 1597 786 1632 si
796 1603 821 1632 tot

93 1661 111 1691 ²5
120 1647 218 1682 criminibus
226 1647 308 1681 obnoxius
316 1647 371 1680 sancti
383 1647 427 1680 illius
438 1646 471 1680 loci
482 1647 610 1681 tabernaculum
620 1648 696 1682 intraret.
719 1649 754 1691 Spe
764 1654 821 1682 tamen

119 1700 166 1733 bona
180 1704 197 1731 et
212 1709 252 1731 vere
267 1697 371 1730 credulitatis
386 1697 420 1730 fide
430 1703 523 1738 concepta,
538 1698 620 1730 audacter
635 1698 733 1740 ingreditur,
750 1705 767 1731 et
781 1703 822 1731 ante

120 1750 217 1791 sepulcrum
232 1747 301 1788 gloriosi
316 1746 390 1779 martiris
404 1752 422 1779 et
436 1745 480 1788 regis
496 1747 583 1781 Edmundi
598 1754 698 1790 prostratus,
714 1759 777 1782 noxam
795 1748 821 1782 sui

120 1798 195 1832 criminis
212 1798 321 1840 gemebundo
338 1798 390 1831 corde
407 1797 507 1831 confitetur:
527 1803 543 1831 et
558 1805 608 1840 rogat
626 1804 662 1832 toto
677 1800 727 1833 corde
742 1805 760 1833 vt
776 1799 822 1833 sacta

96 641 104 670 5
135 616 221 649 Oebreus.

121 1849 231 1890 confessione,
244 1859 304 1882 secura
318 1847 351 1881 sibi
366 1848 424 1881 redeat
439 1847 552 1889 consciencia,
566 1855 583 1882 et
598 1849 680 1892 deinceps
695 1851 718 1883 ab
734 1849 823 1892 iniquitate

93 1914 112 1942 3⁰
120 1904 197 1942 resurgat
212 1905 229 1932 et
244 1898 297 1931 viram
312 1909 361 1931 suam
376 1898 394 1931 in
408 1899 473 1931 bonum
487 1904 586 1932 commutet.
609 1900 689 1943 Dumque
704 1899 822 1934 huiuscemodi

120 1949 200 1984 lamentis
211 1955 229 1981 et
239 1948 348 1981 oracionibus
356 1948 406 1980 miles
415 1953 496 1990 peccator
506 1947 588 1982 instaret:
601 1949 625 1982 ita
636 1959 675 1982 eum
684 1949 743 1984 diuine
754 1949 822 1993 pietatis

121 2000 180 2043 gracia
192 2000 215 2032 ab
227 2009 278 2041 opere
291 1998 374 2041 nephario
387 1998 485 2039 custodiuit,
499 2003 517 2032 vt
529 1999 594 2033 nullam
607 2000 716 2041 postmodum
729 2000 823 2034 incurreret

121 2050 256 2093 intemperancie
267 2055 296 2083 aut
308 2048 401 2091 voluptatis
413 2060 494 2091 corporee
505 2048 597 2084 leuitatem.
620 2051 685 2085 Dicant
695 2052 724 2085 alii
735 2052 757 2085 de
768 2052 823 2086 excel·

121 2102 177 2135 lencia
187 2100 264 2133 miraculi
275 2100 321 2142 quod
333 2100 421 2132 senciunt:
431 2110 464 2142 ego
471 2106 529 2133 autem
539 2100 594 2134 maius
606 2101 684 2135 existimo
695 2103 741 2144 quod
748 2101 824 2135 animam

95 2150 247 2191 35resuscitauerit
261 2152 321 2182 beatus
336 2149 395 2182 martir
409 2149 512 2182 Edmundus
523 2151 545 2183 ab
560 2150 639 2191 operibus
651 2151 729 2192 mortuis,
743 2161 795 2194 quam
809 2150 824 2183 si

122 2211 184 2243 corpus
192 2209 279 2241 resurgere
287 2199 350 2232 faceret
357 2210 368 2232 a
376 2199 434 2232 dolore
441 2198 505 2233 mortis.

140 2268 246 2312 Explieiemt
252 2271 330 2300 extracta
337 2268 357 2300 de
364 2268 456 2301 miraculis
462 2269 519 2301 saneti
525 2268 618 2302 Edmundz'
623 2270 689 2313 semble
694 2269 701 2289 ²
707 2269 729 2303 ab
738 2269 807 2305 Osberte

349 2320 411 2360 priore
421 2319 595 2353 Westmonasterzt-

155 2394 192 2428 Hic
198 2393 246 2426 debet
252 2393 305 2426 scribi
311 2396 431 2435 consequenter
436 2394 541 2427 narraturum
548 2395 569 2426 de
575 2394 677 2436 Eustochio,
685 2405 724 2428 crem
731 2394 797 2428 duobus

210 2443 324 2486 sequentibus,
332 2445 353 2476 ul
360 2443 465 2475 miraculum
472 2442 493 2474 tle
500 2442 549 2485 cipho
556 2445 614 2477 saneti
619 2444 737 2478 rodenandi.—

289 2538 295 2556 ¹
306 2537 340 2569 MS.
347 2539 419 2577 qualibet.
559 2539 566 2558 ²
577 2550 589 2569 r.
596 2540 660 2579 scriptis.
