1762 2803
98 108 146 198 356Ι
245 189 246 192 ,
288 138 367 190 muto
383 134 500 199 trumba
515 134 608 199 anolo.

99 262 192 306 Egbertus
203 266 221 295 et
229 259 331 302 Lotharius,
339 259 376 294 filie
384 270 457 304 quoque
467 260 582 295 sanctissime
590 258 696 293 Ermcnilda
704 263 722 291 et
731 256 801 291 Erken·

98 315 151 359 goda,
160 324 237 359 quarum
247 312 297 357 prior
308 314 369 346 iuncta
379 318 408 347 est
417 313 527 347 Merciorum
538 313 577 357 regi
585 312 661 352 wlfero,
672 320 708 354 que
719 314 801 344 sanctam

99 369 172 412 peperit
179 368 313 410 Werburgam;
327 366 384 400 altera
394 366 517 402 transmarina
528 365 638 401 monasteria
649 364 698 406 adiit,
706 363 736 397 vbi
748 372 802 407 pere-

100 421 153 465 grina
168 421 269 465 quiescens,
283 430 304 453 se
318 431 329 453 a
342 418 415 453 Christo
429 425 533 464 susceptam
546 419 600 453 elaris
612 417 705 452 miraculis
718 414 802 451 ostendit.

84 484 92 514 5
101 474 147 517 Quis
158 480 219 509 autem
231 472 286 517 digne
297 477 388 506 memoret
399 473 476 518 qualiter
487 473 602 507 sanctissima
610 472 707 515 Sexburga
718 470 752 505 sub
762 469 802 513 ipso

100 529 142 571 iugo
150 526 260 561 matrimonii
264 526 321 561 vitam
329 527 414 562 duxerit?
430 527 491 561 Duces
499 525 598 561 nonerunt¹
604 526 704 567 dominam,
710 533 802 569 pauperes

100 581 217 624 alumpmm:
234 579 260 612 illi
271 579 380 624 principem,
391 580 421 614 isti
432 579 572 624 frequentabant
583 584 673 619 matrem3
689 576 714 610 illi
725 586 802 610 venera·

101 634 167 667 bantur
173 632 293 675 maiestatem,
298 632 328 667 isti
334 633 418 667 colebant
424 633 555 674 humilitatem
567 631 691 675 superioribus
697 628 803 674 imperialis,

101 686 218 721 inferioribus
231 686 328 722 videbatur
343 686 425 731 equalis;
444 685 522 721 summis
536 684 654 730 precipiebat,
668 683 737 719 intimis
752 682 803 717 mini-

75 750 93 771 ro
101 741 180 774 strabat:
192 745 212 775 vt
220 740 302 774 omnium
309 745 374 783 mater,
382 740 478 774 omnibus²
485 745 524 774 erat
535 738 625 781 amabilis,
633 738 719 773 omnibus
726 746 804 773 venera·

102 793 154 836 bilis;
166 805 209 828 rara
219 793 238 827 in
246 794 305 836 turba,
311 794 398 837 frequens
406 794 425 827 in
433 792 518 834 ecclesia;
527 803 590 836 regem
598 791 684 826 attentius
692 789 804 826 accendebat

102 847 125 880 ad
139 846 222 881 diuinum
234 846 347 890 obsequium.
370 846 413 880 Rex
424 847 484 889 itaque
496 846 559 880 crebro
570 844 630 888 ipsius
641 844 733 884 instinctu,
745 842 804 887 primo

103 898 165 932 omnia
179 898 234 943 ydola
249 909 285 942 que
300 899 334 932 sub
350 898 440 942 prioribus
459 897 532 941 regibus
547 897 605 931 adhuc
621 901 673 932 erant
688 896 767 937 residua,
781 894 804 928 ab

102 952 189 986 uniuerso
203 963 260 995 regno
275 962 308 985 suo
325 962 367 986 cum
382 952 432 986 omni
447 951 553 995 paganismo
566 950 659 985 tunditus³
670 947 804 990 exterminauit,
823 969 824 972 =

77 1015 95 1046 15
104 1015 218 1050 regnumque
226 1003 293 1038 Christi
304 1015 342 1038 non
353 1009 391 1038 tam
402 1003 483 1038 dilatauit
493 1015 547 1048 quam
559 1008 617 1038 totum
625 1002 693 1038 Christi
705 1013 747 1037 esse
758 1001 805 1035 iecit.

104 1058 194 1093 Instinctu
213 1057 277 1101 regine
294 1059 328 1092 deo
344 1058 414 1101 dilecte,
429 1068 462 1092 rex
476 1058 586 1091 monasteria
604 1055 704 1101 ampliauit,
719 1054 805 1090 ecclesias

103 1111 210 1143 construxit.
233 1109 307 1143 Primus
319 1110 374 1143 etiam
386 1110 547 1154 quadragesimalis
562 1109 671 1143 abstinentie
683 1109 708 1141 ita
721 1108 806 1142 omnibus

103 1162 169 1197 indixit
187 1163 329 1204 obseruantiam,
344 1167 363 1197 vt
378 1162 461 1197 violatori
476 1163 582 1196 decerneret
596 1162 700 1196 vindictam.
728 1160 806 1194 Liberos

104 1221 165 1250 autem
177 1215 293 1251 sanctissima
304 1226 373 1260 parens
388 1217 411 1250 ad
423 1226 497 1250 omnem
510 1216 540 1250 dei
552 1215 637 1250 timorem
650 1220 669 1249 et
683 1214 806 1249 reuerentiam

78 1284 96 1304 zo
104 1270 199 1305 erudiebat
211 1282 232 1303 ac
244 1271 372 1304 mandatorum
384 1268 442 1313 ipsius
454 1269 558 1304 custodiam.
581 1269 664 1303 Tandem
675 1268 806 1302 Ercombertus

104 1323 192 1358 vicesimo
207 1328 272 1367 quarto
287 1323 339 1367 regni
355 1323 383 1356 sui
398 1334 447 1356 anno
462 1321 510 1366 obiit,
525 1328 543 1356 et
558 1323 611 1356 beata
626 1322 723 1366 Sexburga
739 1320 807 1365 regalia

104 1383 213 1411 ornamenta
227 1387 268 1410 cum
283 1387 352 1420 pompa
366 1381 385 1409 et
404 1376 448 1409 luxu
463 1375 518 1409 seculi
533 1375 593 1410 abiicit
611 1381 629 1410 et
644 1375 726 1410 habitum
740 1375 807 1409 sancti-

105 1429 204 1463 monialem
219 1428 277 1461 induit
292 1429 341 1472 apud
356 1428 453 1462 cenobium
468 1428 555 1470 heliense,
569 1429 603 1462 sub
618 1439 681 1462 sorore
696 1439 729 1462 sua
744 1432 808 1462 sancta

107 1482 225 1515 Etheldreda.
248 1480 273 1514 Se
285 1491 358 1525 quoque
369 1480 388 1513 in
399 1491 474 1514 omnem
484 1480 570 1514 virtutem
582 1481 645 1523 erexit,
656 1479 733 1522 ieiuniis,
741 1479 808 1525 vigiliis

79 1551 87 1572 2
90 1550 98 1581 5
107 1546 128 1569 ae
135 1535 191 1569 variis
199 1535 293 1569 laboribus
301 1545 368 1577 corpus
376 1534 457 1577 affligere
462 1534 474 1575 ⁴,
481 1535 593 1578 voluptatum
601 1535 681 1569 maculas
689 1534 732 1578 igne
739 1533 808 1568 amoris

107 1587 137 1622 dei
148 1589 257 1633 decoquere,
265 1586 395 1620 lachrimarum
403 1586 463 1620 ssuuiis
475 1586 554 1629 abluere,
562 1586 660 1632 omnique⁶
668 1586 778 1622 continentia
790 1591 808 1621 et

107 1641 209 1675 humilitate
215 1639 291 1674 emulari
299 1639 437 1674 sanctimoniam
443 1640 495 1674 beate
502 1640 569 1674 sororis
577 1651 609 1675 sue
616 1640 668 1685 cepit.
688 1641 731 1676 Post
739 1640 808 1675 obitum

107 1694 189 1728 sororist
200 1704 234 1728 sue
245 1694 333 1727 successit
344 1694 439 1735 regimine,
451 1692 532 1727 omnium
543 1694 624 1727 vnanimi
637 1694 731 1729 electione.
754 1694 809 1728 Intel-

107 1745 151 1780 lexit
159 1746 212 1780 beata
218 1750 261 1779 tunc
269 1755 289 1779 se
298 1744 362 1779 maiori
370 1750 464 1780 oneratam
472 1744 570 1789 diligentia,
576 1756 617 1780 cum
623 1746 678 1780 etiam
686 1757 720 1790 pro
728 1746 809 1781 omnium

79 1817 99 1848 3⁰
107 1799 248 1833 commissorum
260 1798 295 1832 sibi
305 1799 430 1842 vigilandum⁷
442 1803 491 1832 esset
502 1799 563 1833 tutela.
585 1799 676 1833 Omnibus
688 1810 731 1844 ergo
743 1801 809 1834 deuote

108 1858 126 1887 et
134 1852 237 1886 humiliter⁸
245 1853 339 1895 satagebat
347 1851 457 1885 ministrare.
481 1850 530 1885 inter
537 1851 634 1886 innumera
641 1857 702 1887 autem
710 1853 809 1897 gratiarum

108 1906 177 1941 Christi
191 1905 302 1940 charismata
312 1905 346 1939 hoc
357 1904 423 1939 etiam⁹
436 1903 491 1938 altius
506 1905 588 1939 accendit
601 1906 624 1939 ad
635 1905 721 1940 virtutum
734 1905 809 1951 premia,

108 1960 157 2004 quod
162 1959 175 1979 ¹⁰
183 1959 265 2005 predicte
274 1969 363 2002 germane
372 1969 406 1993 sue
415 1958 474 2003 gleba,
482 1963 525 2002 post
534 1958 628 1993 sexdecim
639 1970 698 1994 annos
710 1960 810 2004 sepulture,

108 2014 183 2046 inuenta
195 2018 223 2047 est
234 2018 271 2045 tota
283 2011 393 2055 incorrupta.
417 2012 485 2044 Exacto
497 2012 571 2045 tandem
582 2011 601 2044 in
612 2013 665 2045 bonis
676 2014 763 2056 operibus
773 2013 810 2046 vite

80 2082 99 2114 35
108 2077 142 2100 sue
152 2076 212 2109 cursu,
220 2064 279 2109 pridie
290 2065 353 2099 Nonas
362 2063 400 2098 iulii
411 2065 435 2098 ad
447 2069 511 2098 eterna
521 2064 586 2108 gaudia
598 2065 703 2100 conscendit
709 2065 726 2109 ¹¹,
734 2071 753 2101 et
760 2066 811 2100 iuxta

108 2129 191 2153 sororem
205 2129 257 2153 suam
271 2118 385 2162 sepulturam
400 2117 584 2152 meruit—-Floruit
598 2123 659 2154 autem
676 2118 723 2154 circa
741 2129 810 2154 annum

109 2172 177 2206 domini
186 2171 343 2206 sexcentesimum
351 2170 533 2216 quadragesimum¹².

129 2264 177 2294 ¹Vit.
186 2268 267 2294 nouerant.
322 2263 352 2292 ¹E
365 2265 474 2300 omnibusque.
525 2264 642 2295 ’Edunditen
699 2264 810 2303 ‘E.alligere.

109 2304 115 2322 ⁵
126 2304 143 2333 E.
151 2302 297 2371 omnilqqunefiam⁶
307 2303 325 2333 E.
331 2311 397 2371 ξιοέοῑὲο
398 2301 462 2372 11εεῖιέξὲ
469 2301 573 2339 vigulandum.
610 2304 616 2321 Β
626 2304 644 2334 E.
652 2304 725 2335 humiter.
763 2305 769 2322 ⁹
779 2305 812 2335 vit.

110 2351 370 2421 eaii'nnnpn.'etqcoliketnr.:'
463 2364 467 2372 ’

131 2422 177 2459 Tota
183 2428 237 2467 pulcra
244 2436 266 2462 es,
274 2427 324 2456 amica
331 2436 370 2463 mea,
377 2430 394 2455 et
400 2426 460 2456 macula
467 2436 500 2456 non
507 2431 532 2457 est
539 2427 555 2457 in
563 2431 582 2457 te.
604 2427 623 2459 V.
634 2429 667 2459 Ora
674 2438 702 2467 pro
710 2429 760 2461 nobis.

132 2467 191 2506 Presta
198 2482 288 2512 quesumus,
294 2473 394 2510 omnipotens
401 2473 446 2509 deus,
452 2472 500 2510 utqui
507 2473 552 2503 beate
558 2473 640 2513 Sexburge
645 2475 812 2505 commemoracionem

111 2516 176 2553 agimus,
184 2516 218 2544 eius
228 2513 288 2542 meritis
298 2517 314 2542 et
324 2513 397 2550 precibus
407 2513 436 2542 sibi
446 2513 462 2541 in
472 2513 526 2543 celesti
536 2514 614 2544 sociemur
622 2515 698 2553 claritate,
707 2516 734 2545 ubi
743 2515 812 2553 gloriose

111 2555 177 2584 uisionis
184 2560 211 2584 tue
218 2554 296 2591 perhenni
303 2553 400 2590 gratulemur
407 2553 508 2590 iocunditate,
515 2563 548 2591 per.
