1762 2803
138 130 182 189 '296
249 177 250 180 ,
326 131 407 185 mota
424 129 540 192 tenone
555 129 648 193 anglie.
703 132 705 136 ’
755 137 840 180 usu:

137 255 210 291 planctus
217 253 272 284 audiri,
294 253 355 283 Etenim
366 254 474 291 pauimentum
481 253 537 283 domus
544 253 586 283 illius
595 252 667 283 rotundis
674 252 723 282 fossis
730 255 764 282 erat
771 252 840 290 plenum,

138 306 183 331 erant
190 305 242 331 autem
249 301 311 338 singule
318 300 385 330 metallis
394 300 460 329 diuersis
468 309 486 329 ae
496 300 582 337 liquoribus
589 300 689 330 bullientibus
697 299 743 337 plene
749 309 753 334 3
760 299 840 335 utriusque

138 358 187 379 sexus
199 347 279 379 hominum
292 347 308 378 in
320 346 351 378 illis
365 346 437 379 demersa
449 351 483 378 erat
497 347 580 379 multitudo
591 347 663 384 maxima,
674 357 740 385 quorum
753 347 779 377 alii
791 356 841 384 usque

139 398 159 427 ad
166 396 253 434 supercilia,
261 396 287 425 alii
298 405 347 432 usque
358 396 378 424 ad
389 394 448 431 oculo's,
456 396 482 425 alii
490 395 554 435 [usque]
562 396 582 425 ad
591 395 636 431 labia,
643 395 670 424 alii
678 404 727 433 usque
734 396 754 424 ad
761 394 807 430 colla,
815 394 841 423 alii

122 453 130 483 5
139 453 189 482 usque
196 444 216 474 ad
224 448 284 481 peetus,
292 442 337 473 etsie
344 452 394 481 usque
401 443 421 473 ad
428 442 480 481 tibias,
487 443 514 474 alii
520 453 553 474 uno
560 447 620 474 tantum
626 442 668 481 pede
675 443 691 472 in
698 442 762 473 metallo
766 442 841 472 bulliente

139 493 208 526 stabant,
218 491 244 519 alii
255 500 301 519 unam
312 500 374 519 manum
385 491 411 519 uel
422 496 503 528 utramque
513 491 530 519 in
541 492 564 520 eis
574 491 653 519 tenebant.
674 490 735 519 Omnes
745 491 803 527 pariter
813 499 842 527 pre

140 538 194 567 dolore
202 537 289 566 clamabant
298 542 314 565 et
323 538 434 566 miserabiliter
444 538 508 567 flebant
530 537 584 573 ‘Ecum
592 537 665 574 inquiunt
673 537 754 574 demones,
762 545 797 566 cum
807 536 842 565 istis

139 585 243 621 balneaberis,
255 585 286 612 nisi
297 585 356 613 reuerti
367 583 447 615 uolueris.
474 585 495 615 Et
507 594 542 613 cum
554 584 634 622 cepissent
645 583 714 614 illumin
726 583 785 614 fossam
795 593 842 614 unam

140 642 217 670 mergere,
228 633 302 662 inuocato
310 633 368 663 Christi
380 634 444 662 nomine
454 633 584 670 ceperunt¹inde
594 632 685 669 procedere
727 624 751 661 Et
761 632 843 662 trahentes

111 689 132 710 -ro
140 681 184 710 illum
196 684 301 718 perrexerunt
313 684 368 710 eontra
379 684 448 710 montem
460 689 512 717 unum,
524 679 541 708 in
553 687 584 717 quo
596 678 677 716 utriusque
688 688 737 708 sexus
749 680 842 719 diuerseque

140 728 188 757 etatis
194 736 242 763 super
249 727 308 763 digitos
314 728 373 763 pedum
380 732 460 757 curuatam
466 731 526 756 tantam
533 727 573 755 uidit
579 727 636 755 sedere
643 726 758 755 multitudinem
765 727 843 755 nudorum

141 774 227 810 hominum,
239 774 281 809 quod
293 774 338 811 pauci
349 774 442 803 uiderentur
451 774 465 802 ei
478 782 533 803 omnes
545 782 584 810 quos
596 776 643 802 antea
655 772 720 810 uiderat,
732 773 753 802 ad
764 782 844 810 compara-

141 821 203 850 cionem
212 831 271 850 eorum.
294 819 354 850 Omnes
365 831 404 850 uero
415 830 455 859 quos
467 820 507 849 uidit
518 819 543 859 ibi,
557 819 601 858 quasi
612 823 678 849 mortem
690 830 725 850 curn
737 825 805 850 tremore
816 831 843 850 ex-

141 873 229 907 pectantes,
237 870 257 897 ad
264 869 353 906 aquilonem
360 872 405 899 erant
411 869 458 898 uersi.
479 869 549 905 Cumque
556 869 583 897 ille
591 868 674 897 miraretur
681 868 717 906 quid
724 869 754 898 hee
761 868 844 899 multitudo

116 926 133 956 15
142 915 260 955 prestolaretur,
268 925 309 945 unus
316 917 401 946 demonum
411 916 450 945 dixit
458 916 478 945 ad
487 916 538 946 illum:
550 915 622 945 ‘Miraris
633 915 700 945 sortasse
709 916 746 952 quid
757 926 792 946 cum
800 920 844 946 tanto

143 969 212 993 tremore
222 967 295 999 expectat
305 963 381 999 populus;
396 963 427 992 nisi
437 963 495 991 reuerti
506 962 580 996 uoluens,
590 962 631 991 scies
641 962 672 991 hoe
682 961 780 992 certissime)
807 962 844 1000 (Vix

143 1011 201 1039 demon
209 1008 282 1048 uerbum)
290 1008 352 1039 finierat
360 1013 377 1039 et
385 1019 422 1039 ecce
431 1009 450 1039 ab
456 1008 544 1047 aquillone)
552 1012 610 1038 uentus
620 1008 665 1038 turbo
673 1009 759 1038 uehemens
766 1009 844 1047 ueniebat,

143 1057 169 1094 qui
182 1061 198 1086 et
210 1056 253 1093 ipsos
266 1061 282 1085 et
295 1066 341 1092 quem
354 1055 453 1094 du(xerunt)‚
467 1066 561 1093 omnemque
572 1052 647 1092 populum
659 1055 713 1085 illum²
723 1056 793 1093 arripuit,
803 1057 845 1085 etin

142 1102 214 1143 ssu(1nine
226 1102 282 1142 fetido)
294 1112 312 1132 ac
324 1103 429 1142 frigidissimo,
441 1104 505 1133 flentem
515 1107 532 1132 et
543 1103 632 1142 eiulantem,
644 1102 692 1141 longe
703 1103 719 1133 in
730 1104 776 1134 aliam
787 1104 845 1135 montis

116 1161 135 1182 ao
143 1155 204 1189 partem
211 1151 283 1190 iactauit,
295 1152 353 1189 inquo
364 1151 413 1180 nimio
424 1151 482 1188 frigore
493 1151 594 1181 uexabantur.
623 1151 688 1180 Etcum
699 1152 719 1180 de
729 1161 769 1189 aqua
780 1160 846 1189 surgere

143 1199 235 1237 niterentur,
249 1201 330 1227 currentes
344 1199 413 1235 desuper
424 1208 480 1234 aquam
492 1199 568 1228 demones
579 1199 595 1227 in
610 1199 645 1235 ipio
659 1198 723 1227 ssumine
736 1198 846 1229 immerserunt

143 1255 203 1276 omnes.
229 1244 251 1275 At
260 1245 306 1275 miles
316 1255 375 1275 nomen
386 1246 445 1275 Christi
455 1245 534 1276 inuocauit
546 1249 562 1275 et
572 1246 624 1275 statim
636 1246 652 1275 in
665 1245 695 1275 alia
706 1244 739 1282 ripa
749 1255 767 1275 se
779 1246 845 1276 inuenit.

143 1286 230 1322 Accedunt
240 1293 260 1321 ad
271 1302 307 1322 eum
317 1293 394 1322 demones
405 1296 459 1322 contra
469 1298 539 1322 austrum
550 1293 593 1322 illum
604 1293 695 1322 trahentes:
710 1297 726 1322 et
735 1302 772 1322 ecce
781 1298 819 1323 ante
829 1304 846 1323 se

144 1340 187 1368 uidet
194 1339 286 1378 Mammam)
294 1344 350 1369 tetram
357 1340 464 1377 etsulphureo
468 1340 518 1369 fetore
525 1340 588 1369 fetidam
594 1340 638 1376 quasi
646 1339 674 1377 [tle
681 1339 747 1377 pute0]³
754 1340 846 1378 ascendere,

117 1397 124 1419 2
127 1397 135 1427 5
145 1391 161 1417 et
168 1386 212 1424 quasi
219 1386 292 1416 homines
300 1387 351 1417 nudos
357 1390 373 1416 et
379 1386 435 1423 igneos
443 1386 523 1423 utriusque
530 1395 579 1416 sexus
585 1386 626 1417 sicut
633 1385 709 1416 scintillas
716 1385 757 1422 ignis
764 1387 825 1416 sursum
830 1387 847 1416 in

144 1445 182 1465 acre
189 1434 252 1471 iactare,
259 1434 286 1471 qui
293 1437 309 1464 et
319 1434 415 1464 flammarum
422 1435 438 1464 ui
445 1434 535 1470 deficiente,
543 1435 599 1464 iterum
606 1434 714 1464 reinciderunt
724 1433 741 1462 in
751 1440 800 1471 puteo
808 1440 824 1465 et
831 1436 847 1465 in

145 1483 186 1520 igne.
205 1482 241 1519 Quo
248 1482 382 1519 approximantes,
389 1482 463 1512 dixerunt
470 1482 514 1512 militi
521 1483 606 1513 demones:
618 1482 660 1512 ‘Iste
665 1481 778 1513 ssammiuomus
785 1488 847 1521 puteus,

144 1530 203 1559 interni
220 1533 245 1558 est
262 1530 347 1560 introitus:
364 1531 381 1558 in
394 1531 424 1559 hoc
441 1530 477 1558 loco
491 1534 562 1559 nostrum
576 1535 601 1559 est
617 1530 727 1568 habitaculum,
741 1536 758 1561 et
774 1531 848 1567 quoniam

147 1577 191 1605 nobis
203 1576 283 1612 hucusque
294 1577 362 1610 seruisti,
374 1576 400 1604 hic
412 1577 446 1604 sine
458 1576 490 1605 fine
502 1576 572 1605 manebis
584 1576 670 1605 nobiscum.
695 1577 756 1607 Omnes
768 1577 809 1607 enim
822 1576 848 1614 qui

119 1634 139 1663 30
146 1623 192 1654 nobis
202 1622 278 1660 seruiunt,
287 1623 313 1652 hic
324 1623 359 1652 sine
369 1622 401 1652 fine
412 1623 501 1654 manebunt.
524 1623 544 1652 Et
554 1623 568 1653 si
577 1623 608 1653 hoc
619 1633 637 1653 os
646 1622 734 1663 intraueris,
743 1628 759 1655 et
770 1624 821 1663 anima
832 1629 848 1654 et

146 1678 213 1707 corpore
218 1670 343 1707 pariterperibis.
354 1669 372 1699 Si
377 1673 429 1699 tamen
434 1670 484 1700 adhuc
490 1670 641 1710 (nobisassenserisl
647 1674 664 1699 ut
668 1671 758 1708 reucrtaris,
763 1672 783 1701 ad
787 1675 849 1709 portam

147 1717 179 1748 oris
193 1717 248 1747 illesus
262 1717 319 1747 amodo
332 1726 342 1746 a
354 1716 400 1746 nobis
412 1716 506 1748 deducens!
530 1718 601 1755 Cumque
614 1718 692 1756 promissa
704 1728 758 1749 eorum
769 1723 849 1757 contemp·

147 1770 198 1803 neret,
209 1766 225 1794 in
239 1765 292 1802 ignem
303 1766 346 1802 putei
356 1774 375 1795 se
385 1765 460 1804 iecerunt,
473 1770 489 1795 et
499 1775 552 1796 seeum
564 1766 629 1796 militem
641 1770 732 1803 traxenrnt3
744 1772 761 1797 ct
772 1776 803 1804 quo
813 1776 849 1805 pro·

147 1814 210 1843 sundius
227 1813 244 1841 iu
261 1817 326 1850 puteum
343 1813 432 1849 descendit,
447 1822 467 1842 eo
483 1812 555 1843 latiorem
572 1813 669 1844 intrinsecus
685 1823 721 1844 eum
737 1815 780 1849 uidit,
797 1819 813 1844 et
830 1823 850 1844 eo

120 1871 138 1901 35
147 1861 236 1899 grauiorem
248 1869 305 1897 penam
316 1860 370 1889 sensit,
395 1860 413 1889 ln
424 1869 444 1889 eo
454 1869 493 1890 uero
503 1864 555 1890 tantas
566 1860 611 1890 miles
621 1861 672 1891 sensit
682 1862 763 1900 angustias
774 1861 798 1901 (ut
808 1871 850 1900 pene

147 1909 204 1938 obiitus
215 1907 242 1946 sit)
254 1917 312 1937 nomen
323 1908 382 1936 domini
393 1908 484 1945 inuoc(are;
494 1912 519 1937 set
530 1912 583 1937 tamen
590 1910 643 1945 corde,
651 1909 688 1945 quia
695 1918 734 1938 uoce
741 1919 774 1938 non
781 1914 849 1945 poterat,

148 1956 152 1971 ⁴
159 1955 206 1984 lhesu
212 1953 275 1983 Christe
282 1953 304 1982 fili
309 1953 335 1982 dei
342 1953 380 1990 uiui,
387 1954 470 1990 (miserere
474 1954 523 1983 michi
528 1953 623 1991 pcclcatori’
630 1954 723 1983 exclamauit
728 1964 732 1984 t
737 1973 738 1976 =
744 1958 760 1983 et
767 1954 820 1984 statim
826 1955 851 1983 uis

148 2002 217 2041 iliamme
226 2000 269 2038 eum)
280 2000 344 2038 reliquis
354 2008 416 2030 sursum
427 2009 463 2030 eum
475 2000 491 2030 in
500 2008 537 2030 aere
547 2000 612 2031 leuauit.
633 2000 706 2041 Simque)
718 2001 734 2031 ln
744 2001 850 2032 deseencione

148 2049 191 2078 iuxta
198 2051 263 2086 puteum
270 2047 372 2088 ali(quamdiu
379 2047 429 2087 solus)
437 2047 486 2078 stetit.
508 2047 528 2077 Et
535 2058 573 2078 ecce
584 2049 660 2078 demones
670 2048 696 2078 alii
705 2049 725 2078 ab
733 2050 850 2088 11eoincogni)ti

112 2107 140 2135 -40
148 2097 169 2125 de
185 2099 234 2133 puteo
251 2095 357 2131 procedentes
374 2095 477 2133 aduenerunt,
496 2094 530 2135 (qui
547 2096 575 2131 ital
593 2096 677 2126 dixerunt:
694 2096 753 2133 ‘Quod
767 2097 794 2126 hic
808 2101 851 2126 esset

148 2143 225 2178 infernus,
232 2142 270 2171 socii
276 2142 332 2181 (nostri
339 2142 419 2180 dixelrunt
425 2142 452 2172 tibi
459 2153 463 2172 :
470 2147 495 2172 set
499 2143 618 2173 consuetudinis
624 2147 678 2173 nostre
683 2149 708 2174 est
713 2153 777 2182 semper
782 2145 851 2179 mentiri,

149 2195 166 2219 ut
173 2190 270 2226 decipiamus
281 2198 310 2226 per
317 2189 416 2218 mendacium
423 2198 463 2227 quos
472 2189 553 2227 dec(ipere
561 2189 600 2228 non)
608 2199 692 2227 possumus
700 2200 730 2228 per
738 2200 799 2221 uerum,
820 2191 851 2220 Hic

149 2245 182 2265 non
199 2239 224 2265 est
240 2235 298 2264 inferni
315 2235 369 2265 locus:
387 2240 412 2265 set
427 2245 469 2265 nune
484 2240 500 2265 te
517 2236 538 2265 ad
555 2235 632 2266 internum
647 2237 753 2268 deducemus.'
802 2230 852 2277 (Inde

150 2283 198 2323 igitur
208 2291 243 2312 eum
254 2282 320 2312 tumultu
331 2291 388 2321 magno
400 2282 423 2322 (et
433 2283 510 2322 horribili)
521 2284 541 2314 ad
552 2284 610 2314 tlurnen
621 2293 668 2315 unum
678 2285 771 2316 latissimum
780 2285 852 2325 (militem

122 2347 141 2377 45
150 2330 273 2370 pertraxerunt),
294 2330 332 2359 Erat
347 2335 399 2360 autem
415 2332 473 2360 tlumen
487 2331 562 2369 (flamma)
577 2332 659 2369 sulphurei
674 2334 744 2363 incendii
759 2339 852 2371 coopertum

150 2379 205 2418 at(que
219 2377 311 2416 demonum)
328 2377 427 2407 multitudine
443 2377 526 2417 (plenum).
554 2378 633 2409 Dixerunt
650 2389 688 2417 ergo
706 2380 730 2410 ei:
749 2381 806 2420 ‘(Sub)
822 2381 852 2411 isto

150 2427 239 2456 flammante
250 2425 314 2453 flumine
326 2425 366 2454 scias
380 2424 459 2454 infernum
473 2423 519 2454 esse.'
542 2425 587 2454 Vltra
599 2426 657 2455 flumen
670 2432 723 2457 autem
737 2437 778 2465 pons
789 2432 852 2464 proten

169 2503 175 2521 ¹
185 2504 204 2534 T.
211 2503 288 2541 ceperint.
308 2501 314 2519 ²
325 2503 346 2532 al.
353 2502 380 2541 qui
387 2503 413 2531 et'
409 2512 453 2550 ipsos
459 2504 535 2532 demones
542 2514 560 2534 ac
567 2504 613 2534 simul
621 2505 685 2536 militem
693 2507 853 2544 totumquepopulum

150 2546 214 2573 flentem
222 2547 238 2572 et
244 2540 329 2571 vlulantem
336 2543 402 2579 arripuit
409 2548 425 2572 et
432 2544 448 2572 in
456 2544 534 2581 quoddam
541 2545 600 2574 llumen
608 2545 673 2575 fetidum
680 2554 698 2576 ac
706 2545 841 2585 frigidissimum,
836 2554 853 2576 in

150 2584 196 2615 aliam
203 2582 262 2614 montis
268 2587 329 2621 partem
335 2582 407 2622 proiecit
472 2584 478 2603 ³
483 2592 519 2615 ..οηι
