1762 2803
128 128 174 170 494
223 178 225 180 ‚
321 114 401 167 nota
417 112 533 175 termut
549 112 641 175 anglic.

130 236 205 280 quidam
215 233 377 270 Westmonasterii
387 235 438 269 venit
449 236 472 268 ad
483 235 543 269 virum
555 235 590 275 dei,
602 247 612 268 a
624 246 659 278 quo
671 234 803 277 interrogatur¹
815 235 831 268 si

130 294 185 322 notus
192 293 243 321 esset
250 287 267 321 ei
274 288 356 321 Thomas
364 297 424 321 nouus
435 287 566 321 cantuariensis
574 287 677 329 episcopus.
700 286 740 328 Qui,
749 286 775 320 sic
783 297 831 328 esse,

131 339 236 384 respondit;
247 344 265 373 et
273 345 407 383 consequenter
414 339 507 374 adiunxit:
520 340 623 383 ‘Numquid
631 345 650 373 et
659 345 678 374 tu
688 339 744 382 illum,
752 339 832 381 domine,

131 392 231 437 cognonisti
237 394 253 426 ξ’
273 392 353 436 ‘Oculis
362 393 391 436 ait,
399 393 494 438 corporeis
502 403 544 427 eum
553 403 590 428 non
598 392 668 437 aspexi,
676 398 695 427 et
702 398 763 427 tamen
771 392 832 437 ipsum

114 448 176 491 5adeo
189 446 237 480 bene
250 456 345 489 cognosco,
357 451 376 480 vt
389 446 437 481 inter
449 447 515 480 multos
527 445 612 491 positum,
624 446 674 480 nullo
686 447 768 486 docente,
781 456 832 479 mon-

131 505 214 534 strarem.
237 499 320 540 Quedam
328 499 354 532 illi
362 504 434 532 secreta
442 499 538 541 mandabo,
546 498 562 533 si
570 509 623 532 meus
631 501 654 532 ad
663 500 696 532 hoc
705 499 782 533 nuncius
791 509 832 532 esse

131 551 222 587 volueris!
245 552 286 594 Quo
296 551 375 586 libenter
385 557 483 595 annuente,
492 552 526 588 ait:
540 552 633 587 ‘Obsecro
643 557 662 587 vt
672 552 733 596 ipsum
745 563 769 586 ex
780 557 832 595 parte

132 605 205 641 Godrici
216 605 290 648 salutes,
302 610 320 639 et
332 615 408 639 moneas
419 611 438 639 vt
451 606 470 639 in
482 605 576 650 proposito
588 616 621 639 suo
633 605 710 639 firmiter
721 609 833 649 perseueret,

132 660 174 703 quia
182 660 216 693 deo
224 664 295 702 gratum
304 663 332 692 est
340 660 389 701 quod
397 658 482 702 proponit
492 659 570 692 efficere.
593 659 680 692 Attamen
691 659 748 692 multa
755 658 834 701 patietur

106 725 123 744 ro
132 713 214 752 aduersa,
230 715 248 744 et
263 710 335 744 nouiter
350 710 369 744 in
384 711 458 744 exilium
475 711 598 753 compelletur.
627 710 775 754 Peregrinabitur
789 721 834 744 vero

132 765 180 798 inter
191 763 260 797 alienos
272 773 330 807 vsque
342 763 365 796 ad
376 763 475 797 terminum
486 762 598 807 penitentiel
609 763 731 805 constitutum,
739 769 758 798 et
769 768 834 808 postea

133 823 236 852 reuertetur
249 816 268 851 in
280 817 366 860 Angliam
380 818 403 851 ad
415 818 478 851 sedem
492 828 549 858 suam,
563 817 655 860 potentior
670 822 724 861 atque
739 816 835 851 sublimior

133 882 188 915 quam
199 871 242 904 inde
255 869 358 904 recesserit.
381 870 424 913 lpse
435 870 515 913 quidem,
526 875 545 905 et
556 869 653 904 Scotorum
664 881 698 904 rex
710 870 835 910 Malcolmus³,

133 926 181 957 inter
188 917 283 965 magnates
291 922 323 966 qui
333 927 375 955 sunt
386 923 408 955 ab
419 923 498 966 Alpibus
507 933 566 967 vsque
576 924 599 956 ad
610 923 657 957 fines
669 923 721 967 regni
733 923 835 966 Scotorum,

107 989 125 1018 15
133 978 168 1010 deo
176 981 219 1010 sunt
227 975 286 1020 magis
294 976 363 1019 accepti
371 987 375 1017 3
387 976 420 1010 sed
429 986 462 1010 rex
472 976 540 1019 premii
549 976 578 1010 sui
588 976 683 1010 denarium
695 975 730 1010 cito
741 975 835 1019 percipiet.

135 1030 176 1065 Hec
184 1029 234 1064 dices
242 1029 269 1063 ei:
282 1033 300 1063 et
308 1028 440 1063 absolutionem
448 1028 507 1072 ipsius
515 1029 538 1063 de
544 1028 622 1072 peccatis
631 1028 677 1063 meis
685 1029 772 1073 scriptam
780 1029 835 1063 michi

134 1082 240 1128 perquiras!
265 1081 360 1116 Reuersus
371 1081 389 1116 in
400 1081 477 1125 patriam
488 1083 594 1123 monachus,
603 1087 621 1116 et
632 1083 728 1116 mandata⁴
739 1082 836 1127 diligenter

135 1146 234 1180 exequens,
251 1134 369 1178 interrogauit
385 1134 542 1178 archiepiscopum
558 1141 618 1169 vtrum
634 1135 716 1169 nouisset
731 1135 835 1169 Godricum.

135 1189 225 1234 ‘Optime
241 1186 305 1231 inquit,
320 1187 363 1220 noui
379 1187 436 1229 illum,
452 1192 469 1222 et
484 1189 522 1221 scio
538 1188 580 1232 quia
592 1188 699 1232 prophetico
713 1187 778 1231 spiritu
790 1188 836 1222 solet

108 1261 127 1281 20
135 1243 196 1277 multis
203 1245 279 1275 ventura
287 1240 392 1285 predicere.⁷
410 1240 432 1275 ln
438 1240 517 1275 crastino
523 1241 672 1285 archiepiscopus
681 1241 709 1274 ei⁵
716 1241 786 1275 litteras
794 1252 835 1275 cnm

135 1294 248 1329 absolutione
262 1293 332 1334 dIrexit,
347 1293 416 1326 eteius
431 1304 452 1326 se
467 1293 579 1326 orationibus
595 1293 681 1327 attentius
697 1294 837 1328 commendauit.

136 1347 180 1382 Post
185 1348 219 1381 hec
226 1346 274 1379 infra
279 1356 362 1380 mensem
370 1345 457 1389 [tertium]
464 1346 469 1363 '⁵
475 1346 623 1390 archiepiscopus
629 1346 648 1380 in
653 1345 728 1381 exilium
734 1346 798 1390 pulsus
804 1352 836 1381 est.

137 1401 209 1445 Elapsis
219 1400 287 1443 aliquot
296 1400 355 1442 annis,
363 1399 413 1434 venit
422 1399 472 1433 idem
483 1400 539 1433 frater
548 1401 570 1434 ad
580 1399 640 1434 virum
650 1399 685 1441 dei,
693 1405 711 1433 et
720 1400 768 1433 inter
776 1405 838 1433 cetera

136 1455 162 1489 sic
174 1455 197 1488 de
210 1452 348 1497 archiepiscopo
359 1452 409 1497 loqui
420 1453 479 1496 cepit:
496 1452 592 1495 ‘Domine,
604 1452 737 1487 cantuariensis
748 1454 838 1497 archiepi-

110 1522 128 1552 ²5
137 1519 204 1552 scopus
210 1507 241 1541 diu
247 1506 283 1541 iam
289 1506 308 1540 in
317 1507 371 1541 exilio
377 1517 448 1541 moram
456 1506 503 1549 fecit,
510 1518 544 1541 nec
550 1512 578 1541 est
586 1517 630 1551 spes
636 1507 697 1551 aliqua
703 1508 751 1550 quod
758 1507 838 1551 amplius

136 1562 155 1595 in
174 1561 261 1604 Angliam
280 1562 348 1601 redeat,
364 1571 406 1594 cum
420 1566 447 1594 tot
464 1560 490 1594 illi
508 1561 610 1606 videamus
622 1561 719 1594 imminere
738 1561 838 1595 contraria)

138 1614 226 1654 ‘Modico,
234 1613 292 1655 inquit
304 1612 399 1653 Godricus,
409 1618 492 1655 tempore
503 1613 581 1655 patietur
593 1613 673 1652 exilium,
685 1618 703 1645 et
714 1612 775 1655 spacio
787 1613 839 1655 peni-

137 1666 194 1700 tentie
206 1670 250 1699 tunc
261 1669 340 1708 peracto,
348 1670 450 1698 reuertetur
460 1664 583 1698 honorabilior
591 1676 645 1709 quam
654 1664 749 1698 discessit!
795 1658 840 1699 Nlo-¹

138 1719 208 1753 naehus
219 1717 294 1761 quidam
306 1717 429 1752 cisterciensis
434 1718 447 1760 ⁷,
458 1719 528 1762 peccati
539 1718 633 1752 cuiusdam
645 1718 734 1762 grauioris
748 1718 796 1752 mole
809 1719 839 1752 de-

111 1788 130 1818 30
138 1782 219 1818 pressus
227 1771 330 1816 perniciosa
341 1771 396 1805 nimIs
408 1771 496 1816 peccandi
508 1772 639 1805 consuetudine
650 1772 751 1806 tenebatur.
775 1771 840 1806 Multo-

137 1826 185 1861 tiens
201 1825 250 1859 enim
263 1830 382 1870 compunctus
396 1831 414 1860 et
429 1825 548 1870 lachrymans
563 1826 585 1860 ad
602 1824 722 1860 consessionis
737 1826 839 1860 remedium

137 1880 228 1920 veniebat,
236 1879 269 1912 sed
277 1879 349 1920 iterum,
358 1879 410 1922 quasi
420 1879 470 1914 canis
481 1880 504 1914 ad
512 1879 605 1922 vomitum,
614 1879 667 1912 rediit
678 1879 701 1913 ad
711 1884 812 1922 peccatum,
822 1883 840 1913 et

138 1933 167 1976 ita,
180 1933 228 1977 quod
239 1942 276 1966 vno
287 1937 370 1976 tempore
382 1933 486 1973 mundabat,
498 1932 555 1966 altero
568 1933 673 1966 maculabat.
697 1932 732 1965 Hic
746 1933 769 1965 ad
780 1933 840 1966 virum

139 1986 168 2019 dei
176 1984 258 2025 veniens,
267 1985 322 2019 dixit:
336 1985 430 2025 ‘Domine,
439 1984 512 2027 quidam
521 1989 575 2018 notus
583 1983 639 2017 michi
646 1983 756 2027 grauissima
763 1989 841 2028 tempta-

111 2047 130 2077 35
139 2037 193 2071 tionis
201 2036 284 2071 molestia
292 2036 399 2080 fatigatur⁸:
411 2036 482 2080 laqueis
490 2035 563 2081 dyaboli
572 2036 700 2070 miserabiliter
707 2036 794 2076 irretitus,
799 2042 842 2081 post

139 2089 259 2135 penitentiam
274 2094 292 2122 et
307 2089 444 2124 confessionem
460 2101 506 2134 sepe
521 2090 609 2124 relabitur
623 2090 642 2123 in
661 2091 753 2134 quoddam
772 2092 842 2134 grande

139 2149 245 2187 peccatum3
265 2148 283 2176 et
298 2153 340 2177 cum
355 2142 454 2186 lachrymis
470 2143 570 2187 postulauit
584 2149 604 2177 vt
619 2155 661 2177 eum
676 2144 712 2177 tuis
730 2144 842 2178 orationibus

139 2196 298 2230 commendarem!
315 2195 345 2229 Ad
354 2196 388 2229 hec
396 2201 476 2238 sanctus,
485 2207 527 2230 cum
535 2197 611 2230 silenter
618 2202 695 2238 orasset,
703 2197 728 2230 ita
736 2197 842 2241 respondit:

140 2248 247 2292 ⁴Quamdiu¹
256 2248 318 2289 frater,
329 2248 435 2283 huiusmodi
444 2250 573 2294 perpetrabis?
584 2251 659 2294 quando
670 2261 680 2284 a
692 2255 729 2284 tam
741 2251 842 2285 detestabili

112 2316 132 2345 40
140 2303 246 2347 operatione
261 2303 355 2336 cessabis?
378 2303 447 2336 Cessa⁰
460 2302 502 2345 ianr,
514 2303 578 2338 cessa⁹
591 2308 609 2338 te
625 2302 683 2347 magis
697 2308 715 2337 et
727 2303 785 2347 magis
799 2303 843 2338 tanti

140 2356 210 2401 peccati
217 2355 290 2389 vinculo
302 2355 402 2390 innodare)
426 2356 459 2390 Ille
471 2356 569 2391 confusus:
579 2356 637 2391 ‘alius
648 2362 681 2398 est,
692 2356 755 2400 inquit,
764 2358 843 2400 domine,

140 2412 163 2444 de
171 2421 207 2453 quo
216 2410 290 2452 loquor!
314 2410 384 2443 ‘Immo
392 2414 417 2450 tu,
425 2409 450 2442 ait
457 2409 486 2443 vir
495 2415 575 2453 sanctus,
584 2410 618 2444 hoc
627 2410 694 2445 fecisti:
707 2410 749 2454 quia
757 2410 783 2444 sic
792 2416 810 2445 et
817 2411 844 2445 sic

161 2489 193 2518 lT.
201 2489 219 2519 E.
227 2490 336 2524 interrogatus.
377 2488 450 2518 ²at0m,
492 2488 769 2521 ³E.Malcolinus;Tllalcolmus.
809 2489 844 2519 ⁴E.

140 2528 214 2597 {nzirdsita
270 2527 337 2558 ᾖΤ.εἰε,
392 2527 437 2558 ⁶om,
492 2527 525 2558 7ῙΞ.
534 2528 642 2558 cistersiensis.
697 2528 734 2559 ΒΗ,
742 2528 815 2573 fatigatus
824 2533 844 2560 ct.

172 2577 236 2599 .essa.
