1762 2803
93 97 141 164 350'
239 177 241 182 ἲ
283 107 363 161 muta
378 105 495 171 tertona
510 107 602 172 analio.

93 226 147 271 tibus,
160 226 242 272 iugerum
256 227 355 262 multorum
368 227 458 265 habentes
470 241 546 275 copiam,
558 235 612 274 atque
627 229 685 263 dense
700 227 796 263 hominum

93 280 209 315 habitatione.
254 273 317 315 Finita
331 282 393 326 itaque
406 284 460 318 tertia
473 284 502 318 die
515 289 588 318 sanctus
601 282 722 317 Rumwaldus
736 282 797 316 emisit

93 335 128 368 deo
134 334 258 378 gratissimum
264 335 355 379 spiritum,
362 336 415 371 tertio
421 348 480 372 nonas
489 338 600 380 nouembris,
606 336 690 371 manibus
699 340 796 380 susceptus

94 389 212 431 angelorum:
225 393 247 430 et,
255 394 275 422 vt
285 389 369 433 iusserat,
378 390 397 425 in
406 392 498 435 [eodem]¹
506 392 545 425 loco
556 391 640 434 sepultus
648 395 682 424 est.
705 389 797 424 Defuncto

77 441 168 481 5demum
185 440 285 475 Edwoldo²
299 442 408 486 presbitero,
423 444 522 478 translatus
538 449 566 478 est
578 443 598 477 in
610 442 666 476 alium
681 442 741 476 locum
755 452 797 486 pre-

95 493 151 526 fatum
163 505 174 526 a
186 493 288 527 Wederino
300 495 410 539 presbitero.
433 496 497 530 Finitis
511 502 572 529 autem
582 496 642 529 tribus
654 494 713 536 anuis,
726 495 797 527 delatus

94 551 123 580 est
130 547 179 590 apud
187 546 314 591 Bukingham:
326 549 357 583 vbi
362 559 421 594 vsque
428 549 483 584 hodie
491 549 510 583 in
518 548 707 593 magnaveneratione
715 548 798 582 habetur.

95 599 123 633 lbi
131 600 180 633 enim
189 605 207 634 et
213 599 232 633 in
240 601 303 635 multis
310 601 355 636 locis
362 601 457 637 inuocatus
463 607 532 647 prestat
538 601 726 636 multalbeneficiase
734 606 798 644 peten-

94 652 148 696 tibus,
164 653 213 688 cecis
227 653 294 698 visum,
310 655 379 690 claudis
391 667 480 700 gressum,
493 655 536 700 (εἴ)4
551 655 629 689 diuersis
646 654 763 699 languoribus
780 658 799 688 et

69 702 87 737 10*
95 706 164 740 morbis
178 707 259 750 grauatis
274 708 368 751 sospitatis
383 720 455 751 munus,
468 714 561 743 annuente
576 708 651 742 domino
667 713 730 741 nostro
742 707 798 741 Ihesu

95 758 173 793 Christo.

118 832 166 876 [MS.
174 833 214 868 Tib.
222 833 268 868 adds
276 846 279 869 :
395 834 496 870 Narratiot.

119 894 203 948 Quidam
213 902 269 936 frater
276 902 348 938 iuuenis
359 914 401 938 cum
409 903 486 938 uidisset
493 903 582 948 quosdam
591 912 646 937 senes
654 901 688 936 iter
696 906 773 947 agentes
781 906 799 936 et

97 955 201 990 laborantes
213 956 231 989 in
243 956 359 1000 ambulando,
367 958 441 1002 onagris
450 957 503 991 iussit
510 962 529 990 ut
537 955 621 990 uenirent
629 960 648 989 et
655 960 749 1000 portarent
761 966 799 990 eos.

98 1008 126 1041 Illi
137 1014 198 1042 autem
209 1019 265 1042 senes
277 1009 381 1043 indicabant
392 1011 427 1044 hoc
438 1010 498 1044 abbati
509 1009 595 1051 Antonio,
603 1009 634 1053 qui
642 1008 698 1043 dixit:
711 1008 800 1042 ‘Videtur

71 1073 88 1101 15
97 1061 153 1094 michi
161 1062 262 1094 monachus
269 1062 305 1094 iste
313 1062 377 1095 similis
386 1073 428 1096 esse
438 1064 480 1095 naui
491 1068 564 1095 onerate
572 1062 657 1095 omnibus
665 1062 724 1103 bonis,
733 1062 756 1094 de
764 1071 800 1104 qua

96 1112 187 1146 incertum
198 1118 227 1146 est
238 1119 300 1146 utrum
311 1114 411 1157 peruenire
422 1116 480 1158 possit
491 1116 515 1147 ad
526 1115 609 1158 portum?
632 1113 655 1146 Et
666 1119 708 1157 post
718 1114 800 1157 aliquan-

96 1165 155 1199 tulum
168 1165 258 1209 temporis
271 1166 332 1200 subito
344 1166 393 1210 cepit
404 1167 460 1201 abbas
472 1166 564 1200 Antonius
577 1165 628 1209 (llere
640 1166 665 1209 et)
680 1165 753 1199 trahere
766 1164 800 1199 sibi

97 1218 172 1262 capillos
184 1222 202 1252 et
214 1218 281 1263 lugere,
290 1218 354 1253 dicens
365 1218 460 1263 discipulis
471 1218 520 1254 suis:
533 1218 609 1263 ‘Magna
617 1218 715 1262 columpna
723 1217 801 1252 ecclesie

97 1271 176 1316 ce(cidit)
185 1273 245 1306 modo.
269 1272 296 1305 lte
304 1273 327 1306 ad
335 1272 411 1306 fratrem
418 1272 469 1306 illum
477 1272 562 1306 iuuenem
574 1278 592 1305 et
603 1271 665 1306 uidete
674 1272 723 1315 quod
733 1271 800 1305 iactum

71 1326 135 1358 roest.¹
158 1324 194 1366 Qui
210 1329 309 1367 pergentes
324 1324 436 1357 inuenerunt
451 1324 559 1358 monachum
579 1324 631 1357 illum
649 1333 706 1367 super
725 1328 801 1356 mattam

98 1377 194 1412 sedentem
207 1381 225 1411 et
236 1376 312 1411 flentem
324 1381 420 1420 peccatum
431 1378 479 1421 quod
493 1377 565 1411 fecerat.
588 1376 612 1411 Et
623 1376 689 1411 uidens
700 1375 800 1420 discipulos

98 1429 175 1465 Antonii
186 1428 221 1464 ait:
235 1429 307 1464 ‘Dicite
319 1429 360 1464 seni
371 1435 391 1464 ut
402 1429 485 1465 obsecret
496 1430 551 1464 deum
563 1430 627 1465 decem
642 1434 714 1464 tantum
729 1428 801 1463 dierum

98 1485 142 1518 dare
150 1483 206 1518 michi
213 1483 301 1524 inducias,
309 1488 327 1518 et
335 1494 391 1528 spero
398 1494 429 1519 me
436 1483 570 1518 satisfacturum
579 1484 606 1518 ei.¹
622 1483 657 1526 Qui
665 1483 712 1517 infra
720 1483 801 1528 quinque

99 1537 139 1571 dies
147 1542 231 1571 mortuus
238 1537 280 1579 est]

184 1648 241 1695 llDE
253 1666 324 1691 SANCTO
336 1647 439 1692 SAMPSONE
451 1666 538 1691 EPISCOPO
549 1666 572 1690 ET
583 1655 718 1691 CONFESSORE⁸.

72 1733 90 1763 ²5
101 1720 204 1800 SAnctus
220 1720 318 1765 Sampson,
330 1721 354 1755 de
370 1719 463 1754 Britannia
477 1719 547 1760 Maiori,
561 1719 679 1754 nobilissimis
693 1719 802 1763 parentibus

154 1773 244 1818 originem
252 1774 322 1807 habens
327 1773 339 1816 ¹,
347 1773 396 1808 beati
404 1772 488 1817 Maglorii
496 1773 643 1816 consanguineus
655 1772 718 1807 extitit,
741 1772 803 1807 Huius

99 1827 186 1870 (autem)⁸
195 1831 254 1861 mater
258 1826 319 1868 Anna,
325 1837 367 1860 cum
375 1825 443 1860 sterilis
451 1830 552 1869 putaretur,
560 1826 658 1869 desperato
666 1825 702 1859 iam
710 1825 752 1862 fetu.
761 1835 803 1859 cum

99 1882 164 1914 marito
174 1889 208 1914 suo
219 1879 304 1913 Amone⁹
311 1878 383 1913 ieiuniis
396 1883 414 1912 et
425 1877 532 1913 elemosinis
543 1877 670 1922 frequentibus
681 1877 803 1912 incumbebat.

99 1932 133 1968 Cui
152 1938 205 1969 nocte
224 1931 326 1977 quiescenti
344 1943 379 1977 per
394 1930 456 1967 visum
471 1930 558 1966 dominus
573 1929 609 1966 ait:
628 1930 656 1965 ‘0
670 1930 735 1965 mulier
750 1930 804 1965 firma

73 1986 117 2027 3oin
134 1987 176 2029 fide,
192 1986 263 2020 stabilis
280 1985 299 2019 in
315 1985 346 2019 dei
362 1985 467 2027 dilectione,
483 1994 504 2018 ac
523 1984 670 2028 perseuerans¹⁰,
686 1995 710 2019 ne
727 1984 803 2018 timeas:

99 2040 142 2083 quia
152 2040 224 2083 prolem
236 2039 317 2081 habebis,
329 2049 384 2083 quem
395 2038 519 2082 Sampsonem
531 2037 610 2071 vocabis.
633 2036 669 2071 Hic
682 2037 716 2071 erit
730 2042 804 2071 sanctus

100 2103 162 2125 coram
175 2094 216 2133 deo,
231 2097 249 2124 et
264 2092 373 2125 sacerdotali
388 2090 448 2124 officio
463 2089 576 2133 condignus!
604 2089 667 2133 Itaque
682 2090 748 2124 mulier
762 2100 804 2123 cum

100 2144 165 2187 gaudio
178 2143 267 2187 concepit,
279 2149 298 2178 et
310 2143 388 2187 peperit,
401 2148 420 2178 et
431 2142 496 2176 infanti
508 2142 599 2185 baptizato
614 2152 682 2177 nomen
695 2142 805 2186 Sampsonis

101 2196 193 2241 imposuit.
216 2195 299 2240 Cumque
313 2202 385 2241 septem
397 2201 447 2231 esset
460 2205 556 2237 annorum,
571 2195 594 2229 ad
610 2201 694 2230 sanctum
711 2194 786 2230 lltutum
793 2194 804 2214 ¹¹

74 2266 92 2296 35
101 2251 187 2285 abbatem
199 2249 282 2284 discendi
295 2250 353 2294 gratia
366 2249 473 2284 adducitur:
491 2248 521 2293 qui
533 2248 599 2284 videns
613 2260 697 2293 puerum,
713 2249 805 2284 osculatus

121 2334 127 2351 ¹
138 2344 167 2363 om.
176 2334 192 2362 in
200 2333 218 2362 E.
274 2332 308 2363 ΞΕ,
316 2333 393 2363 edwaldo.
449 2332 485 2362 ἀί.
493 2342 524 2361 om.
579 2333 626 2363 ⁴om.
634 2333 651 2362 in
658 2333 676 2363 T.
728 2332 766 2361 ¹Eu
773 2332 805 2361 Vit.

102 2374 144 2403 Patr.
151 2382 186 2411 905.
238 2372 323 2401 ⁵Derived
334 2373 373 2401 from
384 2373 411 2401 the
423 2371 449 2401 old
460 2372 496 2400 Vita
507 2372 523 2400 in
535 2372 609 2400 Mabillou
621 2373 632 2401 l.
645 2374 678 2409 165,
691 2372 710 2401 A.
721 2372 750 2401 SS.
763 2371 805 2400 Bell.

102 2415 122 2442 2ss
128 2414 167 2451 July
173 2413 200 2441 VI.
208 2420 243 2450 571,
251 2413 282 2440 and
289 2413 317 2440 the
327 2412 426 2449 abridgment
438 2412 455 2440 in
461 2411 507 2440 Vinc.
516 2411 551 2440 Bell
564 2412 609 2441 XXI.
618 2421 652 2449 105,
660 2412 691 2440 and
698 2412 738 2440 from
745 2411 772 2440 the
779 2410 806 2439 lise

102 2455 118 2483 in
129 2455 163 2483 Lib.
174 2454 243 2483 Landav.
254 2462 269 2490 p.
278 2454 298 2490 85
311 2452 351 2490 (also
360 2452 424 2481 derived
433 2452 473 2481 from
482 2453 510 2481 the
520 2452 546 2480 old
553 2452 602 2487 Vita).
623 2452 657 2481 The
665 2452 692 2481 lile
702 2452 718 2481 in
729 2452 754 2480 Du
764 2452 806 2480 Bose

102 2494 142 2525 Bibl.
148 2494 214 2523 Floriac.
220 2503 236 2531 p.
242 2494 272 2530 464
280 2493 318 2531 (and
324 2492 387 2531 Surius)
392 2492 437 2530 gives
442 2496 478 2530 part
483 2492 501 2521 oi
507 2492 534 2521 the
541 2492 567 2521 old
574 2492 643 2522 liiewith
649 2492 710 2529 foreign
717 2492 796 2521 additions
801 2499 805 2526 ς

102 2545 112 2564 a
122 2534 149 2563 life
159 2534 181 2571 by
191 2533 264 2563 Balderic
275 2533 293 2562 oi
301 2533 342 2562 Dole
353 2533 366 2562 is
377 2532 466 2570 unprinted.
523 2531 529 2549 ⁷
539 2532 556 2562 T.
565 2536 618 2568 ortus;
629 2532 646 2563 E.
655 2532 732 2569 originem
740 2532 805 2562 habens.

102 2574 148 2603 Eom.
156 2575 172 2603 in
180 2575 197 2604 T.
238 2573 244 2590 ¹
255 2573 273 2602 E.
281 2583 342 2602 amoue.
383 2573 395 2591 ¹⁰
407 2573 437 2601 Vit.
445 2582 460 2609 p.
468 2572 483 2600 in
491 2581 543 2610 prece.
584 2572 594 2590 ¹¹
605 2572 622 2601 T.
631 2572 702 2604 eltutum.
