1762 2803
238 106 575 177 Resurrectionem.
711 132 753 174 421

56 242 74 275 in
86 239 135 280 celis,
146 237 200 272 etiam
213 236 320 280 corporibus
331 247 394 271 earum
406 237 466 271 locum
477 236 495 271 in
508 248 544 281 quo
556 238 605 271 diem
617 237 757 272 resurrectionis

57 298 119 328 essent
130 295 249 334 expectatura
255 290 265 332 ¹,
277 295 393 324 monstraret.
416 291 473 325 Cuius
485 290 547 325 radius
558 290 604 325 lucis
616 296 677 325 tantus
688 296 727 324 erat
738 298 758 325 vt

57 348 112 380 frater
126 344 200 387 quidam
216 342 283 383 senior,
298 343 317 376 in
333 343 411 377 oratorio
430 343 507 387 positus,
522 344 567 378 vidit
582 344 643 377 radios
662 343 708 378 lucis
723 354 758 387 per

56 400 111 433 rimas
130 395 219 430 ostiorum
237 401 256 429 et
274 395 398 430 fenestrarum
415 407 489 431 omnem
504 397 564 432 diurni
579 396 654 432 luminis
669 408 757 441 superare

56 453 150 495 fulgorem.
195 442 296 493 Quandam
311 448 402 492 virginem
417 450 523 484 monasterii
539 451 567 485 sui
582 450 640 494 pestis
655 461 700 485 seua
715 458 774 493 per-5

57 504 117 544 cussit,
130 507 148 534 et
161 502 222 534 medio
234 501 293 534 noctis
304 507 388 545 tempore
403 502 510 536 ardentibus
522 503 616 536 candelis²
626 502 706 537 ministri
717 512 757 536 ser-

56 557 122 592 uabant
139 553 272 589 moribundam.
303 554 385 598 Cumque
404 554 434 590 illa
454 555 518 591 maiori
536 556 582 598 luce,
601 566 655 600 quam
674 555 757 591 mortalis

56 614 140 654 aspectus
156 612 234 651 caperet,
248 607 347 642 confortata
363 613 418 649 esset,
433 614 452 643 et
466 609 507 643 zelo
521 609 569 644 illius
584 608 660 644 visionis
673 620 756 651 accensa¹

57 663 120 698 crebro
132 660 212 695 clamore
226 660 284 695 orauit
296 667 316 695 vt
328 660 382 696 istam
395 662 491 696 mortalem
504 662 598 697 lucernam
610 662 660 697 velut
673 662 755 697 inutilem

56 715 189 759 extinguerent.
212 714 237 748 At
247 713 288 755 illis,
305 714 336 758 qui
351 714 376 747 nil
393 721 456 758 preter
472 715 532 750 lucem
548 715 662 750 materialem
676 715 784 760 [erant]³10

56 769 144 808 videntes,
157 766 210 800 dictis
225 767 287 810 puelle
298 778 335 801 non
348 768 470 810 credentibus,
483 768 514 801 illa
525 768 629 802 subiunxit:
645 769 756 813 ‘Numquid

56 822 137 861 obsecro,
147 830 184 853 uon
195 819 276 864 aspicitis
286 826 365 864 quantus
377 821 465 864 splendor
474 820 503 855 hic
517 821 615 866 effulgeat?
636 822 695 856 Tanta
706 821 755 855 euim

58 875 137 908 claritate
155 873 203 906 hanc
222 874 297 906 domum
315 874 370 907 video
389 874 503 914 choruscare,
517 880 537 908 vt
552 874 586 908 hec
601 880 663 908 vestra
680 874 756 908 candela

57 926 139 960 videatur
148 924 221 968 penitus
232 925 321 959 deficere:
345 924 445 959 Referebat
455 925 510 966 enim,
521 926 613 969 quendam
623 925 653 959 dei
664 925 756 966 famulum,

57 979 87 1023 qui
95 978 160 1012 eodem
171 989 219 1011 anno
229 977 304 1020 obierat,
315 977 350 1012 sibi
360 979 474 1023 apparuisse,
484 985 538 1023 atque
549 979 666 1013 illucescente
677 978 756 1013 diluculo
766 988 784 1019 ¹5

57 1043 109 1066 suum
128 1031 224 1066 transitum
239 1032 262 1065 ad
277 1042 377 1075 supernam
394 1032 454 1067 lucem
469 1032 503 1067 sibi
519 1032 623 1068 nunciasse.
651 1032 674 1067 Et
689 1031 756 1066 tactum

56 1090 84 1119 est
95 1084 125 1118 ita.
171 1077 218 1118 Erat
233 1089 294 1118 autem
309 1084 329 1119 in
344 1083 384 1119 eius
399 1084 511 1120 monasterio
522 1085 575 1130 virgo
588 1085 668 1129 quedam
682 1085 757 1119 nomine

57 1137 156 1181 Tortgitha,
164 1136 293 1171 ardentissima
299 1137 386 1172 virtutum
396 1138 497 1178 emulatrix,
505 1138 555 1183 [que]
561 1139 568 1158 ³
574 1148 609 1182 per
618 1139 686 1173 multos
697 1149 757 1173 annos

56 1191 129 1224 domino
144 1190 228 1224 seruiens
243 1189 262 1222 in
277 1190 342 1224 timore
357 1195 376 1224 et
391 1191 497 1231 humilitate,
512 1191 614 1225 iunioribus
630 1191 699 1225 studuit
713 1201 757 1234 pro-

57 1243 109 1276 desse
122 1247 158 1275 tam
171 1242 281 1275 documento
296 1252 350 1285 quam
367 1242 459 1286 exemplo,
472 1242 592 1282 exhortando,
606 1243 724 1284 obsecrando,
737 1248 755 1277 et
765 1254 785 1277 ro

56 1293 176 1338 corripiendo.
200 1294 240 1328 Hec
251 1295 326 1328 tandem
337 1304 372 1339 per
382 1305 449 1329 nouem
460 1304 518 1329 annos
525 1295 575 1329 velut
583 1305 647 1328 aurum
655 1295 673 1329 in
681 1294 756 1329 fornace

56 1346 162 1390 egritudinis
168 1347 174 1365 ⁴
180 1347 256 1380 decocta
261 1346 303 1390 [est]
309 1346 321 1389 ³,
327 1352 346 1381 vt
351 1346 409 1381 virtus
415 1347 433 1380 in
439 1347 544 1381 infirmitate
550 1347 674 1392 perficeretur,
681 1353 699 1382 et
706 1347 756 1382 sani-

56 1400 97 1434 tatis
105 1400 185 1434 offensas
195 1401 225 1435 vel
236 1400 356 1444 negligentias
367 1401 426 1435 morbi
438 1400 528 1435 medicina
540 1400 629 1445 expiaret,
637 1406 656 1435 et
664 1401 756 1435 tribulatio

56 1453 180 1487 extollentiam
191 1452 305 1497 reprimeret,
316 1459 334 1488 et
346 1453 436 1497 pacientia
451 1464 537 1489 coronam
549 1459 629 1497 augeret.
652 1454 693 1489 Hec
705 1454 755 1488 enim

56 1506 134 1549 quodam
145 1506 204 1540 noctis
216 1507 324 1550 crepusculo
336 1517 411 1550 egressa
421 1507 445 1542 de
456 1506 543 1547 cubiculo,
554 1506 599 1542 vidit
610 1507 671 1542 subito
680 1507 755 1542 humani
765 1517 783 1548 ²5

57 1559 137 1604 corporis
156 1560 234 1594 sormam
253 1560 302 1594 omni
321 1559 365 1594 solis
384 1560 446 1595 iubare
463 1560 607 1604 splendidiorem
624 1572 635 1595 a
650 1560 756 1595 dormitorio

56 1622 139 1646 sororum
154 1613 173 1646 in
186 1614 243 1647 ardua
257 1613 323 1647 efferri.
346 1613 427 1647 Lucebat
439 1614 480 1657 ipso
491 1613 550 1648 nitore
561 1613 635 1648 siderea
645 1614 680 1656 via,
691 1619 709 1647 et
720 1614 757 1648 late

56 1664 205 1700 choruscantibus
219 1665 276 1700 radiis
291 1666 359 1700 clarum
371 1666 425 1700 dabat
437 1666 515 1701 intuenti
530 1666 660 1711 spectaculum.
684 1666 757 1701 Interea

56 1724 179 1760 apparuerunt
192 1719 247 1752 corde
259 1719 309 1752 omni
320 1720 361 1753 luce
372 1719 459 1753 clariores
472 1719 491 1752 in
503 1720 563 1753 celum
575 1720 678 1760 tendentes,
690 1719 756 1763 quibus

57 1770 120 1804 eadem
135 1770 214 1813 gloriosa
226 1770 298 1813 species
311 1771 422 1805 trahebatur.
446 1770 484 1805 Nec
497 1771 554 1805 multo
568 1776 610 1815 post
625 1771 679 1805 beata
695 1771 756 1805 Ethel·
765 1781 785 1811 30

57 1822 113 1867 burga
128 1824 151 1857 acl
167 1824 241 1858 celestia
256 1834 313 1867 regna
328 1823 415 1867 migrans,
430 1830 565 1868 premonstrate
580 1824 664 1868 imaginis
677 1825 756 1858 ostendit

56 1877 158 1919 spectacula
173 1877 201 1912 sui
216 1876 303 1911 transitus
317 1876 392 1911 dedisse
407 1877 477 1911 indicia.
505 1877 562 1921 Virgo
577 1882 638 1912 autem
653 1883 717 1912 sancta
732 1879 756 1911 ad

57 1934 138 1964 extrema
152 1931 269 1975 perueniens‚
284 1930 394 1975 plangentes
407 1940 480 1964 sorores
493 1935 511 1964 et
523 1930 612 1965 eiulantes
623 1931 716 1965 consolata
728 1936 756 1965 cst

56 1981 128 2017 dicens:
145 1984 217 2018 ‘Nolite
231 1983 282 2024 ssere,
298 1983 335 2017 filie
352 1994 394 2017 mee
412 1983 535 2026 dilectissime,
551 1983 584 2018 sed
603 1983 663 2027 potius
682 1994 755 2018 mecum

56 2037 132 2075 gaudete
141 2041 159 2069 et
167 2037 234 2079 gratias
242 2037 277 2069 deo
285 2036 338 2079 agite,
346 2040 364 2068 et
371 2041 467 2069 vocantem
475 2046 510 2068 nos
518 2037 541 2069 ad
549 2046 601 2069 suam
612 2035 756 2069 misericordiam
764 2045 783 2075 35

56 2090 92 2120 tota
107 2088 204 2123 deuotione
218 2098 317 2132 sequamur
329 2094 347 2122 et
360 2093 397 2122 toto
413 2089 472 2122 corde.
495 2088 569 2122 Fratres
582 2088 639 2122 nostri
652 2094 670 2122 et
682 2099 756 2123 sorores

57 2138 123 2180 abiere,
136 2140 192 2175 immo
206 2152 241 2175 nos
252 2151 366 2185 precessere,
377 2141 472 2185 ploremus
483 2141 544 2185 potius
555 2151 590 2174 nos
601 2140 637 2174 illis
648 2151 703 2185 quarn
715 2141 756 2175 illos

57 2192 108 2227 nobis
116 2193 188 2237 abesse,
196 2195 227 2239 qui
235 2195 258 2228 ad
266 2195 320 2228 beata
327 2194 389 2229 secula
399 2194 512 2239 migrauere;
524 2205 594 2239 vosque
604 2205 676 2229 mecum
686 2194 757 2229 felicius

57 2246 123 2287 optetis
139 2247 167 2281 ire
186 2249 209 2282 ad
224 2247 255 2282 illa
273 2248 344 2292 gaudia,
360 2258 415 2292 quam
431 2258 460 2282 me
476 2247 571 2282 vobiscum
590 2247 667 2282 detineri
686 2247 705 2281 in
722 2247 757 2283 hac

57 2308 150 2344 erumpna.
174 2301 305 2336 Preueniamus
320 2301 386 2336 faciem
401 2301 470 2336 domini
486 2300 504 2334 in
520 2301 641 2342 confessione,
657 2306 675 2335 et
691 2300 757 2344 iugiter
763 2311 784 2342 40

56 2352 161 2388 ardentibus
180 2364 302 2399 supernorum
325 2354 457 2390 desideriorum
479 2354 593 2399 lampadibus
612 2354 670 2389 simus
692 2360 757 2398 parate

56 2405 135 2441 venienti
151 2409 258 2443 occurrere!
280 2408 331 2443 Talia
346 2408 479 2452 quamplurima
494 2407 616 2452 suggerendo,
628 2406 680 2452 virgo
693 2414 757 2443 sancta

56 2458 121 2493 creetis
134 2461 157 2494 ad
171 2462 231 2495 celum
245 2461 331 2495 manibus
346 2461 425 2495 animam
440 2460 517 2495 creatori
529 2472 562 2494 suo
577 2460 660 2494 reddidit.
684 2461 758 2496 Presata

56 2517 99 2543 vero
112 2511 208 2556 Tortgitha
223 2513 302 2547 triennio
316 2518 379 2547 sancte
393 2512 505 2556 Ethelburge
517 2511 631 2557 superuixit:
644 2518 662 2547 et
675 2512 758 2559 prelatus

75 2562 222 2604 ¹E.expectature.
249 2567 429 2598 ‘nardentecandela
456 2567 578 2597 ³om.inT.E.
605 2566 738 2606 ⁴r.egritudine.
