<?xml version="1.0" encoding="UTF-8"?>
<!DOCTYPE html PUBLIC "-//W3C//DTD XHTML 1.0 Transitional//EN"
    "http://www.w3.org/TR/xhtml1/DTD/xhtml1-transitional.dtd">
<html xmlns="http://www.w3.org/1999/xhtml" xml:lang="en" lang="en">
 <head>
  <title>
</title>
<meta http-equiv="Content-Type" content="text/html;charset=utf-8" />
  <meta name='ocr-system' content='tesseract 3.04.00' />
  <meta name='ocr-capabilities' content='ocr_page ocr_carea ocr_par ocr_line ocrx_word'/>
</head>
<body>
  <div class='ocr_page' id='page_1' title='image "./MN5111ucmf_0/MN5111ucmf_0_1113.png"; bbox 0 0 1762 2803; ppageno 0'>
   <div class='ocr_carea' id='block_1_1' title="bbox 41 95 742 154">
    <p class='ocr_par' dir='ltr' id='par_1_1' title="bbox 41 95 742 154">
     <span class='ocr_line' id='line_1_1' title="bbox 41 95 742 154; baseline 0.019 -13"><span class='ocrx_word' id='word_1_1' title='bbox 41 120 54 141; x_wconf 92' lang='lat'>1.</span> <span class='ocrx_word' id='word_1_2' title='bbox 64 96 163 141; x_wconf 65' lang='lat' dir='ltr'>renna]</span> <span class='ocrx_word' id='word_1_3' title='bbox 249 96 295 150; x_wconf 69' lang='lat' dir='ltr'>De</span> <span class='ocrx_word' id='word_1_4' title='bbox 310 95 411 147; x_wconf 52' lang='lat' dir='ltr'>&amp;flattu</span> <span class='ocrx_word' id='word_1_5' title='bbox 428 95 532 149; x_wconf 65' lang='lat' dir='ltr'>titania.</span> <span class='ocrx_word' id='word_1_6' title='bbox 696 109 742 154; x_wconf 83' lang='lat'>497</span> 
     </span>
    </p>
   </div>
   <div class='ocr_carea' id='block_1_2' title="bbox 55 311 730 409">
    <p class='ocr_par' dir='ltr' id='par_1_2' title="bbox 55 311 730 409">
     <span class='ocr_line' id='line_1_2' title="bbox 55 311 730 356; baseline 0 -12"><span class='ocrx_word' id='word_1_7' title='bbox 55 314 70 351; x_wconf 64' lang='grc' dir='ltr'>ῚῙ</span> <span class='ocrx_word' id='word_1_8' title='bbox 81 312 134 354; x_wconf 81' lang='lat' dir='ltr'>Quod</span> <span class='ocrx_word' id='word_1_9' title='bbox 142 311 222 344; x_wconf 87' lang='lat' dir='ltr'>infantes</span> <span class='ocrx_word' id='word_1_10' title='bbox 232 311 251 344; x_wconf 92' lang='lat' dir='ltr'>in</span> <span class='ocrx_word' id='word_1_11' title='bbox 259 316 310 345; x_wconf 88' lang='lat' dir='ltr'>utero</span> <span class='ocrx_word' id='word_1_12' title='bbox 318 316 398 345; x_wconf 84' lang='lat' dir='ltr'>matrum</span> <span class='ocrx_word' id='word_1_13' title='bbox 406 311 475 356; x_wconf 87' lang='lat' dir='ltr'>pariter</span> <span class='ocrx_word' id='word_1_14' title='bbox 481 322 523 345; x_wconf 87' lang='lat' dir='ltr'>curn</span> <span class='ocrx_word' id='word_1_15' title='bbox 531 311 567 345; x_wconf 92' lang='lat' dir='ltr'>illis</span> <span class='ocrx_word' id='word_1_16' title='bbox 575 311 705 345; x_wconf 80' lang='lat' dir='ltr'><strong>occidebantur</strong></span> <span class='ocrx_word' id='word_1_17' title='bbox 712 316 730 344; x_wconf 91' lang='lat' dir='ltr'>et</span> 
     </span>
     <span class='ocr_line' id='line_1_3' title="bbox 143 364 641 409; baseline 0.002 -12"><span class='ocrx_word' id='word_1_18' title='bbox 143 365 203 398; x_wconf 87' lang='lat' dir='ltr'>adhuc</span> <span class='ocrx_word' id='word_1_19' title='bbox 210 364 258 398; x_wconf 89' lang='lat' dir='ltr'>inter</span> <span class='ocrx_word' id='word_1_20' title='bbox 266 370 328 399; x_wconf 86' lang='lat' dir='ltr'>cetera</span> <span class='ocrx_word' id='word_1_21' title='bbox 335 364 426 409; x_wconf 92' lang='lat' dir='ltr'>virginum</span> <span class='ocrx_word' id='word_1_22' title='bbox 434 374 511 409; x_wconf 89' lang='lat' dir='ltr'>corpora</span> <span class='ocrx_word' id='word_1_23' title='bbox 519 364 641 409; x_wconf 85' lang='lat' dir='ltr'>reperiuntur.</span> 
     </span>
    </p>
   </div>
   <div class='ocr_carea' id='block_1_3' title="bbox 41 431 778 2339">
    <p class='ocr_par' dir='ltr' id='par_1_3' title="bbox 41 431 778 2339">
     <span class='ocr_line' id='line_1_4' title="bbox 63 431 744 483; baseline 0 -10"><span class='ocrx_word' id='word_1_24' title='bbox 63 431 182 483; x_wconf 79' lang='lat' dir='ltr'>Quandoque</span> <span class='ocrx_word' id='word_1_25' title='bbox 193 437 241 473; x_wconf 91' lang='lat' dir='ltr'>inter</span> <span class='ocrx_word' id='word_1_26' title='bbox 251 437 343 483; x_wconf 86' lang='lat' dir='ltr'>virginum</span> <span class='ocrx_word' id='word_1_27' title='bbox 356 438 456 474; x_wconf 88' lang='lat' dir='ltr'>earundem</span> <span class='ocrx_word' id='word_1_28' title='bbox 470 449 563 474; x_wconf 87' lang='lat' dir='ltr'>sacrarum</span> <span class='ocrx_word' id='word_1_29' title='bbox 575 437 662 483; x_wconf 80' lang='lat' dir='ltr'>reliquias</span> <span class='ocrx_word' id='word_1_30' title='bbox 674 443 692 474; x_wconf 91' lang='lat' dir='ltr'>et</span> <span class='ocrx_word' id='word_1_31' title='bbox 704 449 744 473; x_wconf 92' lang='lat' dir='ltr'>cor-</span> 
     </span>
     <span class='ocr_line' id='line_1_5' title="bbox 41 492 744 538; baseline -0.001 -11"><span class='ocrx_word' id='word_1_32' title='bbox 41 504 91 538; x_wconf 80' lang='lat' dir='ltr'>pora,</span> <span class='ocrx_word' id='word_1_33' title='bbox 99 498 136 526; x_wconf 91' lang='lat' dir='ltr'>tam</span> <span class='ocrx_word' id='word_1_34' title='bbox 144 492 221 536; x_wconf 88' lang='lat' dir='ltr'>paruula</span> <span class='ocrx_word' id='word_1_35' title='bbox 232 492 351 527; x_wconf 90' lang='lat' dir='ltr'>inueniuntur</span> <span class='ocrx_word' id='word_1_36' title='bbox 362 504 404 527; x_wconf 89' lang='lat' dir='ltr'>ossa</span> <span class='ocrx_word' id='word_1_37' title='bbox 416 498 434 527; x_wconf 89' lang='lat' dir='ltr'>et</span> <span class='ocrx_word' id='word_1_38' title='bbox 445 493 554 537; x_wconf 89' lang='lat' dir='ltr'>corpuscula</span> <span class='ocrx_word' id='word_1_39' title='bbox 561 498 580 528; x_wconf 90' lang='lat' dir='ltr'>vt</span> <span class='ocrx_word' id='word_1_40' title='bbox 588 493 620 527; x_wconf 87' lang='lat' dir='ltr'>vix</span> <span class='ocrx_word' id='word_1_41' title='bbox 627 493 683 527; x_wconf 90' lang='lat' dir='ltr'>trium</span> <span class='ocrx_word' id='word_1_42' title='bbox 691 503 744 527; x_wconf 91' lang='lat' dir='ltr'>men-</span> 
     </span>
     <span class='ocr_line' id='line_1_6' title="bbox 42 545 743 589; baseline -0.003 -8"><span class='ocrx_word' id='word_1_43' title='bbox 42 547 89 581; x_wconf 85' lang='lat' dir='ltr'>sium</span> <span class='ocrx_word' id='word_1_44' title='bbox 97 551 170 588; x_wconf 89' lang='lat' dir='ltr'>tempus</span> <span class='ocrx_word' id='word_1_45' title='bbox 178 550 196 579; x_wconf 91' lang='lat' dir='ltr'>et</span> <span class='ocrx_word' id='word_1_46' title='bbox 204 546 285 589; x_wconf 82' lang='lat' dir='ltr'><strong>spacium</strong></span> <span class='ocrx_word' id='word_1_47' title='bbox 294 545 342 580; x_wconf 87' lang='lat' dir='ltr'>adie</span> <span class='ocrx_word' id='word_1_48' title='bbox 350 546 475 589; x_wconf 82' lang='lat' dir='ltr'>conceptionis</span> <span class='ocrx_word' id='word_1_49' title='bbox 483 545 558 580; x_wconf 85' lang='lat' dir='ltr'>eoruml</span> <span class='ocrx_word' id='word_1_50' title='bbox 565 546 661 580; x_wconf 88' lang='lat' dir='ltr'>videantur</span> <span class='ocrx_word' id='word_1_51' title='bbox 669 546 743 580; x_wconf 89' lang='lat' dir='ltr'>habere.</span> 
     </span>
     <span class='ocr_line' id='line_1_7' title="bbox 42 597 744 641; baseline -0.001 -8"><span class='ocrx_word' id='word_1_52' title='bbox 42 599 95 633; x_wconf 87' lang='lat' dir='ltr'>Vnde</span> <span class='ocrx_word' id='word_1_53' title='bbox 104 608 149 631; x_wconf 86' lang='lat' dir='ltr'>sane</span> <span class='ocrx_word' id='word_1_54' title='bbox 157 597 240 641; x_wconf 84' lang='lat' dir='ltr'>plerique</span> <span class='ocrx_word' id='word_1_55' title='bbox 251 598 356 639; x_wconf 83' lang='lat' dir='ltr'>titubantes,</span> <span class='ocrx_word' id='word_1_56' title='bbox 366 608 403 631; x_wconf 91' lang='lat' dir='ltr'>non</span> <span class='ocrx_word' id='word_1_57' title='bbox 412 599 484 632; x_wconf 88' lang='lat' dir='ltr'>modice</span> <span class='ocrx_word' id='word_1_58' title='bbox 492 597 535 641; x_wconf 88' lang='lat' dir='ltr'>quid</span> <span class='ocrx_word' id='word_1_59' title='bbox 547 608 569 631; x_wconf 88' lang='lat' dir='ltr'>ea</span> <span class='ocrx_word' id='word_1_60' title='bbox 580 599 690 641; x_wconf 80' lang='lat' dir='ltr'>portendant</span> <span class='ocrx_word' id='word_1_61' title='bbox 701 602 744 632; x_wconf 91' lang='lat' dir='ltr'>sunt</span> 
     </span>
     <span class='ocr_line' id='line_1_8' title="bbox 43 649 762 695; baseline -0.001 -10"><span class='ocrx_word' id='word_1_62' title='bbox 43 650 167 686; x_wconf 83' lang='lat' dir='ltr'>ammirantes.</span> <span class='ocrx_word' id='word_1_63' title='bbox 201 650 263 694; x_wconf 88' lang='lat' dir='ltr'>Super</span> <span class='ocrx_word' id='word_1_64' title='bbox 280 651 347 695; x_wconf 91' lang='lat' dir='ltr'>quibus</span> <span class='ocrx_word' id='word_1_65' title='bbox 362 650 416 685; x_wconf 87' lang='lat' dir='ltr'>beata</span> <span class='ocrx_word' id='word_1_66' title='bbox 433 650 501 685; x_wconf 89' lang='lat' dir='ltr'>Vrsula</span> <span class='ocrx_word' id='word_1_67' title='bbox 515 649 633 695; x_wconf 88' lang='lat' dir='ltr'>interrogata,</span> <span class='ocrx_word' id='word_1_68' title='bbox 649 650 762 695; x_wconf 83' lang='lat' dir='ltr'>respondit5</span> 
     </span>
     <span class='ocr_line' id='line_1_9' title="bbox 43 704 744 749; baseline -0.003 -9"><span class='ocrx_word' id='word_1_69' title='bbox 43 706 116 740; x_wconf 92' lang='lat' dir='ltr'>dicens:</span> <span class='ocrx_word' id='word_1_70' title='bbox 129 705 134 723; x_wconf 90' lang='lat'><em>‘</em></span> <span class='ocrx_word' id='word_1_71' title='bbox 140 704 265 738; x_wconf 89' lang='lat' dir='ltr'>Matronarum</span> <span class='ocrx_word' id='word_1_72' title='bbox 277 705 337 749; x_wconf 85' lang='lat' dir='ltr'>alique</span> <span class='ocrx_word' id='word_1_73' title='bbox 348 704 396 738; x_wconf 89' lang='lat' dir='ltr'>inter</span> <span class='ocrx_word' id='word_1_74' title='bbox 407 716 441 739; x_wconf 89' lang='lat' dir='ltr'>nos</span> <span class='ocrx_word' id='word_1_75' title='bbox 453 705 558 744; x_wconf 80' lang='lat' dir='ltr'>extiterunt,</span> <span class='ocrx_word' id='word_1_76' title='bbox 570 715 647 749; x_wconf 87' lang='lat' dir='ltr'>quarum</span> <span class='ocrx_word' id='word_1_77' title='bbox 659 705 744 748; x_wconf 90' lang='lat' dir='ltr'>quedam,</span> 
     </span>
     <span class='ocr_line' id='line_1_10' title="bbox 44 758 744 803; baseline -0.003 -10"><span class='ocrx_word' id='word_1_78' title='bbox 44 759 98 793; x_wconf 72' lang='lat' dir='ltr'>dum²</span> <span class='ocrx_word' id='word_1_79' title='bbox 106 758 129 792; x_wconf 97' lang='lat' dir='ltr'>de</span> <span class='ocrx_word' id='word_1_80' title='bbox 137 763 187 792; x_wconf 88' lang='lat' dir='ltr'>terra</span> <span class='ocrx_word' id='word_1_81' title='bbox 195 763 258 792; x_wconf 88' lang='lat' dir='ltr'>nostra</span> <span class='ocrx_word' id='word_1_82' title='bbox 266 759 402 803; x_wconf 83' lang='lat' dir='ltr'>egrederemur,</span> <span class='ocrx_word' id='word_1_83' title='bbox 410 758 472 792; x_wconf 79' lang='lat' dir='ltr'>luere⁵</span> <span class='ocrx_word' id='word_1_84' title='bbox 480 763 593 803; x_wconf 85' lang='lat' dir='ltr'>pregnantes</span> <span class='ocrx_word' id='word_1_85' title='bbox 604 759 714 802; x_wconf 90' lang='lat' dir='ltr'>nouiterque</span> <span class='ocrx_word' id='word_1_86' title='bbox 725 758 744 792; x_wconf 94' lang='lat' dir='ltr'>in</span> 
     </span>
     <span class='ocr_line' id='line_1_11' title="bbox 44 809 744 854; baseline -0.001 -10"><span class='ocrx_word' id='word_1_87' title='bbox 44 817 94 845; x_wconf 91' lang='lat' dir='ltr'>vtero</span> <span class='ocrx_word' id='word_1_88' title='bbox 102 809 232 853; x_wconf 88' lang='lat' dir='ltr'>concipientes.</span> <span class='ocrx_word' id='word_1_89' title='bbox 254 811 326 845; x_wconf 89' lang='lat' dir='ltr'>Amore</span> <span class='ocrx_word' id='word_1_90' title='bbox 334 810 402 844; x_wconf 86' lang='lat' dir='ltr'>Christi</span> <span class='ocrx_word' id='word_1_91' title='bbox 410 816 428 844; x_wconf 91' lang='lat' dir='ltr'>et</span> <span class='ocrx_word' id='word_1_92' title='bbox 436 810 476 854; x_wconf 89' lang='lat' dir='ltr'>ipse</span> <span class='ocrx_word' id='word_1_93' title='bbox 484 810 604 844; x_wconf 87' lang='lat' dir='ltr'>nihilominus</span> <span class='ocrx_word' id='word_1_94' title='bbox 611 821 646 854; x_wconf 91' lang='lat' dir='ltr'>spe</span> <span class='ocrx_word' id='word_1_95' title='bbox 655 810 706 853; x_wconf 86' lang='lat' dir='ltr'>regni</span> <span class='ocrx_word' id='word_1_96' title='bbox 715 821 744 843; x_wconf 89' lang='lat' dir='ltr'>ce·</span> 
     </span>
     <span class='ocr_line' id='line_1_12' title="bbox 44 862 744 906; baseline -0.001 -9"><span class='ocrx_word' id='word_1_97' title='bbox 44 862 95 897; x_wconf 87' lang='lat' dir='ltr'>lestis</span> <span class='ocrx_word' id='word_1_98' title='bbox 103 873 137 896; x_wconf 91' lang='lat' dir='ltr'>nos</span> <span class='ocrx_word' id='word_1_99' title='bbox 145 866 227 906; x_wconf 88' lang='lat' dir='ltr'>sequute‚</span> <span class='ocrx_word' id='word_1_100' title='bbox 233 863 328 897; x_wconf 86' lang='lat' dir='ltr'>nobiscum</span> <span class='ocrx_word' id='word_1_101' title='bbox 336 862 406 906; x_wconf 89' lang='lat' dir='ltr'>pariter</span> <span class='ocrx_word' id='word_1_102' title='bbox 411 863 534 897; x_wconf 89' lang='lat' dir='ltr'>occubuerunt</span> <span class='ocrx_word' id='word_1_103' title='bbox 540 862 656 906; x_wconf 90' lang='lat' dir='ltr'>interempte.</span> <span class='ocrx_word' id='word_1_104' title='bbox 672 862 744 896; x_wconf 89' lang='lat' dir='ltr'>Harum</span> 
     </span>
     <span class='ocr_line' id='line_1_13' title="bbox 44 915 774 961; baseline 0 -12"><span class='ocrx_word' id='word_1_105' title='bbox 44 916 126 958; x_wconf 87' lang='lat' dir='ltr'>infantes,</span> <span class='ocrx_word' id='word_1_106' title='bbox 141 915 258 959; x_wconf 89' lang='lat' dir='ltr'>quicunque⁴</span> <span class='ocrx_word' id='word_1_107' title='bbox 270 916 289 950; x_wconf 95' lang='lat' dir='ltr'>in</span> <span class='ocrx_word' id='word_1_108' title='bbox 302 915 379 950; x_wconf 76' lang='lat' dir='ltr'>matris⁶</span> <span class='ocrx_word' id='word_1_109' title='bbox 390 921 441 950; x_wconf 88' lang='lat' dir='ltr'>vtero</span> <span class='ocrx_word' id='word_1_110' title='bbox 453 915 538 961; x_wconf 90' lang='lat' dir='ltr'>spiritum</span> <span class='ocrx_word' id='word_1_111' title='bbox 549 916 587 950; x_wconf 85' lang='lat' dir='ltr'>vite</span> <span class='ocrx_word' id='word_1_112' title='bbox 601 915 693 951; x_wconf 87' lang='lat' dir='ltr'>habebant</span> <span class='ocrx_word' id='word_1_113' title='bbox 705 916 744 950; x_wconf 86' lang='lat' dir='ltr'>ani·</span> <span class='ocrx_word' id='word_1_114' title='bbox 755 927 774 948; x_wconf 83' lang='lat' dir='ltr'>ro</span> 
     </span>
     <span class='ocr_line' id='line_1_14' title="bbox 45 967 743 1014; baseline 0 -11"><span class='ocrx_word' id='word_1_115' title='bbox 45 980 130 1013; x_wconf 87' lang='lat' dir='ltr'>mamque</span> <span class='ocrx_word' id='word_1_116' title='bbox 140 967 240 1010; x_wconf 86' lang='lat' dir='ltr'>uiuentem,</span> <span class='ocrx_word' id='word_1_117' title='bbox 249 980 291 1004; x_wconf 88' lang='lat' dir='ltr'>eum</span> <span class='ocrx_word' id='word_1_118' title='bbox 302 974 371 1004; x_wconf 88' lang='lat' dir='ltr'>matres</span> <span class='ocrx_word' id='word_1_119' title='bbox 382 969 515 1011; x_wconf 83' lang='lat' dir='ltr'>occiderentur,</span> <span class='ocrx_word' id='word_1_120' title='bbox 525 969 567 1003; x_wconf 94' lang='lat' dir='ltr'>licet</span> <span class='ocrx_word' id='word_1_121' title='bbox 579 969 650 1014; x_wconf 87' lang='lat' dir='ltr'>gladius</span> <span class='ocrx_word' id='word_1_122' title='bbox 662 980 694 1003; x_wconf 89' lang='lat' dir='ltr'>eos</span> <span class='ocrx_word' id='word_1_123' title='bbox 706 981 743 1004; x_wconf 91' lang='lat' dir='ltr'>non</span> 
     </span>
     <span class='ocr_line' id='line_1_15' title="bbox 45 1022 746 1069; baseline 0.001 -13"><span class='ocrx_word' id='word_1_124' title='bbox 45 1023 146 1067; x_wconf 82' lang='lat' dir='ltr'>attingeret,</span> <span class='ocrx_word' id='word_1_125' title='bbox 157 1022 176 1055; x_wconf 88' lang='lat' dir='ltr'>in</span> <span class='ocrx_word' id='word_1_126' title='bbox 188 1029 247 1057; x_wconf 88' lang='lat' dir='ltr'>morte</span> <span class='ocrx_word' id='word_1_127' title='bbox 258 1028 320 1058; x_wconf 90' lang='lat' dir='ltr'>tamen</span> <span class='ocrx_word' id='word_1_128' title='bbox 331 1028 410 1057; x_wconf 90' lang='lat' dir='ltr'>matrum</span> <span class='ocrx_word' id='word_1_129' title='bbox 422 1028 441 1057; x_wconf 89' lang='lat' dir='ltr'>et</span> <span class='ocrx_word' id='word_1_130' title='bbox 452 1022 539 1066; x_wconf 89' lang='lat' dir='ltr'>martirio,</span> <span class='ocrx_word' id='word_1_131' title='bbox 551 1028 606 1068; x_wconf 89' lang='lat' dir='ltr'>atque</span> <span class='ocrx_word' id='word_1_132' title='bbox 618 1023 636 1057; x_wconf 91' lang='lat' dir='ltr'>in</span> <span class='ocrx_word' id='word_1_133' title='bbox 649 1023 746 1069; x_wconf 76' lang='lat' dir='ltr'>ipsarnm⁸</span> 
     </span>
     <span class='ocr_line' id='line_1_16' title="bbox 46 1076 745 1120; baseline 0 -10"><span class='ocrx_word' id='word_1_134' title='bbox 46 1076 133 1118; x_wconf 87' lang='lat' dir='ltr'>sanguine</span> <span class='ocrx_word' id='word_1_135' title='bbox 145 1076 236 1118; x_wconf 86' lang='lat' dir='ltr'>baptizati,</span> <span class='ocrx_word' id='word_1_136' title='bbox 248 1078 318 1119; x_wconf 86' lang='lat' dir='ltr'>absque</span> <span class='ocrx_word' id='word_1_137' title='bbox 332 1077 387 1109; x_wconf 90' lang='lat' dir='ltr'>dubio</span> <span class='ocrx_word' id='word_1_138' title='bbox 399 1078 422 1110; x_wconf 87' lang='lat' dir='ltr'>ab</span> <span class='ocrx_word' id='word_1_139' title='bbox 435 1077 505 1120; x_wconf 89' lang='lat' dir='ltr'>angelis</span> <span class='ocrx_word' id='word_1_140' title='bbox 516 1087 552 1109; x_wconf 88' lang='lat' dir='ltr'>vna</span> <span class='ocrx_word' id='word_1_141' title='bbox 563 1087 605 1110; x_wconf 87' lang='lat' dir='ltr'>curn</span> <span class='ocrx_word' id='word_1_142' title='bbox 618 1077 711 1110; x_wconf 91' lang='lat' dir='ltr'>matribus</span> <span class='ocrx_word' id='word_1_143' title='bbox 721 1078 745 1110; x_wconf 89' lang='lat' dir='ltr'>ad</span> 
     </span>
     <span class='ocr_line' id='line_1_17' title="bbox 46 1127 744 1173; baseline 0.003 -13"><span class='ocrx_word' id='word_1_144' title='bbox 46 1139 101 1171; x_wconf 86' lang='lat' dir='ltr'>regna</span> <span class='ocrx_word' id='word_1_145' title='bbox 109 1127 183 1161; x_wconf 86' lang='lat' dir='ltr'>celestia</span> <span class='ocrx_word' id='word_1_146' title='bbox 191 1128 344 1172; x_wconf 89' lang='lat' dir='ltr'>perducebantur.</span> <span class='ocrx_word' id='word_1_147' title='bbox 364 1128 387 1161; x_wconf 89' lang='lat' dir='ltr'>Et</span> <span class='ocrx_word' id='word_1_148' title='bbox 395 1128 429 1162; x_wconf 93' lang='lat' dir='ltr'>hec</span> <span class='ocrx_word' id='word_1_149' title='bbox 437 1134 466 1162; x_wconf 90' lang='lat' dir='ltr'>est</span> <span class='ocrx_word' id='word_1_150' title='bbox 474 1127 519 1162; x_wconf 89' lang='lat' dir='ltr'>ratio</span> <span class='ocrx_word' id='word_1_151' title='bbox 524 1127 620 1162; x_wconf 88' lang='lat' dir='ltr'>verissima</span> <span class='ocrx_word' id='word_1_152' title='bbox 626 1127 744 1173; x_wconf 86' lang='lat' dir='ltr'>paruulorum</span> 
     </span>
     <span class='ocr_line' id='line_1_18' title="bbox 46 1181 773 1227; baseline 0.001 -12"><span class='ocrx_word' id='word_1_153' title='bbox 46 1182 75 1226; x_wconf 89' lang='lat' dir='ltr'>qui</span> <span class='ocrx_word' id='word_1_154' title='bbox 86 1193 127 1216; x_wconf 91' lang='lat' dir='ltr'>cum</span> <span class='ocrx_word' id='word_1_155' title='bbox 139 1181 205 1216; x_wconf 89' lang='lat' dir='ltr'>ceteris</span> <span class='ocrx_word' id='word_1_156' title='bbox 217 1182 345 1227; x_wconf 78' lang='lat' dir='ltr'>reperiuntur⁷</span> <span class='ocrx_word' id='word_1_157' title='bbox 353 1182 496 1218; x_wconf 69' lang='lat' dir='ltr'>robustioribus.¹</span> <span class='ocrx_word' id='word_1_158' title='bbox 520 1182 568 1217; x_wconf 89' lang='lat' dir='ltr'>Huic</span> <span class='ocrx_word' id='word_1_159' title='bbox 578 1182 664 1227; x_wconf 89' lang='lat' dir='ltr'>capittulo</span> <span class='ocrx_word' id='word_1_160' title='bbox 673 1182 745 1217; x_wconf 84' lang='lat' dir='ltr'>inueni·</span> <span class='ocrx_word' id='word_1_161' title='bbox 755 1195 773 1226; x_wconf 83' lang='lat'>15</span> 
     </span>
     <span class='ocr_line' id='line_1_19' title="bbox 46 1234 744 1280; baseline 0.001 -12"><span class='ocrx_word' id='word_1_162' title='bbox 46 1240 100 1268; x_wconf 91' lang='lat' dir='ltr'>untur</span> <span class='ocrx_word' id='word_1_163' title='bbox 106 1235 195 1268; x_wconf 84' lang='lat' dir='ltr'>lectorum</span> <span class='ocrx_word' id='word_1_164' title='bbox 203 1235 258 1279; x_wconf 90' lang='lat' dir='ltr'>aliqui</span> <span class='ocrx_word' id='word_1_165' title='bbox 266 1235 359 1280; x_wconf 79' lang='lat' dir='ltr'>refragari,</span> <span class='ocrx_word' id='word_1_166' title='bbox 366 1236 497 1279; x_wconf 88' lang='lat' dir='ltr'>pretendentes</span> <span class='ocrx_word' id='word_1_167' title='bbox 503 1234 553 1268; x_wconf 87' lang='lat' dir='ltr'>illam</span> <span class='ocrx_word' id='word_1_168' title='bbox 560 1235 628 1269; x_wconf 93' lang='lat' dir='ltr'>domini</span> <span class='ocrx_word' id='word_1_169' title='bbox 634 1235 744 1269; x_wconf 87' lang='lat' dir='ltr'>sententiam</span> 
     </span>
     <span class='ocr_line' id='line_1_20' title="bbox 47 1287 746 1332; baseline 0.003 -12"><span class='ocrx_word' id='word_1_170' title='bbox 47 1287 134 1321; x_wconf 87' lang='lat' dir='ltr'>dicentis:</span> <span class='ocrx_word' id='word_1_171' title='bbox 147 1287 198 1321; x_wconf 88' lang='lat' dir='ltr'>‘Nisi</span> <span class='ocrx_word' id='word_1_172' title='bbox 211 1287 252 1331; x_wconf 91' lang='lat' dir='ltr'>quis</span> <span class='ocrx_word' id='word_1_173' title='bbox 265 1293 340 1322; x_wconf 90' lang='lat' dir='ltr'>renatus</span> <span class='ocrx_word' id='word_1_174' title='bbox 354 1287 407 1321; x_wconf 87' lang='lat' dir='ltr'>suerit</span> <span class='ocrx_word' id='word_1_175' title='bbox 421 1299 445 1321; x_wconf 86' lang='lat' dir='ltr'>ex</span> <span class='ocrx_word' id='word_1_176' title='bbox 458 1298 505 1332; x_wconf 89' lang='lat' dir='ltr'>aqua</span> <span class='ocrx_word' id='word_1_177' title='bbox 518 1293 536 1321; x_wconf 89' lang='lat' dir='ltr'>et</span> <span class='ocrx_word' id='word_1_178' title='bbox 549 1287 614 1331; x_wconf 89' lang='lat' dir='ltr'>spiritu</span> <span class='ocrx_word' id='word_1_179' title='bbox 628 1293 696 1328; x_wconf 85' lang='lat' dir='ltr'>sancto,</span> <span class='ocrx_word' id='word_1_180' title='bbox 708 1299 746 1322; x_wconf 93' lang='lat' dir='ltr'>non</span> 
     </span>
     <span class='ocr_line' id='line_1_21' title="bbox 47 1340 747 1383; baseline 0.001 -11"><span class='ocrx_word' id='word_1_181' title='bbox 47 1345 105 1382; x_wconf 85' lang='lat' dir='ltr'>potest</span> <span class='ocrx_word' id='word_1_182' title='bbox 111 1340 188 1373; x_wconf 84' lang='lat' dir='ltr'>saluari.&#39;</span> <span class='ocrx_word' id='word_1_183' title='bbox 201 1340 266 1374; x_wconf 89' lang='lat' dir='ltr'>Plures</span> <span class='ocrx_word' id='word_1_184' title='bbox 273 1345 334 1374; x_wconf 90' lang='lat' dir='ltr'>autem</span> <span class='ocrx_word' id='word_1_185' title='bbox 339 1340 424 1373; x_wconf 87' lang='lat' dir='ltr'>abbatum</span> <span class='ocrx_word' id='word_1_186' title='bbox 430 1345 448 1374; x_wconf 92' lang='lat' dir='ltr'>et</span> <span class='ocrx_word' id='word_1_187' title='bbox 454 1340 574 1374; x_wconf 89' lang='lat' dir='ltr'>litteratorum</span> <span class='ocrx_word' id='word_1_188' title='bbox 580 1340 667 1383; x_wconf 92' lang='lat' dir='ltr'>pietatem</span> <span class='ocrx_word' id='word_1_189' title='bbox 672 1340 747 1380; x_wconf 89' lang='lat' dir='ltr'>domini,</span> 
     </span>
     <span class='ocr_line' id='line_1_22' title="bbox 47 1392 747 1436; baseline 0.003 -11"><span class='ocrx_word' id='word_1_190' title='bbox 47 1401 67 1425; x_wconf 90' lang='lat' dir='ltr'>ac</span> <span class='ocrx_word' id='word_1_191' title='bbox 73 1397 151 1426; x_wconf 87' lang='lat' dir='ltr'>matrum</span> <span class='ocrx_word' id='word_1_192' title='bbox 159 1392 215 1426; x_wconf 91' lang='lat' dir='ltr'>fidem</span> <span class='ocrx_word' id='word_1_193' title='bbox 223 1397 277 1436; x_wconf 90' lang='lat' dir='ltr'>atque</span> <span class='ocrx_word' id='word_1_194' title='bbox 285 1393 304 1427; x_wconf 92' lang='lat' dir='ltr'>in</span> <span class='ocrx_word' id='word_1_195' title='bbox 313 1393 348 1427; x_wconf 92' lang='lat' dir='ltr'>deo</span> <span class='ocrx_word' id='word_1_196' title='bbox 356 1392 478 1435; x_wconf 85' lang='lat' dir='ltr'>dilectionem,</span> <span class='ocrx_word' id='word_1_197' title='bbox 486 1402 588 1436; x_wconf 88' lang='lat' dir='ltr'>puramque</span> <span class='ocrx_word' id='word_1_198' title='bbox 594 1392 667 1426; x_wconf 89' lang='lat' dir='ltr'>illarum</span> <span class='ocrx_word' id='word_1_199' title='bbox 675 1392 747 1427; x_wconf 79' lang='lat' dir='ltr'>conses-</span> 
     </span>
     <span class='ocr_line' id='line_1_23' title="bbox 48 1443 777 1490; baseline 0.005 -13"><span class='ocrx_word' id='word_1_200' title='bbox 48 1443 116 1478; x_wconf 86' lang='lat' dir='ltr'>sionem</span> <span class='ocrx_word' id='word_1_201' title='bbox 121 1446 144 1478; x_wconf 90' lang='lat' dir='ltr'>ad</span> <span class='ocrx_word' id='word_1_202' title='bbox 150 1444 252 1479; x_wconf 84' lang='lat' dir='ltr'>martirium</span> <span class='ocrx_word' id='word_1_203' title='bbox 258 1457 292 1490; x_wconf 92' lang='lat' dir='ltr'>pro</span> <span class='ocrx_word' id='word_1_204' title='bbox 299 1445 372 1480; x_wconf 91' lang='lat' dir='ltr'>Christo</span> <span class='ocrx_word' id='word_1_205' title='bbox 379 1446 459 1489; x_wconf 84' lang='lat' dir='ltr'>[sponte]</span> <span class='ocrx_word' id='word_1_206' title='bbox 465 1445 604 1490; x_wconf 84' lang='lat' dir='ltr'>properantium</span> <span class='ocrx_word' id='word_1_207' title='bbox 612 1446 747 1487; x_wconf 89' lang='lat' dir='ltr'>commendant,</span> <span class='ocrx_word' id='word_1_208' title='bbox 757 1459 777 1481; x_wconf 81' lang='lat' dir='ltr'>ao</span> 
     </span>
     <span class='ocr_line' id='line_1_24' title="bbox 48 1497 747 1544; baseline 0.001 -12"><span class='ocrx_word' id='word_1_209' title='bbox 48 1497 132 1541; x_wconf 86' lang='lat' dir='ltr'>dicentes,</span> <span class='ocrx_word' id='word_1_210' title='bbox 144 1498 220 1533; x_wconf 83' lang='lat' dir='ltr'>eosdem</span> <span class='ocrx_word' id='word_1_211' title='bbox 231 1499 311 1534; x_wconf 79' lang='lat' dir='ltr'>infantes</span> <span class='ocrx_word' id='word_1_212' title='bbox 321 1498 340 1533; x_wconf 95' lang='lat' dir='ltr'>in</span> <span class='ocrx_word' id='word_1_213' title='bbox 349 1498 464 1534; x_wconf 83' lang='lat' dir='ltr'>consessione</span> <span class='ocrx_word' id='word_1_214' title='bbox 476 1504 555 1533; x_wconf 90' lang='lat' dir='ltr'>matrum</span> <span class='ocrx_word' id='word_1_215' title='bbox 563 1504 581 1533; x_wconf 94' lang='lat' dir='ltr'>et</span> <span class='ocrx_word' id='word_1_216' title='bbox 589 1499 678 1543; x_wconf 87' lang='lat' dir='ltr'>sanguine</span> <span class='ocrx_word' id='word_1_217' title='bbox 688 1499 747 1544; x_wconf 88' lang='lat' dir='ltr'>bapti-</span> 
     </span>
     <span class='ocr_line' id='line_1_25' title="bbox 48 1552 748 1597; baseline 0.003 -13"><span class='ocrx_word' id='word_1_218' title='bbox 48 1556 101 1586; x_wconf 87' lang='lat' dir='ltr'>zatos.</span> <span class='ocrx_word' id='word_1_219' title='bbox 129 1552 177 1587; x_wconf 90' lang='lat' dir='ltr'>Pace</span> <span class='ocrx_word' id='word_1_220' title='bbox 191 1552 269 1587; x_wconf 82' lang='lat' dir='ltr'>dixerim</span> <span class='ocrx_word' id='word_1_221' title='bbox 283 1553 371 1587; x_wconf 91' lang='lat' dir='ltr'>lectorum</span> <span class='ocrx_word' id='word_1_222' title='bbox 387 1552 440 1597; x_wconf 76' lang='lat' dir='ltr'>quia³</span> <span class='ocrx_word' id='word_1_223' title='bbox 452 1552 510 1597; x_wconf 90' lang='lat' dir='ltr'>pietas</span> <span class='ocrx_word' id='word_1_224' title='bbox 525 1552 593 1586; x_wconf 90' lang='lat' dir='ltr'>Christi</span> <span class='ocrx_word' id='word_1_225' title='bbox 608 1553 685 1587; x_wconf 91' lang='lat' dir='ltr'>multum</span> <span class='ocrx_word' id='word_1_226' title='bbox 700 1552 748 1587; x_wconf 82' lang='lat' dir='ltr'>soret</span> 
     </span>
     <span class='ocr_line' id='line_1_26' title="bbox 49 1604 748 1651; baseline 0.006 -14"><span class='ocrx_word' id='word_1_227' title='bbox 49 1604 147 1640; x_wconf 86' lang='lat' dir='ltr'>dormitans</span> <span class='ocrx_word' id='word_1_228' title='bbox 155 1611 173 1639; x_wconf 89' lang='lat' dir='ltr'>et</span> <span class='ocrx_word' id='word_1_229' title='bbox 184 1605 275 1650; x_wconf 83' lang='lat' dir='ltr'>languida,</span> <span class='ocrx_word' id='word_1_230' title='bbox 283 1606 299 1641; x_wconf 91' lang='lat' dir='ltr'>si</span> <span class='ocrx_word' id='word_1_231' title='bbox 310 1616 344 1651; x_wconf 91' lang='lat' dir='ltr'>pro</span> <span class='ocrx_word' id='word_1_232' title='bbox 354 1616 388 1640; x_wconf 91' lang='lat' dir='ltr'>suo</span> <span class='ocrx_word' id='word_1_233' title='bbox 398 1605 473 1640; x_wconf 90' lang='lat' dir='ltr'>nomine</span> <span class='ocrx_word' id='word_1_234' title='bbox 484 1604 554 1640; x_wconf 86' lang='lat' dir='ltr'>occisos</span> <span class='ocrx_word' id='word_1_235' title='bbox 566 1605 635 1640; x_wconf 90' lang='lat' dir='ltr'>sineret</span> <span class='ocrx_word' id='word_1_236' title='bbox 646 1606 748 1651; x_wconf 81' lang='lat' dir='ltr'>dampnari.</span> 
     </span>
     <span class='ocr_line' id='line_1_27' title="bbox 49 1656 748 1701; baseline 0.006 -11"><span class='ocrx_word' id='word_1_237' title='bbox 49 1656 85 1691; x_wconf 87' lang='lat' dir='ltr'>Sed</span> <span class='ocrx_word' id='word_1_238' title='bbox 93 1670 134 1692; x_wconf 91' lang='lat' dir='ltr'>cum</span> <span class='ocrx_word' id='word_1_239' title='bbox 140 1658 180 1693; x_wconf 90' lang='lat' dir='ltr'>vice</span> <span class='ocrx_word' id='word_1_240' title='bbox 188 1660 267 1701; x_wconf 89' lang='lat' dir='ltr'>quadarn</span> <span class='ocrx_word' id='word_1_241' title='bbox 276 1660 359 1693; x_wconf 89' lang='lat' dir='ltr'>eiusdem</span> <span class='ocrx_word' id='word_1_242' title='bbox 368 1659 443 1700; x_wconf 88' lang='lat' dir='ltr'>historie</span> <span class='ocrx_word' id='word_1_243' title='bbox 450 1665 468 1693; x_wconf 90' lang='lat' dir='ltr'>et</span> <span class='ocrx_word' id='word_1_244' title='bbox 476 1658 551 1701; x_wconf 89' lang='lat' dir='ltr'>capituli</span> <span class='ocrx_word' id='word_1_245' title='bbox 559 1659 641 1692; x_wconf 87' lang='lat' dir='ltr'>notarius</span> <span class='ocrx_word' id='word_1_246' title='bbox 648 1659 748 1701; x_wconf 86' lang='lat' dir='ltr'>legentium</span> 
     </span>
     <span class='ocr_line' id='line_1_28' title="bbox 50 1710 777 1751; baseline 0.004 -8"><span class='ocrx_word' id='word_1_247' title='bbox 50 1710 96 1751; x_wconf 77' lang='lat' dir='ltr'>apud</span> <span class='ocrx_word' id='word_1_248' title='bbox 104 1721 124 1744; x_wconf 89' lang='lat' dir='ltr'>se</span> <span class='ocrx_word' id='word_1_249' title='bbox 132 1710 233 1745; x_wconf 90' lang='lat' dir='ltr'>sententias</span> <span class='ocrx_word' id='word_1_250' title='bbox 244 1710 310 1745; x_wconf 89' lang='lat' dir='ltr'>tacitus</span> <span class='ocrx_word' id='word_1_251' title='bbox 321 1711 429 1751; x_wconf 87' lang='lat' dir='ltr'>reuolueret‚</span> <span class='ocrx_word' id='word_1_252' title='bbox 437 1710 502 1745; x_wconf 88' lang='lat' dir='ltr'>celitus</span> <span class='ocrx_word' id='word_1_253' title='bbox 514 1710 539 1744; x_wconf 95' lang='lat' dir='ltr'>illi</span> <span class='ocrx_word' id='word_1_254' title='bbox 551 1710 626 1745; x_wconf 82' lang='lat' dir='ltr'>dicitur:</span> <span class='ocrx_word' id='word_1_255' title='bbox 639 1710 686 1744; x_wconf 89' lang='lat' dir='ltr'>‘Pro</span> <span class='ocrx_word' id='word_1_256' title='bbox 697 1717 748 1746; x_wconf 88' lang='lat' dir='ltr'>certo</span> <span class='ocrx_word' id='word_1_257' title='bbox 758 1720 777 1750; x_wconf 82' lang='lat'>²5</span> 
     </span>
     <span class='ocr_line' id='line_1_29' title="bbox 49 1762 748 1810; baseline 0.006 -16"><span class='ocrx_word' id='word_1_258' title='bbox 49 1762 100 1805; x_wconf 89' lang='lat' dir='ltr'>scias,</span> <span class='ocrx_word' id='word_1_259' title='bbox 112 1763 185 1807; x_wconf 75' lang='lat' dir='ltr'>frater⁹,</span> <span class='ocrx_word' id='word_1_260' title='bbox 198 1763 252 1808; x_wconf 78' lang='lat' dir='ltr'>quia⁸</span> <span class='ocrx_word' id='word_1_261' title='bbox 262 1764 278 1798; x_wconf 89' lang='lat' dir='ltr'>si</span> <span class='ocrx_word' id='word_1_262' title='bbox 289 1764 369 1798; x_wconf 84' lang='lat' dir='ltr'>infantes</span> <span class='ocrx_word' id='word_1_263' title='bbox 379 1763 398 1798; x_wconf 92' lang='lat' dir='ltr'>in</span> <span class='ocrx_word' id='word_1_264' title='bbox 410 1769 489 1798; x_wconf 86' lang='lat' dir='ltr'>matrum</span> <span class='ocrx_word' id='word_1_265' title='bbox 496 1763 553 1798; x_wconf 89' lang='lat' dir='ltr'>vteris</span> <span class='ocrx_word' id='word_1_266' title='bbox 565 1763 673 1807; x_wconf 89' lang='lat' dir='ltr'>moriuntur,</span> <span class='ocrx_word' id='word_1_267' title='bbox 684 1764 748 1810; x_wconf 88' lang='lat' dir='ltr'>damp-</span> 
     </span>
     <span class='ocr_line' id='line_1_30' title="bbox 49 1817 749 1861; baseline 0.009 -15"><span class='ocrx_word' id='word_1_268' title='bbox 49 1822 118 1859; x_wconf 85' lang='lat' dir='ltr'>nantur,</span> <span class='ocrx_word' id='word_1_269' title='bbox 127 1818 160 1852; x_wconf 91' lang='lat' dir='ltr'>sed</span> <span class='ocrx_word' id='word_1_270' title='bbox 168 1818 198 1861; x_wconf 90' lang='lat' dir='ltr'>pia</span> <span class='ocrx_word' id='word_1_271' title='bbox 205 1817 278 1852; x_wconf 86' lang='lat' dir='ltr'>illorum</span> <span class='ocrx_word' id='word_1_272' title='bbox 287 1818 321 1852; x_wconf 88' lang='lat' dir='ltr'>erit</span> <span class='ocrx_word' id='word_1_273' title='bbox 329 1818 439 1861; x_wconf 87' lang='lat' dir='ltr'>dampnatio.</span> <span class='ocrx_word' id='word_1_274' title='bbox 459 1818 497 1852; x_wconf 88' lang='lat' dir='ltr'>Sed</span> <span class='ocrx_word' id='word_1_275' title='bbox 506 1817 540 1851; x_wconf 91' lang='lat' dir='ltr'>hoc</span> <span class='ocrx_word' id='word_1_276' title='bbox 548 1817 596 1851; x_wconf 85' lang='lat' dir='ltr'>scias</span> <span class='ocrx_word' id='word_1_277' title='bbox 604 1817 657 1861; x_wconf 79' lang='lat' dir='ltr'>quia⁸</span> <span class='ocrx_word' id='word_1_278' title='bbox 665 1817 681 1851; x_wconf 93' lang='lat' dir='ltr'>si</span> <span class='ocrx_word' id='word_1_279' title='bbox 689 1823 749 1852; x_wconf 88' lang='lat' dir='ltr'>mater</span> 
     </span>
     <span class='ocr_line' id='line_1_31' title="bbox 49 1869 748 1915; baseline 0.006 -14"><span class='ocrx_word' id='word_1_280' title='bbox 49 1876 81 1910; x_wconf 86' lang='lat' dir='ltr'>pro</span> <span class='ocrx_word' id='word_1_281' title='bbox 96 1869 169 1904; x_wconf 87' lang='lat' dir='ltr'>Christo</span> <span class='ocrx_word' id='word_1_282' title='bbox 184 1870 281 1914; x_wconf 89' lang='lat' dir='ltr'>occidatur,</span> <span class='ocrx_word' id='word_1_283' title='bbox 293 1880 339 1915; x_wconf 90' lang='lat' dir='ltr'>puer</span> <span class='ocrx_word' id='word_1_284' title='bbox 352 1870 371 1904; x_wconf 93' lang='lat' dir='ltr'>in</span> <span class='ocrx_word' id='word_1_285' title='bbox 383 1875 435 1904; x_wconf 91' lang='lat' dir='ltr'>vtero</span> <span class='ocrx_word' id='word_1_286' title='bbox 449 1869 513 1904; x_wconf 88' lang='lat' dir='ltr'>matris</span> <span class='ocrx_word' id='word_1_287' title='bbox 525 1869 641 1904; x_wconf 86' lang='lat' dir='ltr'>consessione</span> <span class='ocrx_word' id='word_1_288' title='bbox 653 1869 716 1905; x_wconf 82' lang='lat' dir='ltr'>matris</span> <span class='ocrx_word' id='word_1_289' title='bbox 730 1876 748 1905; x_wconf 93' lang='lat' dir='ltr'>et</span> 
     </span>
     <span class='ocr_line' id='line_1_32' title="bbox 49 1923 748 1967; baseline 0.009 -16"><span class='ocrx_word' id='word_1_290' title='bbox 49 1923 136 1963; x_wconf 84' lang='lat' dir='ltr'>sanguine</span> <span class='ocrx_word' id='word_1_291' title='bbox 151 1924 207 1966; x_wconf 88' lang='lat' dir='ltr'>plene</span> <span class='ocrx_word' id='word_1_292' title='bbox 222 1934 264 1957; x_wconf 90' lang='lat' dir='ltr'>cum</span> <span class='ocrx_word' id='word_1_293' title='bbox 279 1929 338 1957; x_wconf 89' lang='lat' dir='ltr'>matre</span> <span class='ocrx_word' id='word_1_294' title='bbox 353 1924 438 1956; x_wconf 86' lang='lat' dir='ltr'>saluatur.</span> <span class='ocrx_word' id='word_1_295' title='bbox 461 1924 503 1956; x_wconf 88' lang='lat' dir='ltr'>Non</span> <span class='ocrx_word' id='word_1_296' title='bbox 518 1924 608 1963; x_wconf 87' lang='lat' dir='ltr'>attendas,</span> <span class='ocrx_word' id='word_1_297' title='bbox 623 1923 688 1966; x_wconf 88' lang='lat' dir='ltr'>inquit,</span> <span class='ocrx_word' id='word_1_298' title='bbox 703 1924 748 1967; x_wconf 94' lang='lat' dir='ltr'>quid</span> 
     </span>
     <span class='ocr_line' id='line_1_33' title="bbox 50 1974 778 2020; baseline 0.003 -12"><span class='ocrx_word' id='word_1_299' title='bbox 50 1974 130 2016; x_wconf 82' lang='lat' dir='ltr'>magistri</span> <span class='ocrx_word' id='word_1_300' title='bbox 145 1986 202 2019; x_wconf 89' lang='lat' dir='ltr'>super</span> <span class='ocrx_word' id='word_1_301' title='bbox 217 1975 251 2009; x_wconf 92' lang='lat' dir='ltr'>hoc</span> <span class='ocrx_word' id='word_1_302' title='bbox 266 1975 375 2020; x_wconf 85' lang='lat' dir='ltr'>loquantur;</span> <span class='ocrx_word' id='word_1_303' title='bbox 392 1986 483 2020; x_wconf 88' lang='lat' dir='ltr'>nusquam</span> <span class='ocrx_word' id='word_1_304' title='bbox 499 1974 549 2009; x_wconf 88' lang='lat' dir='ltr'>enim</span> <span class='ocrx_word' id='word_1_305' title='bbox 565 1974 626 2009; x_wconf 91' lang='lat' dir='ltr'>diuina</span> <span class='ocrx_word' id='word_1_306' title='bbox 641 1975 778 2014; x_wconf 73' lang='lat' dir='ltr'>seueritas¹⁰so</span> 
     </span>
     <span class='ocr_line' id='line_1_34' title="bbox 50 2024 749 2074; baseline 0.011 -16"><span class='ocrx_word' id='word_1_307' title='bbox 50 2024 102 2061; x_wconf 89' lang='lat' dir='ltr'>habet</span> <span class='ocrx_word' id='word_1_308' title='bbox 118 2028 137 2063; x_wconf 93' lang='lat' dir='ltr'>in</span> <span class='ocrx_word' id='word_1_309' title='bbox 151 2028 178 2063; x_wconf 90' lang='lat' dir='ltr'>eis</span> <span class='ocrx_word' id='word_1_310' title='bbox 189 2034 209 2063; x_wconf 93' lang='lat' dir='ltr'>vt</span> <span class='ocrx_word' id='word_1_311' title='bbox 222 2029 356 2074; x_wconf 91' lang='lat' dir='ltr'>dampnentur:</span> <span class='ocrx_word' id='word_1_312' title='bbox 374 2029 416 2073; x_wconf 89' lang='lat' dir='ltr'>quia</span> <span class='ocrx_word' id='word_1_313' title='bbox 429 2029 475 2064; x_wconf 92' lang='lat' dir='ltr'>sicut</span> <span class='ocrx_word' id='word_1_314' title='bbox 488 2028 550 2062; x_wconf 88' lang='lat' dir='ltr'>diuina</span> <span class='ocrx_word' id='word_1_315' title='bbox 565 2028 636 2063; x_wconf 81' lang='lat' dir='ltr'>iusticia</span> <span class='ocrx_word' id='word_1_316' title='bbox 648 2029 715 2073; x_wconf 93' lang='lat' dir='ltr'>vbique</span> <span class='ocrx_word' id='word_1_317' title='bbox 728 2040 749 2066; x_wconf 88' lang='lat' dir='ltr'>se</span> 
     </span>
     <span class='ocr_line' id='line_1_35' title="bbox 50 2081 750 2127; baseline 0.01 -16"><span class='ocrx_word' id='word_1_318' title='bbox 50 2081 130 2115; x_wconf 85' lang='lat' dir='ltr'>extendit</span> <span class='ocrx_word' id='word_1_319' title='bbox 137 2082 172 2116; x_wconf 84' lang='lat' dir='ltr'>vt¹¹</span> <span class='ocrx_word' id='word_1_320' title='bbox 184 2082 253 2117; x_wconf 84' lang='lat' dir='ltr'>feriens</span> <span class='ocrx_word' id='word_1_321' title='bbox 264 2083 347 2127; x_wconf 85' lang='lat' dir='ltr'>corrigat,</span> <span class='ocrx_word' id='word_1_322' title='bbox 359 2082 383 2117; x_wconf 87' lang='lat' dir='ltr'>ita</span> <span class='ocrx_word' id='word_1_323' title='bbox 395 2083 456 2117; x_wconf 91' lang='lat' dir='ltr'>diuina</span> <span class='ocrx_word' id='word_1_324' title='bbox 467 2083 526 2126; x_wconf 88' lang='lat' dir='ltr'>pietas</span> <span class='ocrx_word' id='word_1_325' title='bbox 537 2082 604 2126; x_wconf 90' lang='lat' dir='ltr'>vbique</span> <span class='ocrx_word' id='word_1_326' title='bbox 614 2093 634 2117; x_wconf 93' lang='lat' dir='ltr'>se</span> <span class='ocrx_word' id='word_1_327' title='bbox 643 2083 705 2117; x_wconf 85' lang='lat' dir='ltr'>dilatat</span> <span class='ocrx_word' id='word_1_328' title='bbox 712 2084 750 2118; x_wconf 85' lang='lat' dir='ltr'>vt¹¹</span> 
     </span>
     <span class='ocr_line' id='line_1_36' title="bbox 51 2131 750 2182; baseline 0.009 -17"><span class='ocrx_word' id='word_1_329' title='bbox 51 2131 122 2168; x_wconf 87' lang='lat' dir='ltr'>saluans</span> <span class='ocrx_word' id='word_1_330' title='bbox 130 2135 236 2170; x_wconf 75' lang='lat' dir='ltr'>subueniat.¹</span> <span class='ocrx_word' id='word_1_331' title='bbox 248 2135 295 2170; x_wconf 84' lang='lat' dir='ltr'>Item</span> <span class='ocrx_word' id='word_1_332' title='bbox 303 2135 338 2170; x_wconf 85' lang='lat' dir='ltr'>alia</span> <span class='ocrx_word' id='word_1_333' title='bbox 345 2135 396 2170; x_wconf 87' lang='lat' dir='ltr'>vice:</span> <span class='ocrx_word' id='word_1_334' title='bbox 409 2135 466 2170; x_wconf 88' lang='lat' dir='ltr'>‘Nam</span> <span class='ocrx_word' id='word_1_335' title='bbox 474 2135 595 2170; x_wconf 88' lang='lat' dir='ltr'>sicutveritas</span> <span class='ocrx_word' id='word_1_336' title='bbox 603 2135 665 2171; x_wconf 89' lang='lat' dir='ltr'>diuina</span> <span class='ocrx_word' id='word_1_337' title='bbox 672 2136 750 2182; x_wconf 89' lang='lat' dir='ltr'>ipsaque</span> 
     </span>
     <span class='ocr_line' id='line_1_37' title="bbox 51 2183 750 2233; baseline 0.013 -17"><span class='ocrx_word' id='word_1_338' title='bbox 51 2183 79 2218; x_wconf 89' lang='lat' dir='ltr'>dei</span> <span class='ocrx_word' id='word_1_339' title='bbox 93 2186 163 2222; x_wconf 87' lang='lat' dir='ltr'>iusticia</span> <span class='ocrx_word' id='word_1_340' title='bbox 178 2188 251 2232; x_wconf 77' lang='lat' dir='ltr'>atque¹²</span> <span class='ocrx_word' id='word_1_341' title='bbox 264 2190 354 2224; x_wconf 80' lang='lat' dir='ltr'>seueritas</span> <span class='ocrx_word' id='word_1_342' title='bbox 367 2188 434 2232; x_wconf 85' lang='lat' dir='ltr'>ubique</span> <span class='ocrx_word' id='word_1_343' title='bbox 448 2200 491 2224; x_wconf 90' lang='lat' dir='ltr'>sese</span> <span class='ocrx_word' id='word_1_344' title='bbox 506 2188 589 2223; x_wconf 82' lang='lat' dir='ltr'>extendit</span> <span class='ocrx_word' id='word_1_345' title='bbox 604 2190 689 2233; x_wconf 91' lang='lat' dir='ltr'>quatinus</span> <span class='ocrx_word' id='word_1_346' title='bbox 704 2191 750 2225; x_wconf 95' lang='lat' dir='ltr'>nihil</span> 
     </span>
     <span class='ocr_line' id='line_1_38' title="bbox 50 2234 778 2285; baseline 0.011 -16"><span class='ocrx_word' id='word_1_347' title='bbox 50 2234 158 2280; x_wconf 87' lang='lat' dir='ltr'>impunitum</span> <span class='ocrx_word' id='word_1_348' title='bbox 177 2242 274 2285; x_wconf 88' lang='lat' dir='ltr'>relinquat,</span> <span class='ocrx_word' id='word_1_349' title='bbox 289 2242 314 2276; x_wconf 88' lang='lat' dir='ltr'>ita</span> <span class='ocrx_word' id='word_1_350' title='bbox 332 2241 428 2276; x_wconf 83' lang='lat' dir='ltr'>ineffabilis</span> <span class='ocrx_word' id='word_1_351' title='bbox 443 2242 482 2276; x_wconf 84' lang='lat' dir='ltr'>eius</span> <span class='ocrx_word' id='word_1_352' title='bbox 498 2241 623 2276; x_wconf 89' lang='lat' dir='ltr'>misericordia</span> <span class='ocrx_word' id='word_1_353' title='bbox 638 2247 656 2276; x_wconf 91' lang='lat' dir='ltr'>et</span> <span class='ocrx_word' id='word_1_354' title='bbox 671 2242 750 2278; x_wconf 88' lang='lat' dir='ltr'>charitas</span> <span class='ocrx_word' id='word_1_355' title='bbox 759 2251 778 2282; x_wconf 81' lang='lat'>35</span> 
     </span>
     <span class='ocr_line' id='line_1_39' title="bbox 51 2288 607 2339; baseline 0.014 -17"><span class='ocrx_word' id='word_1_356' title='bbox 51 2288 116 2335; x_wconf 86' lang='lat' dir='ltr'>vbique</span> <span class='ocrx_word' id='word_1_357' title='bbox 124 2304 145 2329; x_wconf 89' lang='lat' dir='ltr'>se</span> <span class='ocrx_word' id='word_1_358' title='bbox 153 2293 214 2329; x_wconf 87' lang='lat' dir='ltr'>dilatat</span> <span class='ocrx_word' id='word_1_359' title='bbox 222 2300 241 2330; x_wconf 92' lang='lat' dir='ltr'>vt</span> <span class='ocrx_word' id='word_1_360' title='bbox 249 2293 376 2330; x_wconf 89' lang='lat' dir='ltr'>innocentibus</span> <span class='ocrx_word' id='word_1_361' title='bbox 384 2293 527 2330; x_wconf 87' lang='lat' dir='ltr'>misericorditer</span> <span class='ocrx_word' id='word_1_362' title='bbox 534 2296 607 2339; x_wconf 70' lang='lat' dir='ltr'>parcat:</span> 
     </span>
    </p>
   </div>
   <div class='ocr_carea' id='block_1_4' title="bbox 52 2467 751 2585">
    <p class='ocr_par' dir='ltr' id='par_1_4' title="bbox 52 2467 751 2585">
     <span class='ocr_line' id='line_1_40' title="bbox 70 2467 751 2514; baseline 0.007 -12"><span class='ocrx_word' id='word_1_363' title='bbox 70 2467 170 2505; x_wconf 87' lang='lat' dir='ltr'>¹E.earum.</span> <span class='ocrx_word' id='word_1_364' title='bbox 221 2476 256 2506; x_wconf 82' lang='lat'>²13.</span> <span class='ocrx_word' id='word_1_365' title='bbox 265 2486 305 2506; x_wconf 88' lang='lat' dir='ltr'>cum.</span> <span class='ocrx_word' id='word_1_366' title='bbox 359 2476 394 2505; x_wconf 77' lang='lat'>³13.</span> <span class='ocrx_word' id='word_1_367' title='bbox 402 2476 469 2506; x_wconf 82' lang='lat' dir='ltr'>suerunt.</span> <span class='ocrx_word' id='word_1_368' title='bbox 522 2474 664 2514; x_wconf 82' lang='lat' dir='ltr'>⁴B.queeunque.</span> <span class='ocrx_word' id='word_1_369' title='bbox 715 2478 751 2507; x_wconf 63' lang='grc' dir='ltr'>5Β.</span> 
     </span>
     <span class='ocr_line' id='line_1_41' title="bbox 52 2512 751 2577; baseline 0.004 -34"><span class='ocrx_word' id='word_1_370' title='bbox 52 2512 120 2577; x_wconf 54' lang='grc' dir='ltr'>ξῐυῑᾶἓῑϋῐη.</span> <span class='ocrx_word' id='word_1_371' title='bbox 146 2514 197 2561; x_wconf 32' lang='lat' dir='ltr'>*⁰B.</span> <span class='ocrx_word' id='word_1_372' title='bbox 205 2515 272 2545; x_wconf 84' lang='lat' dir='ltr'>illarum.</span> <span class='ocrx_word' id='word_1_373' title='bbox 291 2555 294 2562; x_wconf 42' lang='grc' dir='ltr'>Ι</span> <span class='ocrx_word' id='word_1_374' title='bbox 319 2514 354 2562; x_wconf 60' lang='lat' dir='ltr'>lb.</span> <span class='ocrx_word' id='word_1_375' title='bbox 362 2515 470 2545; x_wconf 85' lang='lat' dir='ltr'>inueniuntur.</span> <span class='ocrx_word' id='word_1_376' title='bbox 519 2514 608 2552; x_wconf 75' lang='lat' dir='ltr'>⁸B.quod.</span> <span class='ocrx_word' id='word_1_377' title='bbox 653 2516 700 2546; x_wconf 68' lang='lat' dir='ltr'>⁹orn.</span> <span class='ocrx_word' id='word_1_378' title='bbox 708 2515 724 2546; x_wconf 93' lang='lat' dir='ltr'>in</span> <span class='ocrx_word' id='word_1_379' title='bbox 732 2516 751 2548; x_wconf 88' lang='lat' dir='ltr'>B.</span> 
     </span>
     <span class='ocr_line' id='line_1_42' title="bbox 88 2555 410 2585; baseline 0.012 -6"><span class='ocrx_word' id='word_1_380' title='bbox 88 2571 91 2577; x_wconf 93' lang='lat'>.</span> <span class='ocrx_word' id='word_1_381' title='bbox 98 2557 180 2583; x_wconf 83' lang='lat' dir='ltr'>serenitas.</span> <span class='ocrx_word' id='word_1_382' title='bbox 221 2555 232 2574; x_wconf 88' lang='lat'>¹¹</span> <span class='ocrx_word' id='word_1_383' title='bbox 244 2555 261 2585; x_wconf 68' lang='lat' dir='ltr'>F„</span> <span class='ocrx_word' id='word_1_384' title='bbox 269 2555 300 2584; x_wconf 84' lang='lat' dir='ltr'>vbi.</span> <span class='ocrx_word' id='word_1_385' title='bbox 340 2555 352 2572; x_wconf 82' lang='lat'>¹¹</span> <span class='ocrx_word' id='word_1_386' title='bbox 363 2555 381 2584; x_wconf 89' lang='grc' dir='ltr'>Β.</span> <span class='ocrx_word' id='word_1_387' title='bbox 389 2560 410 2584; x_wconf 73' lang='lat' dir='ltr'>et.</span> 
     </span>
    </p>
   </div>
   <div class='ocr_carea' id='block_1_5' title="bbox 69 2612 416 2647">
    <p class='ocr_par' dir='ltr' id='par_1_5' title="bbox 69 2612 416 2647">
     <span class='ocr_line' id='line_1_43' title="bbox 69 2612 416 2647; baseline 0.02 -9"><span class='ocrx_word' id='word_1_388' title='bbox 69 2613 109 2641; x_wconf 76' lang='lat' dir='ltr'>vor.</span> <span class='ocrx_word' id='word_1_389' title='bbox 117 2619 136 2642; x_wconf 89' lang='lat' dir='ltr'>n.</span> <span class='ocrx_word' id='word_1_390' title='bbox 383 2623 396 2645; x_wconf 80' lang='lat' dir='ltr'>n</span> <span class='ocrx_word' id='word_1_391' title='bbox 404 2612 416 2647; x_wconf 89' lang='lat' dir='ltr'><strong>k</strong></span> 
     </span>
    </p>
   </div>
   <div class='ocr_carea' id='block_1_6' title="bbox 0 0 901 2803">
    <p class='ocr_par' dir='ltr' id='par_1_6' title="bbox 0 0 901 2803">
     <span class='ocr_line' id='line_1_44' title="bbox 0 0 901 2803; baseline 0 0"><span class='ocrx_word' id='word_1_392' title='bbox 0 0 901 2803; x_wconf 95' lang='lat' dir='ltr'> </span> 
     </span>
    </p>
   </div>
  </div>
 </body>
</html>
