1762 2803
244 92 300 149 ma
315 90 415 146 &anno
430 92 555 153 tantona
711 103 755 148 445

56 216 132 262 cupiens
145 213 253 259 religionem
266 211 387 248 sanctimonie
400 212 482 247 emulari.
505 212 546 247 Non
559 211 614 257 longe
626 216 667 256 post
679 209 757 246 ecclesia

55 271 104 305 illius
114 267 173 313 patrie
184 266 281 311 pastoralis
291 276 335 299 cure
345 265 409 300 solatio
418 265 522 300 destituitur
532 271 551 300 et
562 276 606 299 mox
617 265 702 299 concordi
712 275 757 299 voce

56 327 162 358 cunctorum
174 319 235 363 Wyro
247 317 327 363 pastoris
342 317 402 353 officio
415 318 521 362 destinatur,
534 329 607 363 vnaque
619 318 685 352 clamat
697 316 758 351 clerus

57 386 98 410 cum
106 373 174 418 populo
184 383 221 406 non
231 372 287 405 alium
297 371 361 405 celitus
371 372 446 415 exposci
457 383 517 415 neque
527 371 583 406 alium
593 370 678 405 accersiri
689 371 758 403 debere

56 432 132 471 cognate
139 425 199 470 gentis
207 423 313 468 patrocinio.
329 423 408 458 Sanctus
416 429 477 458 autem
482 424 547 469 Wyro,
553 424 630 469 perituri
638 423 713 458 honoris
720 433 757 456 non
766 432 775 463 5

57 481 126 522 auidus,
134 477 242 513 humilitatis
253 478 318 512 robore
329 478 438 522 persistens,
445 478 533 514 reclamat
544 488 565 514 se
576 478 637 523 potius
648 476 758 521 discipulum

56 535 122 568 decere
137 542 193 576 quam
208 530 316 574 magistrum
331 530 417 566 existere.
440 531 498 566 Moris
512 542 557 566 vero
571 537 611 565 erat
626 531 674 576 apud
689 530 759 565 incolas

58 586 140 622 eiusdem
152 583 218 626 insule,
225 589 319 628 pastorem
329 594 340 617 a
350 594 371 618 se
380 584 459 619 electum
469 585 549 619 Romam
560 585 645 619 manibus
654 583 759 629 apostolicis

58 639 179 673 ordinandum
187 636 272 680 dirigere,
280 636 420 681 ordinatumque
428 638 492 671 sedem
499 643 518 671 et
523 637 597 682 plebem
604 637 692 672 reuisere.
711 636 759 680 Quid

57 693 120 738 plura?
144 690 195 725 Licet
208 689 240 724 diu
253 689 378 732 reluctaretur,
389 690 475 733 precibus
487 696 549 726 tamen
562 690 625 735 populi
639 689 759 734 supplicantis
769 699 788 721 ro

57 744 139 779 euictus¹
154 752 218 778 versus
234 742 313 777 Romam
329 742 366 785 iuit,
381 754 419 777 non
433 742 502 778 ambitu
520 749 594 779 terrene
612 743 711 789 dignitatis,
726 744 759 778 sed

58 797 149 833 desiderio
157 797 188 832 diu
196 796 300 832 desiderate
307 796 465 841 peregrinationis.
488 797 503 832 F
503 798 579 842 iuntque
589 798 666 833 comites
677 797 760 832 Plechel·

58 863 99 885 mus
107 852 193 885 sacerdos
201 856 220 885 et
230 851 324 893 Othgerus
334 850 389 884 leuita
395 849 425 884 vie
433 849 512 893 votique,
520 852 586 884 virtute
593 851 714 891 venerabiles,
722 860 759 883 non

58 902 132 937 maioris
142 902 172 937 eui
182 913 216 936 nec
227 902 284 936 multo
295 900 372 935 minoris
379 900 445 936 meriti.
467 901 535 945 Sicque
542 902 571 936 uir
581 907 655 936 sanctus
665 901 700 936 iter
710 902 760 945 quod

58 959 132 999 ceperat
142 966 183 990 cum
192 954 247 989 sociis
258 953 293 988 hiis
301 953 384 989 securius
395 953 508 999 aggrediens,
517 954 596 989 Romam
606 965 696 1000 prospero
705 965 759 989 cursu
769 966 787 997 ¹5

58 1014 96 1042 tres
107 1007 183 1043 insimul
195 1007 268 1042 Christo
279 1008 326 1041 duce
338 1008 454 1052 perueniunt,
465 1007 528 1042 limina
540 1008 664 1053 apostolorum
678 1008 728 1043 Petri
742 1012 760 1042 et

59 1061 109 1096 Pauli
117 1061 174 1096 labris
181 1061 278 1105 impressis
286 1066 378 1105 premunt,
383 1071 463 1095 marmor
470 1061 570 1106 pauimenti
578 1061 670 1096 lachrimis
678 1061 759 1106 irrigant,

59 1115 144 1157 precibus
154 1120 173 1148 et
183 1115 231 1148 votis
243 1113 305 1147 altaria
316 1113 418 1156 sollicitant,
429 1113 505 1158 locaque
517 1120 621 1148 sanctorum
633 1115 698 1148 crebro
709 1114 759 1148 aditu

59 1168 186 1211 frequentant:
198 1177 232 1200 nec
240 1165 322 1211 ipsorum
330 1166 410 1211 gemitus
416 1176 437 1201 ac
442 1166 505 1211 petitio
513 1167 536 1201 ab
543 1167 629 1202 exauditu
638 1166 760 1202 excluduntur

59 1220 126 1255 diuino.
171 1213 266 1256 Dominus
274 1219 323 1255 enim
332 1219 448 1265 apostolicus,
456 1219 492 1255 hiis
501 1219 563 1265 itaque
573 1219 678 1265 compertis,
686 1220 759 1256 beatum
770 1231 789 1253 πο

59 1273 162 1317 Wyronem
170 1275 221 1308 adse
229 1272 314 1308 accersiri
322 1272 380 1307 iussit.
403 1273 463 1316 Quem
471 1272 490 1307 in
497 1273 548 1309 vultu
556 1273 676 1318 perspiciens,
684 1275 733 1318 quod
741 1274 760 1308 in

60 1327 114 1361 corde
123 1331 161 1362 erat
172 1326 270 1372 persensit,
278 1337 358 1370 moxque
369 1336 425 1360 ruens
431 1325 451 1360 in
458 1326 564 1371 amplexum
574 1326 665 1361 letabatur
671 1327 690 1361 in
698 1327 761 1361 osculo

60 1385 128 1420 sancto,
143 1391 181 1414 non
196 1379 237 1414 sine
251 1379 351 1421 lachrimis,
365 1383 428 1422 utpote
445 1378 555 1413 commotis¹
566 1379 640 1423 pietatis
654 1380 762 1414 visceribus.

60 1431 142 1466 Tandem
158 1432 241 1466 modesto
256 1441 342 1465 sermone
357 1431 414 1474 potiti,
429 1441 477 1475 papa
496 1431 547 1476 prior
561 1442 645 1474 exorsus,
660 1441 728 1466 nomen
743 1437 762 1465 et

60 1486 136 1528 patriam
151 1495 262 1529 cursumque
276 1482 366 1529 propositi
381 1483 456 1529 inquirit
470 1484 489 1519 in
505 1484 574 1520 ordine.
602 1485 681 1521 Sanctus
700 1490 761 1521 autem
771 1497 789 1528 ²5

60 1538 125 1582 Wyro,
137 1539 234 1583 legationis
246 1548 279 1572 sue
291 1548 383 1572 summam
394 1543 481 1572 retexens
493 1548 562 1583 sueque
569 1538 667 1573 voluntatis
679 1543 698 1574 et
709 1549 762 1584 pere·

61 1591 168 1635 grinationis
175 1603 210 1636 per
218 1592 301 1625 ordinem
312 1591 330 1625 ei
341 1591 436 1625 denudans
444 1591 564 1636 propositum,
572 1592 651 1636 pedibus
658 1592 699 1626 eius
706 1593 763 1626 obuo-

60 1644 108 1677 lutus
116 1645 196 1689 supplex
204 1649 268 1678 exorat
275 1653 299 1678 ne
307 1643 416 1684 suum,vtin
422 1643 529 1688 episcopum
535 1648 670 1689 promoueatur,
678 1643 763 1679 adhibeat

61 1706 163 1733 assensum.
193 1697 218 1731 At
233 1696 318 1731 dominus
337 1696 448 1739 apostolicus
466 1696 571 1731 huiusmodi
589 1696 707 1741 petitionibus
725 1709 763 1731 non

61 1748 149 1794 flectitur,
161 1749 232 1785 malens
240 1749 342 1795 proiectum
348 1749 416 1795 populo
424 1749 453 1785 dei
461 1749 559 1794 prouidere
565 1760 586 1785 ac
592 1751 676 1786 electioni
682 1751 762 1787 fidelium
772 1762 792 1792 30

61 1803 172 1847 satisfacere,
178 1805 219 1838 licet
225 1804 302 1838 inuitum
310 1809 328 1837 et
336 1803 366 1837 diu
374 1803 494 1838 reluctantem
500 1803 600 1848 episcopali
608 1815 650 1839 eum
658 1804 763 1840 sublimauit

62 1857 130 1891 ordine.
153 1857 241 1891 Sanctum
250 1858 304 1890 etiam
313 1856 444 1895 Plechelmum‚
451 1856 521 1891 socium
532 1857 607 1898 itineris,
616 1857 683 1891 summi
693 1856 763 1892 ordinis

62 1908 149 1953 dignitate
158 1908 249 1954 promouit
256 1914 275 1943 et
282 1909 363 1950 honoris,
367 1919 436 1952 eosque
443 1908 493 1952 [sibi]
498 1909 517 1943 in
524 1909 630 1953 amplexum
636 1910 716 1944 fraterne
721 1909 763 1944 cha·

62 1961 119 1997 ritatis
127 1961 231 2005 coniunxit;
243 1966 348 1997 sanctorum
359 1959 458 2006 patrocinio
469 1961 535 1996 ditatos
544 1961 643 2006 multisque
655 1962 763 1998 muneribus

62 2013 160 2051 honoratos
165 2015 184 2050 in
192 2015 270 2061 patriam
278 2015 348 2050 direxit
400 2007 451 2050 Cum
459 2014 514 2058 igitur
519 2015 555 2049 iam
561 2018 589 2050 vir
593 2016 623 2050 dei
628 2016 688 2059 Wyro
699 2018 722 2050 ad
730 2027 763 2051 sua
772 2028 791 2058 35

62 2068 146 2113 redisset,
157 2080 200 2104 eum
211 2069 264 2115 plebs
276 2068 370 2115 applausu,
382 2067 441 2104 clerus
451 2068 503 2104 vocis
513 2068 532 2104 in
543 2068 605 2111 iubilo,
616 2069 713 2116 omnisque
725 2075 764 2107 etas

62 2124 125 2165 populi
132 2123 151 2156 in
159 2123 243 2157 laudibus
251 2123 341 2156 extollens
349 2121 431 2165 suscipit,
439 2121 575 2165 episcopalique
584 2122 671 2157 cathedre
682 2123 765 2158 omniurn

64 2183 107 2209 mox
122 2174 231 2209 unanimitas
246 2174 337 2219 preponit.
360 2173 395 2216 Qui
406 2173 477 2218 positus
489 2173 509 2208 in
522 2175 572 2216 sede,
583 2175 673 2210 bonorum
687 2186 764 2220 operum

63 2226 126 2262 claruit
138 2227 271 2272 magnitudine,
286 2227 368 2262 moribus
383 2232 402 2261 et
417 2227 508 2271 exemplis
522 2227 599 2263 effectus
613 2228 697 2273 insignis,
709 2230 765 2264 vitam

63 2290 155 2325 coequans
162 2281 255 2323 doctrinis,
263 2291 301 2315 non
308 2281 390 2325 segniter
397 2291 486 2324 spargens
493 2279 531 2315 vite
540 2280 613 2316 semina
621 2281 701 2327 populis.
723 2282 765 2316 Non
773 2294 794 2326 40

63 2336 124 2368 tamen
132 2333 212 2369 animum
224 2339 297 2369 mutans
305 2334 328 2368 ab
336 2334 414 2379 incepto,
422 2333 469 2367 clam
478 2333 588 2376 hominibus,
596 2335 657 2380 palam
667 2336 702 2370 deo
712 2346 765 2381 pere·

63 2385 170 2428 grinationis
178 2393 218 2422 estu
226 2388 323 2423 anhelabat
331 2388 401 2422 sedulo.
432 2380 485 2432 Quid
494 2387 558 2431 plura?
570 2388 638 2422 Christi
645 2390 709 2432 gratia,
714 2389 765 2423 cuius

63 2437 143 2474 inhiabat
158 2441 223 2483 amori,
239 2440 270 2475 diu
284 2450 322 2474 non
336 2439 398 2474 differt
409 2438 435 2474 illi
450 2444 525 2484 tempus
538 2444 557 2474 et
572 2445 659 2475 euentum
671 2441 766 2475 euadendi.

243 2554 248 2572 ¹
259 2556 278 2587 E.
285 2556 346 2586 cuiatis.
449 2554 455 2573 ²
469 2555 487 2586 E.
495 2560 586 2586 commotus.
