<?xml version="1.0" encoding="UTF-8"?>
<!DOCTYPE html PUBLIC "-//W3C//DTD XHTML 1.0 Transitional//EN"
    "http://www.w3.org/TR/xhtml1/DTD/xhtml1-transitional.dtd">
<html xmlns="http://www.w3.org/1999/xhtml" xml:lang="en" lang="en">
 <head>
  <title>
</title>
<meta http-equiv="Content-Type" content="text/html;charset=utf-8" />
  <meta name='ocr-system' content='tesseract 3.04.00' />
  <meta name='ocr-capabilities' content='ocr_page ocr_carea ocr_par ocr_line ocrx_word'/>
</head>
<body>
  <div class='ocr_page' id='page_1' title='image "./MN5111ucmf_0/MN5111ucmf_0_0745.png"; bbox 0 0 1762 2803; ppageno 0'>
   <div class='ocr_carea' id='block_1_1' title="bbox 243 106 735 166">
    <p class='ocr_par' dir='ltr' id='par_1_1' title="bbox 243 106 735 166">
     <span class='ocr_line' id='line_1_1' title="bbox 243 106 735 166; baseline 0.004 -2"><span class='ocrx_word' id='word_1_1' title='bbox 243 106 526 165; x_wconf 56' lang='lat' dir='ltr'>Debaouoititianu</span> <span class='ocrx_word' id='word_1_2' title='bbox 692 122 735 166; x_wconf 81' lang='lat'>129</span> 
     </span>
    </p>
   </div>
   <div class='ocr_carea' id='block_1_2' title="bbox 32 228 771 2281">
    <p class='ocr_par' dir='ltr' id='par_1_2' title="bbox 32 228 736 381">
     <span class='ocr_line' id='line_1_2' title="bbox 32 228 735 275; baseline 0.001 -12"><span class='ocrx_word' id='word_1_3' title='bbox 32 228 93 273; x_wconf 84' lang='lat' dir='ltr'>itaque</span> <span class='ocrx_word' id='word_1_4' title='bbox 101 229 200 264; x_wconf 85' lang='lat' dir='ltr'>recedendi</span> <span class='ocrx_word' id='word_1_5' title='bbox 209 230 300 275; x_wconf 85' lang='lat' dir='ltr'>peracta¹,</span> <span class='ocrx_word' id='word_1_6' title='bbox 309 229 388 265; x_wconf 82' lang='lat' dir='ltr'><strong>collectis</strong></span> <span class='ocrx_word' id='word_1_7' title='bbox 399 229 453 264; x_wconf 90' lang='lat' dir='ltr'>sociis</span> <span class='ocrx_word' id='word_1_8' title='bbox 464 229 571 274; x_wconf 91' lang='lat' dir='ltr'>inquorum</span> <span class='ocrx_word' id='word_1_9' title='bbox 583 228 675 264; x_wconf 89' lang='lat' dir='ltr'>mentibus</span> <span class='ocrx_word' id='word_1_10' title='bbox 686 229 735 264; x_wconf 88' lang='lat' dir='ltr'>idem</span> 
     </span>
     <span class='ocr_line' id='line_1_3' title="bbox 33 282 736 328; baseline 0 -12"><span class='ocrx_word' id='word_1_11' title='bbox 33 282 95 317; x_wconf 82' lang='lat' dir='ltr'>feruor</span> <span class='ocrx_word' id='word_1_12' title='bbox 106 283 208 318; x_wconf 83' lang='lat' dir='ltr'>dilectionis</span> <span class='ocrx_word' id='word_1_13' title='bbox 223 284 304 326; x_wconf 86' lang='lat' dir='ltr'>ardebat,</span> <span class='ocrx_word' id='word_1_14' title='bbox 315 284 339 317; x_wconf 94' lang='lat' dir='ltr'>ad</span> <span class='ocrx_word' id='word_1_15' title='bbox 350 283 429 317; x_wconf 87' lang='lat' dir='ltr'>vicinam</span> <span class='ocrx_word' id='word_1_16' title='bbox 443 282 504 317; x_wconf 87' lang='lat' dir='ltr'>Scotie</span> <span class='ocrx_word' id='word_1_17' title='bbox 518 282 632 317; x_wconf 80' lang='lat' dir='ltr'><strong>Britanniam</strong></span> <span class='ocrx_word' id='word_1_18' title='bbox 645 282 736 328; x_wconf 90' lang='lat' dir='ltr'>peruenit,</span> 
     </span>
     <span class='ocr_line' id='line_1_4' title="bbox 33 335 736 381; baseline -0.001 -10"><span class='ocrx_word' id='word_1_19' title='bbox 33 335 153 380; x_wconf 79' lang='lat' dir='ltr'>qua[rn]²non</span> <span class='ocrx_word' id='word_1_20' title='bbox 157 337 212 381; x_wconf 86' lang='lat' dir='ltr'>longa</span> <span class='ocrx_word' id='word_1_21' title='bbox 217 336 332 381; x_wconf 87' lang='lat' dir='ltr'>nauigatione</span> <span class='ocrx_word' id='word_1_22' title='bbox 338 337 447 381; x_wconf 88' lang='lat' dir='ltr'>preteriens,</span> <span class='ocrx_word' id='word_1_23' title='bbox 452 337 529 371; x_wconf 83' lang='lat' dir='ltr'>Galliam</span> <span class='ocrx_word' id='word_1_24' title='bbox 536 336 598 381; x_wconf 89' lang='lat' dir='ltr'>attigit,</span> <span class='ocrx_word' id='word_1_25' title='bbox 602 347 637 381; x_wconf 91' lang='lat' dir='ltr'>qua</span> <span class='ocrx_word' id='word_1_26' title='bbox 642 342 736 381; x_wconf 87' lang='lat' dir='ltr'>permeata</span> 
     </span>
    </p>

    <p class='ocr_par' dir='ltr' id='par_1_3' title="bbox 33 388 771 2281">
     <span class='ocr_line' id='line_1_5' title="bbox 33 388 737 434; baseline 0.003 -12"><span class='ocrx_word' id='word_1_27' title='bbox 33 389 52 423; x_wconf 95' lang='lat' dir='ltr'>in</span> <span class='ocrx_word' id='word_1_28' title='bbox 63 389 177 432; x_wconf 87' lang='lat' dir='ltr'>prouinciam</span> <span class='ocrx_word' id='word_1_29' title='bbox 189 390 288 424; x_wconf 84' lang='lat' dir='ltr'>Germanic</span> <span class='ocrx_word' id='word_1_30' title='bbox 300 389 374 423; x_wconf 91' lang='lat' dir='ltr'>deuenit</span> <span class='ocrx_word' id='word_1_31' title='bbox 382 400 419 433; x_wconf 89' lang='lat' dir='ltr'>que</span> <span class='ocrx_word' id='word_1_32' title='bbox 428 390 451 423; x_wconf 88' lang='lat' dir='ltr'>ab</span> <span class='ocrx_word' id='word_1_33' title='bbox 460 389 526 424; x_wconf 84' lang='lat' dir='ltr'>incolis</span> <span class='ocrx_word' id='word_1_34' title='bbox 536 395 585 424; x_wconf 88' lang='lat' dir='ltr'>terre</span> <span class='ocrx_word' id='word_1_35' title='bbox 595 388 653 434; x_wconf 86' lang='lat' dir='ltr'>ipsius</span> <span class='ocrx_word' id='word_1_36' title='bbox 661 389 737 424; x_wconf 86' lang='lat' dir='ltr'>‘Orien-</span> 
     </span>
     <span class='ocr_line' id='line_1_6' title="bbox 34 441 753 486; baseline -0.001 -10"><span class='ocrx_word' id='word_1_37' title='bbox 34 441 76 476; x_wconf 84' lang='lat' dir='ltr'>tatis</span> <span class='ocrx_word' id='word_1_38' title='bbox 92 442 180 476; x_wconf 81' lang='lat' dir='ltr'>Francia’</span> <span class='ocrx_word' id='word_1_39' title='bbox 191 443 284 476; x_wconf 87' lang='lat' dir='ltr'>vocitatur.</span> <span class='ocrx_word' id='word_1_40' title='bbox 305 442 370 486; x_wconf 85' lang='lat' dir='ltr'>Ibique</span> <span class='ocrx_word' id='word_1_41' title='bbox 381 442 401 475; x_wconf 91' lang='lat' dir='ltr'>in</span> <span class='ocrx_word' id='word_1_42' title='bbox 413 442 468 486; x_wconf 91' lang='lat' dir='ltr'>opido</span> <span class='ocrx_word' id='word_1_43' title='bbox 480 442 529 486; x_wconf 90' lang='lat' dir='ltr'>quod</span> <span class='ocrx_word' id='word_1_44' title='bbox 541 441 660 477; x_wconf 88' lang='lat' dir='ltr'>Wirtzburch</span> <span class='ocrx_word' id='word_1_45' title='bbox 672 451 753 483; x_wconf 75' lang='lat' dir='ltr'>eorums</span> 
     </span>
     <span class='ocr_line' id='line_1_7' title="bbox 34 493 734 538; baseline 0.003 -12"><span class='ocrx_word' id='word_1_46' title='bbox 34 494 96 538; x_wconf 87' lang='lat' dir='ltr'>lingua</span> <span class='ocrx_word' id='word_1_47' title='bbox 107 494 178 538; x_wconf 85' lang='lat' dir='ltr'>dicitur,</span> <span class='ocrx_word' id='word_1_48' title='bbox 188 495 244 529; x_wconf 87' lang='lat' dir='ltr'>latina</span> <span class='ocrx_word' id='word_1_49' title='bbox 254 505 300 529; x_wconf 87' lang='lat' dir='ltr'>vero</span> <span class='ocrx_word' id='word_1_50' title='bbox 315 494 377 538; x_wconf 87' lang='lat' dir='ltr'>lingua</span> <span class='ocrx_word' id='word_1_51' title='bbox 392 493 524 538; x_wconf 82' lang='lat' dir='ltr'>interpretatur</span> <span class='ocrx_word' id='word_1_52' title='bbox 535 494 638 528; x_wconf 81' lang='lat' dir='ltr'>‘castellum</span> <span class='ocrx_word' id='word_1_53' title='bbox 649 519 704 528; x_wconf 80' lang='grc'><em>.....</em></span> <span class='ocrx_word' id='word_1_54' title='bbox 712 493 734 534; x_wconf 82' lang='lat'>³¹,</span> 
     </span>
     <span class='ocr_line' id='line_1_8' title="bbox 35 545 737 592; baseline 0.001 -12"><span class='ocrx_word' id='word_1_55' title='bbox 35 547 90 581; x_wconf 83' lang='lat' dir='ltr'>cum⁴</span> <span class='ocrx_word' id='word_1_56' title='bbox 102 548 163 591; x_wconf 88' lang='lat' dir='ltr'>aliquo</span> <span class='ocrx_word' id='word_1_57' title='bbox 173 552 256 592; x_wconf 89' lang='lat' dir='ltr'>tempore</span> <span class='ocrx_word' id='word_1_58' title='bbox 270 547 305 582; x_wconf 92' lang='lat' dir='ltr'>sub</span> <span class='ocrx_word' id='word_1_59' title='bbox 318 545 390 581; x_wconf 86' lang='lat' dir='ltr'>silentio</span> <span class='ocrx_word' id='word_1_60' title='bbox 400 546 488 588; x_wconf 83' lang='lat' dir='ltr'>stetisset,</span> <span class='ocrx_word' id='word_1_61' title='bbox 502 545 581 582; x_wconf 88' lang='lat' dir='ltr'>Romam</span> <span class='ocrx_word' id='word_1_62' title='bbox 592 545 687 592; x_wconf 82' lang='lat' dir='ltr'>proiectus</span> <span class='ocrx_word' id='word_1_63' title='bbox 703 552 737 589; x_wconf 85' lang='lat' dir='ltr'>est,</span> 
     </span>
     <span class='ocr_line' id='line_1_9' title="bbox 34 600 737 645; baseline 0 -10"><span class='ocrx_word' id='word_1_64' title='bbox 34 606 53 635; x_wconf 86' lang='lat' dir='ltr'>et</span> <span class='ocrx_word' id='word_1_65' title='bbox 61 600 120 635; x_wconf 88' lang='lat' dir='ltr'>officio</span> <span class='ocrx_word' id='word_1_66' title='bbox 127 600 235 645; x_wconf 86' lang='lat' dir='ltr'>predicandi</span> <span class='ocrx_word' id='word_1_67' title='bbox 242 612 253 634; x_wconf 89' lang='lat' dir='ltr'>a</span> <span class='ocrx_word' id='word_1_68' title='bbox 260 611 308 645; x_wconf 90' lang='lat' dir='ltr'>papa</span> <span class='ocrx_word' id='word_1_69' title='bbox 315 606 395 644; x_wconf 88' lang='lat' dir='ltr'>recepto,</span> <span class='ocrx_word' id='word_1_70' title='bbox 404 600 502 645; x_wconf 86' lang='lat' dir='ltr'>episcopus</span> <span class='ocrx_word' id='word_1_71' title='bbox 512 601 605 635; x_wconf 88' lang='lat' dir='ltr'>ordinatus</span> <span class='ocrx_word' id='word_1_72' title='bbox 615 602 674 643; x_wconf 89' lang='lat' dir='ltr'>rediit,</span> <span class='ocrx_word' id='word_1_73' title='bbox 682 600 737 635; x_wconf 89' lang='lat' dir='ltr'>sociis</span> 
     </span>
     <span class='ocr_line' id='line_1_10' title="bbox 35 652 738 696; baseline 0 -9"><span class='ocrx_word' id='word_1_74' title='bbox 35 654 80 695; x_wconf 90' lang='lat' dir='ltr'>eius,</span> <span class='ocrx_word' id='word_1_75' title='bbox 88 654 201 688; x_wconf 83' lang='lat' dir='ltr'>Columbano</span> <span class='ocrx_word' id='word_1_76' title='bbox 209 653 277 688; x_wconf 88' lang='lat' dir='ltr'>scilicet</span> <span class='ocrx_word' id='word_1_77' title='bbox 285 653 303 687; x_wconf 93' lang='lat' dir='ltr'>in</span> <span class='ocrx_word' id='word_1_78' title='bbox 315 652 372 696; x_wconf 86' lang='lat' dir='ltr'>Italia,</span> <span class='ocrx_word' id='word_1_79' title='bbox 380 659 398 687; x_wconf 88' lang='lat' dir='ltr'>et</span> <span class='ocrx_word' id='word_1_80' title='bbox 410 653 463 687; x_wconf 89' lang='lat' dir='ltr'>Gallo</span> <span class='ocrx_word' id='word_1_81' title='bbox 472 653 490 687; x_wconf 95' lang='lat' dir='ltr'>in</span> <span class='ocrx_word' id='word_1_82' title='bbox 500 653 587 687; x_wconf 87' lang='lat' dir='ltr'>Almania</span> <span class='ocrx_word' id='word_1_83' title='bbox 594 653 738 688; x_wconf 85' lang='lat' dir='ltr'>remanentibus.</span> 
     </span>
     <span class='ocr_line' id='line_1_11' title="bbox 36 705 766 752; baseline 0 -12"><span class='ocrx_word' id='word_1_84' title='bbox 36 705 104 741; x_wconf 90' lang='lat' dir='ltr'>lterum</span> <span class='ocrx_word' id='word_1_85' title='bbox 113 718 156 751; x_wconf 84' lang='lat' dir='ltr'>ergo</span> <span class='ocrx_word' id='word_1_86' title='bbox 164 706 282 741; x_wconf 88' lang='lat' dir='ltr'>Wirtzburch</span> <span class='ocrx_word' id='word_1_87' title='bbox 290 708 391 751; x_wconf 84' lang='lat' dir='ltr'>ingressus,</span> <span class='ocrx_word' id='word_1_88' title='bbox 396 708 444 751; x_wconf 89' lang='lat' dir='ltr'>cepit</span> <span class='ocrx_word' id='word_1_89' title='bbox 450 706 542 741; x_wconf 85' lang='lat' dir='ltr'>Christum</span> <span class='ocrx_word' id='word_1_90' title='bbox 551 707 656 752; x_wconf 87' lang='lat' dir='ltr'>predicare:</span> <span class='ocrx_word' id='word_1_91' title='bbox 668 706 738 751; x_wconf 90' lang='lat' dir='ltr'>ipsum·</span> <span class='ocrx_word' id='word_1_92' title='bbox 747 717 766 740; x_wconf 87' lang='lat' dir='ltr'>ro</span> 
     </span>
     <span class='ocr_line' id='line_1_12' title="bbox 35 760 738 804; baseline -0.001 -10"><span class='ocrx_word' id='word_1_93' title='bbox 35 770 71 803; x_wconf 89' lang='lat' dir='ltr'>que</span> <span class='ocrx_word' id='word_1_94' title='bbox 87 760 153 794; x_wconf 90' lang='lat' dir='ltr'>ducem</span> <span class='ocrx_word' id='word_1_95' title='bbox 168 760 285 801; x_wconf 89' lang='lat' dir='ltr'>Gosbertum,</span> <span class='ocrx_word' id='word_1_96' title='bbox 301 760 366 803; x_wconf 88' lang='lat' dir='ltr'>Dyane</span> <span class='ocrx_word' id='word_1_97' title='bbox 381 770 435 795; x_wconf 89' lang='lat' dir='ltr'>sacra</span> <span class='ocrx_word' id='word_1_98' title='bbox 453 760 549 801; x_wconf 90' lang='lat' dir='ltr'>colentem,</span> <span class='ocrx_word' id='word_1_99' title='bbox 565 761 662 804; x_wconf 84' lang='lat' dir='ltr'>ipsamque</span> <span class='ocrx_word' id='word_1_100' title='bbox 681 765 738 793; x_wconf 89' lang='lat' dir='ltr'>totam</span> 
     </span>
     <span class='ocr_line' id='line_1_13' title="bbox 36 805 739 856; baseline 0.001 -10"><span class='ocrx_word' id='word_1_101' title='bbox 36 813 149 846; x_wconf 88' lang='lat' dir='ltr'>Orientalem</span> <span class='ocrx_word' id='word_1_102' title='bbox 158 811 253 846; x_wconf 86' lang='lat' dir='ltr'>Franciam</span> <span class='ocrx_word' id='word_1_103' title='bbox 262 818 371 847; x_wconf 86' lang='lat' dir='ltr'>conuertens</span> <span class='ocrx_word' id='word_1_104' title='bbox 379 811 482 856; x_wconf 86' lang='lat' dir='ltr'>baptizauit.</span> <span class='ocrx_word' id='word_1_105' title='bbox 514 805 561 847; x_wconf 83' lang='lat' dir='ltr'>Erat</span> <span class='ocrx_word' id='word_1_106' title='bbox 570 817 631 847; x_wconf 85' lang='lat' dir='ltr'>autem</span> <span class='ocrx_word' id='word_1_107' title='bbox 639 812 681 847; x_wconf 89' lang='lat' dir='ltr'>duci</span> <span class='ocrx_word' id='word_1_108' title='bbox 691 823 739 847; x_wconf 83' lang='lat' dir='ltr'>vxor</span> 
     </span>
     <span class='ocr_line' id='line_1_14' title="bbox 36 864 738 908; baseline -0.001 -9"><span class='ocrx_word' id='word_1_109' title='bbox 36 867 111 899; x_wconf 89' lang='lat' dir='ltr'>nomine</span> <span class='ocrx_word' id='word_1_110' title='bbox 123 865 204 908; x_wconf 84' lang='lat' dir='ltr'>Geilana,</span> <span class='ocrx_word' id='word_1_111' title='bbox 216 866 309 908; x_wconf 87' lang='lat' dir='ltr'>quondam</span> <span class='ocrx_word' id='word_1_112' title='bbox 320 865 371 899; x_wconf 82' lang='lat' dir='ltr'>fratri</span> <span class='ocrx_word' id='word_1_113' title='bbox 382 876 416 899; x_wconf 87' lang='lat' dir='ltr'>suo</span> <span class='ocrx_word' id='word_1_114' title='bbox 427 865 516 899; x_wconf 88' lang='lat' dir='ltr'>maritata.</span> <span class='ocrx_word' id='word_1_115' title='bbox 539 865 592 906; x_wconf 79' lang='lat' dir='ltr'>Quod</span> <span class='ocrx_word' id='word_1_116' title='bbox 603 865 680 899; x_wconf 88' lang='lat' dir='ltr'>audiens</span> <span class='ocrx_word' id='word_1_117' title='bbox 692 864 738 898; x_wconf 86' lang='lat' dir='ltr'>Kili-</span> 
     </span>
     <span class='ocr_line' id='line_1_15' title="bbox 36 916 739 960; baseline 0.001 -10"><span class='ocrx_word' id='word_1_118' title='bbox 36 928 87 959; x_wconf 92' lang='lat' dir='ltr'>anus,</span> <span class='ocrx_word' id='word_1_119' title='bbox 95 917 132 951; x_wconf 85' lang='lat' dir='ltr'>tale</span> <span class='ocrx_word' id='word_1_120' title='bbox 138 917 221 960; x_wconf 87' lang='lat' dir='ltr'>s[cilicet]</span> <span class='ocrx_word' id='word_1_121' title='bbox 229 916 337 960; x_wconf 85' lang='lat' dir='ltr'>coniugium,</span> <span class='ocrx_word' id='word_1_122' title='bbox 342 927 367 951; x_wconf 85' lang='lat' dir='ltr'>ne</span> <span class='ocrx_word' id='word_1_123' title='bbox 374 916 417 951; x_wconf 86' lang='lat' dir='ltr'>fidei</span> <span class='ocrx_word' id='word_1_124' title='bbox 425 916 686 960; x_wconf 70' lang='lat' dir='ltr'>iniciatresillaperturbaru,</span> <span class='ocrx_word' id='word_1_125' title='bbox 694 927 739 960; x_wconf 90' lang='lat' dir='ltr'>quo-</span> 
     </span>
     <span class='ocr_line' id='line_1_16' title="bbox 37 969 767 1014; baseline 0.003 -11"><span class='ocrx_word' id='word_1_126' title='bbox 37 970 85 1014; x_wconf 76' lang='lat' dir='ltr'>quo⁸</span> <span class='ocrx_word' id='word_1_127' title='bbox 92 970 146 1004; x_wconf 92' lang='lat' dir='ltr'>modo</span> <span class='ocrx_word' id='word_1_128' title='bbox 154 969 261 1013; x_wconf 85' lang='lat' dir='ltr'>patiebatur.</span> <span class='ocrx_word' id='word_1_129' title='bbox 283 969 321 1004; x_wconf 87' lang='lat' dir='ltr'>Sed</span> <span class='ocrx_word' id='word_1_130' title='bbox 329 974 394 1014; x_wconf 87' lang='lat' dir='ltr'>postea</span> <span class='ocrx_word' id='word_1_131' title='bbox 402 969 468 1004; x_wconf 87' lang='lat' dir='ltr'>ducem</span> <span class='ocrx_word' id='word_1_132' title='bbox 475 969 494 1004; x_wconf 91' lang='lat' dir='ltr'>in</span> <span class='ocrx_word' id='word_1_133' title='bbox 504 969 542 1004; x_wconf 89' lang='lat' dir='ltr'>fide</span> <span class='ocrx_word' id='word_1_134' title='bbox 550 970 655 1005; x_wconf 89' lang='lat' dir='ltr'>roboratum</span> <span class='ocrx_word' id='word_1_135' title='bbox 667 975 739 1005; x_wconf 90' lang='lat' dir='ltr'>secrete</span> <span class='ocrx_word' id='word_1_136' title='bbox 749 978 767 1010; x_wconf 85' lang='lat'>15</span> 
     </span>
     <span class='ocr_line' id='line_1_17' title="bbox 37 1022 740 1068; baseline 0 -11"><span class='ocrx_word' id='word_1_137' title='bbox 37 1034 94 1067; x_wconf 89' lang='lat' dir='ltr'>super</span> <span class='ocrx_word' id='word_1_138' title='bbox 107 1022 211 1057; x_wconf 90' lang='lat' dir='ltr'>huiusmodi</span> <span class='ocrx_word' id='word_1_139' title='bbox 226 1023 333 1067; x_wconf 87' lang='lat' dir='ltr'>alloquitur;</span> <span class='ocrx_word' id='word_1_140' title='bbox 351 1023 389 1057; x_wconf 83' lang='lat' dir='ltr'>dux</span> <span class='ocrx_word' id='word_1_141' title='bbox 404 1028 470 1065; x_wconf 87' lang='lat' dir='ltr'>autem,</span> <span class='ocrx_word' id='word_1_142' title='bbox 485 1023 520 1058; x_wconf 86' lang='lat' dir='ltr'>tale</span> <span class='ocrx_word' id='word_1_143' title='bbox 537 1023 634 1068; x_wconf 82' lang='lat' dir='ltr'>negocium</span> <span class='ocrx_word' id='word_1_144' title='bbox 646 1023 740 1064; x_wconf 84' lang='lat' dir='ltr'>differens,</span> 
     </span>
     <span class='ocr_line' id='line_1_18' title="bbox 37 1075 739 1120; baseline 0 -10"><span class='ocrx_word' id='word_1_145' title='bbox 37 1081 100 1110; x_wconf 85' lang='lat' dir='ltr'>contra</span> <span class='ocrx_word' id='word_1_146' title='bbox 107 1076 171 1110; x_wconf 88' lang='lat' dir='ltr'>hostes</span> <span class='ocrx_word' id='word_1_147' title='bbox 179 1076 260 1110; x_wconf 85' lang='lat' dir='ltr'>tetendit.</span> <span class='ocrx_word' id='word_1_148' title='bbox 276 1076 317 1118; x_wconf 84' lang='lat' dir='ltr'>Quo</span> <span class='ocrx_word' id='word_1_149' title='bbox 324 1076 401 1110; x_wconf 86' lang='lat' dir='ltr'>absente</span> <span class='ocrx_word' id='word_1_150' title='bbox 408 1076 480 1118; x_wconf 84' lang='lat' dir='ltr'>mulier,</span> <span class='ocrx_word' id='word_1_151' title='bbox 486 1076 541 1110; x_wconf 82' lang='lat' dir='ltr'>futuri</span> <span class='ocrx_word' id='word_1_152' title='bbox 549 1075 618 1110; x_wconf 87' lang='lat' dir='ltr'>dissidii</span> <span class='ocrx_word' id='word_1_153' title='bbox 626 1087 664 1110; x_wconf 90' lang='lat' dir='ltr'>non</span> <span class='ocrx_word' id='word_1_154' title='bbox 671 1075 739 1120; x_wconf 88' lang='lat' dir='ltr'>ignara,</span> 
     </span>
     <span class='ocr_line' id='line_1_19' title="bbox 37 1128 740 1171; baseline 0 -8"><span class='ocrx_word' id='word_1_155' title='bbox 37 1128 132 1163; x_wconf 88' lang='lat' dir='ltr'>Killanum</span> <span class='ocrx_word' id='word_1_156' title='bbox 146 1139 188 1163; x_wconf 89' lang='lat' dir='ltr'>cum</span> <span class='ocrx_word' id='word_1_157' title='bbox 203 1128 258 1163; x_wconf 88' lang='lat' dir='ltr'>sociis</span> <span class='ocrx_word' id='word_1_158' title='bbox 273 1129 311 1163; x_wconf 90' lang='lat' dir='ltr'>suis</span> <span class='ocrx_word' id='word_1_159' title='bbox 326 1128 345 1162; x_wconf 88' lang='lat' dir='ltr'>in</span> <span class='ocrx_word' id='word_1_160' title='bbox 360 1128 406 1163; x_wconf 89' lang='lat' dir='ltr'>cella</span> <span class='ocrx_word' id='word_1_161' title='bbox 421 1139 455 1164; x_wconf 88' lang='lat' dir='ltr'>sua</span> <span class='ocrx_word' id='word_1_162' title='bbox 469 1134 522 1164; x_wconf 87' lang='lat' dir='ltr'>nocte</span> <span class='ocrx_word' id='word_1_163' title='bbox 535 1129 577 1165; x_wconf 83' lang='lat' dir='ltr'>iecit</span> <span class='ocrx_word' id='word_1_164' title='bbox 590 1129 652 1164; x_wconf 91' lang='lat' dir='ltr'>necari</span> <span class='ocrx_word' id='word_1_165' title='bbox 664 1129 740 1171; x_wconf 83' lang='lat' dir='ltr'>occulte,</span> 
     </span>
     <span class='ocr_line' id='line_1_20' title="bbox 37 1181 740 1226; baseline 0.003 -11"><span class='ocrx_word' id='word_1_166' title='bbox 37 1182 99 1226; x_wconf 90' lang='lat' dir='ltr'>ibique</span> <span class='ocrx_word' id='word_1_167' title='bbox 106 1184 125 1215; x_wconf 93' lang='lat' dir='ltr'>in</span> <span class='ocrx_word' id='word_1_168' title='bbox 133 1184 198 1216; x_wconf 89' lang='lat' dir='ltr'>eodem</span> <span class='ocrx_word' id='word_1_169' title='bbox 206 1182 251 1224; x_wconf 87' lang='lat' dir='ltr'>loco,</span> <span class='ocrx_word' id='word_1_170' title='bbox 259 1192 301 1215; x_wconf 90' lang='lat' dir='ltr'>cum</span> <span class='ocrx_word' id='word_1_171' title='bbox 311 1182 394 1216; x_wconf 87' lang='lat' dir='ltr'>vestibus</span> <span class='ocrx_word' id='word_1_172' title='bbox 403 1192 423 1216; x_wconf 86' lang='lat' dir='ltr'>ac</span> <span class='ocrx_word' id='word_1_173' title='bbox 431 1182 488 1224; x_wconf 89' lang='lat' dir='ltr'>libris,</span> <span class='ocrx_word' id='word_1_174' title='bbox 496 1192 521 1216; x_wconf 87' lang='lat' dir='ltr'>ne</span> <span class='ocrx_word' id='word_1_175' title='bbox 530 1181 604 1226; x_wconf 88' lang='lat' dir='ltr'>aliquod</span> <span class='ocrx_word' id='word_1_176' title='bbox 611 1192 676 1216; x_wconf 85' lang='lat' dir='ltr'>eorum</span> <span class='ocrx_word' id='word_1_177' title='bbox 684 1181 740 1217; x_wconf 88' lang='lat' dir='ltr'>vesti-</span> 
     </span>
     <span class='ocr_line' id='line_1_21' title="bbox 38 1233 769 1279; baseline 0 -10"><span class='ocrx_word' id='word_1_178' title='bbox 38 1235 88 1279; x_wconf 86' lang='lat' dir='ltr'>gium</span> <span class='ocrx_word' id='word_1_179' title='bbox 99 1240 201 1279; x_wconf 87' lang='lat' dir='ltr'>appareret,</span> <span class='ocrx_word' id='word_1_180' title='bbox 210 1234 252 1269; x_wconf 81' lang='lat' dir='ltr'>fecit</span> <span class='ocrx_word' id='word_1_181' title='bbox 262 1234 348 1278; x_wconf 80' lang='lat' dir='ltr'>sepeliri3</span> <span class='ocrx_word' id='word_1_182' title='bbox 360 1234 417 1268; x_wconf 89' lang='lat' dir='ltr'>immo</span> <span class='ocrx_word' id='word_1_183' title='bbox 428 1234 488 1275; x_wconf 89' lang='lat' dir='ltr'>etiam,</span> <span class='ocrx_word' id='word_1_184' title='bbox 496 1245 520 1268; x_wconf 92' lang='lat' dir='ltr'>ne</span> <span class='ocrx_word' id='word_1_185' title='bbox 531 1233 586 1269; x_wconf 90' lang='lat' dir='ltr'>occisi</span> <span class='ocrx_word' id='word_1_186' title='bbox 597 1245 677 1278; x_wconf 87' lang='lat' dir='ltr'>vnquam</span> <span class='ocrx_word' id='word_1_187' title='bbox 688 1246 740 1269; x_wconf 85' lang='lat' dir='ltr'>reue·</span> <span class='ocrx_word' id='word_1_188' title='bbox 749 1248 769 1269; x_wconf 83' lang='lat' dir='ltr'>ao</span> 
     </span>
     <span class='ocr_line' id='line_1_22' title="bbox 38 1286 741 1332; baseline 0.003 -11"><span class='ocrx_word' id='word_1_189' title='bbox 38 1288 125 1328; x_wconf 83' lang='lat' dir='ltr'>larentur,</span> <span class='ocrx_word' id='word_1_190' title='bbox 137 1287 228 1322; x_wconf 85' lang='lat' dir='ltr'>stabulum</span> <span class='ocrx_word' id='word_1_191' title='bbox 240 1297 329 1332; x_wconf 89' lang='lat' dir='ltr'>equorum</span> <span class='ocrx_word' id='word_1_192' title='bbox 342 1287 403 1322; x_wconf 85' lang='lat' dir='ltr'>stratis</span> <span class='ocrx_word' id='word_1_193' title='bbox 416 1286 498 1332; x_wconf 76' lang='lat' dir='ltr'>plancis³</span> <span class='ocrx_word' id='word_1_194' title='bbox 512 1286 581 1322; x_wconf 88' lang='lat' dir='ltr'>ibidem</span> <span class='ocrx_word' id='word_1_195' title='bbox 593 1297 651 1331; x_wconf 87' lang='lat' dir='ltr'>super</span> <span class='ocrx_word' id='word_1_196' title='bbox 663 1298 741 1332; x_wconf 88' lang='lat' dir='ltr'>corpora</span> 
     </span>
     <span class='ocr_line' id='line_1_23' title="bbox 39 1340 741 1385; baseline 0.001 -11"><span class='ocrx_word' id='word_1_197' title='bbox 39 1347 144 1375; x_wconf 87' lang='lat' dir='ltr'>sanctorum</span> <span class='ocrx_word' id='word_1_198' title='bbox 153 1340 251 1375; x_wconf 87' lang='lat' dir='ltr'>constituit.</span> <span class='ocrx_word' id='word_1_199' title='bbox 274 1341 341 1374; x_wconf 88' lang='lat' dir='ltr'>Mulier</span> <span class='ocrx_word' id='word_1_200' title='bbox 348 1345 409 1375; x_wconf 86' lang='lat' dir='ltr'>autem</span> <span class='ocrx_word' id='word_1_201' title='bbox 417 1342 496 1385; x_wconf 87' lang='lat' dir='ltr'>quedam</span> <span class='ocrx_word' id='word_1_202' title='bbox 506 1341 581 1375; x_wconf 86' lang='lat' dir='ltr'>nomine</span> <span class='ocrx_word' id='word_1_203' title='bbox 593 1340 698 1385; x_wconf 84' lang='lat' dir='ltr'>Burgunda,</span> <span class='ocrx_word' id='word_1_204' title='bbox 706 1342 741 1376; x_wconf 90' lang='lat' dir='ltr'>deo</span> 
     </span>
     <span class='ocr_line' id='line_1_24' title="bbox 40 1392 742 1438; baseline 0.001 -11"><span class='ocrx_word' id='word_1_205' title='bbox 40 1394 111 1436; x_wconf 89' lang='lat' dir='ltr'>deuota,</span> <span class='ocrx_word' id='word_1_206' title='bbox 119 1394 170 1428; x_wconf 75' lang='lat' dir='ltr'>iuxta</span> <span class='ocrx_word' id='word_1_207' title='bbox 179 1393 244 1428; x_wconf 87' lang='lat' dir='ltr'>cellam</span> <span class='ocrx_word' id='word_1_208' title='bbox 253 1392 293 1427; x_wconf 89' lang='lat' dir='ltr'>eius</span> <span class='ocrx_word' id='word_1_209' title='bbox 304 1393 375 1427; x_wconf 87' lang='lat' dir='ltr'>habens</span> <span class='ocrx_word' id='word_1_210' title='bbox 385 1392 490 1434; x_wconf 90' lang='lat' dir='ltr'>oratorium,</span> <span class='ocrx_word' id='word_1_211' title='bbox 498 1393 576 1438; x_wconf 86' lang='lat' dir='ltr'>qualiter</span> <span class='ocrx_word' id='word_1_212' title='bbox 587 1404 618 1428; x_wconf 83' lang='lat' dir='ltr'>res</span> <span class='ocrx_word' id='word_1_213' title='bbox 629 1399 678 1429; x_wconf 88' lang='lat' dir='ltr'>esset</span> <span class='ocrx_word' id='word_1_214' title='bbox 689 1400 742 1438; x_wconf 86' lang='lat' dir='ltr'>gesta</span> 
     </span>
     <span class='ocr_line' id='line_1_25' title="bbox 40 1446 741 1491; baseline 0.001 -11"><span class='ocrx_word' id='word_1_215' title='bbox 40 1457 158 1491; x_wconf 87' lang='lat' dir='ltr'>cognoscens,</span> <span class='ocrx_word' id='word_1_216' title='bbox 167 1448 200 1481; x_wconf 91' lang='lat' dir='ltr'>sed</span> <span class='ocrx_word' id='word_1_217' title='bbox 208 1447 287 1491; x_wconf 87' lang='lat' dir='ltr'>prodere</span> <span class='ocrx_word' id='word_1_218' title='bbox 295 1446 369 1488; x_wconf 87' lang='lat' dir='ltr'>timens,</span> <span class='ocrx_word' id='word_1_219' title='bbox 377 1447 451 1481; x_wconf 86' lang='lat' dir='ltr'>tandem</span> <span class='ocrx_word' id='word_1_220' title='bbox 459 1446 478 1481; x_wconf 90' lang='lat' dir='ltr'>in</span> <span class='ocrx_word' id='word_1_221' title='bbox 486 1446 523 1482; x_wconf 88' lang='lat' dir='ltr'>fine</span> <span class='ocrx_word' id='word_1_222' title='bbox 533 1447 570 1482; x_wconf 86' lang='lat' dir='ltr'>vite</span> <span class='ocrx_word' id='word_1_223' title='bbox 579 1457 613 1482; x_wconf 88' lang='lat' dir='ltr'>sue</span> <span class='ocrx_word' id='word_1_224' title='bbox 621 1447 682 1482; x_wconf 88' lang='lat' dir='ltr'>omnia</span> <span class='ocrx_word' id='word_1_225' title='bbox 690 1447 741 1482; x_wconf 76' lang='lat' dir='ltr'>d&#39;urit.</span> 
     </span>
     <span class='ocr_line' id='line_1_26' title="bbox 41 1493 769 1544; baseline -0.004 -8"><span class='ocrx_word' id='word_1_226' title='bbox 41 1493 97 1536; x_wconf 84' lang='lat' dir='ltr'>Duce</span> <span class='ocrx_word' id='word_1_227' title='bbox 109 1506 171 1535; x_wconf 89' lang='lat' dir='ltr'>autem</span> <span class='ocrx_word' id='word_1_228' title='bbox 184 1511 266 1541; x_wconf 88' lang='lat' dir='ltr'>reuerso,</span> <span class='ocrx_word' id='word_1_229' title='bbox 280 1505 299 1534; x_wconf 89' lang='lat' dir='ltr'>et</span> <span class='ocrx_word' id='word_1_230' title='bbox 313 1500 364 1534; x_wconf 84' lang='lat' dir='ltr'>viros</span> <span class='ocrx_word' id='word_1_231' title='bbox 375 1506 449 1534; x_wconf 86' lang='lat' dir='ltr'>sanctos</span> <span class='ocrx_word' id='word_1_232' title='bbox 460 1505 555 1544; x_wconf 86' lang='lat' dir='ltr'>querente,</span> <span class='ocrx_word' id='word_1_233' title='bbox 567 1511 614 1535; x_wconf 83' lang='lat' dir='ltr'>vxor</span> <span class='ocrx_word' id='word_1_234' title='bbox 625 1499 670 1543; x_wconf 86' lang='lat' dir='ltr'>eius,</span> <span class='ocrx_word' id='word_1_235' title='bbox 686 1511 741 1535; x_wconf 88' lang='lat' dir='ltr'>causa</span> <span class='ocrx_word' id='word_1_236' title='bbox 750 1512 769 1543; x_wconf 81' lang='lat'>²5</span> 
     </span>
     <span class='ocr_line' id='line_1_27' title="bbox 39 1552 743 1597; baseline 0.001 -10"><span class='ocrx_word' id='word_1_237' title='bbox 39 1553 192 1597; x_wconf 85' lang='lat' dir='ltr'>peregrinationis</span> <span class='ocrx_word' id='word_1_238' title='bbox 207 1552 259 1587; x_wconf 91' lang='lat' dir='ltr'>solite</span> <span class='ocrx_word' id='word_1_239' title='bbox 274 1552 380 1586; x_wconf 90' lang='lat' dir='ltr'>iamdudum</span> <span class='ocrx_word' id='word_1_240' title='bbox 393 1563 425 1586; x_wconf 88' lang='lat' dir='ltr'>eos</span> <span class='ocrx_word' id='word_1_241' title='bbox 440 1552 508 1588; x_wconf 88' lang='lat' dir='ltr'>abiisse</span> <span class='ocrx_word' id='word_1_242' title='bbox 523 1558 552 1587; x_wconf 84' lang='lat' dir='ltr'>est</span> <span class='ocrx_word' id='word_1_243' title='bbox 566 1552 647 1587; x_wconf 85' lang='lat' dir='ltr'>mentita.</span> <span class='ocrx_word' id='word_1_244' title='bbox 676 1553 743 1589; x_wconf 84' lang='lat' dir='ltr'>Postea</span> 
     </span>
     <span class='ocr_line' id='line_1_28' title="bbox 40 1605 742 1651; baseline -0.001 -10"><span class='ocrx_word' id='word_1_245' title='bbox 40 1606 135 1641; x_wconf 88' lang='lat' dir='ltr'>carnifices</span> <span class='ocrx_word' id='word_1_246' title='bbox 146 1605 177 1651; x_wconf 93' lang='lat' dir='ltr'>qui</span> <span class='ocrx_word' id='word_1_247' title='bbox 193 1611 266 1640; x_wconf 85' lang='lat' dir='ltr'>sanctos</span> <span class='ocrx_word' id='word_1_248' title='bbox 282 1611 398 1648; x_wconf 84' lang='lat' dir='ltr'>necauerant,</span> <span class='ocrx_word' id='word_1_249' title='bbox 410 1606 472 1640; x_wconf 86' lang='lat' dir='ltr'>surore</span> <span class='ocrx_word' id='word_1_250' title='bbox 489 1607 563 1651; x_wconf 84' lang='lat' dir='ltr'>arrepti,</span> <span class='ocrx_word' id='word_1_251' title='bbox 578 1616 640 1640; x_wconf 85' lang='lat' dir='ltr'>coram</span> <span class='ocrx_word' id='word_1_252' title='bbox 656 1607 742 1640; x_wconf 89' lang='lat' dir='ltr'>omnibus</span> 
     </span>
     <span class='ocr_line' id='line_1_29' title="bbox 39 1658 743 1700; baseline -0.001 -7"><span class='ocrx_word' id='word_1_253' title='bbox 39 1660 174 1694; x_wconf 89' lang='lat' dir='ltr'>clamauerunt:</span> <span class='ocrx_word' id='word_1_254' title='bbox 191 1659 279 1699; x_wconf 85' lang='lat' dir='ltr'>‘Killane,</span> <span class='ocrx_word' id='word_1_255' title='bbox 291 1658 369 1700; x_wconf 75' lang='lat' dir='ltr'>Kibane,</span> <span class='ocrx_word' id='word_1_256' title='bbox 381 1670 415 1693; x_wconf 89' lang='lat' dir='ltr'>cur</span> <span class='ocrx_word' id='word_1_257' title='bbox 427 1659 473 1693; x_wconf 74' lang='lat' dir='ltr'>nos⁸</span> <span class='ocrx_word' id='word_1_258' title='bbox 484 1659 589 1694; x_wconf 82' lang='lat' dir='ltr'>incendisi’</span> <span class='ocrx_word' id='word_1_259' title='bbox 612 1659 643 1692; x_wconf 89' lang='lat' dir='ltr'>Sic</span> <span class='ocrx_word' id='word_1_260' title='bbox 654 1659 701 1693; x_wconf 87' lang='lat' dir='ltr'>sacto</span> <span class='ocrx_word' id='word_1_261' title='bbox 709 1669 743 1692; x_wconf 90' lang='lat' dir='ltr'>suo</span> 
     </span>
     <span class='ocr_line' id='line_1_30' title="bbox 39 1710 743 1756; baseline 0 -11"><span class='ocrx_word' id='word_1_262' title='bbox 39 1712 134 1756; x_wconf 82' lang='lat' dir='ltr'>propalato</span> <span class='ocrx_word' id='word_1_263' title='bbox 148 1712 283 1754; x_wconf 84' lang='lat' dir='ltr'>expirauerunt.</span> <span class='ocrx_word' id='word_1_264' title='bbox 306 1710 358 1745; x_wconf 79' lang='lat' dir='ltr'>Nec⁹</span> <span class='ocrx_word' id='word_1_265' title='bbox 370 1710 424 1755; x_wconf 87' lang='lat' dir='ltr'>longe</span> <span class='ocrx_word' id='word_1_266' title='bbox 436 1716 477 1755; x_wconf 89' lang='lat' dir='ltr'>post</span> <span class='ocrx_word' id='word_1_267' title='bbox 492 1712 533 1756; x_wconf 88' lang='lat' dir='ltr'>ipsa</span> <span class='ocrx_word' id='word_1_268' title='bbox 545 1711 621 1746; x_wconf 84' lang='lat' dir='ltr'>Gellana</span> <span class='ocrx_word' id='word_1_269' title='bbox 633 1722 644 1744; x_wconf 89' lang='lat' dir='ltr'>a</span> <span class='ocrx_word' id='word_1_270' title='bbox 657 1712 743 1745; x_wconf 86' lang='lat' dir='ltr'>demonio</span> 
     </span>
     <span class='ocr_line' id='line_1_31' title="bbox 40 1763 771 1807; baseline 0 -10"><span class='ocrx_word' id='word_1_271' title='bbox 40 1769 113 1807; x_wconf 89' lang='lat' dir='ltr'>arrepta</span> <span class='ocrx_word' id='word_1_272' title='bbox 120 1763 214 1797; x_wconf 87' lang='lat' dir='ltr'>clamauit:</span> <span class='ocrx_word' id='word_1_273' title='bbox 230 1763 291 1797; x_wconf 85' lang='lat' dir='ltr'>‘Iuste</span> <span class='ocrx_word' id='word_1_274' title='bbox 299 1768 390 1806; x_wconf 85' lang='lat' dir='ltr'>torqueor,</span> <span class='ocrx_word' id='word_1_275' title='bbox 396 1764 438 1807; x_wconf 89' lang='lat' dir='ltr'>quia</span> <span class='ocrx_word' id='word_1_276' title='bbox 443 1764 487 1798; x_wconf 87' lang='lat' dir='ltr'>viris</span> <span class='ocrx_word' id='word_1_277' title='bbox 493 1764 561 1798; x_wconf 89' lang='lat' dir='ltr'>sanctis</span> <span class='ocrx_word' id='word_1_278' title='bbox 567 1769 645 1798; x_wconf 89' lang='lat' dir='ltr'>tortores</span> <span class='ocrx_word' id='word_1_279' title='bbox 653 1763 728 1798; x_wconf 88' lang='lat' dir='ltr'>adhibui</span> <span class='ocrx_word' id='word_1_280' title='bbox 732 1764 743 1806; x_wconf 87' lang='lat'>’,</span> <span class='ocrx_word' id='word_1_281' title='bbox 751 1775 771 1805; x_wconf 78' lang='lat'>3⁰</span> 
     </span>
     <span class='ocr_line' id='line_1_32' title="bbox 41 1808 743 1861; baseline 0 -11"><span class='ocrx_word' id='word_1_282' title='bbox 41 1821 59 1850; x_wconf 87' lang='lat' dir='ltr'>et</span> <span class='ocrx_word' id='word_1_283' title='bbox 66 1816 101 1850; x_wconf 91' lang='lat' dir='ltr'>hiis</span> <span class='ocrx_word' id='word_1_284' title='bbox 107 1816 158 1849; x_wconf 90' lang='lat' dir='ltr'>dictis</span> <span class='ocrx_word' id='word_1_285' title='bbox 164 1815 339 1849; x_wconf 88' lang='lat' dir='ltr'>crudeliterinteriit.</span> <span class='ocrx_word' id='word_1_286' title='bbox 362 1808 409 1850; x_wconf 88' lang='lat' dir='ltr'>Post</span> <span class='ocrx_word' id='word_1_287' title='bbox 417 1816 495 1850; x_wconf 90' lang='lat' dir='ltr'>multum</span> <span class='ocrx_word' id='word_1_288' title='bbox 502 1827 546 1850; x_wconf 89' lang='lat' dir='ltr'>vero</span> <span class='ocrx_word' id='word_1_289' title='bbox 554 1817 644 1861; x_wconf 88' lang='lat' dir='ltr'>temporis</span> <span class='ocrx_word' id='word_1_290' title='bbox 651 1817 743 1860; x_wconf 83' lang='lat' dir='ltr'>presbiter</span> 
     </span>
     <span class='ocr_line' id='line_1_33' title="bbox 41 1868 743 1913; baseline 0 -10"><span class='ocrx_word' id='word_1_291' title='bbox 41 1870 114 1913; x_wconf 88' lang='lat' dir='ltr'>quidam</span> <span class='ocrx_word' id='word_1_292' title='bbox 126 1868 200 1903; x_wconf 87' lang='lat' dir='ltr'>nomine</span> <span class='ocrx_word' id='word_1_293' title='bbox 212 1868 327 1913; x_wconf 88' lang='lat' dir='ltr'>Attalongus,</span> <span class='ocrx_word' id='word_1_294' title='bbox 339 1868 442 1913; x_wconf 84' lang='lat' dir='ltr'>audi[uit]¹⁰</span> <span class='ocrx_word' id='word_1_295' title='bbox 456 1868 536 1904; x_wconf 89' lang='lat' dir='ltr'>scolares</span> <span class='ocrx_word' id='word_1_296' title='bbox 542 1869 552 1889; x_wconf 86' lang='lat'>¹¹</span> <span class='ocrx_word' id='word_1_297' title='bbox 565 1871 584 1903; x_wconf 92' lang='lat' dir='ltr'>in</span> <span class='ocrx_word' id='word_1_298' title='bbox 597 1870 662 1913; x_wconf 89' lang='lat' dir='ltr'>spiritu</span> <span class='ocrx_word' id='word_1_299' title='bbox 679 1875 743 1903; x_wconf 89' lang='lat' dir='ltr'>sancto</span> 
     </span>
     <span class='ocr_line' id='line_1_34' title="bbox 40 1921 743 1965; baseline -0.003 -9"><span class='ocrx_word' id='word_1_300' title='bbox 40 1923 122 1956; x_wconf 87' lang='lat' dir='ltr'>dicentes</span> <span class='ocrx_word' id='word_1_301' title='bbox 128 1927 132 1940; x_wconf 84' lang='lat'><em>¹</em></span> <span class='ocrx_word' id='word_1_302' title='bbox 139 1922 223 1955; x_wconf 86' lang='lat' dir='ltr'>Kilianus</span> <span class='ocrx_word' id='word_1_303' title='bbox 231 1922 283 1964; x_wconf 88' lang='lat' dir='ltr'>signa</span> <span class='ocrx_word' id='word_1_304' title='bbox 288 1921 345 1954; x_wconf 86' lang='lat' dir='ltr'>multa</span> <span class='ocrx_word' id='word_1_305' title='bbox 353 1921 406 1955; x_wconf 85' lang='lat' dir='ltr'>fecit:</span> <span class='ocrx_word' id='word_1_306' title='bbox 418 1921 489 1954; x_wconf 91' lang='lat' dir='ltr'>deloco</span> <span class='ocrx_word' id='word_1_307' title='bbox 497 1922 516 1954; x_wconf 93' lang='lat' dir='ltr'>in</span> <span class='ocrx_word' id='word_1_308' title='bbox 524 1932 560 1965; x_wconf 87' lang='lat' dir='ltr'>quo</span> <span class='ocrx_word' id='word_1_309' title='bbox 567 1922 642 1965; x_wconf 85' lang='lat' dir='ltr'>indigne</span> <span class='ocrx_word' id='word_1_310' title='bbox 650 1921 697 1955; x_wconf 88' lang='lat' dir='ltr'>iacet</span> <span class='ocrx_word' id='word_1_311' title='bbox 704 1921 743 1955; x_wconf 83' lang='lat' dir='ltr'>tolli</span> 
     </span>
     <span class='ocr_line' id='line_1_35' title="bbox 41 1973 743 2017; baseline 0 -10"><span class='ocrx_word' id='word_1_312' title='bbox 41 1975 105 2008; x_wconf 74' lang='lat' dir='ltr'>debet!</span> <span class='ocrx_word' id='word_1_313' title='bbox 123 1973 233 2017; x_wconf 86' lang='lat' dir='ltr'>Attalongus</span> <span class='ocrx_word' id='word_1_314' title='bbox 245 1978 306 2006; x_wconf 89' lang='lat' dir='ltr'>autern</span> <span class='ocrx_word' id='word_1_315' title='bbox 317 1974 360 2017; x_wconf 92' lang='lat' dir='ltr'>quid</span> <span class='ocrx_word' id='word_1_316' title='bbox 371 1974 452 2007; x_wconf 90' lang='lat' dir='ltr'>scolares</span> <span class='ocrx_word' id='word_1_317' title='bbox 461 1974 543 2008; x_wconf 88' lang='lat' dir='ltr'>dicerent</span> <span class='ocrx_word' id='word_1_318' title='bbox 553 1983 590 2007; x_wconf 90' lang='lat' dir='ltr'>non</span> <span class='ocrx_word' id='word_1_319' title='bbox 602 1973 684 2011; x_wconf 86' lang='lat' dir='ltr'>attendit,</span> <span class='ocrx_word' id='word_1_320' title='bbox 691 1978 709 2007; x_wconf 90' lang='lat' dir='ltr'>et</span> <span class='ocrx_word' id='word_1_321' title='bbox 719 1973 743 2007; x_wconf 93' lang='lat' dir='ltr'>ob</span> 
     </span>
     <span class='ocr_line' id='line_1_36' title="bbox 41 2019 770 2071; baseline -0.001 -10"><span class='ocrx_word' id='word_1_322' title='bbox 41 2027 75 2061; x_wconf 92' lang='lat' dir='ltr'>hoc</span> <span class='ocrx_word' id='word_1_323' title='bbox 83 2019 136 2060; x_wconf 73' lang='lat' dir='ltr'>nocte</span> <span class='ocrx_word' id='word_1_324' title='bbox 144 2026 228 2071; x_wconf 85' lang='lat' dir='ltr'>proxima</span> <span class='ocrx_word' id='word_1_325' title='bbox 235 2025 276 2059; x_wconf 91' lang='lat' dir='ltr'>visu</span> <span class='ocrx_word' id='word_1_326' title='bbox 284 2025 353 2059; x_wconf 87' lang='lat' dir='ltr'>amisso</span> <span class='ocrx_word' id='word_1_327' title='bbox 361 2026 454 2060; x_wconf 88' lang='lat' dir='ltr'>dominum</span> <span class='ocrx_word' id='word_1_328' title='bbox 462 2025 497 2059; x_wconf 90' lang='lat' dir='ltr'>sibi</span> <span class='ocrx_word' id='word_1_329' title='bbox 503 2026 594 2060; x_wconf 86' lang='lat' dir='ltr'>dicentem</span> <span class='ocrx_word' id='word_1_330' title='bbox 601 2025 679 2060; x_wconf 89' lang='lat' dir='ltr'>audiuit:</span> <span class='ocrx_word' id='word_1_331' title='bbox 692 2026 743 2060; x_wconf 89' lang='lat' dir='ltr'>‘Nisi</span> <span class='ocrx_word' id='word_1_332' title='bbox 751 2036 770 2067; x_wconf 78' lang='lat'>35</span> 
     </span>
     <span class='ocr_line' id='line_1_37' title="bbox 42 2077 743 2123; baseline 0.001 -10"><span class='ocrx_word' id='word_1_333' title='bbox 42 2080 146 2121; x_wconf 87' lang='lat' dir='ltr'>credideris,</span> <span class='ocrx_word' id='word_1_334' title='bbox 155 2089 192 2113; x_wconf 92' lang='lat' dir='ltr'>non</span> <span class='ocrx_word' id='word_1_335' title='bbox 200 2077 282 2113; x_wconf 67' lang='lat' dir='ltr'>videbis?</span> <span class='ocrx_word' id='word_1_336' title='bbox 305 2077 338 2113; x_wconf 92' lang='lat' dir='ltr'>Ille</span> <span class='ocrx_word' id='word_1_337' title='bbox 345 2088 390 2113; x_wconf 93' lang='lat' dir='ltr'>vero</span> <span class='ocrx_word' id='word_1_338' title='bbox 397 2078 495 2123; x_wconf 87' lang='lat' dir='ltr'>diligenter</span> <span class='ocrx_word' id='word_1_339' title='bbox 502 2089 587 2123; x_wconf 89' lang='lat' dir='ltr'>querens,</span> <span class='ocrx_word' id='word_1_340' title='bbox 595 2084 614 2113; x_wconf 90' lang='lat' dir='ltr'>et</span> <span class='ocrx_word' id='word_1_341' title='bbox 624 2079 650 2114; x_wconf 90' lang='lat' dir='ltr'>rei</span> <span class='ocrx_word' id='word_1_342' title='bbox 658 2078 743 2114; x_wconf 87' lang='lat' dir='ltr'>ordinem</span> 
     </span>
     <span class='ocr_line' id='line_1_38' title="bbox 41 2131 743 2178; baseline 0.001 -11"><span class='ocrx_word' id='word_1_343' title='bbox 41 2133 152 2177; x_wconf 85' lang='lat' dir='ltr'>percipiens,</span> <span class='ocrx_word' id='word_1_344' title='bbox 162 2134 185 2167; x_wconf 89' lang='lat' dir='ltr'>ad</span> <span class='ocrx_word' id='word_1_345' title='bbox 192 2142 270 2176; x_wconf 85' lang='lat' dir='ltr'>corpora</span> <span class='ocrx_word' id='word_1_346' title='bbox 277 2136 383 2166; x_wconf 88' lang='lat' dir='ltr'>sanctorum</span> <span class='ocrx_word' id='word_1_347' title='bbox 391 2131 479 2166; x_wconf 85' lang='lat' dir='ltr'>recurrit:</span> <span class='ocrx_word' id='word_1_348' title='bbox 490 2131 552 2177; x_wconf 91' lang='lat' dir='ltr'>ibique</span> <span class='ocrx_word' id='word_1_349' title='bbox 564 2132 627 2168; x_wconf 89' lang='lat' dir='ltr'>lumen</span> <span class='ocrx_word' id='word_1_350' title='bbox 640 2133 743 2178; x_wconf 83' lang='lat' dir='ltr'>reperiens,</span> 
     </span>
     <span class='ocr_line' id='line_1_39' title="bbox 42 2185 744 2231; baseline 0 -11"><span class='ocrx_word' id='word_1_351' title='bbox 42 2187 129 2220; x_wconf 84' lang='lat' dir='ltr'>aduocato</span> <span class='ocrx_word' id='word_1_352' title='bbox 145 2185 238 2219; x_wconf 84' lang='lat' dir='ltr'>Bonisacio</span> <span class='ocrx_word' id='word_1_353' title='bbox 256 2185 361 2229; x_wconf 85' lang='lat' dir='ltr'>mogontino</span> <span class='ocrx_word' id='word_1_354' title='bbox 381 2185 524 2230; x_wconf 85' lang='lat' dir='ltr'>archiepiscopo,</span> <span class='ocrx_word' id='word_1_355' title='bbox 541 2196 618 2231; x_wconf 87' lang='lat' dir='ltr'>corpora</span> <span class='ocrx_word' id='word_1_356' title='bbox 637 2192 744 2220; x_wconf 88' lang='lat' dir='ltr'>sanctorum</span> 
     </span>
     <span class='ocr_line' id='line_1_40' title="bbox 42 2238 341 2281; baseline -0.003 -9"><span class='ocrx_word' id='word_1_357' title='bbox 42 2239 135 2280; x_wconf 89' lang='lat' dir='ltr'>reuelauit,</span> <span class='ocrx_word' id='word_1_358' title='bbox 143 2244 161 2273; x_wconf 90' lang='lat' dir='ltr'>et</span> <span class='ocrx_word' id='word_1_359' title='bbox 169 2238 229 2271; x_wconf 87' lang='lat' dir='ltr'>visum</span> <span class='ocrx_word' id='word_1_360' title='bbox 237 2238 308 2281; x_wconf 87' lang='lat' dir='ltr'>recepit</span> <span class='ocrx_word' id='word_1_361' title='bbox 315 2238 341 2281; x_wconf 87' lang='lat' dir='ltr'>(t).</span> 
     </span>
    </p>
   </div>
   <div class='ocr_carea' id='block_1_3' title="bbox 43 2323 744 2401">
    <p class='ocr_par' dir='ltr' id='par_1_4' title="bbox 43 2323 744 2401">
     <span class='ocr_line' id='line_1_41' title="bbox 62 2323 743 2361; baseline 0 -9"><span class='ocrx_word' id='word_1_362' title='bbox 62 2324 67 2341; x_wconf 94' lang='lat'><strong>¹</strong></span> <span class='ocrx_word' id='word_1_363' title='bbox 78 2324 119 2353; x_wconf 87' lang='lat' dir='ltr'>Boll.</span> <span class='ocrx_word' id='word_1_364' title='bbox 126 2328 165 2353; x_wconf 87' lang='lat' dir='ltr'>acta.</span> <span class='ocrx_word' id='word_1_365' title='bbox 236 2323 242 2340; x_wconf 77' lang='lat'>²</span> <span class='ocrx_word' id='word_1_366' title='bbox 253 2323 271 2351; x_wconf 84' lang='lat' dir='ltr'>E.</span> <span class='ocrx_word' id='word_1_367' title='bbox 278 2332 313 2360; x_wconf 86' lang='lat' dir='ltr'>qua.</span> <span class='ocrx_word' id='word_1_368' title='bbox 381 2323 387 2340; x_wconf 83' lang='lat'>³</span> <span class='ocrx_word' id='word_1_369' title='bbox 399 2323 460 2361; x_wconf 84' lang='lat' dir='ltr'>Supply</span> <span class='ocrx_word' id='word_1_370' title='bbox 466 2324 536 2354; x_wconf 89' lang='lat' dir='ltr'>virorum</span> <span class='ocrx_word' id='word_1_371' title='bbox 543 2324 613 2360; x_wconf 82' lang='lat' dir='ltr'>sortium,</span> <span class='ocrx_word' id='word_1_372' title='bbox 620 2333 638 2353; x_wconf 87' lang='lat' dir='ltr'>as</span> <span class='ocrx_word' id='word_1_373' title='bbox 645 2324 661 2353; x_wconf 92' lang='lat' dir='ltr'>in</span> <span class='ocrx_word' id='word_1_374' title='bbox 669 2324 696 2354; x_wconf 83' lang='lat' dir='ltr'>the</span> <span class='ocrx_word' id='word_1_375' title='bbox 703 2323 743 2361; x_wconf 86' lang='lat' dir='ltr'>Vita,</span> 
     </span>
     <span class='ocr_line' id='line_1_42' title="bbox 43 2361 744 2401; baseline 0.001 -9"><span class='ocrx_word' id='word_1_376' title='bbox 43 2363 161 2393; x_wconf 80' lang='lat' dir='ltr'>orherbarumt</span> <span class='ocrx_word' id='word_1_377' title='bbox 211 2361 328 2393; x_wconf 79' lang='lat' dir='ltr'>⁴E.vbicum.</span> <span class='ocrx_word' id='word_1_378' title='bbox 378 2363 489 2394; x_wconf 60' lang='lat' dir='ltr'>tainiciate</span> <span class='ocrx_word' id='word_1_379' title='bbox 544 2363 654 2401; x_wconf 67' lang='lat' dir='ltr'>‘aquaque</span> <span class='ocrx_word' id='word_1_380' title='bbox 709 2362 744 2393; x_wconf 76' lang='grc' dir='ltr'>7Ε.</span> 
     </span>
    </p>
   </div>
   <div class='ocr_carea' id='block_1_4' title="bbox 42 2402 707 2441">
    <p class='ocr_par' dir='ltr' id='par_1_5' title="bbox 42 2402 707 2441">
     <span class='ocr_line' id='line_1_43' title="bbox 42 2402 707 2441; baseline 0.005 -11"><span class='ocrx_word' id='word_1_381' title='bbox 42 2402 105 2441; x_wconf 52' lang='lat' dir='ltr'>plantis,</span> <span class='ocrx_word' id='word_1_382' title='bbox 144 2402 261 2433; x_wconf 78' lang='lat' dir='ltr'>⁰E.nosnon.</span> <span class='ocrx_word' id='word_1_383' title='bbox 301 2402 337 2434; x_wconf 70' lang='lat'>⁰13.</span> <span class='ocrx_word' id='word_1_384' title='bbox 345 2403 385 2434; x_wconf 82' lang='lat' dir='ltr'>Hec.</span> <span class='ocrx_word' id='word_1_385' title='bbox 427 2402 545 2435; x_wconf 54' lang='lat' dir='ltr'>decutiens.</span> <span class='ocrx_word' id='word_1_386' title='bbox 587 2404 597 2422; x_wconf 86' lang='lat'>¹¹</span> <span class='ocrx_word' id='word_1_387' title='bbox 608 2403 707 2434; x_wconf 85' lang='lat' dir='ltr'>E.scolores.</span> 
     </span>
    </p>
   </div>
   <div class='ocr_carea' id='block_1_5' title="bbox 0 0 900 2803">
    <p class='ocr_par' dir='ltr' id='par_1_6' title="bbox 0 0 900 2803">
     <span class='ocr_line' id='line_1_44' title="bbox 0 0 900 2803; baseline 0 0"><span class='ocrx_word' id='word_1_388' title='bbox 0 0 900 2803; x_wconf 95' lang='lat' dir='ltr'> </span> 
     </span>
    </p>
   </div>
  </div>
 </body>
</html>
