1762 2803
253 129 298 184 bt
313 126 413 181 &aaut
430 127 545 191 damino.
706 143 749 188 377

49 253 114 298 aliquis
133 256 191 286 artem
210 249 294 284 fabrilem
308 255 358 284 recte
373 248 460 292 exercuit,
476 260 510 284 nec
525 249 590 294 aliquis
605 260 646 284 eam
663 260 750 284 exercere

48 308 112 344 volens
130 304 155 338 lbi
171 303 234 347 vigere
251 303 314 347 potuit.
359 294 410 338 Cum
425 308 486 336 autern
501 303 524 336 ad
540 308 643 337 extremum
658 301 694 337 vite
709 313 751 347 per·

49 360 136 400 uenisset,
151 356 255 391 conuocatis
270 355 365 390 monachis
381 361 399 391 et
414 356 456 391 filiis
471 367 517 400 quos
532 357 568 391 deo
584 360 677 400 genuerat,
694 356 751 391 dixit:

50 413 106 453 ‘Vixi,
120 410 192 452 fratres,
204 410 253 453 apud
266 420 305 452 vos,
318 420 352 443 nec
367 410 425 454 pudet
435 409 515 443 vixisse:
527 409 561 443 feci
574 408 623 443 enirn
635 409 684 453 quod
696 408 752 454 potui,

49 463 134 510 quamuis
147 462 222 495 omnino
234 462 320 505 exiguum
336 463 359 495 sit
372 463 420 506 quod
433 463 472 496 feci.
495 463 543 504 Quid
557 472 612 506 agere
626 468 644 495 et
659 472 670 495 a
685 463 769 506 quibus5

49 529 82 554 vos
100 520 183 560 oporteat
202 515 299 557 declinare,
314 514 352 549 dixi
368 516 506 559 quibuscunque
521 514 580 550 modis
596 515 694 550 dicendum
709 525 752 550 esse

50 568 158 607 existimaui.
187 567 268 603 Ostensa
282 567 337 613 igitur
351 567 464 603 rectitudinis
478 567 507 603 via
521 578 587 612 precor
600 574 619 603 vt
632 567 752 613 gradiamini3

51 636 84 659 nec
92 634 125 657 vos
134 621 212 666 decipiat
222 622 314 666 presentis
324 622 389 657 umbra
399 622 499 657 felicitatis:
512 622 557 667 fugit
568 622 623 663 enim,
632 628 649 657 et
658 632 752 667 nunquam

51 679 69 711 in
76 678 141 710 eodem
149 680 197 708 statu
202 681 304 718 permanet.
323 675 366 718 lpse
374 676 404 719 qui
411 681 439 709 est
444 675 555 717 vla‚veritas‚
561 682 579 710 et
584 675 627 717 vita,
633 676 681 710 viam
687 676 753 719 iniqui-

53 726 461 767 tatumavonisamonem,viatustifieationum
468 738 542 761 suarum
547 727 673 761 vosinstruat!
685 728 752 771 Sieque
762 738 781 759 10

51 782 117 826 plenus
125 780 227 821 virtutibus,
235 778 283 814 circa
291 790 359 814 annum
367 780 436 814 domini
445 780 630 824 septingentesimum
638 780 752 821 vicesimum,

52 833 105 868 tertio
120 833 208 866 kalendas
223 832 308 874 Ianuarii,
321 831 405 875 migrauit
420 832 443 866 ad
458 832 558 874 dominum,
574 837 592 867 et
607 832 626 867 in
641 832 753 867 monasterio

53 888 101 932 quod
113 896 124 920 a
135 885 258 920 fundamentis
270 891 397 920 construxerat
411 886 494 930 sepultus
506 891 540 920 est.
563 885 607 919 Post
619 886 671 919 cuius
684 887 753 920 obitum

53 941 109 975 multa
124 941 170 974 deus
183 939 270 974 miracula
282 950 316 983 pro
329 940 369 983 ipso
384 939 457 983 operari
474 939 559 983 dignatus
573 939 655 973 cst—¹
664 931 754 973 Rusticus

54 993 127 1038 quidam
145 997 217 1036 partem
235 998 285 1026 terre
304 992 361 1027 sancti
384 992 455 1036 ngini
477 992 569 1036 surripuit,
587 997 605 1026 et
624 1002 666 1026 cum
684 991 755 1026 iudices
764 1001 782 1033 15

53 1046 158 1081 sanxissent
168 1050 187 1080 vt
199 1050 248 1080 certo
260 1046 290 1079 die
299 1045 370 1080 veniret
382 1051 400 1080 et
411 1051 478 1080 terram
490 1045 540 1080 illam
552 1056 604 1080 suam
616 1056 658 1080 esse
669 1045 737 1080 iuraret
743 1045 755 1088 ²,

53 1100 148 1143 puluerem
158 1100 181 1132 de
191 1099 245 1132 domo
255 1109 289 1132 sua
299 1098 377 1142 sumpsit
385 1104 403 1132 et
411 1099 501 1132 sotulares
511 1099 599 1143 impleuit,
606 1104 626 1133 vt
637 1103 675 1132 tute
683 1098 756 1133 iurare³

55 1157 118 1196 posset
131 1152 180 1194 quod
195 1161 252 1195 supra
266 1158 334 1185 terram
350 1162 402 1185 suam
417 1157 479 1186 staret.
502 1151 586 1195 Cumque
600 1162 657 1195 super
668 1151 756 1194 reliquias

55 1203 112 1237 sancti
124 1203 196 1247 ngini
207 1202 299 1237 iuraturus
312 1214 387 1237 manum
399 1203 507 1247 porrigeret,
523 1204 594 1238 ferre0⁴
608 1205 693 1238 falcastro
706 1205 755 1248 quod

55 1256 73 1289 in
88 1267 143 1289 manu
157 1256 245 1299 gestabat,
257 1255 318 1290 nescio
334 1267 370 1299 quo
385 1267 434 1296 casu,
449 1256 467 1290 in
483 1256 559 1290 cerebro
574 1267 679 1300 percussus,
695 1256 755 1291 subito
764 1267 784 1290 ao

55 1310 78 1343 ad
89 1313 157 1342 terram
168 1314 251 1343 mortuus
261 1309 301 1352 ruit,
311 1315 329 1343 et
338 1309 394 1343 vitam
406 1319 447 1343 cum
457 1315 505 1344 terra
517 1319 578 1344 coram
591 1309 676 1344 omnibus
689 1308 756 1343 amisit.

57 1355 106 1397 Cum
125 1363 172 1396 alius
191 1363 264 1406 quidam
283 1368 351 1397 terram
370 1364 428 1397 sancti
448 1362 519 1407 ngini
537 1363 628 1397 inuadens
646 1363 756 1407 possideret,

56 1416 148 1449 iudicuml
166 1416 257 1450 sententia
275 1416 379 1450 decernitur
392 1421 412 1450 vt
431 1426 486 1450 manu
505 1417 580 1461 propria
598 1426 655 1461 super
669 1417 756 1460 reliquias

57 1469 113 1503 sancti
125 1469 190 1512 prefati
201 1470 278 1504 iurando
289 1475 358 1504 terram
369 1469 476 1514 acquireret.
500 1470 544 1504 Erat
555 1470 605 1504 enim
617 1470 646 1505 vir
659 1469 689 1503 ille
702 1480 756 1514 gran-

57 1524 119 1563 deuus,
134 1528 152 1557 et
166 1523 224 1557 barba
237 1523 291 1557 valde
305 1522 377 1566 prolixa
392 1523 484 1557 barbatus.
506 1523 614 1566 Assurgens
625 1534 669 1566 ergo
680 1523 756 1557 barbam
766 1534 784 1564 ²5

56 1574 150 1617 propriam
169 1576 260 1608 concludit
279 1576 347 1618 palmo,
363 1576 407 1619 ‘per
421 1575 480 1617 istam,
495 1574 559 1618 inquit,
574 1576 650 1608 barbam
669 1585 711 1609 mea
729 1581 757 1608 est

57 1631 110 1668 terra,
129 1633 147 1661 et
167 1638 201 1670 ego
220 1637 261 1662 eam
283 1627 382 1671 possidebo
401 1627 440 1662 iure
459 1627 580 1662 hereditario!
610 1627 645 1662 Vix
669 1627 757 1662 emissum

58 1678 191 1721 [e]volauerat⁰
202 1680 284 1721 verbum,
295 1686 313 1714 et
324 1691 367 1713 ecce
378 1686 435 1714 totam
446 1680 521 1714 barbam
533 1691 594 1714 coram
606 1679 676 1714 cunctis
687 1680 758 1724 lapsam

57 1732 81 1765 lta
96 1733 172 1776 proiecit
184 1733 207 1767 ad
222 1739 291 1768 terram
304 1745 325 1769 ac
340 1733 356 1768 si
369 1733 453 1779 apposita
468 1738 523 1777 esset,
539 1744 576 1768 non
591 1732 697 1768 naturaliter
711 1738 758 1767 nata.

59 1785 89 1820 Sic
99 1786 130 1829 qui
141 1787 220 1822 alienam
231 1794 299 1823 terram
311 1787 378 1823 iniuste
389 1786 460 1828 inuasit,
470 1787 510 1821 iure
521 1798 562 1821 cum
572 1787 613 1831 ipsa
623 1793 672 1822 terra
683 1787 758 1821 barbam
767 1803 787 1834 30

58 1839 151 1882 propriam
169 1841 248 1884 perdere
266 1841 338 1875 meruit,
382 1834 521 1875 Londoniensis
537 1840 636 1884 episcopus
656 1839 759 1873 Elfwardus

58 1902 99 1925 cum
113 1892 132 1926 in
146 1893 192 1927 mari
204 1899 244 1927 orta
257 1899 367 1938 tempestate
380 1894 460 1928 maxima
472 1893 585 1937 naufragium
599 1904 648 1937 pene
660 1897 758 1937 pateretur,

58 1941 141 1979 inuocato
153 1945 211 1979 sancti
224 1946 295 1990 ngini
306 1946 392 1989 suffragio
404 1945 464 1980 subito
476 1946 551 1980 sedatur
562 1950 668 1989 tempestas,
680 1950 698 1979 et
709 1950 759 1979 tran-

59 1996 147 2039 quillitate
161 1999 207 2033 mari
221 1999 292 2034 reddita
307 2000 330 2034 ad
345 2005 418 2043 portum
434 2005 516 2043 optatum
531 2010 572 2032 curn
587 1998 653 2042 gaudio
667 1997 759 2041 peruenit.

60 2042 136 2086 quenis
144 2052 218 2097 quidam
228 2063 239 2087 a
249 2052 342 2088 natiuitate
353 2058 414 2087 mutus
424 2062 459 2097 pro
470 2052 529 2086 salute
540 2052 666 2095 recuperanda
678 2051 758 2086 Romam
767 2065 786 2095 55

59 2112 144 2147 pergens,
159 2105 218 2140 tribus
234 2106 287 2139 annis
305 2106 330 2140 ibi
349 2106 420 2140 mansit.
443 2106 466 2139 Et
485 2116 528 2140 ecce
547 2110 600 2139 nocte
618 2105 697 2148 quadam
712 2105 759 2138 albis

59 2156 141 2193 vestibus
156 2158 229 2203 quidam
244 2159 320 2194 indutus
334 2159 369 2193 sibi
384 2169 481 2204 apparens,
495 2157 551 2193 dixit:
570 2158 627 2192 ‘Redi
642 2157 721 2192 festinus
735 2158 758 2192 ad

59 2213 126 2245 terram
134 2218 194 2247 tuam:
207 2219 225 2248 et
232 2213 255 2247 ad
264 2213 381 2257 sepulchrum
392 2212 450 2247 sancti
461 2211 537 2256 Egtvini,
545 2212 561 2246 si
568 2211 653 2253 volueris,
661 2212 758 2245 sanitatem

61 2265 189 2307 consequeris!
213 2266 253 2308 Quo
261 2277 303 2300 curn
311 2266 433 2310 peruenisset,
441 2265 505 2300 solutis
514 2263 599 2308 quidem⁷
606 2263 684 2299 vinculis
691 2264 759 2309 lingue,

60 2321 123 2358 aperte
137 2318 229 2362 loquendo
241 2318 298 2353 verba
311 2318 391 2363 protulit.
434 2311 487 2353 Ante
500 2317 647 2352 Normannorum
659 2317 759 2351 aduentum
768 2329 789 2360 40

60 2367 78 2401 in
97 2369 189 2415 Angliam‚
207 2378 258 2406 tanta
276 2372 406 2406 miraculorum
424 2370 527 2416 frequentia
543 2369 686 2404 monasterium⁸
701 2372 760 2405 sancti

62 2421 133 2466 ngini
146 2425 249 2469 illustrauit,
262 2430 281 2460 vt
295 2427 344 2460 omni
359 2425 398 2461 fere
412 2425 441 2460 die
456 2424 526 2460 sabbati
538 2424 598 2468 aliqua
612 2423 718 2459 infirmitate
731 2424 761 2460 vel

61 2476 145 2511 molestia
157 2480 243 2513 detentus
255 2485 326 2522 gratam
338 2489 372 2522 per
387 2484 470 2513 sanctum
484 2478 581 2521 nginum
592 2477 683 2512 medelam
695 2478 761 2523 aliquis

80 2538 120 2570 ¹Cf.
128 2541 165 2572 Chr.
174 2542 286 2580 Evesb.p.4a.
348 2541 451 2572 ²E.iurauit.
512 2540 610 2572 ³E.iuuare.
672 2540 707 2573 ⁴15.
715 2542 761 2572 ferro.

61 2577 180 2610 luiudieium.
240 2581 380 2611 “Bollemiserat
439 2580 535 2611 'omina
595 2581 755 2612 ⁸Rm0nasteriam
