1762 2803
109 118 153 163 662²
374 118 497 179 apposuit
514 121 545 165 Il.

111 251 160 274 suum
168 240 225 274 retulit
233 241 328 283 manifeste,
337 247 353 274 et
362 241 396 284 [se]
406 242 509 284 condignam
518 242 602 276 vlcionem
610 242 710 286 pertulisse;
722 251 754 275 nec
762 252 813 276 ausus

110 297 137 325 est
153 292 263 334 postmodum
279 293 302 325 ad
318 293 398 326 feretrum
414 294 501 326 accedere.
530 295 550 327 In
565 295 598 326 hoc
615 293 697 327 miraculo
715 292 813 326 instruimur

110 342 185 384 glorioso
197 342 261 375 martiri
272 353 353 385 magnam
365 342 479 377 exhibendam
491 354 529 378 esse
540 342 662 378 reuerenciam.

116 414 215 489 MUlier
223 415 297 456 quedam
307 415 425 448 lundoniensis
436 415 515 449 Matildis
526 416 596 449 nornine
607 426 678 458 puerum
686 426 735 449 suum
743 414 771 457 qui
784 426 815 457 per

96 472 104 501 5
187 470 222 497 tres
230 464 335 498 ebdomadas
347 474 380 498 nec
391 475 461 498 manum
471 475 504 498 nec
512 466 573 508 pedem
578 475 647 499 mouere
655 470 728 507 poterat,
736 465 814 506 exposuit

112 514 144 548 sub
155 513 229 560 martiris
241 514 329 548 Edmundi
340 515 407 556 feretro,
416 526 476 558 preces
487 522 503 548 et
516 522 556 549 uota
567 516 694 550 lacrimabiliter
705 516 814 549 effundendo.

113 565 190 607 Cumque
202 574 244 606 puer
255 565 287 598 sub
298 565 361 598 feretro
372 565 458 609 paululum
469 566 594 600 obdormisset:
610 566 667 600 statim
681 565 744 599 virtute
759 566 814 599 sancti

112 614 201 646 Edmundi
212 621 282 646 sanatus
293 620 324 647 est.
349 615 375 647 Sit
386 615 437 657 igitur
444 616 498 655 gloria
505 616 542 647 laus
550 621 568 648 et
575 617 630 648 horror
637 615 704 658 spiritui
711 621 777 653 sancto,
785 615 814 657 qui

113 667 149 696 tam
157 662 248 704 magnifice
256 669 336 705 operatur
343 664 360 696 in
369 675 399 697 suo
407 664 475 697 martire
483 665 563 707 glorioso.

87 749 107 770 10
154 737 205 770 Uella
216 738 291 779 quedam
299 737 366 771 vinculo
377 738 432 771 morbi
440 738 541 771 miserabilis
549 737 617 778 afflicta,
625 738 695 772 beatum
704 737 816 771 Edmundum

175 786 232 820 inultis
243 788 321 829 precibus
335 788 401 821 deuotis
414 793 432 821 et
442 788 534 829 gemitibus
545 788 627 821 exorauit.
650 789 757 832 Conceperat
769 789 816 822 enim

116 848 147 880 per
157 836 260 880 que[n]dam
271 844 330 880 potum
341 837 387 870 circa
397 844 457 880 pectus
468 839 558 872 mortalem
570 839 672 879 inflaturam,
678 849 709 880 pro
717 849 752 880 qua
762 838 816 871 medi-

116 889 189 921 cinalem
199 888 290 928 pocionem
297 893 390 928 receperat,
398 897 470 928 ciunque
477 887 585 920 medicinalis
592 886 643 929 pocio
653 898 685 920 nec
692 892 777 920 tumorem
784 898 816 920 nec

116 938 192 970 dolorem
204 935 299 977 mitigaret¹
308 942 333 969 set
345 935 479 970 intollerabiliter
486 943 561 979 augeret,
569 937 670 979 prudentem
681 937 768 971 medicum
776 947 816 970 con-

90 999 107 1030 15
116 986 167 1022 suluit
178 985 206 1029 qui
218 986 260 1020 dixit
272 987 298 1020 ei:
315 986 365 1020 ‘Nisi
377 992 394 1020 te
405 993 474 1029 recepta
485 987 571 1021 medicina
582 993 659 1029 suamet,
670 994 727 1021 tumor
738 994 755 1020 et
767 988 815 1020 dolor

115 1038 146 1071 tibi
161 1037 196 1071 nita
211 1037 274 1070 comite
289 1038 423 1078 permanebunt!
441 1038 500 1070 Puella
513 1049 554 1070 uero
569 1037 623 1071 tn'stis
638 1043 655 1070 et
670 1038 721 1070 anxia
736 1038 817 1070 celestem
834 1037 838 1042 ”

116 1086 202 1121 medicum
218 1086 320 1129 interpellat,
336 1087 364 1130 qui
381 1087 396 1120 ei
410 1088 482 1120 tandem
497 1087 569 1130 inspirat
584 1094 602 1120 vt
618 1087 712 1130 gloriosum
728 1087 816 1120 martirem

116 1136 228 1170 Edmundum
243 1136 329 1170 humiliter
345 1138 404 1178 adiret,
420 1137 510 1180 ipsumque
529 1138 635 1171 confidenter
653 1147 725 1170 exorans
745 1137 817 1169 salutem

116 1188 206 1229 acciperet.
229 1188 268 1229 Que
280 1187 362 1220 diuinitus
375 1187 475 1228 confortata,
486 1187 533 1221 venit
545 1186 568 1221 ad
581 1192 659 1220 sanctum
673 1186 789 1226 Edmundum,
801 1191 818 1218 et

91 1250 109 1272 20
116 1238 188 1271 salutem
199 1237 221 1270 ab
233 1247 254 1271 eo
266 1237 309 1271 sicut
320 1235 336 1271 ei
347 1247 358 1270 a
369 1236 439 1271 domino
450 1237 553 1280 promissum
564 1237 619 1271 luerat
627 1236 694 1271 deuotis
702 1237 781 1280 precibus
789 1248 818 1270 ex-

116 1287 182 1328 orauit3
199 1287 227 1320 vbi
239 1288 261 1320 de
272 1288 308 1320 eius
320 1287 371 1328 cipho
381 1287 398 1320 in
410 1287 479 1320 nomine
490 1293 550 1320 sancte
561 1287 641 1320 trinitatis
652 1287 697 1320 trina
707 1286 745 1320 vice
756 1287 818 1319 deuote

116 1337 187 1380 potauit.
211 1338 288 1380 Cumque
296 1338 318 1370 ab
326 1338 369 1370 hora
376 1337 431 1379 prima
438 1348 492 1379 vsuue
500 1338 523 1370 ad
531 1337 602 1370 terciam
610 1337 628 1370 in
635 1343 684 1370 tanta
691 1335 819 1380 supplicacione

117 1388 225 1430 persisteret:
245 1388 302 1421 statim
317 1387 379 1421 virtute
393 1387 463 1429 gloriosi
476 1387 550 1420 martiris
563 1387 651 1420 Edmundi
665 1393 701 1420 tota
713 1386 758 1418 illius
770 1386 819 1418 infla-

117 1443 160 1478 tura,
172 1447 205 1479 que
216 1437 285 1477 gemino
296 1436 353 1478 tetuli]
365 1437 426 1470 similis
438 1436 474 1477 fuit,
486 1436 523 1469 sine
534 1436 582 1469 omni
594 1435 695 1478 purgamine
708 1434 820 1468 mirabiliter²

91 1497 109 1527 ²5
117 1486 191 1527 euanuit,
199 1491 245 1520 totus
253 1487 303 1520 dulor
310 1485 414 1529 abls]cessit,
422 1494 440 1520 et
447 1485 504 1529 puella
512 1491 573 1520 sanata
581 1486 681 1529 permansit.

121 1562 209 1638 IUuenis
217 1563 287 1605 quidam
295 1563 317 1596 de
323 1563 428 1605 Symplynge
436 1563 452 1595 in
461 1573 522 1604 guerra
528 1563 587 1603 semel,
594 1563 669 1596 secundo
676 1568 694 1595 et
701 1561 753 1594 tercio
759 1567 820 1603 captus

164 1619 181 1647 et
189 1613 211 1645 de
219 1612 311 1646 tortoribus
318 1612 336 1645 in
344 1619 422 1654 tortores,
430 1613 452 1645 de
460 1612 511 1645 malis
518 1612 536 1645 in
543 1612 611 1654 peiores
618 1612 699 1645 venditus
706 1618 723 1645 et
730 1623 741 1645 a
749 1610 819 1653 singulis

118 1663 238 1697 miserabiliter
248 1663 320 1696 afflictus
334 1662 447 1705 manibusque
460 1662 500 1695 fune
511 1662 604 1695 fortissimo
617 1661 674 1704 ligatis
687 1661 821 1695 intollerabiliter

118 1713 210 1754 cruciatus
218 1714 310 1755 gloriosum
318 1724 376 1755 regem
384 1720 401 1747 et
411 1712 500 1746 martirem
508 1712 620 1746 Edmundum
630 1718 648 1745 et
655 1714 769 1745 reuerendunr
780 1722 820 1744 con·

92 1776 110 1805 30
117 1765 200 1798 sessorem
208 1763 271 1798 Christi
280 1763 384 1797 Nicholaum
391 1763 471 1797 flebiliter
481 1769 499 1797 et
510 1763 593 1797 instanter
604 1762 701 1796 inuocabat.
725 1763 759 1805 Qui
767 1761 820 1796 nimio

118 1816 176 1849 dolore
186 1814 249 1858 pioque
259 1815 333 1849 clamore
343 1815 431 1858 paululum
440 1814 544 1848 obdormiuit
555 1820 572 1847 et
583 1813 650 1847 interim
659 1813 712 1848 virtus
723 1820 820 1847 sanctorum

118 1865 206 1900 avinculis
214 1876 254 1898 eum
261 1866 341 1899 absoluit.
361 1865 451 1907 Euigilans
459 1871 517 1898 autem
524 1865 597 1898 liberum
605 1871 622 1898 et
631 1865 706 1898 solutum
714 1875 732 1898 se
740 1862 820 1906 inspicit3

118 1917 204 1949 vinculum
216 1926 249 1958 quo
260 1916 322 1957 ligatus
334 1916 390 1949 fuerat
401 1915 525 1956 gloriosissimo
535 1914 601 1948 martiri
612 1920 628 1947 et
638 1915 674 1956 regi
682 1914 775 1947 Edmundo
786 1918 821 1945 tan·

118 1976 170 2009 quarn
182 1965 268 2000 liberatori
279 1965 347 2008 gracias
360 1976 414 2008 agens
426 1965 491 2007 optulit,
502 1965 555 2008 ipsius
567 1975 635 2008 quoque
645 1965 717 1998 virtutes
730 1963 821 2005 magnifice

91 2027 109 2057 35
118 2015 228 2051 collaudauit.

159 2094 194 2127 Rat
209 2092 279 2135 quidam
298 2092 432 2126 molendinarius
452 2093 468 2125 in
485 2092 567 2135 obsequio
583 2091 657 2126 martiris
672 2091 760 2125 Edmundi
775 2088 821 2132 apud

181 2144 292 2185 Werketone,
300 2154 352 2186 quern
363 2143 436 2176 ministri
448 2144 515 2184 regales
526 2143 589 2176 iniuste
601 2148 683 2184 ceperunt
694 2148 711 2175 et
723 2143 740 2174 in
751 2140 821 2174 castello

120 2193 256 2235 Norhamptonie
270 2203 308 2226 curn
322 2193 441 2226 nouemdecim
453 2192 527 2235 captiuis
542 2193 593 2226 simul
608 2192 672 2226 inuno
686 2191 771 2233 compede
782 2199 822 2222 con-

119 2245 227 2278 strinxerunt.
251 2244 290 2286 lpse
301 2253 341 2276 vero
354 2243 434 2285 lacrimis,
446 2242 491 2276 uotis
502 2249 519 2276 et
530 2242 607 2285 suspiriis
619 2249 698 2276 sanctum
710 2240 822 2275 Edmundum

92 2307 112 2338 40
119 2287 200 2335 exorauit]
212 2299 230 2326 vt
241 2294 319 2327 natiuurn
330 2304 380 2327 suum
391 2304 425 2326 non
437 2294 527 2328 desereret.
550 2293 584 2327 Die
595 2293 646 2335 igitur
658 2299 718 2326 octauo
730 2290 822 2334 gloriosum

119 2346 206 2379 martirem
214 2344 326 2377 Edmundum
334 2343 367 2376 sibi
374 2344 474 2377 mirabiliter
481 2343 618 2387 patrocinantem
626 2344 712 2386 percepit:
724 2342 767 2376 vidit
777 2340 822 2374 enim

119 2397 173 2440 pedes
187 2406 227 2430 suos
240 2400 288 2428 extra
300 2395 393 2436 compedes
407 2395 476 2435 solutos,
488 2401 505 2427 et
519 2395 571 2436 pedes
585 2394 662 2426 omnium
678 2394 763 2426 sociorum
778 2391 822 2424 sicut

119 2448 186 2479 fuerant
193 2445 244 2478 simul
252 2444 363 2486 compeditos.
387 2443 439 2476 Liber
446 2444 523 2484 surrexit,
529 2449 546 2477 et
554 2444 576 2477 ad
584 2443 675 2476 ecclesiam
682 2442 728 2475 beati
735 2438 822 2474 Edmundi

119 2497 187 2530 invilla
199 2493 337 2537 Norbamptonie
349 2499 463 2527 constructam
474 2493 542 2535 gracias
553 2502 606 2535 agens
618 2491 696 2536 perrexit.
719 2490 822 2525 Miraculum

227 2592 233 2610 ¹
243 2591 277 2623 MS.
285 2591 366 2631 mitigauit.
548 2589 555 2609 ²
566 2590 600 2620 MS.
607 2589 716 2620 miserabiliter.
