1762 2803
60 118 92 149 ns.
100 111 194 152 nasu-t
214 101 260 157 bu
273 99 309 154 s.
321 100 453 153 eumcum
466 109 524 162 tene
537 104 561 152 et
573 103 689 162 meruti.
716 102 761 156 639

108 224 199 266 Incipiunt
206 222 292 257 nn'ramla
298 223 364 266 empta
371 222 392 256 ab
401 222 470 256 Osterio
473 223 535 266 prore
546 220 710 255 Westmonasterri'¹.

123 295 154 326 DE
166 300 248 331 onnonm
259 299 333 325 PUELLA
345 300 371 325 nn
383 292 448 325 CLnxu
459 299 572 325 coxTxncxn
584 298 609 324 ux
620 298 699 325 sunum.

61 364 173 439 TErnpore
185 360 230 402 regis
242 361 313 393 Henrici
327 360 377 403 pn'mi
391 361 465 403 quedam
476 360 533 403 puella
545 360 567 393 de
581 360 637 400 Clara,
650 359 728 392 manibus
741 370 763 392 ac

118 411 192 454 pedibus
207 410 317 452 cruribusque
333 417 425 448 contracta,
440 411 525 451 integrum
543 411 568 442 sui
588 410 664 451 corporis
682 409 762 441 amiserat

60 462 137 501 officium,
148 470 180 492 nec
191 459 261 502 aliquod
272 459 339 502 vspiam
349 459 448 501 preualebat
460 459 534 501 reperire
544 458 643 492 remedium.
666 457 763 491 numicis

61 514 111 557 igitur
119 511 155 545 suis
165 512 188 544 ad
198 510 287 544 basilicam
297 510 352 544 sancti
363 510 451 544 Edmundi
462 510 524 549 delata,
532 510 554 544 ab
562 510 608 544 omni
616 509 714 543 infirmitate
722 519 762 542 con-

61 566 148 598 ualescens
159 561 229 594 sanitati
240 561 339 601 restituitur,
351 560 429 603 regisque
441 560 510 603 gloriosi
522 561 564 593 fulta
575 559 674 602 patrociniis
685 571 696 593 a
707 559 779 597 cuntiss

61 612 135 648 molestie
143 611 235 654 corporalis
246 611 340 645 obstaculis
350 617 430 654 reparata
440 611 494 644 salute
504 610 590 643 liberatur.
613 612 652 643 Hoc
663 610 763 643 miraculum

61 664 115 698 retulit
128 663 178 695 nobis
190 662 285 695 monachus
298 661 388 703 religiosus
399 661 469 694 nomine
483 661 567 694 Radulsus
579 660 608 703 qui
621 660 693 703 propriis
709 660 763 693 oculis

61 717 93 748 hoe
100 713 142 747 vidit
150 713 192 752 fieri,
200 712 263 755 quique
270 712 328 745 multis
336 712 386 746 annis
394 717 451 745 custos
459 711 476 744 in
486 710 559 744 ecclesia
569 711 642 744 deuotus
652 711 675 744 ad
685 720 763 744 mauseo·

61 767 95 798 lum
103 762 148 805 regis
159 762 213 796 extitit
221 770 238 796 et
245 762 299 796 multa
309 762 344 796 alia
353 763 417 797 athlete
426 762 498 805 precelsi
509 761 595 804 magnalia
606 762 628 795 ab
638 772 659 795 eo
671 768 763 803 conspecta

61 815 142 848 veraciter
152 813 242 846 enarrabit.
265 815 333 846 Eodem
341 815 401 846 ordine
408 814 459 846 nobis
470 814 505 846 sere
515 813 572 845 retulit
583 818 683 845 renouatum
691 812 763 845 salutern
772 818 791 840 10

61 865 129 899 alterius
144 865 199 905 puelle
214 873 266 905 quam
281 864 303 895 de
321 864 418 904 Spaldynge
436 869 515 904 parentes
531 863 636 894 adduxerant
653 863 675 894 ad
694 863 763 894 beatum

61 914 157 946 martirem:
170 913 281 955 eandemque,
290 923 342 954 quam
349 914 372 945 ab
379 912 438 953 altera,
447 912 469 944 ab
477 912 511 944 ista
518 910 589 944 exclusit
597 911 719 944 infirmitatem.
734 911 763 944 Sic

61 971 140 1006 operatur
155 963 227 995 dilectus
241 968 300 995 noster
314 969 331 995 et
346 964 425 1004 princeps
440 968 510 995 sanctus
525 961 633 1001 Edmundus,
648 962 733 995 candidus
747 968 764 994 et

61 1013 169 1053 rubicundus,
183 1024 234 1055 quern
245 1019 262 1046 et
274 1012 325 1046 niuea
338 1012 427 1056 integritas
439 1012 494 1046 induit
506 1011 576 1054 virginei
590 1012 672 1055 corporIS,
683 1019 700 1046 et
713 1023 763 1046 rosea

62 1064 154 1099 circumdat
162 1064 220 1098 laurea
227 1064 304 1107 preciose
312 1064 402 1108 passionis.
771 1070 790 1101 ¹5

217 1169 248 1199 DE
259 1174 373 1200 annnrxrco
385 1173 472 1198 snxlnm
485 1165 607 1199 xssstltuto².

520 1236 536 1268 N
553 1234 663 1278 possessione
677 1234 765 1277 prouincie

542 1286 629 1320 Lincolnie
639 1286 727 1319 Rotlanda
734 1297 764 1319 no

63 1335 112 1377 nilne,
120 1335 163 1368 ruris
171 1336 225 1369 cultor
233 1335 302 1379 quidam
310 1336 363 1369 extitit
372 1336 398 1369 cui
407 1336 485 1369 molestia
494 1337 571 1379 paralisis
577 1335 584 1354 ³
591 1336 680 1370 dimidiam
688 1337 764 1379 corporis

63 1386 87 1418 sui
99 1392 165 1427 partem
176 1386 245 1419 ademit.
269 1387 324 1427 Quem
336 1386 378 1419 asini
390 1385 416 1418 sui
425 1385 504 1419 vehiculo
515 1386 617 1429 inponentes
629 1387 684 1419 coloni
696 1397 765 1429 posses·

63 1436 115 1468 sionis
125 1435 170 1468 illius
179 1440 196 1469 et
206 1436 266 1469 affines
276 1436 299 1468 ad
307 1435 364 1467 villam
375 1441 391 1468 et
402 1435 492 1468 ecclesiam
503 1436 524 1468 de
536 1436 700 1470 Beodricesuuorthe
711 1436 764 1470 dedu·
773 1451 793 1471 πο

63 1492 107 1520 cunt.
122 1485 156 1520 Vbi
165 1497 203 1520 curn
209 1485 288 1527 venisset,
295 1486 318 1519 ad
326 1485 371 1519 beati
379 1486 466 1520 Edmundi
475 1487 583 1531 sepulchrum
589 1487 688 1530 prouolutus
695 1488 765 1530 exponit

63 1537 78 1570 ei
92 1538 190 1581 suppliciter
202 1538 317 1570 membrorum
330 1548 399 1570 suorunr
412 1548 517 1580 erumpnam,
529 1549 592 1580 rogans
605 1545 624 1571 ut
636 1549 673 1572 sese
685 1540 723 1572 oleo
734 1550 765 1573 sue

63 1588 179 1621 miseracionis
190 1588 283 1620 delibutum
292 1588 386 1629 preueniat,
398 1594 415 1620 et
424 1599 480 1623 rorem
491 1589 596 1621 salutiferum
606 1589 688 1621 membris
697 1590 765 1631 penitus

64 1637 150 1670 dissolutis
165 1637 248 1677 infundat.
271 1636 353 1680 Respexit
367 1636 419 1679 igitur
433 1648 472 1670 eum
485 1638 528 1670 deus
541 1645 558 1671 et
573 1638 676 1672 Edmundus
691 1638 765 1672 christus

63 1686 103 1726 eius,
110 1695 127 1720 et
134 1687 180 1720 iuxta
188 1687 240 1719 fidem
247 1686 284 1719 eius
291 1695 308 1720 et
316 1686 382 1720 illorum
390 1688 418 1729 qui
426 1699 465 1720 eum
473 1689 578 1721 adduxerant
586 1689 664 1731 sospitati
672 1689 766 1722 restituitur
774 1698 792 1727 25

63 1743 79 1769 et
95 1737 206 1771 incolumitati
219 1736 312 1779 graciosius
324 1744 433 1771 restauratur.
456 1739 523 1771 Laudat
537 1739 594 1782 itaque
606 1740 632 1772 uir
644 1739 672 1771 ille
684 1740 736 1773 deum
747 1745 765 1772 et

64 1787 146 1830 insignem
160 1788 232 1821 militem
246 1798 295 1821 suum
310 1788 426 1829 Edmundum,
439 1789 468 1831 qui
482 1789 514 1821 sibi
527 1789 622 1822 remedium
637 1790 660 1822 de
673 1790 765 1823 celestibus

64 1839 139 1880 contulit,
147 1839 193 1881 quod
202 1838 236 1871 fieri
245 1848 275 1881 per
282 1838 369 1871 hominem
377 1838 444 1880 phisica
452 1838 547 1879 denegauit.

85 1261 165 1293 Osbcrtus
172 1261 193 1293 de
202 1260 252 1293 Clare
257 1260 311 1302 pn'or
321 1259 473 1293 Weslmonasterii.
499 1235 515 1311 Ι

73 1940 126 1976 lDu
137 1949 226 1976 MULlERE
237 1949 274 1975 PER
286 1948 379 1975 TRIGINTA
390 1949 415 1974 ET
427 1948 477 1976 DUOS
489 1949 553 1976 ANNOS
565 1950 617 1986 CECA,
629 1951 756 1979 ruuulssxetrn.

92 2037 172 2069 osbertus
202 2013 240 2089 ΙΝ
249 2018 314 2056 quanta
325 2013 378 2055 gloria
388 2013 456 2056 spiritus
468 2013 522 2048 saneti
534 2013 608 2048 martiris
618 2015 706 2049 Edmundi
718 2015 765 2050 uiuat

79 2065 81 2068 ’
172 2060 177 2070 ’
244 2063 272 2097 vbi
281 2075 320 2097 curn
328 2063 396 2097 Christo
404 2064 457 2098 victor
464 2065 532 2104 exultat,
539 2066 561 2098 ad
567 2071 652 2098 mortuum
660 2076 721 2108 corpus
729 2066 766 2100 eius
774 2077 794 2105 3⁰

64 2111 182 2145 miraculorum
193 2118 266 2146 testatur
276 2113 379 2156 frequencia,
389 2123 422 2155 quo
433 2113 507 2147 martiris
519 2113 616 2147 interuentu
627 2122 698 2157 stupens
707 2116 729 2148 de
739 2116 765 2149 sui

64 2160 185 2195 reformacione
195 2163 267 2196 miratur
277 2168 343 2195 natura.
367 2164 407 2195 Hoc
418 2163 508 2196 affinnauit
520 2164 594 2205 quedam
606 2164 670 2197 semina
677 2165 765 2199 Wintonie

63 2215 108 2251 nata,
116 2222 147 2254 per
157 2211 200 2255 xmij
213 2223 268 2246 annos
276 2223 322 2251 ceca,
334 2213 361 2246 cui
369 2219 417 2246 tanto
425 2220 501 2255 tempore
511 2213 535 2247 nil
543 2216 626 2249 successit
634 2216 680 2249 vnde
691 2217 764 2250 salutem

63 2259 165 2303 adquireret,
173 2263 200 2295 vel
207 2262 294 2306 recipere*
302 2264 337 2296 iam
346 2264 392 2296 vnde
402 2270 484 2306 speraret.
498 2266 612 2313 'Frequenter
619 2267 701 2300 miracula
711 2268 766 2301 sancti

84 2351 89 2369 ¹
100 2353 122 2385 Cf.
132 2353 164 2386 MS.
173 2355 204 2386 Tit.
212 2355 222 2386 t'.
231 2355 304 2396 1²⁶·145‚
312 2356 362 2387 where
369 2356 411 2387 these
418 2357 454 2387 lllr.
462 2357 531 2388 continue
538 2358 564 2389 the
572 2358 601 2389 znd
609 2360 650 2389 book
658 2359 675 2389 ot*
684 2360 765 2400 Sampson.

64 2389 104 2439 That
111 2394 166 2425 Osbert
173 2406 268 2427 commences
274 2396 315 2433 here,
321 2396 383 2427 follows
389 2396 428 2427 t'rom
435 2397 461 2428 the
468 2397 499 2428 first
504 2399 563 2430 words:
573 2399 592 2429 ln
599 2400 678 2439 prouincia
685 2410 715 2440 qun
722 2410 766 2430 vene·

64 2431 110 2462 rabrle
121 2437 229 2465 monasterium
238 2437 253 2466 b.
261 2437 374 2467 Edm.suorn1n
383 2437 448 2467 illustrat
457 2438 529 2477 splendor
539 2444 553 2469 et
563 2440 612 2478 gloria
621 2440 714 2475 meritorum,
721 2440 765 2479 oppi-

64 2469 100 2540 {im}
110 2474 188 2542 q‘troddam
198 2475 246 2506 Clara
255 2476 315 2512 dieitur,
327 2477 367 2507 vnde
377 2477 458 2508 relationis
467 2488 498 2508 mec
507 2480 553 2508 serias
562 2479 591 2509 snb
601 2480 688 2509 testimonio
698 2480 766 2511 veritatis

71 2519 89 2539 nc
99 2522 117 2542 oa
124 2523 148 2544 ur.

84 2548 89 2565 ²
100 2551 133 2581 MS.
145 2555 225 2584 restitutus.
310 2556 316 2573 ³
326 2555 360 2585 MS.
367 2555 444 2594 pamlesis.
529 2557 534 2573 ‘
544 2557 578 2587 MS.
585 2558 662 2597 reciperet.
