1762 2803
243 79 302 136 Do
315 77 416 132 &onoc
430 77 555 141 pariclo.
709 80 753 136 289

51 212 93 237 cum
105 212 171 246 magno
181 202 252 237 honore
262 206 280 237 et
292 194 445 248 gloria—Que
455 206 517 238 autem
527 201 603 238 inferius
614 201 696 247 digesta¹
704 206 753 244 sunt,

51 257 100 301 apud
112 255 226 291 Glastoniam
239 266 263 290 ex
276 255 327 289 libris
339 255 445 291 monasterii
458 254 507 290 illius
519 255 614 299 excerpsi;
630 266 666 299 que
678 254 694 288 si
706 254 754 289 veri·

51 313 108 342 tatem
115 309 194 350 sapiant,
202 307 276 341 lectoris
284 307 359 341 arbitrio
367 308 456 351 relinquo.
494 300 539 341 'Ex
547 318 583 352 quo
591 307 641 341 eninr
649 306 727 351 apostoli
735 306 754 339 in

51 360 138 404 regiones
145 359 230 394 diuersas
239 365 292 394 erant
303 359 357 394 diuisi
369 360 392 394 ad
402 360 535 406 predicandum
543 361 620 395 verbum
628 360 671 402 vite,
679 363 755 394 sanctus

52 414 150 457 Philippus
162 413 258 457 apostolus
270 413 367 458 regionem
379 413 456 447 Francie
468 423 509 448 cum
521 413 560 448 suis
571 411 666 457 discipulis
679 411 773 453 sortituss

52 471 91 502 est:
103 467 127 501 de
138 465 205 510 quibus
215 465 265 500 misit
276 465 295 500 in
308 465 422 501 Britanniam
433 465 537 508 duodecim,
545 476 623 512 quorum
633 464 705 511 primus
716 470 756 499 erat

53 519 120 564 Ioseph
128 519 151 553 ab
159 518 262 553 Arimathia
269 520 301 564 qui
309 524 327 554 et
334 519 429 554 dominum
437 519 528 564 sepeliuit,
536 530 586 554 anno
597 520 620 554 ab
630 518 756 553 incarnatione

52 572 122 607 domini
134 571 251 616 sexagesimo
263 571 321 613 tertio,
332 578 351 606 et
362 573 385 606 ab
396 572 523 617 assumptione
536 577 599 607 sancte
612 571 670 606 Maris
683 570 756 616 quinto·

53 627 136 661 decimo:
154 625 221 669 quibus
236 624 332 660 duodecim
348 624 390 660 hide
405 625 428 660 ab
442 625 540 670 Aruirago,
553 625 648 670 paganicis
662 624 757 659 erroribus

53 679 136 723 decepto,
147 688 235 711 concesse
247 682 304 712 erant.
327 677 363 719 Qui
374 677 443 712 ibidem
455 678 490 712 deo
502 677 611 718 seruientes,
621 687 656 721 per
665 676 756 712 Gabrielis
767 686 785 707 ιο

52 730 159 774 archangeli
169 730 313 764 admonitionem
324 729 422 764 ecclesiam
434 730 453 763 in
465 731 535 764 honore
547 735 610 764 sancte
621 729 651 764 dei
663 729 757 775 genitricis
784 736 788 744 ¹

54 783 113 818 Marie
121 788 269 818 construxerunt.
293 783 377 828 Cumque
385 784 441 818 fidem
449 783 517 819 Christi
523 789 629 818 constanter
634 782 757 827 predicarent,

53 847 87 871 rex
95 836 184 871 barbarus
193 846 234 870 cum
243 840 298 880 gente
304 846 343 878 sua,
349 842 386 871 tam
394 846 442 871 noua
451 837 528 871 audiens
536 841 554 871 et
562 836 675 876 inconsueta,
681 835 757 870 omnino

53 888 174 933 predicationi
189 899 253 921 eorum
269 888 373 922 consentire
388 889 483 931 renuebat,
497 899 531 923 nec
546 894 634 933 paternas
649 888 757 923 traditiones

54 946 167 974 commutare
177 941 260 983 volebat,
277 940 320 985 quia
331 946 393 975 tamen
405 942 428 975 de
440 942 496 986 longe
507 946 603 984 venerant,
614 941 637 977 ad
649 940 756 985 petitionem
766 950 784 982 15

54 1005 118 1028 eorum
133 995 226 1038 quandam
241 994 320 1028 insulam
333 995 386 1029 siluis
401 995 536 1038 paludibusque
549 994 680 1029 circumdatam
694 994 717 1028 ad
730 992 757 1028 in·

54 1047 173 1081 habitandum
181 1046 277 1081 concessit.
300 1046 345 1082 Erat
355 1047 404 1082 enim
415 1047 475 1092 portio
485 1047 516 1082 illa
526 1047 622 1083 duodecim
630 1046 726 1084 hidarum:
738 1053 757 1084 et

54 1101 147 1145 quandam
157 1101 253 1145 capellam,
259 1105 280 1135 vt
291 1100 408 1145 premittitur,
416 1111 440 1135 ex
447 1101 505 1145 virgis
512 1100 601 1146 torquatis
609 1106 757 1143 construxerunt,

54 1164 103 1187 anno
115 1159 157 1197 post
168 1152 274 1197 passionem
284 1153 354 1188 domini
364 1154 522 1198 tricesimoprimo.
542 1154 616 1200 Vigiliis
626 1164 675 1197 ergo,
683 1153 757 1188 ieiuniis

55 1212 73 1240 et
85 1206 197 1241 orationibus
208 1212 300 1249 vacantes,
307 1206 327 1241 in
338 1208 404 1241 eadem
415 1207 491 1242 heremo
502 1213 544 1251 post
555 1207 654 1242 multorum
666 1218 756 1241 annorum
766 1217 786 1237 πο

55 1259 144 1294 curricula
151 1270 162 1294 a
170 1258 230 1294 carnis
238 1259 330 1303 ergastulo
337 1259 398 1295 educti
407 1264 460 1295 sunt:
472 1266 491 1295 et
501 1260 550 1304 cepit
560 1260 611 1295 locus
623 1271 666 1295 esse
675 1259 757 1294 serarum

56 1313 156 1353 latibulum,
165 1312 195 1355 qui
203 1312 255 1355 prius
266 1313 325 1346 suerat
336 1313 423 1346 habitatio
430 1318 542 1346 sanctorum.
565 1312 618 1346 Missi
629 1318 672 1347 sunt
682 1313 757 1347 tandem

55 1365 78 1400 ab
94 1364 199 1399 Eleutherio
214 1374 262 1410 papa
278 1365 302 1400 ad
318 1364 424 1400 instantiam
439 1364 491 1400 Lucii
506 1364 556 1410 regis
571 1364 668 1400 Britonum
683 1371 758 1401 sanctus

56 1418 154 1463 Phaganus
169 1425 187 1453 et
202 1418 329 1454 Deruuianus:
346 1419 377 1463 qui
393 1430 457 1463 regern
473 1430 514 1453 cum
530 1430 564 1453 suo
579 1419 648 1464 populo
662 1420 686 1453 ad
701 1419 758 1454 fidem

56 1478 187 1507 conuerterunt
205 1483 254 1507 anno
273 1473 341 1514 domini
358 1472 459 1507 centesimo
474 1472 526 1507 lxvir.
554 1472 678 1517 Peragrantes
696 1478 757 1508 autem
768 1483 786 1515 ²⁵

57 1525 175 1568 Britanniam,
186 1527 210 1561 ad
221 1526 301 1560 insulam
311 1525 409 1560 Auallonie
420 1526 520 1569 predictam
532 1531 670 1569 peruenerunt:
682 1532 700 1560 et
711 1526 759 1560 anti·

57 1588 112 1621 quam
124 1578 220 1612 ecclesiam
232 1578 318 1612 manibus
329 1577 460 1621 discipulorum
468 1577 536 1611 Christi
548 1582 671 1612 constructam
682 1578 759 1612 inuene-

56 1635 105 1665 runt.
129 1630 231 1666 Fluxerunt
246 1636 307 1665 autem
322 1629 366 1664 anni
381 1630 404 1664 ab
419 1632 500 1665 aduentu
514 1629 645 1674 discipulorum
659 1630 727 1666 Christi
741 1638 759 1666 et

57 1682 115 1718 sancti
128 1683 208 1728 Philippi
221 1683 240 1718 in
253 1683 367 1718 Britanniam
378 1694 437 1728 vsque
450 1685 474 1718 ad
487 1690 561 1729 tempus
575 1684 632 1719 sancti
645 1684 728 1728 Phagani
741 1690 759 1719 et

56 1737 126 1780 college
134 1736 162 1778 siu¹
170 1742 243 1771 centum
250 1742 268 1770 et
276 1741 314 1771 tres
322 1736 370 1770 anni.
393 1736 505 1771 Habitantes
512 1742 573 1771 autem
581 1737 607 1770 ibi
614 1736 633 1770 in
640 1737 670 1771 dei
678 1737 759 1780 semitio,
768 1751 788 1781 ³0

56 1800 80 1825 ex
97 1789 136 1825 suis
151 1789 206 1824 sociis
220 1790 317 1824 duodecim
333 1790 428 1833 elegerunt
445 1795 463 1824 et
482 1789 501 1824 in
516 1789 576 1824 insula
591 1789 626 1831 illa,
642 1801 687 1834 rege
702 1789 759 1824 Lucio

56 1842 136 1885 fauente,
151 1842 223 1878 edificia
237 1848 350 1884 construere,
365 1848 383 1877 et
397 1853 457 1885 usque
475 1843 498 1876 ad
514 1843 571 1876 linem
585 1842 623 1876 vite
637 1852 759 1885 perseuerare

56 1896 144 1928 fecerunt.
167 1894 231 1928 Dictus
245 1899 273 1928 est
287 1894 337 1928 locus
350 1893 381 1927 ille
393 1898 458 1937 postea
470 1903 481 1927 a
492 1893 572 1937 quodam
586 1893 626 1928 eius
638 1893 760 1929 inhabitatore

58 1947 162 1991 Glasteing3
175 1951 240 1991 postea
250 1946 310 1981 insula
321 1945 418 1990 Aualonie,
429 1945 441 1980 i.
452 1946 512 1980 insula
523 1957 626 1992 pomorum,
637 1948 760 1983 vocabatur—

57 2002 116 2034 aualla
127 2001 236 2042 Britannice,
245 2010 300 2043 poma
307 2000 368 2034 latine.
390 2000 475 2033 Tandem
487 2005 561 2034 sanctus
569 2000 674 2034 Germanus
685 2000 759 2035 autisio-
768 2010 788 2044 35

57 2053 141 2087 dorensis
160 2058 244 2086 sanctum
263 2052 362 2086 Patricium
381 2053 404 2085 ad
423 2052 512 2085 familiare
530 2052 670 2087 contubernium
689 2053 760 2094 asciuit,

57 2107 174 2150 eundemque
189 2110 231 2149 post
245 2106 314 2149 aliquot
328 2115 387 2139 annos
404 2104 565 2147 Hiberniensibus,
577 2106 652 2141 iubente
666 2105 760 2141 Celestino

58 2169 111 2202 papa,
119 2158 253 2202 predicatorem
261 2158 316 2191 misit.
339 2157 375 2199 Qui
384 2157 497 2191 Glastoniam
504 2158 582 2192 veniens
590 2158 686 2192 duodecim
694 2158 761 2194 iratres

58 2210 180 2245 anachoritice
187 2210 272 2245 uiuentes
280 2210 381 2254 reperiens,
386 2210 509 2254 congregauit,
516 2216 534 2245 et
541 2210 599 2245 abbas
607 2222 670 2246 eorum
678 2210 760 2254 effectus,

57 2263 114 2299 vitam
129 2262 242 2299 cenobialem
257 2275 289 2299 eos
302 2275 358 2309 agere
370 2263 436 2306 docuit,
449 2264 496 2299 sicut
509 2264 599 2309 scriptum
612 2265 661 2308 quod
674 2265 715 2309 ipse
727 2276 790 2307 suono

59 2322 142 2361 tempore
156 2316 269 2361 conscripsit,
282 2317 397 2352 manifestius
410 2316 495 2359 declarat,
509 2317 528 2352 in
544 2328 580 2362 quo
595 2318 644 2353 inter
658 2323 719 2354 cetera
734 2318 761 2354 sic

59 2370 147 2406 habetur:
165 2370 209 2405 ss‘ln
224 2371 299 2405 nominc
314 2370 384 2406 domini
399 2371 458 2406 nostri
474 2371 517 2407 lesu
532 2371 600 2406 Christi
615 2383 650 2416 ego
666 2372 761 2416 Patricius,

78 2449 83 2466 ¹
93 2450 111 2478 T.
119 2450 137 2479 E.
144 2451 215 2486 degesta.
246 2449 252 2466 ²
262 2450 287 2478 Ex
291 2450 335 2480 Will.
342 2450 394 2480 Malnr.
401 2451 426 2479 De
431 2451 485 2488 Antiq.
491 2450 539 2481 Glast.
546 2450 583 2480 eccl.
591 2451 615 2480 ed.
621 2450 665 2487 Gale,
671 2450 700 2481 lll.
706 2459 721 2488 p.
726 2459 762 2488 apa,

59 2489 90 2518 and
98 2489 132 2519 ioh.
138 2489 209 2519 Glaston.
217 2489 301 2527 Chronica,
309 2491 334 2520 ed.
342 2490 413 2526 Hearne,
421 2499 436 2528 p.
445 2499 458 2520 1.
531 2489 538 2507 ²
548 2490 582 2520 The
590 2490 643 2521 whole
650 2491 669 2522 ol
674 2490 706 2521 thia
713 2490 762 2521 Carta

60 2529 77 2558 S.
84 2530 145 2559 Patn'cii
153 2531 166 2559 is
173 2531 189 2559 in
196 2530 241 2560 Will.
249 2529 302 2560 Malm.
309 2530 341 2559 and
349 2530 383 2561 loh.
390 2530 415 2561 Gl.
423 2539 439 2568 p.
446 2531 472 2568 63.

80 2595 120 2622 VOL.
128 2597 147 2621 11.
406 2597 419 2622 U
