1762 2803
109 102 111 108 ·
135 105 181 150 444
328 91 407 145 nont
422 88 539 154 uramur
553 90 646 154 annio.

135 210 260 247 venerabiles¹
276 210 324 246 beati
341 210 422 246 Wiifridi
440 211 526 257 reliquias
542 224 589 259 quas
608 211 724 256 aduexerat’,
739 212 758 247 in
774 212 838 249 maiori

136 267 192 310 altari,
201 268 248 311 quod
260 266 279 300 in
288 267 358 301 honore
367 265 436 301 domini
447 266 502 301 ihesu
511 267 579 302 Christi
587 272 678 302 sacratum
687 271 731 309 erat,
739 267 838 302 collocauit.

137 314 188 355 Cum
200 320 249 354 enim
261 318 281 352 in
294 319 324 352 illo
337 319 377 352 loco
389 318 452 353 multis
464 319 517 354 annis
530 324 653 362 seruarentur,
665 319 796 363 omnipotentis
809 321 839 355 dei

136 373 211 408 tandem
219 371 288 406 occulto
295 371 361 406 iudicio
372 371 436 406 ciuitas
448 372 586 408 Cantuariorum
596 373 635 409 fere
646 377 682 408 tota
692 372 735 417 igne
743 378 838 417 crematur,

120 425 249 468 5ecclesiaque
261 424 329 458 Christi
340 425 405 458 eodem
416 425 501 460 incendio
515 426 641 469 conflagratur.
669 425 726 459 Cuius
739 425 839 469 conflagra-

136 477 191 513 tionis
206 488 254 512 anno
269 476 328 520 tertio,
344 476 465 512 Lamfrancus
480 478 596 513 cadomensis
613 479 675 520 abbas,
690 478 839 524 archiepiscopus

137 530 268 567 cantuariensis
285 536 407 574 consecratus,
423 532 508 577 quicquid
527 531 585 577 ipsius
600 532 677 567 ecclesie
692 532 757 567 vetusti
776 533 839 577 operis

136 585 235 627 resederat,
243 595 292 618 noua
299 585 361 618 omnia
368 589 511 627 constructurus,
519 584 588 620 euertit.
604 584 651 619 Cum
658 584 728 628 [ετὲο]θ
736 585 839 629 predictum

137 639 193 672 altare
204 638 347 679 subuerteretur‚
358 637 434 681 reliquie
447 637 495 672 beati
503 637 583 672 Wiifridi
596 643 676 680 reperte,
688 649 708 672 ac
720 637 780 672 leuate
791 644 839 679 sunt,

110 699 129 720 10
137 696 192 735 atque
202 690 221 723 in
234 689 300 724 scrinio
312 690 404 724 collocate.
426 689 496 724 Verum
507 701 549 724 cum
560 695 603 735 post
614 689 682 734 aliquot
693 701 752 724 annos
763 690 840 725 fratrum

136 745 221 779 voluntas
229 742 248 777 in
254 754 277 777 eo
285 743 421 778 consentiretvt
429 744 487 788 magis
493 744 530 778 fixo
538 744 578 778 loco
583 744 716 785 clauderentur,
722 744 839 788 sepulchrum

137 799 165 833 eis
176 796 195 832 in
206 795 307 841 aquilonari
319 801 371 841 parte
382 797 444 831 altaris
456 797 523 832 factum
535 802 567 840 est,
578 801 596 832 et
607 797 626 832 in
637 808 659 832 eo
671 801 713 832 sunt
723 801 787 841 quarto
798 796 840 832 idus

138 850 217 886 octobris
224 849 300 885 incluse.

438 912 523 947 Narratio
528 913 540 947 ⁴.

161 969 202 1011 Illis
210 974 260 1009 enim
268 974 332 1009 diebus
340 973 388 1009 circa
395 985 464 1009 annum
472 974 541 1010 domini
549 974 733 1019 septingentesimum
741 975 840 1019 septimum

111 1041 129 1072 15
139 1028 223 1073 ⁵[beatus
232 1027 299 1062 Hedda
307 1027 451 1062 Occidentalium
458 1029 553 1062 Saxonum
561 1029 660 1073 episcopus
668 1029 755 1063 celestem
761 1030 841 1073 {migral-

138 1083 164 1117 uit
175 1082 198 1117 ad
210 1082 278 1122 uitam;
295 1082 355 1116 bonus
370 1080 439 1125 quippe
454 1087 493 1116 erat
508 1093 529 1116 ac
545 1082 617 1126 (iustus)
631 1083 732 1116 secundum
747 1082 808 1123 fidem,
823 1088 841 1116 et

138 1135 261 1178 episcopalem
268 1133 325 1166 uitam
332 1134 372 1166 siue
381 1133 497 1176 (doctrilnam
505 1135 563 1177 magis
571 1133 626 1167 insito
635 1134 670 1167 sibi
681 1134 767 1167 uirtutum
779 1145 841 1168 amore

138 1188 201 1232 (quam
217 1185 332 1229 lectionibus)
347 1185 440 1220 institutus
456 1187 559 1222 exercebat.
588 1186 608 1221 In
626 1186 666 1221 loco
682 1191 743 1221 autem
758 1186 790 1230 (in)
804 1197 840 1231 quo

138 1239 250 1285 de(fu)nctus
262 1244 295 1282 est,
303 1239 326 1274 ob
337 1238 422 1274 meritum
437 1239 538 1275 sanctitatis
551 1239 605 1284 (eius)
619 1240 676 1275 multa
688 1239 785 1276 sanitatum
798 1245 841 1276 sunt

111 1310 130 1332 ω
138 1298 209 1338 patrata
220 1293 311 1334 miracula,
319 1292 440 1337 hominesque
449 1293 550 1337 (prouincie
561 1293 616 1336 illius)
626 1294 689 1327 solitos
700 1294 787 1337 ahialtum
798 1293 841 1328 inde

138 1348 234 1391 puluerem
243 1345 325 1390 propter)
338 1346 446 1389 languentes
457 1346 476 1380 in
489 1357 555 1390 aquam
567 1346 658 1390 (mittere),
670 1352 688 1380 et
701 1347 755 1381 huius
767 1352 841 1390 gustum

138 1400 177 1434 siue
189 1400 315 1443 aspersionem
326 1398 388 1432 multis
398 1399 495 1432 sanitatem
508 1399 576 1443 egrotis
591 1399 674 1433 conferre
689 1399 752 1443 [refert
765 1399 822 1442 Beda]
830 1401 841 1434 Β,

140 1445 180 1486 Illis
193 1451 250 1485 eciam
262 1450 347 1492 diebus]⁵
361 1451 456 1484 Conredus
469 1461 503 1483 rex
515 1451 626 1484 Merciorum
639 1451 718 1485 Romam
730 1451 813 1493 veniens,
823 1457 841 1486 et

139 1504 240 1539 monachus
251 1502 320 1537 ibidem
331 1503 394 1546 factus,
402 1504 425 1538 ad
437 1502 499 1537 limina
506 1503 631 1548 apostolorum
638 1504 657 1538 in
665 1504 756 1549 precibus,
764 1504 841 1548 ieiuniis

112 1574 130 1603 25
140 1565 157 1592 et
166 1556 272 1592 elemosinis
279 1567 338 1600 vsque
346 1558 368 1590 ad
377 1557 426 1591 diem
431 1558 532 1601 permansit
537 1558 627 1592 vltimum.
638 1557 694 1592 Venit
701 1563 762 1593 autem
770 1568 812 1593 cum
819 1569 842 1593 eo

140 1611 182 1646 Offa
189 1621 222 1645 rex
231 1609 350 1644 Orientalium
357 1610 457 1653 Saxonum,
463 1610 535 1644 iuuenis
542 1611 684 1653 amantissimus,
690 1611 721 1655 qui
729 1611 769 1655 pari
776 1613 841 1646 ductus

140 1663 237 1697 deuotione
249 1662 321 1706 reliquit
328 1672 410 1705 vxorem‚
418 1668 510 1706 cognatos,
519 1667 537 1697 et
548 1672 625 1707 regnum
637 1668 712 1708 propter
719 1663 812 1698 Christum
824 1668 842 1699 et

140 1721 216 1761 propter
227 1715 347 1759 euangelium,
355 1720 374 1750 vt
381 1715 400 1750 in
408 1716 470 1750 seculo
481 1715 541 1750 futuro
551 1716 656 1759 centuplum
667 1721 685 1750 et
692 1716 747 1750 vitam
759 1722 842 1751 eternam

140 1768 253 1815 possideret:
265 1773 282 1803 et
291 1768 351 1804 Rome
357 1773 445 1812 attonsus,
451 1768 470 1804 in
476 1768 577 1804 monastico
585 1768 646 1805 habitu
652 1769 706 1805 vitam
713 1770 813 1814 complens,
819 1770 842 1804 ad

112 1832 132 1863 3⁰
140 1824 229 1860 visionem
236 1824 331 1858 beatorum
339 1823 464 1867 apostolorum
471 1823 491 1857 in
499 1822 543 1858 celis
550 1823 593 1857 diu⁷
601 1823 723 1859 desideratam
730 1823 820 1868 peruenit.

183 1955 198 1992 ἾῘ
210 1947 244 1990 DE
255 1965 325 1989 sanem
336 1947 431 1990 WYRONE
443 1965 530 1990 Erlscoro
542 1966 656 1995 QuIEschrE
668 1966 687 1988 IN
699 1947 801 1989 TRAIECTO

355 2028 451 2053 lurnnlonl
463 2029 485 2053 ET
497 2018 631 2053 CONFESSOREB.

143 2103 246 2183 SAnctus
252 2102 311 2148 Wyro
319 2113 343 2139 ex
351 2102 413 2139 Scotia
419 2102 513 2146 oriundus,
519 2107 567 2138 etate
576 2102 605 2137 etu
613 2101 708 2138 sanctitate
714 2102 843 2138 canonicorum

196 2157 286 2199 graduum
293 2157 356 2189 ordine
364 2156 467 2199 proficiens,
476 2161 494 2189 et
502 2157 571 2190 florens
579 2161 622 2189 ante
630 2156 684 2189 deum
690 2161 709 2189 vt
717 2157 783 2199 palma,
792 2157 826 2199 [v]t
831 2156 844 2174 ¹⁰

142 2209 208 2242 cedrus
215 2207 235 2240 in
243 2209 298 2241 domo
308 2207 377 2241 domini
388 2207 523 2251 multiplicatus,
531 2207 566 2241 deo
577 2212 596 2241 et
606 2207 711 2242 hominibus
722 2208 805 2243 amabilis
815 2212 844 2242 est

142 2261 223 2296 effectus.
247 2260 288 2294 Non
307 2260 396 2304 frangitur
410 2260 429 2294 in
444 2261 533 2302 aduersis,
549 2271 582 2294 nec
597 2261 690 2294 extollitur
704 2261 724 2294 in
737 2262 843 2306 prosperi53

115 2336 134 2366 35
143 2313 200 2349 sacris
212 2323 249 2347 non
260 2312 343 2357 fatigatur
352 2313 423 2357 vigiliis,
436 2311 517 2357 pascitur
528 2313 644 2357 orationibus,
656 2313 728 2348 ieiuniis
740 2313 843 2349 hilarescit:

142 2379 177 2403 nec
184 2367 220 2402 vlla
231 2377 293 2401 rerum
305 2368 395 2401 sententia
406 2371 464 2401 mutat
475 2367 535 2401 locum
546 2366 640 2412 propositi,
652 2373 757 2403 sanctorum
770 2372 843 2413 patrum

115 2472 116 2476 ,
162 2447 197 2479 1Ε.
205 2446 304 2475 venerabilis.
357 2445 391 2474 ’Β
399 2446 490 2474 adduxerat.
548 2445 594 2476 ³om.
602 2446 618 2475 in
627 2445 644 2476 E.
700 2447 734 2477 ⁴rf.
743 2445 812 2475 BedaV.
821 2447 843 2475 18.

143 2487 175 2510 Μ
184 2486 236 2516 added
244 2486 260 2514 in
267 2485 286 2515 T.
341 2484 347 2501 ⁵
357 2494 387 2515 om.
442 2484 448 2501 ⁷
459 2485 477 2514 E.
485 2484 511 2513 diu
519 2485 535 2514 in
543 2485 586 2515 celis.
645 2485 651 2502 ⁶
660 2484 699 2516 This
706 2485 733 2515 life
740 2486 754 2515 is
762 2495 792 2517 om.
802 2485 818 2515 in
825 2485 843 2515 T.

143 2526 223 2563 Abridged
232 2525 273 2555 from
283 2525 310 2554 the
317 2524 353 2555 Vita
364 2525 380 2554 in
390 2524 410 2555 Α.
418 2525 447 2556 SS.
458 2525 517 2555 nolle
528 2525 566 2563 May
573 2526 593 2556 ll.
602 2535 616 2564 p.
624 2535 658 2566 312,
666 2536 686 2556 an
697 2530 758 2557 extract
768 2527 786 2556 of
790 2526 844 2556 which

144 2565 249 2598 isthelifein
257 2565 317 2596 Surius.
358 2564 432 2597 'aiom
473 2564 564 2597 ¹⁰T.E.et.
