1762 2803
245 84 291 141 wc
305 82 405 138 sanctu
421 84 588 139 minuatum.
721 91 764 144 4⁶1

64 207 141 249 tulisset,
156 205 241 250 aperiens
256 217 277 241 os
292 216 346 241 suum
360 205 487 241 Winwaloeus
502 211 521 240 et
534 207 569 241 deo
581 207 650 251 gratias
665 218 728 253 agens,
740 208 766 243 sic

64 258 158 304 respondit
172 258 201 294 ei:
218 259 340 294 ‘Benedictus
354 258 386 301 sis,
398 259 523 294 amantissime
538 259 599 302 irater,
612 261 654 305 quia
668 261 695 294 tui
710 261 767 295 solius

64 312 121 358 aperti
133 317 177 347 sunt
190 311 242 353 oculi,
254 311 286 357 qui
301 312 335 347 hec
350 317 387 347 tam
402 316 452 347 recte
465 313 489 348 de
502 323 532 348 me
544 311 623 348 iudicare
635 313 720 357 potuisti?
743 313 767 349 Et

63 368 146 412 protinus
156 366 249 409 quendam
259 365 333 400 cecum¹
344 366 427 400 deturba
435 366 457 400 ad
465 365 525 400 locum
533 372 625 400 secretum
635 367 735 408 adducens,
742 367 767 402 ita

63 429 117 454 orans
125 418 160 452 ait:
173 418 233 452 ‘Sicut
241 418 304 452 oculos
312 428 402 460 cecorum,
410 419 526 453 clamantium
537 420 560 454 ad
568 425 586 453 te
594 419 700 455 “Miserere
709 420 766 455 nostri
775 427 784 457 5

63 472 88 506 fili
97 471 173 511 Dauid,”
181 471 255 512 sanasti,
263 471 288 504 ita
296 476 315 504 tu
323 471 397 505 domine
406 471 461 505 lhesu
470 471 549 512 Christe,
557 472 638 515 digneris
645 471 699 506 istius
706 471 768 507 fratris

62 524 81 559 in
93 528 111 558 te
126 522 235 558 confidentis
251 523 314 558 oculos
325 526 401 558 sanare!
423 524 447 557 Et
458 523 544 568 aperiens
555 524 618 558 oculos
630 524 670 558 eius
682 525 767 559 manibus

63 577 101 613 suis
113 581 131 610 et
142 587 213 620 spuens
225 575 243 610 in
257 575 303 618 illos,
316 576 371 611 dinitr
386 576 500 622 ‘Argentum
513 582 531 612 et
544 587 609 611 aurum
621 588 658 611 non
670 583 698 612 est
709 577 766 621 mihi;

63 632 111 676 quod
123 635 184 664 autem
199 630 264 672 habeo,
277 631 312 665 hoc
327 632 351 665 do
366 630 409 665 tibi:
426 631 445 665 in
461 630 536 666 nomine
551 630 621 666 domini
636 631 694 666 nostri
710 631 766 666 Ihesu

63 682 130 717 Christi
144 682 226 725 respice!
248 683 285 724 Qui
297 684 358 716 statim
373 685 443 727 apertis
455 684 512 717 oculis
524 684 572 718 clare
582 683 633 718 vidit.
677 678 766 729 Quadam
776 692 795 714 ιο

63 737 97 778 die,
108 745 149 768 cum
161 745 215 768 soror
224 746 258 769 sua
268 735 345 780 paruula
355 746 397 770 cum
408 736 449 770 aliis
460 736 531 770 luderet
542 736 614 780 puellis
625 735 691 770 accidit
701 742 721 770 vt
732 747 767 781 oga

64 787 164 824 transeunti
173 788 227 821 obuia
235 795 338 824 occurreret
349 790 458 834 oculumque
466 789 506 824 eius
514 789 603 834 diripiens
611 790 685 833 penitus
693 796 767 824 erueret

63 848 116 886 atque
124 842 235 876 absorberet.
258 842 281 876 Et
289 844 333 877 dum
345 843 379 878 hec
390 848 430 878 acta
437 849 506 886 essent,
514 843 591 887 angelus
599 842 669 877 domini
677 842 695 877 in
704 854 766 889 somp-

63 895 92 930 nis
108 899 161 930 nocte
177 894 262 939 sequenti
277 895 360 940 apparuit
374 896 496 938 Winwaloeo,
513 897 589 932 dicens:
608 896 685 941 ‘Surge
700 896 766 931 festina

63 955 80 982 et
89 958 180 981 merorem
189 953 287 991 parentum
297 954 370 982 tuorum
380 950 454 983 releua:
466 960 509 983 nam
521 949 582 990 hodie,
591 959 667 992 gregem
679 951 767 993 ogarum²
775 956 793 987 ¹5

63 1000 109 1046 gallo
126 1000 216 1043 trahente,
230 1000 284 1035 vnica
301 1012 389 1046 germana
405 1007 436 1036 tua
453 1001 532 1047 perdidit
547 1002 621 1035 oculum
636 1011 701 1036 suum:
720 1002 766 1037 sed³

62 1055 112 1089 locus
123 1054 142 1088 in
154 1065 191 1098 quo
202 1059 230 1089 est
242 1056 353 1097 reconditus,
364 1062 429 1091 venter
439 1067 473 1100 oge
487 1057 525 1090 est’
548 1055 632 1100 Cumque
643 1055 666 1090 ad
677 1061 766 1100 parentes

63 1118 106 1142 suos
113 1106 201 1150 venisset,
209 1118 250 1142 eam
259 1118 314 1151 quam
324 1109 390 1143 ceteris
401 1107 540 1144 eminentiorem
552 1108 614 1151 cernit,
622 1107 680 1144 teneri
689 1119 710 1144 ac
718 1109 765 1144 euis-

63 1159 120 1194 cerari
131 1160 178 1194 fecit.
201 1160 225 1193 Et
233 1166 309 1204 accepto
319 1160 363 1196 inde
374 1161 432 1204 oculo,
440 1166 458 1196 et
468 1160 487 1194 in
496 1161 557 1196 locum
564 1171 618 1195 suum
626 1161 691 1205 posito,
699 1172 764 1196 sanum

63 1211 140 1246 reddidit
146 1211 203 1247 illum.
218 1212 264 1247 Ales
270 1223 320 1255 vero,
325 1214 377 1257 quasi
383 1223 394 1247 a
400 1214 450 1247 nullo
458 1219 551 1247 contactus
557 1213 627 1254 suisset,
632 1219 703 1247 ceteras
707 1224 764 1248 sanus
773 1222 793 1245 ιο

64 1264 123 1299 adibat
131 1276 181 1299 aues.
237 1258 290 1300 Dum
298 1266 372 1310 quidam
381 1266 517 1310 condiscipulus
524 1275 570 1300 suus
577 1275 676 1310 sompnum
684 1272 764 1310 caperet,

63 1330 141 1364 serpens
149 1318 210 1354 subito
220 1329 283 1354 morsu
291 1320 358 1364 pedem
366 1320 406 1354 eius
413 1320 455 1354 lesit
462 1324 557 1364 totumque
565 1329 638 1354 veneno
650 1317 718 1353 infecit.
740 1319 764 1354 Et

62 1378 158 1416 grassante
168 1384 203 1416 per
212 1372 274 1407 omnia
285 1373 368 1408 membra
378 1384 463 1408 veneno:
474 1383 516 1407 eum
528 1382 593 1407 seruus
605 1372 635 1407 dei
644 1372 720 1407 vidisset
732 1373 764 1408 fis·

63 1435 123 1458 suram
130 1426 161 1458 vbi
169 1436 190 1459 se
198 1426 278 1459 lubricus
285 1426 351 1469 anguis
359 1426 462 1466 occultarat,
470 1436 514 1459 mox
521 1435 567 1459 voce
575 1425 610 1458 alta
618 1425 696 1459 clamare
704 1425 764 1468 cepit:

63 1478 161 1523 ‘Quicquid
173 1479 239 1514 letiferi
249 1479 325 1514 seminis
337 1479 356 1513 in
368 1479 402 1514 ista
413 1478 474 1514 latitas
484 1478 537 1520 rima,
546 1489 629 1523 erumpe,
640 1478 698 1523 prode
710 1477 764 1519 foras,
773 1489 792 1520 ²5

63 1531 129 1566 Christi
138 1532 176 1575 (qui
184 1533 264 1567 deusest
272 1532 397 1578 omnipotens)
403 1532 410 1553 ⁴
417 1533 479 1568 edisce
487 1533 574 1577 trophea)
594 1533 633 1567 Nec
639 1542 697 1575 mora,
703 1533 764 1568 audito

63 1584 130 1619 Christi
138 1585 212 1620 nomine
220 1586 296 1621 sibilans
304 1597 382 1630 serpens
390 1587 413 1621 de
421 1585 495 1620 latibulo
502 1597 536 1620 suo
544 1585 608 1628 exiuit3
619 1590 637 1620 et
645 1585 698 1630 signo
706 1586 765 1620 crucis

63 1639 163 1680 confossus,
171 1639 245 1672 nemine
251 1639 329 1673 feriente
336 1639 409 1673 interiit.
433 1639 456 1673 Et
464 1640 505 1673 data
511 1638 584 1673 infirmo
592 1649 639 1682 aqua
647 1639 687 1672 oleo
694 1637 765 1673 insusa⁵

63 1690 85 1722 ad
96 1690 202 1733 bibendum,
210 1690 271 1735 fugato
283 1692 343 1724 omnis
352 1690 414 1724 lesure
421 1690 498 1734 vestigio
506 1690 603 1725 conualuit.
626 1690 680 1731 Quod
688 1692 765 1725 audiens

62 1747 113 1785 pater
123 1744 163 1778 eius
174 1744 266 1779 Fracanus
275 1743 325 1778 venit
336 1744 360 1779 ad
371 1755 414 1779 eum
425 1749 443 1779 et
455 1743 511 1779 dixit:
524 1743 568 1778 ‘Fili
580 1742 611 1786 mi,
618 1749 636 1778 te
648 1743 738 1788 deprecor
745 1749 765 1779 vt
773 1753 793 1783 30

62 1795 156 1831 dominum
168 1798 223 1832 deum
234 1802 285 1832 tuum
297 1808 365 1832 exores
375 1803 395 1832 vt
406 1797 442 1831 tale
453 1796 561 1842 pestiferum
573 1807 632 1840 genus
644 1807 735 1841 nusquam
744 1797 764 1832 in

62 1848 95 1883 ista
103 1850 178 1895 regione
186 1862 275 1896 apparere
283 1851 388 1895 presumat!
411 1850 445 1885 Illo
452 1855 513 1885 autern
522 1851 577 1885 deum
585 1850 687 1893 inuocante,
695 1849 763 1886 sactum

62 1908 89 1936 est
97 1909 115 1938 vt
125 1905 195 1939 nullum
207 1904 281 1939 omnino
291 1904 380 1948 deinceps
389 1904 425 1938 tale
437 1903 544 1948 pestiferum
556 1914 615 1947 genus
623 1903 642 1937 in
650 1903 681 1937 illa
688 1903 764 1948 regione

62 1957 169 1998 apparuisse
184 1957 266 1999 dicatur;
281 1962 300 1990 et
314 1957 330 1990 si
345 1956 444 2000 aliquando
457 1956 546 2000 probandi
558 1956 616 1999 gratia
627 1956 670 1989 illuc
682 1956 763 1990 delatum

62 2007 119 2053 suerit,
134 2010 187 2055 quasi
205 2009 285 2045 tridente
303 2008 408 2044 confossum
425 2008 487 2043 statim
506 2019 527 2043 se
544 2008 652 2043 moriturum
670 2009 764 2054 expandit.
772 2020 791 2053 35

63 2054 112 2096 Cum
124 2074 171 2107 puer
177 2064 251 2108 quidam
264 2064 339 2098 Fracaui
350 2064 374 2098 de
386 2074 433 2107 equo
443 2062 498 2097 nimis
505 2063 592 2097 velociter
600 2068 685 2097 currente
695 2065 764 2098 cadens

61 2115 169 2159 expirasset,
182 2122 256 2151 sanctus
268 2116 394 2150 Winwaloeus
408 2126 451 2150 casu
467 2115 607 2160 superueniens,
620 2117 716 2151 dexteram
732 2117 764 2151 de-

61 2166 117 2201 functi
128 2170 256 2212 apprehendit,
268 2169 343 2204 dicens:
358 2168 458 2203 ‘Dominus
471 2168 537 2203 lhesus
549 2169 639 2211 Christus,
651 2168 681 2214 qui
692 2175 711 2203 te
722 2181 764 2205 eum

62 2227 98 2251 non
109 2231 151 2255 eras
162 2222 265 2266 plasmauit,
277 2226 295 2255 et
306 2231 380 2256 carnem
394 2231 471 2256 sumens
483 2222 506 2255 de
517 2221 589 2265 virgine
600 2220 716 2255 immaculata
727 2222 764 2266 pati

62 2280 96 2313 pro
103 2278 121 2307 te
129 2275 215 2318 dignatus
223 2281 256 2317 est,
265 2277 361 2310 resuscitet
368 2276 396 2310 te.¹
413 2275 436 2309 Et
443 2286 495 2319 puer,
503 2273 556 2318 quasi
563 2286 575 2308 a
582 2285 661 2319 sompno
669 2276 764 2318 excitatus,
772 2286 793 2315 4ο

62 2326 122 2360 statim
130 2329 216 2363 surrexit.
262 2321 358 2373 Egressus
365 2329 440 2363 demum
448 2329 472 2363 de
480 2327 520 2363 loco
528 2327 558 2362 illo
567 2338 608 2362 cum
616 2327 701 2362 undecim
709 2328 764 2364 sociis

61 2374 192 2424 Winwaloeus,
200 2383 219 2416 in
226 2382 287 2417 insula
295 2383 374 2426 quadam
378 2382 390 2423 ⁶,
398 2381 455 2416 acutis
466 2381 543 2426 rupibus
550 2386 568 2416 et
576 2381 622 2415 mari
630 2381 764 2426 circumcincta,

62 2430 110 2465 nulla
125 2432 220 2469 hominum
235 2435 346 2470 habitatione
365 2434 426 2479 digna,
441 2445 517 2469 manere
535 2435 588 2478 cepit,
604 2434 703 2468 oratorium
720 2446 764 2469 con-

80 2500 206 2536 ¹T.E.secum.
247 2506 478 2545 ‘Bodiocagallotrahente
519 2505 553 2535 ³T.
561 2505 579 2536 E.
587 2505 616 2536 sed
624 2509 644 2535 et.
686 2505 763 2543 ‘quim

62 2541 161 2582 omnipotens
170 2556 200 2576 om.
207 2545 224 2576 in
231 2546 248 2577 T.
257 2545 303 2578 Bodl.
343 2546 349 2565 ³
359 2547 379 2578 al
387 2547 456 2578 confusa.
497 2545 503 2564 ⁰
513 2554 535 2576 sc.
542 2545 655 2584 Theopompo,
661 2545 723 2583 Tibidy.
