1762 2803
229 135 275 190 bt
290 132 390 186 &dmin
406 132 522 195 damino.
684 147 726 192 371

27 259 98 304 cipauit.
121 257 157 291 Per
168 256 252 300 singulos
262 256 324 299 itaque
335 254 405 289 ordinis
417 254 535 290 ecclesiastici
548 256 616 299 gradus
630 256 653 290 ad
666 265 728 289 sacer·

27 313 94 349 dotium
105 321 164 354 vsque
173 314 277 354 prouectus,
287 319 331 343 mox
342 313 399 343 totam
409 309 465 343 vitam
477 319 530 343 suam
541 308 560 343 in
572 307 726 353 contemplatione

28 367 88 401 diuina
96 363 191 399 conuertit.
213 362 249 396 Vbi
256 372 301 396 vero
308 361 444 405 Wigorniensis
456 363 511 396 sedes
522 362 610 405 pontifice
620 362 684 395 orbata
694 366 728 402 est,

28 418 92 453 clamat
104 415 170 457 clerus,
183 413 229 458 petit
241 413 326 458 populns,
339 413 414 447 beatum
424 412 484 447 virum
498 425 533 459 pro
545 413 647 448 sanctitatis
661 412 728 447 merito

27 472 49 506 ad
62 468 186 513 episcopalem
198 467 306 511 dignitatem
319 466 461 500 sublimandum.
484 467 552 501 Beatus
565 473 626 501 autem
640 465 747 511 nginuss

27 523 103 558 multum
112 521 204 554 reluctans
212 524 230 554 et
238 519 325 560 renitens,
333 519 459 554 consentiente
468 530 510 553 cum
519 520 568 553 clero
579 524 597 554 et
607 520 676 563 populo
683 529 728 562 rege

29 574 133 612 Ethelredo,
148 572 205 606 immo
222 577 298 616 rogante
313 577 331 606 et
345 571 445 616 plurimum
464 578 547 616 cogente,
562 574 586 606 ad
601 573 728 617 episcopatum

28 627 77 665 vrbis
88 625 170 672 prefate¹
183 631 289 670 assumptus
302 630 335 659 est.
358 625 382 659 Et
394 626 455 660 statim
467 625 523 660 diuini
535 626 586 660 verbi
600 625 674 661 inclitus
687 636 728 670 pre-

28 682 96 717 dicator
108 680 189 720 effectus,
201 679 254 713 bonis
266 680 336 713 actibus
348 680 398 713 omni
411 679 508 713 conamine
520 690 595 723 operam
609 680 664 720 dedit,
677 685 728 713 tanto

29 733 118 775 humilior,
136 736 205 776 quanto
223 731 282 766 altiori
301 731 409 766 sublimatus
427 737 466 766 erat
481 731 546 766 officio.
573 732 645 767 Charus
660 733 695 766 deo
710 737 728 766 et
738 738 758 760 1⁰

29 786 137 827 hominibus,
149 785 232 829 ²ipsique
246 784 285 829 regi
299 784 401 829 prudentia,
414 785 493 828 equitate
508 784 539 818 et³
551 785 639 827 doctrina,
652 784 728 820 consilio

29 839 113 882 omnique
125 838 216 882 probitate
229 844 267 872 erat
279 838 380 882 acceptust
404 838 459 872 Pater
471 839 601 882 orphanorum,
616 844 729 873 sustentator

28 893 129 933 uiduarum,
140 896 159 924 et
170 891 294 924 desolatorum
306 897 345 925 erat
356 891 465 924 consolator.
488 891 576 925 Potenter
585 902 618 926 eos
628 892 729 934 redargue·

29 947 59 979 bat
74 945 104 987 qui
119 953 165 977 sane
180 943 223 977 fidei
238 943 353 983 resistebant,
367 947 386 976 et
398 943 465 977 leniter
479 942 531 977 suaui
544 942 587 987 iugo
603 942 671 977 Christi
683 942 730 977 colla

30 995 141 1031 subdentes*
156 995 279 1029 demulcendo
284 994 296 1028 ⁶.
319 994 384 1028 Prauis
399 999 437 1028 erat
450 1006 512 1028 sermo
527 994 567 1029 eius
579 996 632 1040 quasi
645 995 730 1029 stimulus
740 1003 758 1032 15

29 1051 58 1085 let
65 1048 117 1094 qnasi
125 1048 188 1084 clauus
195 1048 214 1083 in
222 1049 278 1083 altum
286 1048 380 1090 defixus²3
390 1048 492 1083 mansuetis
500 1048 552 1094 quasi
560 1049 620 1084 oleum
625 1048 731 1093 apparebat.

31 1102 110 1147 Populos
120 1102 193 1137 nouiter
200 1113 300 1137 conuersos
311 1107 329 1136 et
340 1101 446 1147 gentilitatis
455 1102 515 1137 adhuc
525 1102 625 1146 plurimum
637 1102 731 1147 sapientes

31 1161 48 1190 et
59 1166 121 1189 errore
136 1155 223 1199 antiquo⁸
236 1155 255 1189 in
268 1155 330 1189 multis
342 1156 429 1198 deceptos
441 1153 544 1199 illicitisque
557 1155 654 1190 connubiis
667 1160 731 1189 contra

31 1208 146 1242 christianam
158 1213 227 1242 sectam
238 1208 336 1250 inuolutos,
346 1220 357 1242 a
368 1208 450 1241 saucibus
461 1207 527 1242 diaboli
538 1208 645 1242 abstrahere
654 1208 731 1252 cupiens

31 1266 49 1294 et
60 1261 83 1293 ab
95 1271 157 1294 errore
171 1266 189 1294 et
202 1261 287 1304 squalore
297 1265 370 1294 vetuste
381 1259 486 1303 gentilitatis
498 1267 606 1295 conuertere
617 1261 730 1300 desiderans,
740 1270 760 1292 20

32 1313 54 1346 de
66 1313 133 1347 talibus
146 1314 169 1347 ad
183 1324 216 1347 eos
231 1324 276 1357 sepe
293 1313 379 1357 loquutus
394 1318 433 1355 estg
449 1312 484 1347 ²de
499 1314 586 1357 predictis
599 1313 700 1347 sceleribus
713 1319 731 1347 et

32 1365 124 1399 erroribus
137 1370 192 1410 atque
203 1366 270 1401 illicitis
282 1365 427 1410 copulationibus
438 1365 536 1400 durissime
552 1376 585 1400 eos
599 1365 698 1410 increpans
713 1371 732 1401 et

32 1418 109 1462 amplius
120 1418 162 1452 talia
171 1417 290 1463 perpetraret
300 1418 418 1459 interdicens,
429 1418 484 1451 deum
493 1418 528 1453 ista
536 1419 624 1452 damnare
631 1418 731 1461 asseruit²3

32 1470 121 1505 tremendi
135 1471 196 1506 iudicii
209 1477 228 1506 et
240 1471 395 1515 sempiternorum
408 1476 540 1506 tormentorum
553 1471 621 1507 crebris
632 1472 731 1506 verborum

32 1524 115 1559 tonitruis
130 1526 232 1560 retundens
245 1525 318 1570 lapidea
332 1525 393 1566 corda,
408 1535 493 1568 arguens,
508 1524 613 1566 obsecrans,
628 1524 733 1569 increpans,
741 1533 761 1564 ²5

33 1576 51 1609 in
66 1578 116 1611 omni
131 1578 218 1621 patientia
234 1584 252 1612 et
266 1578 354 1612 doctrina.
376 1577 446 1611 Verum
461 1578 503 1621 quia
518 1577 649 1612 insanabilibus
664 1579 733 1612 morbis

33 1629 141 1676 plerumque
153 1631 208 1667 officit
221 1631 316 1672 medicina,
329 1632 352 1666 ab
365 1630 433 1666 inuidis
445 1635 463 1665 et
476 1631 555 1666 inimicis
570 1630 613 1666 fidei
627 1642 673 1667 seua
686 1636 733 1666 tem·

33 1688 95 1725 pestas
113 1685 247 1727 persecutionis
263 1684 358 1725 excitatur,
374 1690 393 1718 et
411 1684 510 1719 seditiosa⁸
529 1684 549 1718 in
565 1690 649 1719 sanctum
665 1685 734 1719 domini

34 1742 127 1777 grassatur
143 1743 161 1771 et
173 1737 192 1772 in
205 1737 261 1772 vitam
273 1737 313 1772 eius
326 1737 377 1771 salsis
389 1737 482 1781 tigmentis
496 1741 581 1772 armatur.
603 1737 674 1783 Vulgus
689 1748 734 1783 ergo

34 1792 51 1820 et
64 1790 147 1832 populus,
161 1791 213 1824 cuius
224 1790 262 1824 vita
275 1796 293 1823 et
305 1789 382 1824 intentio
394 1789 475 1833 procliua
487 1795 526 1824 erat
537 1791 560 1823 acl
572 1790 640 1824 malum
645 1791 657 1832 ⁰,
668 1790 734 1825 videns
742 1799 763 1829 30

35 1839 86 1872 sibi¹⁰
97 1841 159 1876 illicita
171 1852 208 1876 non
221 1843 282 1883 licere,
294 1847 312 1876 et
324 1846 397 1876 assueta
408 1841 452 1875 vitia
463 1842 528 1875 nolens
533 1841 546 1860 ¹¹
557 1842 673 1886 relinquere3
684 1843 735 1877 vnde

35 1892 123 1933 proficere
135 1894 203 1935 debuit,
212 1894 256 1929 inde
265 1899 329 1929 contra
337 1899 421 1928 sanctum
432 1893 462 1927 dei
473 1894 492 1928 in
502 1894 548 1928 iram
558 1899 576 1928 et
586 1894 648 1928 odium
660 1895 735 1938 exarsit,

35 1949 53 1976 et
62 1956 104 1980 eum
114 1947 137 1980 ab
147 1948 253 1992 episcopatu
263 1948 338 1991 expulit.
361 1946 447 1981 Permisit
459 1947 493 1982 hoc
504 1946 559 1982 etiam
571 1947 660 1982 excitatns
671 1953 734 1982 eontra

35 2006 77 2032 eum
86 1999 132 2033 liuor
142 2001 210 2045 regius.
233 2001 261 2035 De
272 2011 295 2034 eo
307 2010 376 2044 nempe
387 2010 424 2033 non
435 2000 494 2033 solum
505 2000 554 2044 apud
563 2010 628 2044 regem
639 2000 735 2044 accusatio,

36 2051 68 2084 sed
83 2052 137 2088 etiam
152 2054 201 2099 apud
216 2065 313 2090 romanum
332 2052 437 2099 pontificem
452 2053 475 2088 ab
490 2052 569 2089 inimicis
587 2054 658 2099 prolata
676 2054 763 2093 socratas

36 2102 105 2139 delatio.
128 2107 180 2142 Tunc
191 2108 220 2142 vir
231 2109 261 2143 dei
272 2108 309 2142 fide
321 2107 408 2149 munitus,
420 2107 482 2141 diuina
495 2108 619 2142 consolatione
634 2108 735 2150 roboratus,

36 2157 116 2200 angelico
132 2161 209 2195 consilio
224 2161 288 2203 fretus,
300 2171 342 2196 cum
356 2171 376 2195 se
387 2160 464 2196 vidisset
479 2161 502 2195 ad
517 2166 609 2196 certamen
621 2159 688 2203 vocari,
700 2171 736 2206 pro

36 2209 113 2245 salute¹²
129 2213 209 2248 errantis
228 2214 291 2259 populi
305 2219 324 2248 et
338 2213 462 2248 annihilandis
476 2213 590 2248 inimicorum
605 2213 698 2257 figmentis
712 2215 736 2249 ad

36 2264 153 2303 apostolicam
172 2267 236 2301 sedem
253 2267 280 2301 ire
295 2266 390 2311 disposuit.
418 2266 507 2309 Quamuis
522 2266 571 2300 enim
586 2265 615 2299 vir
629 2266 658 2300 dei
673 2276 735 2301 coram

37 2310 140 2352 hominibus
155 2329 176 2353 se
189 2319 292 2355 immunem
307 2319 330 2354 ab
345 2318 400 2354 illatis
415 2318 475 2362 sciret,
489 2324 551 2353 tamen
566 2317 609 2363 quia
623 2329 685 2353 coram
700 2320 736 2354 deo
745 2327 766 2360 40

37 2369 116 2406 peccatis
128 2382 149 2405 se
161 2372 261 2406 obnoxium
273 2383 316 2406 esse
328 2383 366 2406 non
381 2372 497 2412 diffitebatur,
510 2377 528 2404 et
541 2372 596 2405 etiam
608 2382 643 2414 pro
657 2373 738 2416 peccatis

37 2420 100 2462 populi
111 2422 145 2466 sui,
154 2426 214 2469 pedes
225 2437 269 2460 suos
278 2424 357 2459 vinculis
367 2424 432 2459 serrels
443 2423 532 2467 astrinxit,
544 2435 580 2468 que
591 2423 643 2459 clauc
654 2430 739 2470 poterant

38 2500 238 2556 ⁵¹Boll.presateurbis.
263 2509 412 2541 ¹-²0m.inRawl.
437 2508 534 2540 ’omin'R
561 2508 740 2543 *Bollsubmittentss

37 2541 230 2611 fl{Belideun'rlcebat
258 2550 314 2581 “Boll
322 2555 390 2581 vetusto.
417 2547 533 2596 'Boll3agere
563 2548 741 2590 ⁸R.seditiosapeste.

69 2585 253 2628 .addsomn1tempore.
283 2590 296 2611 ²⁰
305 2590 323 2622 T.
333 2591 380 2622 nse
412 2588 424 2608 ¹¹
434 2590 515 2621 onamT.
547 2588 650 2622 ”Esaluta

366 2640 417 2674 uba
