1762 2803
38 169 173 210 ussaiw-r
203 156 666 219 maffiamnnnmnatetmartptn
697 169 740 215 577

39 287 83 319 ‘non
97 289 122 316 est
138 280 231 323 sapiencia,
242 289 278 312 non
292 284 319 311 est
335 278 425 311 consilium
440 283 500 311 contra
515 277 616 311 dominum.y
638 279 676 312 Rex
691 277 743 320 igitur

38 334 113 378 predicte
125 336 203 363 matrone
216 328 314 370 presagium
328 328 413 361 reducens
427 328 451 361 ad
466 328 571 369 memoriam,
585 338 623 362 sese
636 328 653 361 in
666 327 742 363 lacrimis

38 384 90 423 dedit,
98 388 115 415 et
128 380 204 425 predicte
216 377 297 423 peticioni
308 377 400 413 clementer
411 378 501 413 consensit.
524 378 603 413 Tandem
612 377 664 421 Angli
675 378 742 422 regium

39 443 125 469 assensum
132 431 196 473 adepti,
202 430 307 463 deducentes
313 428 527 470 Edmundum,comitante
532 428 559 463 dei
565 429 624 471 gracia
630 435 742 463 recesserunt.

40 487 116 526 Cumque
123 481 228 515 diuertentes
234 480 257 512 ad
263 479 345 513 borialem
352 485 417 521 partem
425 478 538 513 Orientalium
546 479 642 522 Anglomm
650 479 742 513 intrassent
750 490 760 520 5

39 543 138 572 occeanum,
149 531 252 573 appulerunt
263 530 286 561 ad
297 528 432 572 promontorium
446 529 533 571 quoddam
545 539 617 571 paruum
629 536 647 563 et
658 529 743 571 pulcrum,

40 585 85 628 quod
90 591 145 624 vsque
152 581 204 613 bodie
212 579 344 620 Maydenboure
351 578 451 621 appellatur,
456 583 474 611 et
482 577 534 612 latine
540 578 544 595 ⁴
550 578 638 621 virginalis
645 578 742 612 thalamus'

40 635 163 676 interpretatur,
175 641 186 664 a
198 639 233 674 quo
245 628 362 673 promontorio
373 628 422 672 quasi
434 629 457 662 ad
468 628 518 662 vnius
530 629 592 672 sagitte
603 630 667 664 iactum
678 630 743 664 siccum

40 685 126 728 pedestres
134 687 260 715 transmearunt
268 680 344 713 fluminis
352 681 426 713 alueum.
448 680 497 713 Felix
504 678 557 721 igitur
564 680 632 713 aduena
640 680 743 713 Edmundus

40 734 153 777 procumbens
164 731 182 764 in
194 731 273 773 spaciosa
282 730 329 764 iuxta
337 731 400 763 flumen
409 729 487 773 planicie,
495 729 594 763 oracionem
605 729 702 772 specialiter
712 740 744 772 pro
753 740 772 762 ιο

40 784 94 826 patria
105 782 133 814 illa
143 781 192 821 fudit,
200 781 249 813 cuius
260 781 345 813 oracionis
352 780 433 813 virtutem
444 786 490 812 terra
502 779 583 813 adiacens
594 780 674 813 ostendit.
696 780 744 813 Nam

41 834 80 865 villa
94 831 122 864 cui
137 830 210 872 pertinet
225 830 273 862 locus
288 830 316 862 vbi
332 829 414 872 applicuit
433 835 450 862 et
464 829 525 868 orauit,
540 828 626 862 uberiores
641 835 709 872 segetes
724 840 744 861 ex

41 881 144 924 agricultura
151 890 182 923 pre
191 879 229 913 aliis
239 878 289 913 terris
296 878 387 922 Estanglie
394 878 458 913 habere
468 878 568 921 consueuit3
578 879 607 914 vbi
615 879 671 914 eciam
678 891 719 914 mox
726 886 744 913 vt

41 934 63 966 ab
73 931 152 965 oracione
162 930 233 964 surrexit
245 936 263 963 et
273 940 337 973 equum
346 930 430 970 ascendit,
438 929 529 963 duodecim
537 930 593 964 fontes
601 930 714 973 limpidissimi
722 931 745 964 de

41 990 85 1016 terra
92 987 190 1024 eruperunt,
196 982 225 1023 qui
233 981 290 1013 adhuc
298 980 380 1013 moderno
386 985 463 1022 tempore
470 990 506 1013 non
514 979 551 1012 sine
559 980 664 1013 intuendum
671 981 744 1013 admira·
754 990 772 1020 15

42 1033 90 1064 cione
101 1032 194 1062 decurrunt
206 1035 223 1062 et
234 1028 331 1062 delectabili
342 1038 363 1062 ae
373 1029 436 1062 festino
447 1039 534 1062 murmure
546 1028 608 1071 iugiter
620 1029 716 1064 defluentes
727 1030 745 1063 in

43 1082 78 1114 salo
86 1080 197 1113 descendunt.
221 1078 298 1121 Quorum
306 1078 355 1121 aquis
367 1077 434 1121 plurimi
443 1078 521 1119 languidi
529 1078 587 1119 abluti,
595 1079 667 1120 pristine
675 1079 745 1113 sanitati

43 1129 164 1163 suntrestituti.
173 1128 251 1162 Remotis
256 1128 311 1162 eciam
317 1127 451 1171 proinlirmitate
458 1128 494 1162 siue
499 1128 533 1161 alia
539 1127 659 1171 inc0m[m]odi
664 1130 687 1162 de
692 1141 746 1163 causa

43 1181 64 1213 ad
70 1181 164 1222 potandum
170 1180 230 1212 efficax
237 1179 315 1212 sanitatis
321 1178 415 1211 eorundem
421 1178 496 1212 foncium
503 1178 578 1212 defertur
583 1189 634 1221 aqua.
650 1181 745 1223 Postquam

43 1241 82 1264 vero
95 1230 199 1264 Edmundus
214 1239 287 1271 regnum
302 1229 379 1272 optinuit,
392 1230 450 1262 locum
465 1228 513 1262 illum
527 1229 633 1262 familiariter
647 1230 711 1271 dilexit,
724 1240 746 1264 ac
755 1241 774 1264 ao

43 1290 96 1321 prope
103 1281 158 1312 fontes
169 1280 187 1312 in
197 1278 279 1312 eminenti
289 1279 328 1310 loco
338 1279 396 1321 regale
406 1278 512 1311 domicilium
524 1278 606 1311 condidit.
628 1279 697 1312 Eadem
704 1289 745 1313 vero

43 1329 83 1361 villa
91 1329 255 1370 Honystannestoun
263 1337 338 1369 congruo
345 1327 416 1361 nomine
423 1332 538 1370 nuncupatur,
545 1326 593 1361 cuius
600 1338 664 1362 nornen
675 1330 747 1372 pulchre

44 1378 180 1422 interpretacioni
191 1384 264 1422 aptatur.
287 1377 291 1395 ¹
299 1378 370 1412 Mellee¹
378 1378 442 1412 etenim
450 1378 507 1421 ‘petre
515 1378 566 1412 villa¹
574 1385 629 1419 sonat,
637 1379 660 1412 ob
670 1380 746 1414 virorum

44 1429 122 1463 videlicet
139 1430 181 1463 inibi
200 1429 340 1463 conuersancium
358 1428 468 1462 dulcedinem
486 1434 503 1461 et
518 1428 579 1462 virium
597 1428 747 1472 inexpugnabilem

44 1479 164 1512 fortitudinem.
184 1478 220 1513 Viri
236 1478 294 1521 itaque
307 1478 396 1512 memorati
410 1479 517 1512 deduxerunt
530 1478 645 1511 Edmundum
660 1486 709 1513 cante
723 1481 746 1512 ad
755 1488 774 1519 ¹5

45 1529 131 1570 quandam
147 1529 207 1561 vrbem
223 1528 318 1571 antiquam,
333 1527 380 1561 iuxta
394 1526 470 1569 priorum
484 1526 598 1561 tradicionem
613 1539 624 1560 a
640 1539 680 1570 rege
694 1531 748 1562 Atlrla

45 1578 136 1619 conditam,
151 1588 184 1621 que
198 1578 326 1620 ‘athleburgh’
337 1577 374 1610 eius
389 1577 451 1611 dicitur
465 1588 486 1610 ex
500 1576 576 1617 nornine,
590 1577 601 1610 i.
614 1578 675 1612 ciuitas
690 1580 748 1614 Athle.

45 1627 149 1662 uniuersalis
163 1638 203 1662 vero
216 1626 280 1661 inimici
292 1627 375 1662 membris
388 1627 479 1670 agentibus
492 1634 509 1661 et
521 1638 553 1669 pro
565 1628 613 1670 regni
626 1629 748 1672 Estanglorum

46 1677 749 1722 apicepreposteredecertantibus,infraipsiusvrbismeniaperannumintegrum

46 1728 108 1769 deguit,
116 1728 187 1770 psalmis
195 1734 212 1762 et
220 1727 327 1761 oracionibus
335 1734 352 1761 et
361 1728 393 1770 piis
401 1727 439 1760 aliis
446 1727 527 1770 operibus
538 1728 628 1770 diligenter
635 1738 704 1764 vacans.
728 1731 748 1765 ln
757 1738 777 1768 3⁰

46 1787 79 1820 quo
85 1780 143 1822 spacio
149 1779 249 1821 psalterium
255 1779 302 1821 quod
308 1778 326 1811 in
332 1777 407 1812 Saxonia
413 1777 500 1821 inceperat
506 1778 601 1820 perdidicit.
617 1779 631 1815 ll
639 1780 671 1812 Ex
676 1781 749 1812 manicis

46 1828 129 1861 Hardea‘
141 1833 158 1860 et
171 1829 273 1861 Huntedoai.
296 1830 364 1861 Interea
378 1828 447 1861 sinister
462 1837 520 1860 rumor
537 1827 625 1868 regionem
639 1828 720 1870 impleuit,
732 1836 749 1863 et

46 1876 160 1912 inhabitantes
171 1878 222 1911 timor
233 1877 295 1920 ingens
306 1876 390 1919 perculit:
404 1876 512 1910 transmarini
524 1876 588 1909 etenim
596 1877 667 1920 quidam
678 1878 749 1921 piratice

47 1928 140 1962 crudelitati
152 1928 250 1962 insistentes
258 1927 335 1962 eiusdem
346 1926 434 1971 prouincie
444 1926 509 1961 crebris
519 1926 643 1969 irrupcionibus
654 1928 749 1971 depopula-

46 1977 107 2012 bantur
115 1979 168 2020 fines;
180 1985 206 2012 set
214 1985 230 2011 et
238 1989 298 2019 regum
305 1977 428 2011 collateralium
434 1977 514 2019 ambicio,
522 1977 581 2011 audita
589 1983 644 2011 morte
651 1978 696 2021 regis
704 1979 748 2018 Offe,
757 1991 776 2021 35

47 2028 144 2061 minabatur
151 2030 224 2062 eandem
231 2028 336 2071 prouinciam
345 2028 371 2061 vel
382 2038 412 2060 suo
421 2026 509 2060 subicere²
522 2027 597 2069 imperio,
605 2027 632 2059 vel
643 2027 749 2061 lamentabili

48 2077 144 2119 disperdere
152 2079 256 2112 exterminio.
273 2079 372 2111 Conuocato
380 2076 432 2118 igitur
439 2076 508 2118 populo,
516 2075 539 2109 de
546 2086 586 2117 rege
594 2076 673 2118 eligendo
681 2077 749 2120 questio

47 2127 108 2168 agitur.
131 2129 187 2170 Quem
201 2128 314 2162 Hunberthus
327 2127 354 2160 uel
370 2125 477 2159 Hunlerthus
491 2125 593 2159 elmanensis
606 2126 698 2170 episcopus
710 2138 750 2162 curn

48 2177 149 2218 primoribus
157 2178 253 2220 alloquitur,
261 2188 344 2217 asserens,
348 2182 423 2211 testante
431 2177 525 2210 senescallo
533 2177 578 2219 regis
585 2177 623 2211 otte
631 2179 660 2221 qui
669 2179 687 2211 in
695 2186 750 2213 morte

48 2226 83 2260 eius
100 2239 171 2271 presens
186 2234 227 2270 erat,
240 2227 353 2262 Edmundum
368 2226 413 2269 regis
428 2227 501 2261 Saxonie
515 2227 574 2268 filium,
586 2234 604 2261 et
615 2228 690 2262 defuncti
704 2230 750 2271 regis
758 2242 779 2273 4⁰

48 2278 137 2320 Estanglie
150 2279 271 2321 propinquum,
282 2288 336 2319 regno
347 2278 383 2310 fore
396 2277 512 2308 necessarium
524 2283 541 2308 et
553 2277 630 2318 dignum,
640 2278 751 2320 eiusdemque

49 2327 92 2369 regis
100 2328 176 2361 defuncti
184 2328 285 2361 mandatum
293 2327 366 2366 intimat,
374 2332 391 2360 et
399 2336 458 2359 eorum
465 2336 555 2359 assensum
564 2336 616 2370 super
624 2328 657 2360 hoc
665 2327 750 2371 impetrat.

50 2376 114 2411 Omnes
129 2378 180 2420 igitur
193 2378 267 2412 maiores
282 2383 299 2411 et
314 2377 389 2411 minores
404 2377 441 2420 pari
456 2387 541 2411 consensu
555 2378 578 2411 ad
594 2377 677 2419 prefatam
691 2379 751 2412 vrbem

49 2435 164 2470 cucurrerunt,
172 2436 189 2462 et
197 2429 309 2462 Edmundum
319 2427 411 2470 rapientes,
419 2427 441 2460 ad
450 2428 576 2461 Suthfolchiam
584 2428 697 2469 deduxerunt,
705 2435 722 2461 et
734 2429 751 2461 in

49 2475 88 2510 villa
96 2478 118 2511 de
127 2481 171 2512 Bure
179 2478 202 2511 ad
210 2479 258 2520 regni
266 2477 354 2520 fastigium
362 2483 488 2520 promouerunt,
496 2478 588 2511 assistente
596 2478 661 2520 prefato
669 2478 750 2517 antistite,
759 2490 778 2519 45

50 2524 105 2565 ipsum
117 2528 134 2560 in
146 2539 205 2569 regem
212 2534 288 2570 ungente
299 2534 316 2560 et
328 2533 444 2566 consecrante,
452 2527 470 2558 in
481 2526 510 2560 die
521 2533 557 2559 nat.
564 2527 636 2567 domini,
643 2537 689 2560 anno
700 2527 752 2561 etatis

50 2583 80 2606 suc
87 2581 127 2617 xv⁰.,
136 2583 153 2610 et
160 2578 182 2610 ab
191 2576 310 2610 incarnacione
318 2586 364 2609 anno
372 2575 452 2616 dccclvr,
460 2575 547 2609 dominica
554 2576 641 2609 existente.

170 2634 174 2653 ¹
185 2635 195 2666 i.
200 2643 213 2666 e.
221 2634 302 2666 Horeden.
492 2633 499 2653 ¹
510 2634 544 2665 tls.
551 2634 633 2665 subiacere.

71 2678 113 2707 von.
125 2684 144 2708 11.
383 2681 414 2717 ep
