1762 2803
110 142 153 185 268
301 142 381 194 mona
396 140 512 202 utamur
528 140 620 202 unalia.

109 259 128 294 in
136 261 219 305 pluribus
227 262 271 297 locis
280 263 373 297 Britannie
382 268 517 306 consecrarunt,
525 268 543 297 et
553 262 640 297 dextralis
651 262 708 306 partis
719 263 812 298 Britannie

110 314 184 348 beatum
189 315 295 348 Dubricium
303 326 396 348 summum
403 317 496 349 doctorem
503 322 521 348 et
526 316 532 335 ¹
538 315 696 359 archiepiscopum
704 321 812 359 statuerunt,

111 372 129 401 et
140 367 272 403 landauensem
286 367 386 411 ecclesiam,
399 367 418 403 in
431 368 500 403 honore
512 367 560 404 beati
574 367 623 403 Petri
636 367 735 412 fundatam,
748 369 812 404 sedem

111 421 233 456 cathedralem
242 421 352 456 collocarunt
357 421 369 456 ².
392 421 467 457 Collatis
476 427 538 456 autem
546 421 624 456 ecclesie
635 421 743 456 landauensi
750 433 761 456 a
769 432 813 466 rege

94 484 102 513 5
111 475 172 508 multis
180 474 328 518 possessionibus
336 480 354 508 et
364 475 453 518 ecclesiis,
462 475 560 509 Dubricius
571 475 670 519 discipulos
681 487 715 519 per
726 475 813 510 ccclesias

111 527 177 569 diuisit,
191 528 280 571 quasdam
294 538 351 561 nouas
363 528 450 562 ecclesias
462 528 550 570 fundauit,
565 528 661 563 Danielem
673 528 693 563 in
706 528 813 572 episcopum

111 580 251 623 bangorensem,
256 585 274 615 et
281 584 364 615 sanctum
370 581 445 615 lltutum
452 581 477 624 [in
484 581 585 625 abbatem]³
591 581 611 615 in
616 582 656 616 loco
662 582 685 616 ab
691 582 722 615 illo
728 581 813 623 Laniltut‚

111 632 129 666 id
136 639 164 667 est
170 634 175 651 ‘
180 633 257 667 ecclesia
266 633 315 667 Iltuti
320 635 324 649 '
330 639 394 667 vocato
399 633 411 675 ⁴,
416 627 642 678 ordinauit—Regulus
648 635 722 678 quidam
729 635 814 669 Cambrie

111 686 204 720 Peibanus
215 686 290 720 nomine
301 691 363 720 contra
375 687 438 720 hostes
448 687 467 720 in
479 687 617 731 expeditionem
630 688 728 731 profectus,
742 693 760 721 et
772 698 814 721 cum

85 738 204 782 rotriumpho
219 750 320 782 regressus,
334 739 416 783 precepit
431 739 468 773 filie
483 751 516 773 sue
530 740 604 774 Eurdile
617 751 651 783 pro
664 741 726 774 labore
739 746 814 784 peracte

111 803 173 837 pugne
182 797 236 837 caput
243 792 301 836 ipsius
309 793 389 828 abluere.
412 793 452 836 Que
459 804 501 828 cum
506 793 556 828 iussa
563 793 620 838 patris
626 799 723 828 conaretur
730 793 814 837 implere,

112 857 135 879 ex
148 846 205 889 ipsius
215 845 303 889 grauitate
313 846 384 890 genitor
397 846 446 880 illam
460 852 581 890 pregnantem
592 846 725 882 animaduertit.
755 846 815 881 Nimia

112 898 166 941 igitur
176 899 202 932 ira
212 909 317 941 succensus,
324 899 378 933 iussit
388 911 429 933 eam
440 899 459 932 in
468 900 547 943 quodam
557 906 598 934 vtre
607 900 675 933 includi
686 906 704 933 et
715 900 734 933 in
746 900 815 933 flumen

113 951 223 995 precipitari.
246 951 335 994 Quotiens
347 963 392 987 vero
404 952 423 986 in
435 952 504 986 flumen
515 952 564 987 illam
578 952 702 996 proiiciebant,
713 952 780 986 totiens
792 953 816 986 ad

87 1004 173 1048 15ripam
184 1004 235 1039 illesa
246 1004 343 1039 ferebatur.
371 1005 478 1048 Indignatus
490 1016 533 1049 ergo
550 1011 602 1049 pater
618 1005 660 1049 igne
677 1017 718 1040 eam
734 1004 816 1040 comburi

114 1057 154 1091 sine
162 1057 279 1091 miseratione
291 1057 348 1091 iussit.
371 1057 436 1091 Parato
448 1058 495 1091 illico
505 1068 550 1101 rogo
560 1058 621 1101 puella
629 1058 741 1092 immittitur:
754 1059 787 1092 sed
797 1057 816 1092 in

114 1109 198 1147 crastino,
210 1108 272 1143 missis
287 1121 298 1143 a
313 1115 364 1154 patre
376 1110 440 1154 legatis
456 1111 478 1144 ad
490 1110 602 1145 videndum⁶
617 1110 633 1145 si
648 1122 691 1145 ossa
706 1110 766 1155 aliqua
779 1110 816 1145 filie

114 1163 174 1197 inusta
192 1168 315 1205 remanerent,
327 1174 368 1197 eam
382 1164 498 1205 incolumem,
510 1169 528 1199 et
543 1164 601 1199 filium
616 1175 671 1207 quem
686 1169 783 1208 pepererat
797 1164 816 1198 in

114 1216 174 1249 medio
187 1215 235 1259 ignis
249 1215 268 1249 in
279 1216 349 1259 gremio
365 1221 458 1251 tenentem
474 1217 589 1258 inuenerunt,
601 1217 684 1252 vestibus
699 1218 746 1265 illius
762 1222 817 1261 atque

88 1282 106 1302 ²0
115 1269 183 1313 capillis
191 1270 214 1303 ab
222 1268 272 1302 omni
280 1269 405 1304 combustione
413 1269 490 1304 intactis.
513 1270 618 1314 Baptizatus
626 1275 687 1305 autem
693 1281 744 1315 puer,
751 1270 817 1304 Dubri-

115 1324 153 1358 cius
165 1329 244 1365 vocatur,
256 1330 275 1357 et
286 1324 362 1366 spiritus
377 1325 435 1357 sancti
449 1325 507 1367 gratia
522 1325 584 1358 statim
599 1326 686 1367 repletur.
717 1325 762 1366 Quis
773 1335 817 1359 vero

115 1381 166 1419 pater
180 1376 219 1410 eius
232 1376 321 1418 extiterat,
333 1376 436 1419 ignoratur3
453 1377 527 1420 quidam
538 1377 605 1411 idcirco
621 1369 693 1411 erronei
708 1388 750 1411 eurn
766 1382 818 1420 patre

116 1440 178 1462 carere
190 1428 307 1462 mentiuntur.
337 1428 384 1462 Cum
397 1428 457 1472 itaque
471 1440 504 1462 rex
518 1428 601 1463 miranda
614 1429 666 1473 signa
681 1440 717 1473 que
732 1428 818 1462 dominus

116 1492 159 1525 erga
166 1482 222 1514 filiam
230 1486 248 1513 et
256 1481 314 1523 ipsius
324 1486 397 1524 partum
408 1486 512 1524 patrauerat
523 1482 644 1524 cognouisset,
654 1482 711 1515 filiam
722 1492 764 1515 cum
776 1486 818 1514 nata

90 1550 97 1570 2
100 1551 107 1579 5
116 1534 168 1578 prole
178 1533 275 1568 confestim
283 1534 306 1567 ad
314 1545 335 1568 se
343 1533 408 1568 adduci
417 1533 503 1578 precepit.
526 1534 610 1578 Cumque
621 1534 730 1569 infantulum
742 1539 818 1578 paterno

117 1589 182 1621 affectu
198 1587 322 1630 complectens
338 1588 479 1630 deoscularetur,
496 1587 584 1621 instinctu
602 1587 664 1621 diuino
682 1598 728 1631 puer
743 1597 819 1621 manum

118 1650 192 1673 sursum
203 1639 319 1683 porrigendo,
328 1639 394 1683 puerili
404 1650 455 1673 more
466 1640 530 1673 faciem
542 1640 599 1683 ipsius
609 1640 749 1675 contrectauit⁶2
767 1645 785 1674 et
795 1651 819 1674 ex

118 1693 192 1727 infantis
200 1696 283 1727 contactu
292 1693 314 1726 ab
322 1692 417 1726 incurabili
426 1693 495 1735 morbo,
504 1705 539 1737 quo
549 1693 647 1737 laborabat,
656 1699 734 1728 curatur.
757 1693 819 1728 Saliua

118 1747 168 1779 enim
179 1748 201 1779 ab
211 1756 243 1778 ore
255 1746 294 1778 eius
305 1746 419 1779 incessanter
429 1747 535 1788 profluebat,
546 1757 601 1789 quam
613 1747 649 1779 duo
658 1747 739 1788 clientes,
750 1748 773 1779 ad
785 1747 819 1780 hoc

91 1815 110 1843 5⁰
118 1798 204 1842 deputati,
216 1802 313 1841 extergere
324 1797 355 1831 vix
366 1803 456 1841 poterant.
479 1798 558 1832 Gauisus
570 1809 613 1842 ergo
626 1809 659 1832 rex
670 1804 744 1842 recepta
755 1798 819 1840 salute,

118 1851 180 1896 paucis
188 1861 279 1885 annorum
287 1850 354 1894 elapsis
365 1850 458 1885 curriculis
470 1851 576 1886 Dubricium
585 1851 640 1886 totius
650 1851 702 1896 regni
713 1851 741 1885 sui
753 1850 820 1886 consti·

117 1904 151 1937 tuit
162 1904 255 1937 heredem.
277 1903 363 1936 Traditur
374 1914 421 1948 puer
432 1904 497 1937 litteris
508 1904 629 1947 imbuendus;
645 1909 663 1937 et
673 1904 745 1937 iuuenis
757 1904 820 1945 sactus,

118 1957 218 1991 litterarum
230 1956 306 1990 scientia
317 1962 335 1991 et
348 1968 420 1990 morum
434 1957 529 1991 honestate
541 1957 560 1991 in
574 1962 644 1991 tantum
656 1957 739 2001 proiecit,
750 1962 770 1991 vt
783 1968 820 1991 non

118 2011 178 2045 solum
189 2011 250 2052 rudes,
263 2011 296 2044 sed
306 2010 362 2044 etiarn
371 2010 425 2054 periti
436 2011 532 2045 edificandi
542 2011 599 2054 gratia
611 2011 634 2045 ad
646 2021 688 2044 eum
700 2011 821 2045 confluebant.

91 2076 110 2105 55
119 2064 170 2097 Inter
177 2073 223 2107 quos
231 2067 283 2096 erant
291 2068 364 2096 sanctus
372 2064 465 2106 Theliaus,
474 2064 571 2107 Sampson,
578 2063 667 2105 Aidanus,
673 2068 691 2097 et
700 2064 756 2097 ceteri
763 2063 820 2097 multi.

120 2109 144 2150 In
154 2116 252 2150 natiuitatis
262 2127 295 2150 sue
303 2117 347 2159 solo,
355 2116 405 2151 iuxta
413 2117 472 2161 ripam
479 2117 533 2151 Waie
541 2117 627 2159 fluminis,
635 2121 696 2161 aptam
707 2117 742 2151 sibi
754 2121 773 2151 et
784 2117 821 2151 dis-

119 2169 219 2212 cipulorum
227 2169 337 2202 multitudini
345 2171 408 2204 sedem
417 2171 475 2213 elegit,
483 2177 501 2204 et
509 2170 592 2214 pluribus
600 2170 653 2204 annis
662 2169 730 2204 ibidem
741 2170 822 2204 studium

119 2222 171 2255 rexit.
194 2222 302 2255 Constructa
313 2227 374 2255 autem
385 2222 462 2256 ecclesia
472 2223 523 2256 iussu
533 2222 593 2266 angeli
602 2222 677 2265 domini,
687 2222 792 2265 predicabat
804 2228 822 2255 et

119 2275 207 2318 populum
214 2274 302 2308 docebat:
314 2279 332 2308 et
340 2284 405 2309 manus
413 2275 453 2309 eius
460 2275 588 2318 impositione⁷
596 2275 710 2308 diuersorum
717 2275 822 2307 morborum

92 2340 111 2369 40
119 2328 216 2370 languores
229 2327 310 2361 crebrius
323 2328 439 2371 sanabantur,
451 2328 501 2362 anxii
515 2328 618 2372 quicunque
634 2332 652 2361 et
668 2326 739 2360 debiles
755 2326 787 2360 leti
805 2332 823 2360 et

119 2380 220 2415 incolumes
226 2379 415 2415 redibant—⁸Exorta
420 2382 502 2424 tandem,
507 2386 526 2415 vt
532 2380 647 2425 premittitur,
654 2379 715 2414 heresi
721 2378 822 2423 pelagiana,

120 2434 196 2467 mittitur
203 2435 227 2467 de
235 2434 293 2467 Gallia
300 2440 375 2468 sanctus
383 2434 491 2476 Germanus,
499 2446 540 2468 cum
548 2435 601 2478 Lupo
609 2434 701 2478 episcopo,
708 2434 731 2466 ad
739 2444 823 2477 compes-

121 2488 197 2521 cendam
210 2497 256 2521 eam.
279 2487 368 2532 Corrupta
379 2498 459 2532 namque
471 2488 530 2522 luerat
540 2488 664 2522 christianitas
676 2485 776 2527 Britonum,
784 2491 823 2520 tum

142 2555 241 2586 ’omrinVit
267 2556 436 2587 'Vitconstituerunn
465 2557 508 2587 lom.
535 2556 672 2587 ⁴T.E.v0catum.
700 2555 823 2584 ¹⁵advidendum

122 2605 152 2625 om.
160 2596 176 2624 in
184 2595 252 2633 T.;Vit.
261 2596 320 2625 scitum.
351 2596 500 2626 ⁵E.contractauit
532 2596 658 2634 ⁷T.posicione.
691 2594 823 2624 ⁸FromVitall.
