1762 2803
234 101 280 156 Bt
295 99 398 152 &ancta
413 97 545 156 ttttttrihe.
699 113 743 157 509

42 229 134 277 pinaretur
145 220 233 264 conuiuis,
246 230 340 266 nunquam
353 219 430 254 inferius
442 220 524 254 subsedit
536 219 608 264 prefixo
621 218 675 264 signo
686 221 743 263 virge,

42 282 74 320 sed
86 287 160 322 semper
171 276 189 310 in
202 274 259 320 priori
271 273 385 318 plenitudine
396 273 529 318 perseuerauit.
552 273 642 317 Quodque
656 273 744 318 pincerne

41 336 138 373 timuerant
153 328 237 364 conuiuis
252 327 371 369 defecturum,
384 326 457 361 saciatis
472 327 557 361 omnibus
572 328 595 361 ad
610 326 702 369 integrum
716 332 744 360 est

43 392 139 431 repertum.
190 374 241 417 Cum
253 385 314 414 autem
327 380 380 424 virgo
393 386 456 414 sancta
470 380 525 424 longo
536 386 620 424 tempore
634 378 744 413 monasteria

43 443 65 477 de
80 439 152 473 Horton
170 439 188 469 et
204 433 297 476 Berkiugo
312 432 372 476 equali
387 443 471 467 sororum
490 443 567 467 numero
582 432 667 474 rexisset,
682 432 762 470 inuidas

42 491 184 538 presbiterorum
200 485 275 520 ambitio
290 485 309 519 in
325 485 417 529 Berlringo
433 490 496 519 contra
511 496 552 520 eam
568 484 651 525 surrexit,
664 490 682 519 et
695 485 744 528 apud

43 544 124 589 reginam
139 539 250 581 Alstrudem,
265 538 360 573 Ethelredi
374 538 423 583 regis
437 544 520 579 matrem,
534 537 619 583 quatinus
635 537 745 573 eiicerentur

43 602 61 632 et
70 594 104 638 ipsi
116 590 193 626 ecclesie
205 590 339 634 preficerentur
351 595 433 633 egerunt.
456 589 497 631 Que
509 600 556 631 cum,
568 589 662 623 sororibus
675 589 744 623 eiulan-

43 650 94 688 tibus,
102 646 121 678 in
133 644 196 677 limine
209 642 286 677 ecclesie
299 642 412 682 subsisteret,
420 641 465 675 dixit
476 642 525 676 clara
532 653 587 676 voce:
600 642 671 676 ‘Nolite
681 642 744 682 'llere

43 701 75 735 sed
90 698 137 732 sicut
151 694 218 730 tradidi
233 694 291 736 vobis,
307 694 333 729 sic
348 699 395 729 state
407 694 426 728 in
441 694 521 736 domino,
533 693 653 729 charissime:
669 694 744 739 predico
754 706 773 725 ro

43 752 93 788 vobis
100 752 119 785 in
127 748 202 784 domino
209 748 252 793 quia
259 747 278 782 in
287 747 320 783 hac
331 746 361 782 die
369 753 387 783 et
399 747 433 782 hac
441 747 481 792 ipsa
492 746 546 783 ianua
554 757 590 791 qua
597 757 646 783 nunc
654 746 744 792 egredior,

43 810 83 850 post
93 802 156 847 viginti
167 812 226 836 annos
237 802 261 835 de
273 801 343 845 reliquo
353 800 448 835 vobiscum
460 811 581 845 permansura
593 801 629 835 huc
639 800 744 845 regrediar!

44 859 73 894 Sic
92 867 135 891 suas
153 855 246 899 orphanas
266 855 364 895 consolata,
379 855 402 888 ad
421 854 551 888 hereditarium
570 855 701 888 monasterium
721 854 744 889 de

44 912 114 945 Hortoir
126 920 213 952 pergens,
221 920 256 942 nec
268 908 351 942 cessabat
361 913 399 942 tam
410 907 496 942 absentes
504 918 559 951 quam
566 912 664 950 presentes
671 918 745 942 sorores

44 964 65 997 ad
77 972 157 1005 superna
168 961 234 1004 gaudia
246 971 309 994 secum
320 960 399 1002 trahere,
412 965 467 1004 atque
478 960 512 993 has
523 960 606 1003 alloquiis
617 965 635 993 et
648 960 744 1003 exemplis,
754 971 772 1000 ¹5

44 1016 82 1049 illas
93 1014 184 1048 mandatis
196 1018 214 1047 et
225 1013 297 1047 nunciis
309 1014 373 1047 crebro
385 1013 492 1047 accendere.
514 1011 605 1046 Alstrudis
616 1023 661 1046 vero
676 1012 744 1056 regina,

44 1079 83 1103 eum
97 1067 179 1102 relictum
193 1066 251 1110 ipsius
264 1066 325 1100 locum
337 1066 389 1110 quasi
401 1065 494 1110 propriam
509 1065 646 1110 possessionem
659 1066 745 1111 frequen·

44 1126 104 1164 lasset,
112 1120 172 1165 primo
183 1120 234 1155 clade
246 1125 263 1154 et
275 1126 333 1154 morte
345 1120 473 1161 iumentorum,
482 1118 549 1154 deinde
560 1119 655 1153 hominum
663 1130 744 1162 suorum,

45 1181 61 1209 et
75 1176 154 1208 instante
167 1175 242 1208 demum
258 1179 342 1217 tempore
357 1184 367 1207 a
380 1179 443 1207 sancta
454 1173 525 1217 virgine
539 1173 647 1217 prophetice
662 1173 745 1218 predicto

44 1227 90 1260 letali
102 1227 170 1260 ibidem
181 1225 284 1270 egritudine
292 1225 394 1269 corripitur.
417 1226 450 1259 Cui
459 1227 512 1259 beata
523 1226 635 1269 Ethelburga
642 1227 744 1269 pervisum
755 1237 773 1258 :o

45 1280 125 1324 apparuit
140 1279 239 1314 miserabili
255 1278 309 1321 cultu,
324 1285 376 1314 veste
392 1289 475 1323 pannosa
491 1283 508 1313 et
523 1278 622 1321 conscissa,
634 1278 679 1314 facie
695 1289 744 1324 egra,

45 1334 172 1377 attonitamque
182 1333 216 1367 hac
228 1332 347 1367 deformitatis
359 1332 425 1366 iniuria
436 1333 463 1367 sic
472 1332 539 1367 minaci
548 1332 630 1377 increpat
642 1333 744 1368 sententia:

45 1387 115 1428 ‘Vides‚
123 1387 188 1431 inquit,
195 1385 314 1429 ignominiam
322 1385 429 1419 deiectionis
437 1396 483 1424 mee,
491 1391 617 1420 ornamentum
626 1385 684 1429 glorie
692 1388 745 1421 mee?

45 1439 84 1473 Wlf
85 1440 153 1473 hildam
165 1444 247 1473 sanctam
255 1438 324 1472 eiecisti
332 1444 350 1472 et
361 1438 379 1472 in
388 1438 428 1473 eius
439 1439 525 1472 diuturna
532 1438 621 1473 eiectione
629 1439 663 1473 hoc
671 1450 745 1482 erump-

44 1500 89 1524 noso
101 1491 163 1525 habitu
175 1501 205 1524 me
220 1491 305 1534 squalere
320 1491 383 1525 iecisti.
412 1491 435 1524 Et
448 1501 484 1534 qua
499 1491 559 1525 fronte
571 1497 654 1525 sanctum
667 1502 746 1534 occupas
754 1502 773 1532 ²5

45 1543 102 1577 locum
113 1554 168 1587 quem
177 1555 249 1578 mecum
258 1542 357 1578 desolasti?
380 1543 425 1578 Dico
433 1543 466 1578 tibi
474 1544 523 1587 quod
534 1542 569 1578 nisi
580 1543 687 1588 quantocius
694 1543 745 1579 illam

46 1598 166 1640 reuocaueris‚
175 1609 198 1631 ex
206 1597 240 1632 hac
248 1597 355 1631 infirmitate
365 1603 397 1632 tua
406 1593 523 1642 nequaquam*
533 1595 633 1638 sanaberis,
642 1597 675 1632 sed
687 1603 746 1632 morte

45 1650 137 1684 morieris!
170 1651 239 1694 Sicque
254 1656 317 1685 sancta
331 1650 427 1685 Wlshildis
442 1656 551 1685 reuocatur:
569 1655 587 1684 et
604 1651 668 1685 eadem
683 1650 712 1684 die
728 1657 746 1685 et

45 1704 118 1737 eadem²
130 1704 184 1737 ianua
194 1709 214 1737 vt
226 1704 332 1747 predixerat
345 1704 446 1747 excipitur,
459 1709 477 1738 et
488 1704 552 1747 regina
567 1714 578 1737 a
594 1714 629 1738 sua
644 1703 747 1747 egritudine

45 1753 134 1789 liberatur.
178 1749 238 1800 Virgo
246 1762 309 1789 sancta
321 1761 393 1800 septem
403 1756 456 1790 annis
467 1761 510 1799 post
521 1756 556 1789 hec
563 1755 614 1797 vixit,
622 1761 641 1789 et
648 1762 746 1800 vtrumque
755 1767 775 1795 30

45 1809 173 1843 monasterium
186 1809 239 1844 vnica
252 1815 311 1844 mater
323 1815 398 1843 strenue
410 1809 462 1850 rexit,
474 1819 527 1842 arnor
539 1814 558 1842 et
569 1809 652 1850 dulcedo,
664 1809 716 1842 sinus
727 1816 746 1843 et

45 1862 171 1903 gestatorium³
183 1863 271 1904 omnium,
278 1862 316 1897 vita
326 1862 408 1907 angelica
419 1867 437 1896 et
451 1861 548 1896 dilectione
561 1861 643 1896 omnium
656 1862 711 1897 corda
723 1863 745 1897 ad

46 1922 124 1957 superna
135 1916 201 1960 gaudia
211 1917 298 1951 trahens:
310 1915 426 1960 predixitque
438 1926 459 1949 se
470 1915 489 1948 in
496 1914 558 1959 vigilia
569 1915 626 1949 sancti
638 1915 746 1950 Ethelwoldi

45 1966 129 2012 episcopi,
142 1969 176 2004 hoc
187 1974 216 2004 est
227 1969 291 2014 quinto
302 1969 343 2003 idus
354 1968 472 2013 septembris,
484 1968 507 2002 ab
519 1968 553 2002 hac
564 1967 605 2002 luce
616 1969 639 2002 ad
651 1968 746 2003 dominum

46 2019 166 2062 migraturam.
189 2023 265 2066 Sepulta
275 2033 319 2056 vero
328 2022 347 2055 in
359 2022 470 2055 monasterio
480 2022 504 2054 de
516 2021 614 2064 Berkingo,
622 2027 664 2065 post
673 2021 747 2064 triginta
756 2033 775 2061 35

46 2079 103 2106 annos
118 2074 189 2119 integra
203 2079 222 2109 et
236 2075 342 2120 incorrupta
357 2085 398 2108 cum
412 2074 494 2109 vestibus
506 2080 580 2119 reperta
591 2080 625 2109 est.
677 2068 748 2109 Mulier

45 2127 122 2167 quedam
135 2129 230 2164 oculorum
243 2133 261 2163 et
273 2138 369 2172 gressuum
383 2138 449 2163 carens
462 2128 535 2170 auxilio,
548 2128 567 2162 in
581 2128 659 2163 oratorio
670 2128 747 2173 virginis

46 2186 106 2215 sancte
122 2182 146 2216 de
161 2182 234 2217 Hortor‘r
247 2182 309 2217 lumen
322 2187 340 2217 et
352 2181 413 2217 visum
427 2181 506 2226 recepit;
520 2187 538 2217 et
548 2187 568 2217 vt
579 2182 670 2227 reliquum
683 2182 748 2218 salutis

46 2234 92 2274 apud
101 2234 213 2279 Berkingum
224 2235 314 2280 reciperet
322 2235 419 2277 admonita,
428 2246 469 2269 cum
478 2235 520 2269 illuc
530 2245 571 2269 cum
583 2235 687 2269 difficultate
695 2236 747 2279 quasi

46 2293 111 2326 repens
126 2288 213 2330 venisset,
228 2288 306 2322 sanitate
321 2294 394 2332 recepta
413 2298 455 2322 curn
470 2288 530 2322 leticia
545 2288 603 2322 rediit.
654 2282 776 2327 Amabilista

45 2333 139 2374 Wlshildis
147 2343 165 2375 in
173 2342 218 2376 vrbe
227 2342 364 2376 Londoniarum
375 2345 452 2386 propter
463 2346 550 2376 externos
561 2340 653 2376 exereitus
664 2352 705 2375 cum
714 2351 748 2376 suo

46 2398 100 2435 grege
113 2400 187 2437 morata,
200 2394 285 2440 migrauit
298 2396 320 2431 ad
333 2394 432 2430 dominum.
461 2394 545 2440 Cumque
558 2405 625 2440 corpus
639 2394 662 2429 ad
675 2405 748 2430 monas·

46 2445 109 2480 terium
123 2458 177 2483 suum
189 2449 212 2482 de
224 2449 317 2494 Berkingo
328 2449 436 2491 deferretur,
447 2448 527 2494 quidam,
539 2450 568 2483 cui
579 2454 642 2483 sancta
654 2454 712 2483 mater
723 2448 747 2483 ob

113 2556 118 2573 ¹
129 2557 147 2588 T.
156 2559 197 2590 Noli.
267 2559 274 2577 ²
283 2568 302 2590 so
309 2560 337 2597 T.;
347 2559 365 2590 E.
373 2559 465 2596 eademque.
535 2558 541 2576 ³
551 2558 569 2588 E.
577 2562 678 2595 gestatorum.
