1762 2803
111 119 181 190 ‘478
212 196 214 199 v
331 127 652 190 nutrimentumque.
715 138 837 185 [trenas

137 257 155 286 et
170 251 241 286 nobiles
255 251 373 295 quamplures
388 250 489 285 earundem
503 250 595 293 virginum
609 250 730 294 plurimarum
745 254 839 294 parentes

137 305 217 348 Quidam
228 304 282 338 etiam
292 304 373 349 ipsarum
381 303 445 348 sponsi
454 303 553 338 extiterunt
560 304 663 346 multarum,
671 305 704 337 sed
715 304 738 337 ad
746 303 839 346 ipsarum¹

137 358 211 403 nuptias
219 359 296 392 necdum
302 361 429 401 peruenerant,
436 366 505 399 sponso
513 356 576 391 celesti
584 355 627 391 e0s²
636 354 762 400 preueniente.
778 354 839 389 Comi·

137 412 181 446 tisse
192 410 275 445 similiter
286 410 406 444 interfuerunt
413 410 492 453 quedam
504 415 522 444 et
533 410 606 444 ducisse
617 415 671 453 atque
679 408 748 453 regine,
757 409 840 453 exceptis

120 476 129 507 5
138 463 228 500 nobilibus
236 464 295 499 adhuc
303 463 391 498 matronis
399 463 529 508 compluribus.
553 463 657 499 Extiterunt
668 462 722 498 etiam
733 462 781 497 inter
788 462 840 497 illas²

137 518 218 552 nutrices
230 519 353 561 quamplures,
365 528 401 560 que
414 518 468 551 simili
480 519 545 552 ardore
559 517 634 551 martirii
648 522 666 551 et
679 515 786 550 desiderio³
797 526 840 559 pas·

137 571 194 605 sionis
209 571 323 604 anhelabant.
353 569 437 613 Denique
452 581 486 605 rex
501 570 560 605 iunior
577 570 625 603 filius
640 569 689 611 regis
708 569 760 603 beate
772 569 839 603 Vrsule

137 633 222 668 sponsus,
230 623 276 658 duas
287 622 323 657 illic
335 634 407 658 sorores
419 623 507 658 habebat:
521 634 576 658 vnam
588 622 635 656 infra
646 633 705 656 annos
717 620 814 664 puellam⁴,
823 628 841 656 et

137 677 213 711 alteram
232 676 319 718 nubilem,
334 687 370 721 que
389 676 451 710 comiti
469 676 542 710 cuidam
558 675 615 709 nobili
632 676 743 719 desponsata
761 680 789 708 est
807 674 838 708 etl

111 739 129 760 10
137 730 205 764 iuueni.
232 730 272 773 Que
288 740 330 764 eum
348 736 411 764 sancta
425 730 493 764 Vrsula
510 735 528 764 et
543 729 609 764 ceteris
627 728 727 773 virginibus
746 727 840 763 Christum

138 785 206 818 habere
218 794 308 827 sponsum
318 782 414 824 recusauit,
423 783 508 818 comitem
520 782 546 817 illi
557 793 662 827 preponens
671 783 693 816 ad
702 787 780 816 matrem
787 782 841 816 rediit

138 841 217 881 nuptura
234 837 303 870 marito.
327 837 355 870 De
370 846 405 879 qua
421 836 477 870 frater
492 835 537 876 eius,
552 836 606 869 beate
620 834 688 869 Vrsule
703 844 788 878 sponsus,
804 834 840 868 ait:

139 890 208 925 ‘Soror
219 900 260 924 mea
272 889 314 932 plus
325 887 401 932 gloriam
414 893 432 923 et
445 888 550 932 dignitatem
564 888 628 922 dilexit
640 892 733 922 terrenam
744 899 798 932 quam
812 899 841 921 ce-

139 944 210 984 lestem,
219 954 294 977 reuersa
303 943 371 976 ducens
382 944 467 976 comitem
475 943 571 977 maritum!
595 941 630 984 Qui
638 942 755 986 postmodum
763 941 781 975 in
790 942 840 976 breui

114 1003 131 1034 1⁵
139 997 188 1031 male
201 996 244 1030 obiit
255 997 381 1040 interemptus.
412 995 463 1029 Tunc
476 995 538 1029 illam⁵
552 1006 593 1030 sero
607 994 684 1039 penituit
699 1005 793 1029 sacrarum
805 995 841 1029 vir-

139 1050 202 1094 ginum
208 1049 313 1084 deseruisse
321 1049 431 1091 comitatum,
439 1053 458 1082 et
465 1049 507 1094 ipsa
514 1049 532 1083 in
540 1048 593 1083 breui
600 1053 643 1093 post
650 1054 722 1083 mortua
730 1053 763 1083 est.

172 1144 187 1182 ll
195 1143 223 1177 De
231 1153 309 1177 numero
317 1153 382 1186 regum
390 1148 408 1177 et
416 1143 546 1187 episcoporum
554 1142 586 1186 qui
593 1144 617 1176 de
625 1142 692 1186 Anglia
700 1153 741 1176 cum
749 1142 807 1176 sacris

190 1200 233 1230 sunt
241 1195 342 1239 virginibus
350 1195 426 1238 proiecti
434 1201 452 1231 et
460 1195 529 1240 pariter
536 1206 578 1230 curn
586 1196 613 1230 eis
622 1194 695 1229 suerunt
702 1194 791 1229 trucidati.

163 1264 239 1314 Regum
251 1276 269 1305 et
280 1269 409 1315 episcoporum
420 1270 451 1315 qui
462 1282 504 1304 cum
516 1271 586 1304 eisdem
598 1270 665 1304 Christi
677 1270 734 1304 sacr1s
741 1270 843 1314 virginibus

140 1327 163 1360 de
172 1324 266 1359 Britannia
276 1329 320 1359 sunt
330 1324 407 1369 profecti
419 1330 437 1360 et
452 1324 490 1369 [de]
502 1324 573 1359 illarum
585 1323 644 1368 patria
654 1329 750 1367 venerunt,
761 1324 843 1359 breuiter

140 1381 170 1414 hic
181 1378 288 1422 genealogia
299 1383 317 1412 et
329 1379 387 1412 series
398 1378 484 1422 tangitur,
496 1378 529 1411 sed
540 1377 560 1411 in
571 1377 609 1410 fine
622 1377 698 1411 historie
710 1376 765 1411 huius
776 1378 795 1410 in
807 1377 842 1410 alio

115 1431 246 1467 20v01umine⁷
258 1430 354 1464 conuersis
367 1430 440 1464 illorum
453 1435 471 1463 et
485 1434 542 1463 status
555 1434 658 1473 exponetur
671 1429 730 1463 latius.
758 1429 843 1472 Quinque

141 1484 232 1529 siquidem
241 1483 323 1528 episcopi
330 1494 362 1517 eas
370 1484 393 1517 de
401 1482 469 1527 Anglia
477 1488 519 1517 sunt
527 1482 599 1526 sequuti
604 1483 615 1524 ⁸,
624 1483 657 1516 sed
665 1482 728 1526 plures
736 1482 771 1516 illis
779 1488 843 1527 postea

142 1543 185 1573 sunt
193 1537 249 1571 additi
257 1537 276 1571 in
284 1537 362 1571 diuersis
373 1536 478 1580 regionibus
488 1542 506 1569 et
514 1536 582 1579 regnis.
605 1536 690 1570 Priorum
701 1541 762 1570 autern
774 1537 843 1580 episco-

141 1601 208 1636 porum
224 1590 258 1624 hec
273 1596 302 1624 est
316 1590 376 1624 series
390 1595 409 1624 et
421 1590 532 1634 genealogia.
560 1590 643 1632 Quorum
655 1600 703 1624 vnus
716 1594 790 1624 sanctus
805 1596 844 1624 crat

142 1644 254 1686 Willelntus,
266 1644 297 1687 qui
309 1643 394 1688 propri0⁹
407 1648 481 1677 vocatus
495 1648 523 1677 est
538 1642 613 1677 nomine
629 1642 719 1685 Michael;
736 1648 788 1688 pater
799 1654 844 1678 vero

116 1710 134 1739 ²5
143 1698 191 1731 illius
199 1697 304 1730 Willelmus
312 1696 417 1729 dicebatur:
430 1696 472 1728 inde
480 1696 515 1728 iste
523 1696 577 1729 traxit
588 1706 689 1739 cognomen
696 1709 700 1739 ;
712 1696 741 1729 vir
748 1707 793 1730 sane
801 1707 844 1740 pru-

142 1751 189 1784 dens
200 1755 218 1783 et
229 1748 304 1794 sapiens
313 1748 366 1793 [erat]
373 1750 391 1792 ¹⁰,
400 1748 492 1793 nobilique
503 1754 553 1783 ortus
564 1749 650 1794 prosapia
661 1760 681 1784 ac
691 1751 714 1784 de
723 1750 779 1794 regali
787 1750 844 1795 stirpe

142 1803 256 1849 progenitus.
279 1802 405 1837 Consobrinus
416 1802 484 1837 etenim
496 1807 535 1836 erat
546 1802 595 1847 regis
607 1808 670 1837 sancte
678 1802 744 1838 Vrsule
755 1804 818 1847 patris,
826 1810 845 1838 et

142 1858 209 1891 multas
228 1855 247 1889 in
263 1855 297 1890 hoc
316 1866 368 1889 sacro
383 1855 475 1899 virginum
494 1856 580 1889 comitatu
596 1856 659 1890 habuit
674 1863 765 1900 cognatas.
788 1858 845 1891 Porro

142 1915 216 1945 sanctus
229 1908 305 1943 Iacobus
317 1909 345 1943 vir
356 1914 443 1943 strenuus
454 1908 510 1943 frater
520 1908 584 1953 ipsius,
596 1914 614 1943 et
629 1910 682 1944 beata
693 1909 781 1944 Gerasina
793 1920 846 1944 soror

115 1963 191 2005 30illius
206 1967 289 1995 matrona
304 1961 379 1995 illustris
395 1972 437 1995 curn
453 1961 512 1995 tribus
531 1960 608 2003 filiabus,
627 1961 763 2004 proficiscentes
782 1973 845 1996 secum

143 2015 222 2050 fuerunt.
244 2014 297 2048 Alter
306 2014 434 2058 episcoporum
445 2013 508 2047 sane¹¹
520 2014 644 2049 Columbanus
655 2015 753 2059 dicebatur,
767 2015 802 2060 [vir
813 2027 845 2049 no-

143 2068 191 2114 bilis]
206 2073 224 2102 et
238 2069 261 2102 de
274 2068 331 2113 regali
347 2068 417 2102 ortus¹²
429 2068 525 2112 prosapia:
545 2069 593 2102 filius
608 2068 641 2102 fuit
655 2075 718 2104 sancte
732 2069 845 2104 Alexandria

143 2119 218 2154 illustris
230 2118 307 2159 ducisse,
319 2119 388 2154 sororis
399 2119 466 2154 Vrsule
477 2119 546 2153 matris
568 2118 602 2152 Vir
615 2129 694 2163 namque
706 2121 789 2164 prudens
802 2124 846 2162 erat,

144 2178 210 2214 castus,
226 2172 323 2215 magnique
338 2172 413 2214 consilii,
428 2184 449 2206 ac
465 2177 527 2205 sancte
543 2172 692 2207 conuersationis.
714 2173 788 2207 Tertius
802 2184 846 2207 vero

118 2238 136 2268 35
145 2226 273 2270 episcoporum
291 2226 356 2258 beatus
375 2230 415 2258 erat
429 2224 516 2267 Ywanus,
531 2224 560 2258 vir
577 2226 682 2268 grandeuus
699 2227 786 2270 boneque
804 2226 846 2268 vite,

145 2288 202 2323 sagax
213 2282 231 2311 et
242 2279 329 2321 prudens,
342 2282 395 2321 atque
406 2279 429 2312 ab
440 2284 493 2312 utero
505 2277 568 2312 matns
579 2288 612 2312 sue
624 2288 699 2323 semper
710 2284 770 2314 castus
782 2279 846 2314 extitit.

146 2332 190 2366 Erat
202 2330 256 2365 etiam
268 2330 308 2373 ipse
318 2331 341 2365 de
349 2330 463 2365 nobilissima
475 2330 532 2374 stirpe
545 2330 658 2375 progenitus,
668 2333 769 2367 auunculus
782 2333 846 2367 matris

145 2383 212 2419 Vrsule
226 2382 307 2426 virginis,
322 2389 340 2417 et
355 2383 408 2417 beate
423 2384 542 2425 Alexandrie,
556 2395 576 2418 ac
591 2390 654 2419 sancte
669 2385 744 2420 Eulalie.
767 2387 847 2428 Quartus

146 2436 274 2481 episcoporum
281 2435 370 2478 denique⁶
378 2442 452 2469 sanctus
459 2436 492 2468 suit
502 2436 623 2478 Eleutherius,
630 2438 659 2471 vir
667 2438 733 2473 nobilis
741 2442 759 2473 et
767 2438 847 2482 sapiens,

165 2508 271 2539 ¹B.illarum.
312 2507 347 2539 ²13.
354 2519 386 2539 eas.
427 2509 461 2539 3Ε.
468 2509 547 2540 desiderii.
587 2509 711 2548 ⁴B.puellares,
751 2511 820 2543 ‘emin
828 2513 846 2541 Β,

145 2549 219 2581 ⁶B.illa,
268 2547 328 2579 ⁷sc.in
336 2549 362 2579 lib.
371 2549 472 2586 ll,whichis
480 2559 510 2580 om.
518 2551 534 2579 in
542 2550 559 2581 E.
606 2551 720 2589 ⁸E.sequute.
768 2552 847 2590 ⁰ss.pro·

145 2590 301 2630 prie3nomineom.
341 2589 394 2621 ωοηι,
435 2589 447 2608 ¹¹
467 2590 560 2622 assuctus.
601 2590 696 2628 ”Lectus
