1762 2803
221 112 266 167 bt
281 109 381 164 aaron
398 107 569 162 artabano.
701 122 745 166 393

43 239 112 272 trabem
119 235 167 268 inter
174 243 240 266 manus
247 230 362 276 arripientes,
370 230 429 274 ipsam
437 230 456 262 in
463 229 537 273 longum
544 234 644 270 traxerunt,
650 240 746 273 quousque

42 290 107 325 ceteris
115 291 223 330 equaretur;
235 285 284 327 quod
292 284 366 327 quidem
374 283 482 316 miraculum
490 282 611 317 communiter
617 288 680 316 notum
687 282 746 316 extitit

42 349 59 377 et
67 340 139 387 publice
148 338 266 381 diuulgatum.
288 336 332 380 Ipsa
339 346 383 370 vero
391 336 446 369 domo
453 334 540 379 perfecta,
547 345 589 369 cum
594 333 646 378 virgo
653 334 746 378 sepedicta

42 397 64 430 ad
71 400 138 429 statum
144 392 246 435 regularem
253 390 331 424 transire
338 389 451 423 decreuisset
459 400 463 430 ;
471 388 561 432 quiatunc
568 388 657 432 temporis
663 399 700 422 non
707 394 746 423 erat

42 446 172 483 monasterium
183 443 348 478 sanctimonialium
357 444 376 476 in
384 442 457 485 Anglia,
465 448 539 476 sanctus
548 442 681 476 Erkenwaldus
690 452 745 476 vnam
755 451 764 482 5

42 500 132 535 dominam
148 496 258 541 religiosam,
271 495 353 530 moribus
368 494 470 539 preclaram
485 499 503 529 et
518 495 537 529 in
553 494 622 529 artibus
640 494 746 529 liberalibus

42 552 153 586 sufficienter
163 549 258 588 eruditam,
268 549 342 581 nomine
355 548 481 588 Hildelitham,
490 548 513 581 de
524 549 606 591 partibus
617 547 746 581 transmarinis

42 604 141 643 accersiuit,
149 603 177 635 cui
185 601 259 635 tradidit
266 611 348 634 sororem
356 611 409 634 suam
417 600 554 644 Ethelburgam,
561 600 675 644 regularibus
682 600 746 633 obser-

42 656 107 690 uantiis
115 660 132 689 et
138 654 239 687 litterarum
245 652 327 696 apicibus
333 653 457 686 imbuendam.
479 652 746 697 Atvenernbilispuella,bone

42 708 106 743 indolis
118 712 136 741 et
147 705 216 750 ingenii
224 705 307 750 preclari,
315 710 364 740 tante
372 704 459 749 magistre
467 705 568 739 doctrinam
576 704 653 739 faciliter
662 705 745 749 concepit
754 714 774 737 10

42 767 60 796 et
68 759 156 795 memorie
164 759 242 792 firmiter
249 758 390 801 commendauit,
395 758 485 791 intantum
493 759 541 801 quod
550 758 608 802 ipsius
614 758 721 802 magistram
727 764 746 793 et

42 825 105 848 omnes
112 812 246 855 condiscipulas
254 811 272 844 in
278 812 375 847 virtutibus
382 810 482 855 perfectius
490 810 534 844 cito¹
542 811 661 853 transcendit,
667 816 685 844 et
690 812 745 845 totius

43 866 188 909 congregationis
206 865 288 908 prefecta
303 870 331 898 est
346 870 404 898 mater
419 870 437 897 et
452 865 549 898 abbatissa.
601 856 685 908 Quidam
700 864 746 898 ciuis

43 918 107 952 nobilis
122 916 218 950 Londonie
233 916 312 950 habebat
324 916 385 957 filiam,
397 915 475 949 multum
486 916 560 959 quidem
573 915 619 950 facie
630 916 716 949 decoram
728 923 746 951 et

43 968 165 1014 spectabilem,
170 968 204 1003 sed
210 967 327 1003 claudicabat.
344 968 433 1002 Parentes
439 967 467 1002 sui
473 967 599 1002 iudicauerunt
605 967 697 1001 salubrius
704 978 746 1003 esse
756 980 773 1011 ¹5

42 1029 60 1057 vt
73 1025 95 1057 ad
107 1022 183 1066 collegia
194 1022 357 1056 sanctimonialium
367 1021 483 1056 dedicaretur
496 1028 514 1055 et
526 1021 654 1055 ecclesiasticis
667 1020 746 1065 discipli·

43 1075 71 1110 nis
79 1076 186 1110 crudiretur.
210 1075 256 1109 Cum
265 1086 309 1120 ergo
321 1077 389 1110 credita
396 1080 446 1110 esset
454 1075 553 1110 venerabili
561 1074 634 1109 Alwine
641 1074 746 1109 abbatisse²

43 1128 169 1172 berkingensis
187 1128 270 1169 ecclesie,
289 1128 399 1173 quotidianis
416 1127 527 1162 orationibus
544 1128 667 1172 frequentauit
685 1128 746 1171 sepul-

43 1181 106 1214 chrum
117 1187 180 1215 sancte
190 1181 301 1224 Ethelburge
311 1181 387 1225 virginis
396 1181 464 1215 sororis
474 1181 522 1214 beati
533 1180 651 1214 Erkenwaldl
662 1180 746 1214 eiusdem

43 1233 76 1267 loci
84 1233 189 1275 fundatoris,
195 1239 213 1267 et
220 1239 239 1267 vt
248 1233 317 1268 directo
324 1245 390 1278 gressu
396 1234 489 1277 potiretur,
495 1234 570 1276 gemitu,
575 1232 680 1277 lachrymis,
686 1233 745 1277 popli·
754 1248 774 1270 ιο

43 1286 89 1320 tibus
100 1287 154 1320 ssexis
166 1287 233 1320 obnixe
244 1288 307 1329 orauit,
318 1288 413 1332 spondens
425 1288 459 1321 deo
470 1287 547 1321 celibem
561 1292 578 1320 et
593 1287 679 1320 illibatam
695 1288 745 1321 omni

43 1343 124 1383 tempore
131 1340 193 1374 vitam.
217 1340 239 1374 Et
248 1340 291 1374 dum
299 1341 359 1374 fidelis
366 1342 417 1384 virgo
425 1340 488 1384 sepius
494 1345 565 1384 peteret
571 1345 589 1374 et
595 1339 745 1384 sepissime³celi

43 1392 127 1434 palatium
135 1393 198 1426 humili
206 1404 261 1437 prece
269 1394 357 1437 pulsaret,
365 1394 463 1428 efficaciam
472 1395 499 1427 sui
509 1393 595 1428 desiderii
606 1398 702 1427 consecuta
712 1400 746 1428 est.

44 1444 89 1478 Nam
101 1456 169 1488 sponsa
181 1446 249 1479 Christi
259 1446 370 1489 Ethelburga
381 1452 470 1480 nocturno
481 1452 564 1489 tempore
572 1447 612 1479 visa
620 1452 649 1479 est
657 1456 678 1479 se
686 1446 746 1480 taliter

43 1495 118 1540 alloqui:
131 1497 192 1540 ‘Filia,
201 1498 273 1542 depone
281 1498 369 1541 dolorem,
377 1498 462 1542 quoniam
468 1503 499 1531 tua
504 1498 573 1532 sanitas
578 1497 615 1531 iarn
623 1498 745 1542 approximat.
754 1514 773 1545 ²5

43 1548 120 1582 Tantum
128 1560 200 1583 memor
207 1557 247 1584 esto
254 1556 274 1584 vt
281 1551 356 1584 fratrem
364 1561 426 1584 meum
434 1551 578 1584 Erkenwaldum
586 1551 651 1584 crebro
659 1551 682 1583 ad
690 1551 746 1584 inter-

43 1602 144 1636 cessionem
160 1608 210 1637 tuam
229 1603 310 1646 inuoces,
329 1604 371 1648 quia
390 1604 428 1638 suis
444 1603 661 1648 opitulantibus.meritis
679 1614 746 1647 sospes

43 1655 135 1690 redderis)
162 1656 226 1690 Talem
238 1656 328 1691 visionem
344 1667 385 1691 cum
397 1657 449 1701 ipsa⁴
461 1657 540 1692 diluculo
553 1657 647 1692 sororibus
662 1656 701 1690 suis
713 1667 745 1692 ex·

43 1706 139 1750 planasset,
148 1709 305 1744 exhortationibus
313 1711 395 1743 omnium
403 1710 475 1743 ieiuniis
485 1716 503 1743 et
514 1710 626 1744 orationibus
637 1710 680 1752 plus
692 1709 745 1743 solito

42 1757 151 1803 fnuigilabat.
175 1761 217 1794 Non
232 1761 289 1795 multo
304 1762 359 1806 igitur
370 1769 454 1805 tempore
468 1762 526 1805 lapso,
540 1763 583 1795 dum
596 1760 745 1795 sanctimoniales
753 1773 774 1802 30

43 1815 158 1848 matutinales
168 1815 233 1848 laudes
245 1816 367 1857 concinerent,
375 1815 423 1848 circa
434 1816 515 1848 tumbam
527 1816 581 1848 beate
593 1814 670 1858 virginis
683 1814 745 1848 Ethel-

43 1863 99 1908 burge
114 1871 151 1900 tam
167 1867 226 1901 dulcis
241 1877 297 1910 sopor
312 1867 385 1911 irrepsit
399 1867 456 1901 oculis
471 1866 529 1910 ipsius
544 1867 662 1901 claudicantis
678 1866 744 1901 ancille

44 1914 116 1958 Christi,
125 1925 144 1954 vt
156 1931 272 1965 nequaquam
284 1920 337 1955 reniti
349 1926 417 1965 posset.
440 1919 478 1954 Sed
490 1920 533 1954 dum
545 1919 563 1954 in
575 1920 615 1954 loco
627 1918 744 1954 dormitasset

44 1979 104 2014 opaco,
113 1984 149 2006 non
158 1973 211 2017 longe
220 1985 231 2007 a
239 1974 343 2017 sepulchro,
351 1985 394 2008 ecce
406 1980 481 2007 sanctus
490 1973 571 2017 pontifex
580 1973 718 2015 Erkemvaldus,
724 1974 744 2007 in

43 2023 91 2057 vultu
102 2026 190 2069 angelico,
198 2026 223 2059 illi
233 2027 323 2070 apparuit,
331 2032 349 2061 et
360 2033 437 2070 paterne
448 2027 552 2060 consolatus
564 2037 609 2067 eam,
621 2036 695 2059 manum
704 2026 744 2060 eius
752 2038 771 2068 35

43 2078 168 2122 apprehendit,
177 2080 241 2114 dicens
250 2091 254 2114 :
266 2079 299 2114 ‘In
307 2080 382 2114 nomine
391 2079 460 2114 domini
471 2080 528 2114 nostri
537 2079 592 2114 lhesu
601 2078 674 2120 Christi,
682 2089 743 2122 surge,

43 2132 60 2160 et
71 2129 118 2164 sicut
130 2132 195 2167 Petrus
207 2138 225 2167 et
238 2132 330 2167 Iohannes
344 2133 428 2167 claudum
440 2138 544 2175 erexerunt,
556 2132 582 2167 sic
594 2138 611 2165 et
623 2138 642 2165 tu
655 2131 743 2175 erigaris!

43 2179 82 2220 Quo
88 2184 147 2226 dicto,
157 2187 218 2218 statim
226 2185 315 2229 euigilans
323 2192 341 2220 et
352 2197 449 2229 exurgens,
457 2186 577 2219 conclamauit
588 2186 663 2218 dicens:
675 2186 743 2219 ‘Sanc-

42 2231 111 2269 tissime
119 2242 172 2279 pater
179 2238 307 2280 Erkenwalde,
315 2239 409 2280 miserere,
416 2238 515 2273 miserere)
539 2238 613 2271 Interim
619 2247 663 2271 vero
670 2238 713 2271 dum
720 2240 743 2272 ad

43 2282 164 2331 integritatem
175 2296 292 2334 restauretur,
301 2297 362 2325 tantus
370 2291 431 2335 fragor
440 2303 451 2324 a
461 2290 619 2325 circumstantibus
628 2291 701 2324 auditus
709 2297 743 2334 est,
751 2303 772 2333 40

43 2346 63 2370 ac
70 2340 84 2373 si
90 2342 140 2376 arida
146 2354 201 2387 sepes
206 2343 357 2389 confringeretur.
372 2345 396 2379 Vt
402 2351 462 2379 autem
469 2344 616 2378 sanctimoniales
622 2344 649 2378 rel
655 2349 743 2380 euentum

43 2392 121 2429 seriatim
130 2396 237 2440 didicerunt,
245 2398 327 2432 vnanimi
334 2409 379 2432 voce
387 2398 481 2432 dominum
490 2397 508 2432 in
516 2398 584 2432 sanctis
595 2397 634 2431 suis
644 2397 744 2441 gloriosum

45 2443 109 2480 deuote
118 2448 244 2484 laudauerunt.
288 2444 405 2487 ⁵C0nsess0r
417 2450 485 2485 domini
495 2450 585 2495 gloriosus
596 2450 660 2485 beatus
673 2450 744 2486 Erkcn·

44 2554 49 2571 4
63 2518 68 2535 ¹
78 2519 117 2567 Boll.
125 2532 155 2554 om.
163 2525 248 2562 perfectius
255 2525 291 2556 citor
341 2526 348 2543 ²
358 2526 375 2556 T.
384 2526 401 2556 E.
409 2525 488 2555 abbatisse
494 2525 563 2556 Alavine.
613 2527 619 2545 ³
629 2526 647 2556 Ε.
655 2526 743 2565 cepissime.

60 2562 140 2593 onninT.
208 2565 248 2595 ³Cf.
256 2565 300 2595 Beda
308 2565 334 2596 IV.
342 2567 356 2596 6.
