1762 2803
247 78 292 133 bt
307 76 407 129 neuun
423 75 532 138 bouem.
695 86 737 133 105

192 210 207 247 ll
216 202 249 245 Da
261 219 331 245 sancro
345 201 440 243 Kuurno¹
451 207 585 243 couressoms'.

41 284 100 361 Est
108 283 158 317 enim
166 287 216 317 terra
224 283 302 328 quedam
311 294 347 328 que
355 281 454 327 antiquitus
460 280 672 324 Letauia³,nuncautem
679 278 740 314 Minor

101 336 196 369 Britannia
214 342 341 379 nuncupatur:
360 336 379 369 in
395 346 432 378 qua
445 334 533 378 princeps
548 334 622 378 quidam
639 343 663 368 ex
682 331 739 374 regali

38 387 125 431 progenie
136 393 193 429 ortus,
201 388 276 421 nomine
289 388 376 429 othonus,
383 387 440 421 filiam
451 386 515 420 habuit
526 385 674 430 pulcherrimam,
683 392 738 428 quam

38 451 82 484 sepe
89 440 169 482 intuens,
177 445 195 474 et
203 440 266 475 illicito
271 451 334 475 amore
342 440 419 481 illectus,
427 438 518 473 flammeis
526 437 617 483 cupidinis
624 436 666 472 telis
673 436 740 470 aeriter

38 493 128 526 urebatur.
151 491 253 537 Instigante
268 494 343 528 tandem
358 493 437 527 demone
449 503 490 526 earn
506 492 596 535 cognouit,
611 497 630 525 et
645 490 664 524 in
679 490 757 534 primo5

38 555 113 581 accessu
122 546 333 590 pregnantemreddidit.
349 545 387 581 Illis
393 545 458 580 diebus
464 544 557 580 Arthurus
563 550 620 579 totam
626 542 740 578 Britanniam

38 610 105 643 regens
115 610 157 633 cum
166 600 235 634 curiam
247 611 299 635 suam
307 601 325 635 in
334 600 389 635 natali
398 599 467 634 domini
476 598 494 633 in
505 599 600 643 prouincia
608 597 683 632 nomine
691 597 740 641 Soyr

38 658 113 694 teneret,
125 652 220 697 principes
231 653 265 688 sibi
276 654 369 688 subiectos
380 654 403 687 ad
413 652 504 696 prefatum
514 652 575 686 locum
587 651 686 685 conuenire
697 660 740 694 pre-

39 704 96 748 cepit;
113 705 162 740 inter
174 717 221 750 quos
233 711 252 740 et
265 706 353 751 princeps
368 705 449 747 Letauie‚
461 704 518 749 regali
531 704 589 739 iussui
603 703 691 738 obediens
705 702 741 736 iter

39 757 119 799 arripuit,
135 763 153 789 et
168 759 224 791 filiam
239 765 361 802 pregnantem
376 769 439 792 secum
454 758 535 790 adduxit.
565 757 662 800 Completo
679 760 740 789 autem
751 765 769 786 1⁰

39 813 121 852 tempore
136 813 156 843 vt
170 810 208 844 filia
223 810 263 845 eius
276 816 353 854 pareret,
366 810 418 855 quasi
433 820 469 844 vno
487 808 564 843 miliario
579 818 590 842 a
605 807 672 853 palatio
691 807 741 851 regis

39 860 115 894 Arthuri
127 860 146 895 in
156 863 240 898 tentoriis
253 863 313 899 affixis
325 863 382 898 filium
394 862 449 898 enixa
460 867 493 898 est.
520 861 568 897 Crus
579 861 629 897 enim
641 860 694 906 pueri
706 870 741 895 suo

39 913 103 947 femori
111 916 186 959 proprio
194 917 300 958 adherebat,
305 928 339 951 nec
347 917 392 950 illud
400 916 461 960 aliquo
469 915 524 949 modo
532 915 604 958 erigere
608 919 683 959 poterat
690 926 695 956 ;
706 913 741 947 hoc

39 966 144 1010 significans
156 970 205 1012 quod
217 969 263 1004 sicut
274 981 317 1004 crus
327 970 377 1014 quod
387 969 422 1004 sub
431 968 512 1003 semore⁴
520 974 549 1003 est
560 967 626 1003 femori
635 967 741 1007 adherebat,

39 1019 65 1053 sic
77 1020 113 1053 filia
125 1031 161 1063 que
174 1023 209 1055 sub
221 1027 274 1066 patre
287 1029 331 1064 erat,
344 1022 392 1066 patri
404 1033 438 1056 suo
451 1018 551 1055 'carnaliter
566 1021 625 1054 fuerat
640 1020 741 1064 supposita.
751 1031 769 1060 ¹5

40 1071 134 1105 Cunabulo
145 1072 201 1116 igitur
211 1076 291 1117 quodam
303 1086 326 1109 ex
338 1075 407 1108 vimine
419 1079 506 1114 contorto¹
518 1072 573 1118 cirpis
584 1072 687 1117 agrestibus
697 1082 740 1117 sup·

40 1123 109 1166 positis,
121 1124 173 1160 iussu
186 1127 275 1171 principis
287 1127 366 1162 ministri
378 1137 456 1172 puerum
469 1126 602 1171 imposuerunt,
616 1131 634 1159 et
645 1135 678 1159 vas
690 1125 741 1164 illud,

40 1187 97 1220 puero
109 1178 257 1224 sup[er]posit0³‚
268 1181 287 1214 in
298 1186 400 1214 torrentem
412 1179 539 1223 proiecerunt;
551 1190 562 1213 a
573 1180 668 1213 sacerdote
679 1184 741 1212 tamen

41 1231 125 1272 quodam,
131 1236 229 1275 antequam
235 1232 253 1266 in
262 1233 331 1266 flumen
337 1233 462 1276 proficeretur,
467 1231 553 1276 baptismi
560 1231 636 1275 gratiam
641 1230 741 1265 infantulus

20 1304 22 1307 -
41 1289 149 1317 consecutus
163 1290 197 1319 est.
221 1285 296 1320 Fluuius
308 1291 369 1320 autem
383 1290 469 1329 tanquam
485 1285 525 1319 eius
540 1285 602 1319 nutrix
617 1284 640 1318 ad
652 1283 741 1318 maiorem
750 1294 770 1317 πο

41 1333 116 1369 ssuuium
124 1347 166 1370 eum
175 1338 244 1379 detulit,
252 1349 301 1373 nunc
310 1339 381 1373 Lothur
391 1343 523 1382 nuncupatum,
531 1343 549 1371 et
560 1337 618 1371 maior
628 1337 696 1371 fluuius
707 1346 741 1370 suo

41 1386 104 1429 rapido
112 1390 184 1432 gurgite
192 1401 251 1434 usque
262 1393 285 1425 ad
294 1402 345 1425 mare
356 1402 434 1434 puerum
446 1390 533 1424 velociter
543 1390 612 1423 detulit.
635 1389 674 1423 Nec
684 1401 742 1429 mora,

42 1442 77 1472 tam
90 1440 150 1475 subito
164 1447 214 1476 motu
226 1442 245 1476 in
259 1454 279 1477 se
292 1442 358 1478 fretum
370 1443 454 1478 estuabat
467 1442 516 1487 quod
529 1452 573 1487 yma
588 1442 644 1476 abissi
659 1441 742 1487 partibus

42 1492 166 1534 superioribus
178 1496 307 1538 permiscebat,
314 1497 410 1541 validaque
419 1501 522 1541 tempestas
530 1495 590 1530 subito
598 1500 662 1530 exorta
672 1500 712 1529 est:
724 1500 742 1530 et

42 1546 151 1581 cunabulum
166 1559 223 1592 super
237 1550 340 1584 undarum*
355 1551 417 1594 apices
436 1549 565 1583 indissolutum
584 1554 602 1582 et
620 1548 770 1591 inuolubilitera5

41 1597 146 1635 vehebatur.
174 1601 222 1636 Dum
234 1602 289 1646 igitur
300 1614 347 1646 puer
359 1602 410 1637 iuxta
422 1602 482 1636 littora
494 1602 514 1636 in
526 1601 592 1636 undis⁷
603 1601 708 1645 agitaretur,
719 1602 742 1635 ad

42 1648 119 1685 insulam
128 1664 164 1696 que
171 1654 273 1689 britannice
281 1655 405 1699 Henisweryn
411 1654 422 1697 ⁸,
429 1655 486 1688 latine
492 1657 496 1673 ¹
501 1654 562 1688 insula
569 1655 622 1688 turbe
628 1656 633 1672 '
638 1654 743 1694 vocabatur,

42 1704 204 1748 appropinquabat.
227 1707 250 1741 Et
258 1718 301 1742 eece
313 1709 373 1742 subito
383 1718 428 1741 aues
439 1707 509 1741 marine
518 1706 654 1751 quamplurime
663 1716 742 1750 puerum

43 1753 213 1799 circumuolabantt
222 1765 239 1794 et
247 1760 338 1804 unguibus
346 1765 364 1795 et
375 1760 439 1795 rostris
450 1770 528 1804 puerum
538 1760 561 1794 ab
571 1760 626 1794 vndis
636 1764 743 1803 rapuerunt,

44 1808 87 1842 etin
96 1819 139 1844 aera
147 1811 242 1847 eleuantes
250 1823 298 1856 eum,
307 1813 386 1858 undique
394 1823 451 1858 super
461 1818 479 1847 et
489 1813 554 1848 subtus
564 1824 606 1848 eum
617 1818 693 1858 tangere
701 1824 742 1848 con·
752 1827 771 1858 3⁰

44 1863 152 1903 gaudebant.
175 1865 211 1900 Diu
219 1867 254 1901 huc
262 1872 280 1901 et
290 1867 332 1901 illuc
340 1867 442 1909 volitantes,
450 1878 507 1911 super
514 1878 580 1912 rupem
588 1878 666 1912 puerum
674 1873 743 1902 statue-

43 1920 95 1957 runt3
115 1920 221 1953 cateruatim
237 1920 382 1962 circumstantes
394 1926 471 1955 stratum
486 1921 577 1965 quoddam
583 1921 596 1940 ¹⁰
611 1931 634 1955 ex
648 1920 742 1966 multiplici

42 1966 146 2008 plumarum
158 1972 206 2007 serie
211 1972 223 1992 ¹¹
236 1980 391 2018 composuerunt;
408 1980 505 2018 serpentes
517 1979 535 2009 et
547 1985 621 2009 vermes
635 1986 645 2009 a
658 1974 699 2008 loco
710 1986 743 2009 ex·

43 2021 138 2065 pellentes,
145 2031 210 2059 ventos
218 2031 237 2059 et
244 2026 343 2069 grandines
351 2032 369 2059 et
377 2027 430 2060 niues
441 2027 506 2060 umbra
515 2027 584 2060 alarum
597 2037 671 2060 suarum
684 2037 744 2060 remo·

42 2073 114 2130 nebant.
130 2076 178 2111 Dum
186 2089 231 2112 vero
239 2078 326 2121 paruulus
334 2078 352 2112 in
361 2079 407 2113 lecto
416 2090 449 2113 suo
457 2079 483 2113 sie
491 2080 565 2118 iaceret,
570 2085 667 2124 antequam
676 2090 743 2114 nouem
752 2095 771 2124 35

10 2174 11 2177 Ἴ
43 2124 82 2160 dies
89 2129 226 2172 pertransisset,
234 2132 310 2176 angelus
319 2132 388 2167 domini
395 2133 419 2167 ad
427 2144 470 2168 eum
479 2133 580 2174 descendit,
588 2139 607 2167 et
616 2133 678 2167 nolam
686 2143 744 2177 quan-

43 2178 84 2213 dam
98 2192 163 2217 eneam
176 2194 239 2218 secum
253 2185 399 2226 afferens,i11am
413 2185 463 2219 iuxta
475 2196 496 2219 os
509 2185 581 2229 paruuli
593 2186 684 2230 apposuit.
706 2185 743 2228 Qui

44 2239 83 2265 cum
95 2236 178 2280 esuriret,
191 2237 237 2272 sicut
248 2238 309 2273 intans
320 2239 343 2273 ad
354 2238 410 2272 vbera
421 2238 485 2272 matris
497 2249 517 2272 se
528 2238 588 2282 vertit,
601 2240 626 2273 ita
639 2239 662 2274 ad
677 2238 744 2274 dictam

44 2293 150 2330 campanam
157 2290 222 2324 faciem
230 2303 282 2326 suam
290 2292 391 2335 torquebat.
415 2291 452 2325 Ista
460 2297 521 2325 autem
529 2292 638 2335 campanula
644 2292 743 2324 mamillam

43 2344 107 2373 eneam
120 2342 143 2375 ad
157 2343 232 2377 modum
245 2344 334 2387 particule
347 2343 442 2378 muliebris
454 2342 534 2377 mamille
546 2343 652 2387 quantam¹²
663 2343 743 2377 infantes
751 2358 771 2388 4⁰

62 2416 67 2433 ¹
76 2419 94 2450 T.
102 2421 178 2459 Kened0;
189 2422 206 2454 E.
215 2423 288 2462 Kynedo.
364 2423 370 2442 ²
381 2423 428 2454 Same
435 2427 468 2455 text
475 2423 490 2454 in
499 2422 533 2455 MS.
541 2422 587 2455 Bodl.
594 2434 630 2462 240.
707 2423 713 2441 ⁵
724 2423 743 2454 E.

43 2453 104 2491 letania.
164 2462 243 2494 *utere
293 2464 422 2503 'Esupposito
474 2464 597 2495 tunudnum.
649 2463 683 2494 ⁷E.
691 2465 743 2494 nudis.

43 2493 49 2510 ⁵
59 2497 76 2528 T
84 2501 192 2540 henyswerin.
258 2504 292 2534 1Ε.
300 2505 437 2534 circumuolebant.
504 2504 516 2521 ¹⁰
526 2504 544 2533 E.
552 2504 634 2541 quandam.
701 2503 712 2522 ¹¹
724 2504 742 2534 E.

44 2543 87 2571 tene,
147 2542 159 2560 ¹²
169 2552 181 2572 r.
189 2544 247 2581 quaml
