1762 2803
131 100 133 105 ’
155 112 200 164 466
347 110 426 162 unta
442 107 558 171 urrann
573 108 666 171 tinniit.

155 230 268 274 charissima,
278 230 393 265 Brithfardus
403 235 491 275 cognatus
500 240 552 264 meus
564 236 581 265 et
593 235 687 275 compater
696 236 739 265 tuus
750 231 781 275 qui
793 242 823 264 me
835 232 857 266 de

155 284 269 319 sacrofonte
282 284 396 327 baptismatis
409 284 512 327 suscipiens
526 285 549 319 ad
563 295 640 329 regnum
654 285 722 320 celeste
737 285 857 329 regenerant,

155 344 173 372 te
184 338 228 382 petit
237 349 319 372 uxorem.
343 338 381 371 Sed
392 337 499 381 acquiesce¹
507 338 588 372 consiliis
597 337 649 379 meis,
658 344 676 372 et
684 348 773 381 sponsum
781 337 813 372 tibi
821 349 857 373 non

155 392 262 424 moriturum
277 392 352 424 tradam.
383 390 491 434 Quicunque
507 391 556 426 enim
572 392 641 425 nubunt
657 390 735 433 Christo,
747 390 857 435 accipientes

138 455 146 484 5
155 443 215 487 ipsum
224 454 318 487 sponsum,
327 448 416 487 perpetua
424 443 466 478 dote
474 443 571 478 dotantur²
579 443 598 477 in
609 454 666 487 regno
674 444 766 478 celorum!
786 444 809 477 Et
817 443 857 479 illa:

155 497 185 530 ‘Si
197 497 221 529 ita
233 502 266 538 est,
277 497 340 540 inquit,
352 496 450 539 impleatur
461 495 522 530 serino
534 508 589 539 quem
603 496 670 538 dixisti,
682 501 700 530 vt
713 495 817 530 Brithfardo
828 497 857 531 vel

154 550 184 583 alii
192 548 280 583 morituro
289 561 325 583 non
333 551 411 584 nubam!
428 549 525 584 Wistanus
533 549 593 593 igitur,
601 550 624 584 de
633 549 696 585 matris
705 548 816 585 continentia
823 561 857 594 spe

155 603 257 638 certissima
268 609 361 648 concepta,
373 603 444 638 nunciis
456 603 531 648 prefatis
540 603 651 637 matrimonii
662 602 794 647 impedimenta
805 613 857 638 reue·

154 656 203 689 lauit.
226 656 267 698 Quo
274 656 340 698 audito,
349 656 463 691 Brithsardus
471 662 546 690 conatus
554 661 581 690 est
590 658 612 690 de
620 661 678 690 morte
686 656 767 690 Wistani
774 661 857 700 tractare,

127 721 146 742 10
154 715 173 743 vt
184 720 206 742 eo
216 709 239 742 de
249 709 309 743 medio
320 710 391 743 sublato
401 709 515 753 propositum
527 719 580 742 suum
592 708 701 742 sceleratum
713 709 736 741 ad
748 709 804 742 finem
815 719 857 752 per-

155 764 391 807 ducatnephandissimum.
407 761 857 806 Furoreitaquetirannicoaccensus,crimenlese

155 816 255 850 maiestatis
265 816 359 851 incurrere
367 827 404 849 non
412 816 486 857 veritus,
495 815 589 850 dominum
599 826 653 850 suum
661 816 723 857 verbis
733 815 813 859 pacificis
823 818 856 851 sed

154 869 292 914 cogitationibus
299 868 418 903 fraudulentis
423 869 446 902 ad
450 867 559 912 colloquium
565 867 722 913 supplicatorie‚vt
727 868 788 913 ipsum
793 868 856 904 dolose

154 922 349 966 perimeret,inuitauit.
362 921 488 965 Aequiescens
493 927 553 954 autem
559 932 597 962 rex,
603 923 647 955 dum
652 921 856 965 colloquutionis³[tem-

127 984 145 1015 15
154 973 196 1019 pus]
204 974 315 1016 aduenisset,
323 975 372 1018 apud
380 974 439 1007 locum
449 973 480 1017 qui
487 984 545 1017 vsque
554 974 607 1007 hodic
616 974 778 1008 ‘Wistanestowe'
787 985 856 1009 nuncu-

153 1033 206 1073 patur
216 1032 352 1062 conuenerunt:
366 1032 384 1061 et
395 1026 509 1061 Brithsardus
519 1027 609 1070 cogitabat
616 1027 692 1071 qualiter
700 1027 794 1061 dominum
802 1038 856 1061 suum

153 1091 237 1115 seorsum
245 1092 256 1114 a
263 1082 315 1114 turba
323 1080 364 1114 dolo
372 1086 443 1114 teneret
451 1080 481 1113 et⁴
491 1080 593 1114 occideret:
605 1080 671 1125 ⁶(qu0d
680 1081 754 1124 quidem
764 1091 800 1115 non
808 1081 856 1115 bene

153 1146 209 1169 ausus
221 1134 279 1169 suerat
289 1139 397 1178 attemptare
408 1135 431 1168 ob
441 1134 501 1178 plebis
511 1133 596 1168 timorem
601 1133 614 1178 fi)
625 1145 660 1178 que
670 1144 712 1169 cum
721 1144 765 1179 rege
775 1140 856 1170 venerat.

153 1187 273 1230 Recogitabat
291 1193 352 1220 tamen
370 1187 427 1230 (ille)l
443 1188 491 1230 quod
509 1187 524 1220 si
541 1187 643 1230 principem
660 1188 711 1230 prius
727 1187 855 1230 percussisset,

125 1239 219 1275 nomilites
233 1244 252 1275 vt
267 1239 364 1285 acephalos
379 1249 416 1275 nou
431 1239 508 1275 timeret.
531 1239 625 1274 Venerant
641 1239 690 1274 enim
706 1239 822 1274 Brithiardus
837 1245 855 1274 et

153 1295 237 1340 quicum
251 1307 273 1328 eo
287 1300 344 1336 erant,
353 1293 434 1329 clanculo
449 1292 513 1328 armati
528 1299 591 1328 contra
605 1294 691 1329 inermes.
714 1293 752 1329 illis
767 1293 822 1338 igitur
836 1293 855 1329 in

152 1359 208 1383 vnum
220 1348 377 1389 conuenientibus,
389 1348 483 1382 dominum
495 1359 549 1381 suum
561 1348 608 1382 sicut
620 1348 695 1382 filiolum
706 1349 729 1381 ad
741 1347 791 1392 pacis
803 1359 855 1381 oseu-

152 1401 190 1434 lum
200 1400 283 1434 inuitauit
293 1411 382 1442 seorsum,
393 1400 467 1433 dicens:
481 1400 537 1434 ‘Veni
548 1406 566 1434 et
578 1400 597 1433 in
608 1411 653 1443 pace
665 1406 727 1434 sancta
738 1401 821 1434 osculum
832 1401 855 1433 da

152 1453 202 1494 mihi,
215 1454 269 1486 filiole
282 1452 317 1486 mi)
339 1452 376 1485 At⁷
387 1452 428 1496 ipse
439 1452 490 1496 pacis
502 1458 573 1486 amator
584 1454 674 1487 accedens
684 1454 707 1486 ad
719 1463 762 1486 eum
772 1453 807 1486 ait:
824 1453 854 1486 ‘ln

125 1521 143 1551 25
153 1506 227 1541 nomine
239 1511 301 1540 sancte
312 1504 368 1550 pacis,
376 1516 412 1548 que
423 1511 451 1539 est
461 1506 512 1547 deus,
520 1506 593 1539 osculor
600 1512 623 1546 te,
631 1511 651 1540 vt
661 1505 679 1539 in
691 1505 773 1540 eiusdem
781 1505 854 1539 nomine

152 1560 224 1595 osculer
239 1571 250 1594 a
264 1561 292 1594 te.'
319 1558 434 1594 Brithsardus
446 1570 495 1602 vero,
509 1571 543 1594 nec
557 1559 630 1593 domino
643 1564 717 1594 terreno
730 1570 807 1604 parcens
821 1570 854 1594 nec

152 1614 239 1647 celestem
247 1613 321 1655 veritus,
330 1613 453 1646 deosculando
462 1623 505 1646 eum
515 1613 594 1647 extraxit
602 1613 682 1656 gladium
691 1623 746 1657 quem
755 1614 789 1647 sub
798 1614 854 1647 latere

152 1677 185 1699 suo
195 1666 241 1699 clam
252 1666 335 1707 habebat,
345 1671 363 1698 et
373 1670 427 1708 caput
436 1666 505 1698 domini
516 1665 544 1699 sui
557 1666 662 1708 quassando
674 1676 716 1699 cum
728 1665 791 1709 capulo
801 1666 854 1699 letale

151 1720 218 1753 vulnus
231 1718 250 1751 in
263 1729 309 1751 cono
321 1718 360 1751 eius
371 1718 435 1752 infixit,
459 1718 537 1760 Quidam
548 1729 592 1753 vero
604 1718 650 1752 alius
661 1720 684 1752 de
696 1718 853 1752 circumstantibus

123 1787 143 1817 30
151 1781 239 1806 mucrone
253 1780 319 1816 corpus
331 1771 379 1815 regis
392 1771 496 1815 periorauit.
519 1772 639 1816 Supradictos
650 1778 711 1806 autem
723 1772 804 1814 nuncios,
816 1771 853 1805 scil.

150 1826 264 1866 titbaldum&
281 1826 330 1866 Man,
345 1831 364 1859 et
379 1824 490 1869 Edulphum,
504 1836 526 1859 eo
541 1825 590 1869 quod
607 1831 648 1869 post
663 1824 759 1860 veritatem
774 1824 853 1869 agnitam

150 1889 224 1921 semper
236 1880 289 1912 beato
302 1877 372 1912 martiri
385 1878 466 1912 veritatis
482 1878 574 1920 assertori,
587 1884 607 1913 vt
620 1889 664 1913 vero
679 1877 758 1920 domino,
772 1878 852 1913 veritatis

150 1932 250 1966 imitatores
269 1932 390 1972 adhesissent,
410 1931 528 1965 detestabiles
548 1931 627 1965 ministri
647 1931 730 1965 eiusdem
753 1930 853 1965 Brithsardi

150 1983 209 2028 gladio
217 1983 353 2018 interemerunt.
371 1983 410 2017 Nec
417 1993 474 2025 mora,
482 1983 532 2017 idem
540 1983 661 2026 Brithsardus‚
670 1983 731 2017 diuino
739 1983 804 2017 iudicio
812 1993 852 2027 per-

123 2050 141 2080 35
150 2047 220 2079 cussus,
229 2036 290 2070 statim
298 2046 362 2070 amens
370 2035 445 2070 effectus
454 2041 487 2078 est,
495 2041 513 2070 et
520 2036 561 2080 [sic]
573 2047 606 2071 nec
614 2037 637 2071 ad
645 2036 708 2080 regine
716 2036 851 2071 matrimonium

150 2091 238 2134 attingere
250 2101 283 2124 nec
295 2091 318 2123 ad
329 2090 399 2134 regiam
411 2089 518 2134 dignitatem
530 2089 625 2124 sublimari
634 2101 645 2124 a
653 2088 727 2123 domino
738 2089 851 2133 permittitur.

151 2144 220 2178 Passus
233 2148 261 2177 est
273 2149 333 2177 autern
347 2142 431 2177 kalendis
443 2142 496 2185 Iunii,
509 2147 527 2177 et
538 2142 642 2186 preciosum
656 2152 723 2187 corpus
735 2147 784 2177 terre
799 2143 851 2177 relin-

150 2205 214 2239 quens,
223 2195 320 2237 gloriosam
330 2195 410 2228 animam
422 2195 461 2229 celo
473 2195 537 2228 intulit.
561 2195 589 2228 De
600 2195 639 2228 loco
650 2200 711 2229 autem
723 2195 741 2228 in
753 2206 789 2239 quo
800 2196 852 2229 inno-

150 2252 214 2282 center
224 2246 296 2281 oceisus
305 2252 337 2287 est,
346 2247 443 2290 columpna
450 2247 495 2281 lucis
503 2258 561 2291 usque
571 2248 594 2281 ad
604 2247 663 2282 celum
671 2252 760 2292 porrecta,
768 2248 851 2283 omnibus

122 2315 142 2344 4⁰
150 2301 214 2335 ineolis
221 2299 254 2335 loci
260 2299 308 2334 illius
315 2311 412 2344 apparens,
418 2311 452 2344 per
458 2300 532 2344 triginta
538 2300 577 2335 dies
586 2301 644 2335 stabat
650 2301 751 2345 perspicua.
766 2300 851 2336 Delatum

150 2361 178 2389 est
191 2359 252 2387 autem
265 2364 331 2396 corpus
345 2353 430 2395 martiris,
442 2354 465 2387 ab
479 2353 514 2387 hiis
526 2354 557 2397 qui
570 2360 613 2388 tunc
625 2359 723 2398 presentes
736 2356 817 2394 aderant,
828 2353 850 2388 ad

149 2407 280 2443 monasterium
288 2407 311 2441 de
320 2407 428 2451 Rependoi'i,
436 2413 453 2442 et
463 2406 482 2441 in
492 2407 586 2442 mausoleo
596 2408 625 2442 aui
635 2407 663 2442 sui
671 2407 753 2453 Wiglaui
762 2407 851 2451 condigno

168 2494 174 2512 ¹
185 2494 203 2523 Ε,
210 2494 325 2531 acquiescente.
364 2493 370 2510 ²
381 2493 400 2523 Κ
409 2493 483 2523 ditantur.
524 2492 530 2509 ³
540 2493 557 2523 T.
567 2493 695 2530 colloquutionis,
702 2494 721 2524 E.
728 2491 851 2531 colloquutioni;

149 2540 212 2572 tempus
219 2544 249 2563 ont.
290 2532 295 2551 ⁴
307 2532 327 2563 R.
334 2536 355 2564 vt.
396 2532 420 2550 Μ
430 2543 449 2563 so
456 2532 485 2570 E,;
495 2532 513 2564 T.
521 2533 540 2563 R.
548 2533 612 2564 timebat
619 2534 660 2564 enim
667 2534 734 2573 plebem.
780 2534 786 2553 ⁶
796 2541 827 2564 orn.
834 2531 850 2561 in

149 2576 166 2606 T.
175 2576 195 2605 R.
235 2574 309 2604 Hanc.
350 2573 475 2605 ”Riubaldurn
