1762 2803
100 136 142 189 176
290 133 370 185 muta
385 129 501 204 tarenta
515 124 609 192 ‘fluctio

99 259 117 288 et
126 253 226 288 obstinacia
233 253 264 287 diu
273 253 362 297 impunita
371 264 408 286 non
416 259 504 288 maneret.
528 252 567 286 Nec
576 263 632 294 mora,
641 253 748 297 superuenit
755 263 802 287 vxor

99 308 182 340 eiusdem
196 307 235 348 viri,
250 307 309 340 virum
324 310 408 339 sanctum
423 307 529 350 suppliciter
542 315 610 347 rogans
625 306 711 349 quatinus
726 316 759 349 pro
774 306 802 339 in-

100 361 173 404 opinato
184 360 255 393 iuuenis
267 370 310 393 casu
322 359 404 393 diuinum
415 359 502 394 auxilium
514 358 612 402 implorare
624 358 741 402 dignaretur:
754 358 802 393 Nam

100 414 159 447 subito
174 412 226 455 quasi
240 413 259 445 in
274 418 343 446 terram
357 418 457 451 cormerat,
469 413 521 456 quasi
536 412 560 445 ad
572 417 656 446 mortem.
680 412 763 456 Cumque
778 413 801 446 ad

82 476 91 505 5
100 477 166 510 preces
174 464 231 499 sancti
239 465 366 506 conualuisset,
375 471 393 498 et
400 466 419 499 in
428 466 477 499 nullo
485 465 590 499 humiliatus
598 475 632 499 nec
640 470 732 500 correctus
741 470 790 499 esset
797 478 802 506 ς

100 520 143 552 dum
148 518 239 552 venationi
247 517 355 559 intenderet,
361 528 427 552 ceruus
435 519 509 562 quidam
514 528 572 561 vsque
580 511 603 551 a'd
610 519 666 553 maris
675 520 733 563 ripam
741 518 802 562 ipsum

100 573 208 615 precedens,
217 576 235 604 et
242 572 282 614 ipse
290 571 390 605 calcaribus
400 582 468 614 equum
474 581 547 615 urgens,
555 581 565 604 a
573 582 619 615 rupe
627 573 706 615 quadam
717 572 736 605 in
744 573 802 615 preci-

100 625 165 668 pitium
178 634 199 657 se
211 624 261 657 dedit
276 629 294 658 et
307 624 393 662 continuo
407 625 507 668 expirauit;
524 635 558 658 nec
571 624 594 658 de
608 636 663 659 ceruo
679 635 712 659 nec
725 636 802 669 corpore

100 678 171 712 iuuenis
185 678 282 720 quicquam
294 682 359 721 postea
371 677 450 715 inueniri
463 678 525 721 potuit.
571 670 603 711 De
617 678 728 712 monasterio
741 683 802 712 autem

74 732 158 764 1osancti
173 730 273 763 Hismaelis
285 740 319 772 per
331 731 413 772 spacium
426 731 526 763 stadiorum
539 735 611 773 septem
626 731 649 763 ad
663 740 729 773 preces
744 731 802 763 sancti

100 781 189 817 Carodoci
204 792 255 816 mare
270 793 290 817 se
304 782 405 823 retrahens,
418 783 465 816 viam
477 783 516 817 viro
529 782 559 815 dei
572 782 639 816 siccam
652 783 707 817 dedit.
752 775 803 817 Cum

100 836 179 879 quodam
187 835 268 878 paschali
277 840 360 879 tempore
368 834 479 868 ministerio¹
487 835 548 868 altaris
557 845 577 868 se
585 840 662 879 pararet,
668 846 710 869 ecce
718 835 752 869 viri
760 835 802 877 duo,

101 890 152 923 stolis
162 887 208 922 albis
218 888 281 930 induti,
289 898 373 922 mensam
384 899 459 921 auream
469 888 573 922 deserentes
583 889 606 921 ad
614 889 675 932 ipsum
684 885 760 922 introire
767 889 802 922 visi

102 947 154 986 sunt;
172 946 190 975 et
202 946 240 975 erat
253 943 340 986 scriptum
353 942 372 974 in
384 952 458 977 mensa:
476 942 569 986 ‘Sequere
581 952 626 977 nos:
644 942 740 976 Habemus
752 942 801 976 enim

75 1005 93 1035 15
102 996 163 1030 cibum
173 995 288 1037 manducare,
297 1004 352 1038 quem
362 999 381 1027 tu
391 995 463 1028 nescis!
486 995 569 1028 Perlecta
579 1000 640 1028 autem
650 996 745 1039 scriptura,
753 995 802 1029 diem

102 1049 162 1082 obitus
181 1048 210 1080 sui
228 1048 325 1081 imminere
340 1048 433 1081 intellexit.
457 1048 479 1081 Et
493 1049 558 1082 volens
573 1048 622 1081 diem
637 1049 694 1083 scire:
715 1048 802 1092 ‘quando,

101 1102 165 1146 inquit,
171 1102 190 1134 in
198 1101 282 1134 conuiuio
286 1107 348 1135 vestro
356 1111 397 1134 cum
406 1101 491 1135 fratribus
499 1102 545 1135 meis
553 1101 660 1145 epulabori’
684 1101 724 1135 ‘Ad
732 1112 802 1143 cenam,

102 1155 191 1198 inquiunt,
203 1155 245 1196 agni
256 1154 348 1197 prouidi5’
364 1154 455 1197 nichilque
466 1155 545 1198 amplius
557 1155 668 1196 adiicientes,
680 1160 801 1188 recesserunt.

102 1208 171 1249 Quarta
178 1217 222 1240 vero
229 1207 347 1249 postmodum
355 1206 400 1240 feria
410 1206 460 1240 febre
468 1211 568 1251 correptus,
576 1207 662 1241 iratribus
673 1208 707 1241 ait:
720 1207 803 1249 ‘Scitote,

75 1270 93 1291 zo
102 1261 168 1295 iratres
180 1259 288 1302 charissimi,
300 1260 349 1303 quod
362 1259 392 1292 dic
404 1260 494 1294 dominica
507 1260 568 1294 anima
580 1270 626 1303 mea,
638 1261 699 1294 carnis
711 1260 803 1303 ergastulo

103 1314 165 1356 soluta,
179 1313 202 1345 ad
217 1313 317 1355 dominum,
330 1323 385 1356 quem
401 1313 463 1346 dilexit
479 1317 497 1346 et
512 1313 620 1356 concupiuit,
636 1313 730 1357 migrabit)
754 1313 803 1347 Obiit

102 1372 163 1400 autem
180 1376 229 1399 anno
248 1366 316 1399 domini
335 1365 433 1399 millesimo
452 1368 552 1400 centesimo
567 1366 729 1409 vicesimoquart03
749 1371 767 1399 et
785 1366 804 1399 in

102 1419 210 1454 meneuensi
226 1419 303 1453 ecclesia
318 1429 359 1453 cum
375 1429 441 1461 magno
456 1419 526 1453 honore
544 1419 638 1462 sepulture
655 1420 736 1453 traditur.
760 1419 804 1453 Post

103 1472 170 1506 multos
183 1481 227 1505 vero
243 1481 306 1513 annos,
319 1481 360 1505 cum
375 1481 443 1514 corpus
458 1472 503 1514 eius,
515 1475 625 1515 congregata
639 1471 737 1505 multorum
752 1472 804 1514 copia

76 1532 94 1563 25
103 1525 190 1566 virorum,
198 1523 334 1566 transferretur,
339 1524 465 1566 incorruptum
473 1529 491 1557 et
499 1524 660 1558 incontaminatum
669 1528 762 1568 repertum
770 1529 804 1559 est.

104 1578 161 1611 Cuius
173 1577 248 1619 digitum
261 1587 302 1609 cum
313 1576 418 1609 Willelmus
430 1576 612 1619 Malmesburyensis,
624 1577 724 1610 monachus
737 1581 754 1610 et
766 1577 804 1611 his·

104 1629 232 1672 toriographus
249 1629 332 1671 insignis,
347 1629 449 1661 deuotionis
464 1630 522 1672 gratia
536 1629 631 1662 abscidere
646 1634 664 1662 et
681 1639 743 1662 secum
758 1629 804 1663 forte

105 1682 177 1718 auferre
184 1685 293 1724 temptaret;
305 1685 384 1723 sanctus
393 1681 445 1724 quasi
454 1682 536 1715 sentiens
545 1682 670 1715 membrorum
678 1682 804 1724 abscisionem,

105 1735 185 1769 collectis
203 1734 222 1766 in
237 1734 296 1767 volam
312 1734 372 1777 digitis
387 1739 405 1767 et
420 1735 475 1768 simul
490 1735 508 1768 in
524 1734 603 1778 palmam
618 1735 715 1778 replicatis,
730 1745 805 1769 manum

77 1800 97 1829 30
105 1789 176 1821 manica
184 1786 278 1819 subtraxit.
296 1786 336 1829 Quo
344 1786 388 1828 viso,
397 1787 505 1831 perterritus
515 1786 615 1820 monachus
623 1797 634 1820 a
642 1792 705 1820 sancto
713 1786 805 1821 humiliter

104 1841 176 1877 veniam
184 1839 287 1883 postulauit.

215 1948 217 1954 ,
377 1908 392 1945 ti
400 1907 515 1944 Narrationes
520 1908 531 1943 2.

126 1962 177 2005 Cum
189 1968 238 2001 enim
249 1978 295 2011 gens
307 1967 404 2001 Hunorum
416 1968 487 2011 perfida
498 1978 540 2002 cum
552 1977 595 2011 rege
606 1978 639 2002 suo
650 1967 712 2002 Athila
721 1967 805 2001 Aurelia·

49 2015 52 2022 ⁴
104 2022 190 2056 nensium
201 2021 262 2053 menia
273 2020 343 2054 vallans
355 2020 378 2053 ad
388 2020 438 2053 vrbis
450 2019 554 2054 interitum³
561 2021 656 2064 aspiraret,
664 2020 750 2054 ‘sanctus
760 2020 805 2053 Ani-

104 2086 150 2110 anus
157 2074 260 2118 episcopus,
266 2078 369 2107 sanctorum
376 2073 461 2117 reliquias
467 2079 547 2117 gestans,
554 2084 611 2117 super
617 2084 689 2108 murum
695 2073 805 2108 ambulando

77 2136 95 2166 35
104 2139 170 2172 preces
181 2126 255 2160 domino
266 2125 358 2160 fundebat.
380 2126 432 2159 Tunc
444 2128 501 2160 miser
512 2127 586 2170 quidam
598 2128 689 2169 sacerdos,
701 2137 712 2159 a
723 2127 805 2160 barbaris

104 2187 173 2226 captus,
182 2179 210 2213 his
220 2179 281 2213 verbis
293 2190 335 2213 eum
346 2178 452 2223 alloquitur:
465 2180 527 2222 ‘Quod
537 2184 556 2213 tu
567 2180 621 2213 modo
633 2180 672 2224 agis
680 2180 805 2223 vnusquisque

104 2241 188 2269 nostrum
196 2234 215 2266 in
221 2232 293 2267 ciuitate
301 2244 335 2266 sua
342 2232 424 2267 studiose
430 2233 505 2276 peregit,
511 2233 544 2268 sed
550 2233 576 2266 nil
583 2232 660 2276 profuit.¹
681 2232 721 2266 Hec
729 2231 805 2275 locutus,

105 2289 166 2320 diuina
173 2285 241 2318 vitione
252 2286 314 2318 statim
326 2285 390 2318 cecidit
402 2290 489 2327 mortuus,
498 2290 587 2329 perpetua
596 2295 645 2328 pena
655 2285 805 2327 condempnatus.

105 2341 184 2375 Hostilis
191 2339 264 2373 interim
272 2339 364 2373 exercitus
371 2338 408 2372 tela
415 2339 497 2381 iactabat,
505 2344 523 2373 et
534 2338 620 2372 arietibus
628 2347 701 2371 murum
709 2338 806 2380 quatiebat.

77 2402 97 2431 40
106 2393 157 2427 Tunc
165 2391 245 2434 fugiente
253 2392 276 2424 ad
284 2391 380 2425 ecclesiam
386 2391 459 2434 populo,
465 2392 563 2435 episcopus
571 2390 676 2423 hortabatur
682 2399 724 2423 eum
730 2400 806 2433 sperare

105 2447 124 2479 in
138 2445 223 2487 domino;
240 2444 281 2488 ipse
294 2455 338 2478 vcro
351 2454 424 2477 murum
437 2444 519 2478 ascendit
532 2448 551 2477 et
563 2443 628 2476 tacitus
642 2441 701 2476 celum
715 2442 806 2486 aspiciens

106 2500 169 2532 orauit.
191 2497 274 2541 Cumque
291 2497 326 2531 sibi
343 2497 412 2530 domini
430 2497 516 2530 auxilium
533 2496 599 2529 adesse
618 2496 713 2537 sensisset,
729 2501 806 2539 repente

126 2591 159 2621 lT.
167 2590 243 2621 misteriis.
275 2591 412 2622 ²CiVinoBell,
420 2591 465 2621 XIX.
474 2600 497 2628 13.
533 2589 669 2620 ³E.interiatum.
704 2589 738 2620 ⁴T.
746 2589 763 2620 E.
772 2594 806 2621 ets.
