1762 2803
205 124 251 179 Ut
266 122 366 177 &tutto
382 122 539 176 tumtunm.
679 139 718 182 141

20 250 94 288 peracta
105 245 227 287 confessione,
238 247 352 281 oscularetur
362 247 434 289 deuote,
445 247 520 282 dicens:
532 247 609 281 ‘Manus
621 246 656 281 iste
667 246 722 281 hodie

20 308 50 331 me
65 298 139 333 beatum
153 299 247 335 fecerunt)
294 292 391 344 Tempore
406 310 479 345 quoque
494 300 534 335 eius
549 299 634 335 monachi
649 304 722 334 cantua-

20 351 97 393 rienses,
105 351 151 387 sicut
160 364 224 387 omnes
232 353 271 388 sere
278 358 322 388 tunc
330 354 419 397 temporis
427 354 446 388 in
454 354 522 397 Anglia
529 353 643 388 secularibus
650 353 722 387 similes

20 404 55 439 nisi
64 406 112 448 quod
120 405 227 449 pudicitiam
233 410 272 441 non
278 406 330 441 facile
338 408 443 452 perderent,
449 407 518 449 venari,
525 406 618 451 aucupari,
624 412 642 441 et
649 405 723 450 potibus

20 456 116 501 indulgere
129 465 269 501 consueuerunt
284 465 304 494 vt
316 460 357 494 illos
369 460 428 503 magis
443 460 534 500 consules,
545 471 601 503 quam
616 459 740 502 monachos,5

20 519 54 553 pro
63 509 172 545 famulorum
182 511 284 556 frequentia
295 517 374 556 putares.
397 512 470 548 Horum
478 511 595 547 insolentiam
603 511 724 546 Lamsrancus

21 562 130 606 aliquamdiu
141 564 235 599 tolerauit:
248 564 317 599 sciebat
328 565 378 599 enim
389 564 460 610 peritus
470 564 573 600 animarum
580 564 674 610 magister,
681 575 723 599 con-

21 616 137 651 suetudinem
145 628 156 651 a
164 623 228 652 natura
234 628 276 653 esse
284 619 390 661 secundam,
396 623 414 653 et
420 618 517 663 repentina
525 628 597 654 morum
604 617 723 654 conuersione

21 669 122 704 teneriores
130 671 235 705 exacerbari
242 671 323 705 animos:
336 675 449 715 quapropter
456 682 490 715 per
498 670 594 705 interualla
603 671 670 705 blande
678 681 723 704 non·

21 722 71 756 nulla
81 723 199 763 submouens,
207 729 248 757 cote
255 724 343 758 virtutum
354 725 410 758 rudes
422 725 444 758 ad
455 725 523 758 bonum
535 725 634 759 exacuebat
646 729 723 765 mentes,
733 737 752 759 ro

21 774 46 808 ita
53 779 72 808 vt
78 775 166 809 abdicatis
174 776 281 810 adulterinis
289 776 361 810 ictibus¹
368 802 372 818 ‚
380 776 457 810 vltronei
465 776 546 821 geniales
553 777 641 811 virtutum
649 777 724 821 adopta-

22 832 63 862 rent
78 838 181 863 successus.
204 828 240 864 Hic
255 830 326 863 nullum
340 840 350 864 a
365 839 386 863 se
397 840 478 873 unquam
491 830 561 864 tristem
575 829 649 872 dimisit,
661 830 694 863 sed
708 829 724 863 si

22 890 134 925 quemquam
142 881 259 916 subnubilum
263 882 339 923 videret,
345 892 418 917 causam
427 882 505 927 impiger
510 883 603 927 querebat,
608 887 626 917 et
632 882 724 917 medelam

22 934 125 968 adhibebat.
148 934 237 969 Rotlense
245 936 376 969 monasterium
382 936 527 979 dequaternan'o
533 935 642 970 clericorum
648 945 725 970 numero

22 997 80 1030 vsque
92 988 115 1020 ad
124 987 254 1031 quinquaginta
265 988 370 1028 monachos,
379 988 525 1022 necessariorum
536 988 664 1023 sufficientiam
674 987 724 1022 afflu·
734 1000 751 1032 ¹5

23 1039 87 1074 euter¹
100 1039 236 1082 ministrando¹,
252 1040 365 1076 instaurauit.
409 1034 461 1075 Tres
473 1041 512 1075 eius
528 1041 612 1086 discipuli
627 1040 725 1086 aliquando

23 1091 71 1126 inter
82 1104 102 1127 se
114 1093 211 1128 dixerunt:
223 1093 357 1138 ‘Experiamur
367 1095 481 1128 reuolutione
492 1094 582 1133 soliorum,
590 1094 631 1137 quis
642 1098 725 1128 nostrum

23 1144 95 1179 futurus
107 1145 130 1179 sit
141 1146 202 1186 abbas,
213 1146 255 1189 quis
266 1145 375 1190 episcopus?
398 1146 421 1180 Et
433 1146 502 1180 inuenit
511 1145 644 1191 Gundulphus:
656 1145 725 1180 ‘fidelis

24 1207 90 1232 seruus
104 1202 122 1232 et
135 1199 227 1243 prudens*
239 1204 257 1233 et
272 1204 337 1234 cetera.
360 1199 454 1233 Walterus
468 1198 550 1233 inuenit:
567 1201 630 1234 ‘seruc
645 1199 693 1233 bone
708 1203 726 1233 et

24 1250 94 1285 fidelis’
110 1256 143 1286 etc,
165 1251 248 1286 Tertium
262 1262 307 1286 vero
324 1252 393 1286 socium
412 1252 474 1286 nescio
489 1252 532 1296 quid
548 1252 613 1287 durum
630 1251 726 1286 inuentum
735 1265 754 1287 ro

24 1304 107 1343 turbauit,
116 1305 160 1337 sed⁴
171 1310 189 1337 et
200 1305 215 1337 si
226 1305 292 1346 audiui,
300 1305 379 1337 libenter
386 1304 453 1338 oblitus
461 1314 508 1343 sum,
516 1305 558 1348 quia
568 1303 648 1348 ingenue
658 1304 727 1338 mentis

25 1361 53 1389 est
63 1356 127 1390 alienis
138 1367 174 1390 non
185 1356 273 1391 insultare
283 1357 341 1392 malis.
365 1356 418 1399 Quod
426 1367 468 1391 cum
476 1356 596 1391 Lamfrancus
605 1357 692 1397 audisset,
700 1355 727 1389 in-

25 1408 131 1443 dubitanter
148 1409 276 1452 pronunciauit
292 1409 423 1453 Gundulphum
440 1409 479 1443 sore
495 1409 609 1454 episcopum,
623 1409 727 1443 Walterum

25 1461 115 1502 abbatem,
131 1460 204 1496 tertium
219 1463 242 1496 ad
258 1462 327 1497 lubrica
342 1462 399 1497 seculi
415 1462 556 1497 deuoluendum.
578 1462 601 1496 Et
617 1461 684 1496 facturn
699 1466 728 1495 est

26 1514 61 1549 ita:
82 1515 129 1548 Nam
147 1515 269 1558 Gundulphus
287 1515 346 1550 sactus
365 1522 393 1550 est
412 1515 511 1559 episcopus
527 1514 618 1555 roffensis,
632 1514 756 1556 Walterusr5

26 1567 83 1600 abbas
92 1567 208 1607 Eueshamie,
218 1568 283 1600 tertius
294 1568 313 1600 in
320 1577 388 1601 vanum
399 1567 443 1601 abiit
450 1566 462 1601 ¹.
508 1560 609 1601 Fatebatur
617 1567 666 1600 enim
675 1566 728 1600 Iam·

26 1619 99 1653 francus
107 1630 128 1654 se
136 1620 191 1654 deum
199 1630 274 1664 rogasse
282 1625 300 1654 vt
310 1625 340 1654 aut
350 1620 401 1655 lehre
411 1619 454 1655 ειιιῑὅ
462 1618 582 1655 dissenteria⁷
590 1624 698 1659 moreretur,
706 1629 729 1653 eo

27 1673 74 1716 quod
84 1673 191 1707 memoriam
200 1683 237 1707 non
245 1674 319 1708 turbent
327 1683 361 1707 nec
369 1672 461 1717 loquelam
469 1671 574 1718 impediant.
618 1664 666 1707 Erat
678 1671 728 1707 enim

27 1726 108 1759 doctrina
114 1732 132 1759 et
140 1725 229 1769 sapientia
235 1726 380 1761 famosissimus:
393 1726 444 1760 euius
449 1726 537 1761 indicium
543 1731 583 1760 erat
588 1727 637 1770 quod
643 1726 729 1759 dominus

27 1789 74 1823 papa
81 1778 189 1814 Alexander
196 1779 218 1819 ei,
224 1779 303 1813 Romam
311 1779 397 1819 venienti,
404 1778 500 1822 dignanter
507 1783 616 1822 assurgeret,
623 1784 729 1822 protestans
738 1792 758 1821 30

28 1841 48 1865 se
58 1842 95 1865 non
105 1832 153 1865 illius
161 1831 312 1875 archiepiscopi0,
319 1832 354 1866 sed
363 1831 469 1875 magisterio
476 1831 577 1865 litterarum
585 1831 686 1865 honorem⁸
698 1831 730 1865 de-

28 1883 81 1917 ferre.
100 1884 217 1926 Quapropter
224 1884 276 1926 petiit
283 1888 355 1927 papavt
360 1893 401 1918 cum
410 1884 450 1927 ipse
457 1883 530 1918 lecisset
538 1882 587 1926 quod
593 1887 642 1916 esset
648 1881 730 1923 honoris,

29 1935 149 1971 Lamirancus
160 1935 228 1970 iaceret
239 1936 288 1980 quod
299 1940 350 1970 esset
361 1936 438 1978 iusticie,
446 1935 531 1970 videlicet
541 1941 561 1970 vt
572 1946 593 1970 se
604 1940 730 1981 prosterneret

27 1988 108 2033 vestigiis
115 1988 178 2023 tu'carii
186 1989 234 2023 beati
242 1989 297 2023 Petri.

303 2053 318 2089 ti
329 2051 359 2086 Ex
365 2053 438 2087 cronicis
442 2052 454 2086 ⁹.

51 2099 92 2140 lllis
103 2105 168 2139 diebus
180 2105 256 2140 comites
268 2105 367 2139 Heriordie
378 2112 396 2138 et
409 2105 503 2148 Estanglie
515 2104 656 2139 coniurauerunt
667 2109 730 2139 contra
739 2115 758 2146 35

29 2168 91 2202 regem
99 2157 214 2192 Willelmum
222 2158 295 2203 Anglie,
307 2162 325 2192 et
337 2157 422 2192 comitem
433 2156 564 2192 Northumbrie
572 2156 697 2191 Walleuum¹⁰
707 2157 730 2191 ad

29 2211 180 2245 consentiendum
192 2210 218 2244 eis
229 2211 306 2245 subdole
316 2210 480 2245 circumuenerunt.
503 2209 538 2252 Qui
547 2209 676 2244 Lamsrancum
687 2210 732 2244 adiit

29 2268 53 2305 et,
60 2262 161 2309 penitentia
168 2271 248 2307 accepta,
254 2274 317 2307 regem
325 2263 382 2307 petiit,
390 2264 487 2297 factionem
495 2263 599 2305 denudauit,
606 2263 732 2297 misericordie

29 2318 78 2362 regis
85 2317 132 2351 vltro
139 2327 160 2350 sc
168 2316 223 2350 dedit.
245 2315 299 2349 Vnde
311 2321 329 2350 et
337 2327 371 2350 rex
382 2317 470 2360 quosdam
481 2315 562 2351 exiliauit
567 2315 584 2358 ¹¹,
593 2316 682 2359 quosdam
690 2326 732 2360 pro-

30 2370 103 2414 sugaub,
116 2369 201 2404 comitem
209 2368 314 2403 Walleuum
320 2369 334 2387 ¹⁰
341 2374 383 2413 post
390 2369 553 2403 incarcerationem
561 2369 610 2412 apud
617 2368 731 2402 Wintoniam
739 2378 760 2410 40

30 2421 86 2466 impie
97 2422 182 2456 decollari
192 2421 246 2462 secit3
258 2425 277 2455 et
286 2422 334 2464 apud
345 2421 437 2455 Crouland
447 2422 551 2455 tumulatur.
574 2421 603 2455 De
611 2431 646 2465 quo
654 2425 731 2454 testatus

49 2487 155 2519 ¹E.secibus.
200 2486 453 2518 πΗ.τι.ειιῆὶείεηῐίῑιαθίιιιτηῑεε.
500 2486 596 2518 ³on.tnr.
641 2485 732 2524 ¹cl.quod.

30 2526 82 2559 ὗΤΞ.
90 2530 134 2558 obiit.
178 2528 213 2558 ⁸E.
220 2534 242 2558 vt.
261 2528 393 2558 ¹T.dissinteria.
438 2527 510 2556 ¹H.sed
518 2526 604 2557 litterature
612 2526 643 2557 des.
690 2526 733 2557 ‘ct

30 2566 95 2607 Higden
102 2569 139 2607 VII,
148 2578 162 2607 3,
171 2568 230 2598 Chron.
238 2568 314 2597 Bromton
321 2576 356 2605 974,
397 2566 409 2583 ¹⁰
420 2566 437 2597 E.
445 2566 540 2597 Wallenum.
582 2565 592 2583 ¹¹
604 2566 625 2597 H.
633 2565 717 2604 exlegauit
