1762 2803
97 139 99 145 ·
130 121 158 166 26
321 119 401 171 noua
417 117 533 179 beonoc
548 115 642 179 unctio.

129 240 240 276 subtrahens
253 240 310 281 uxori,
322 241 345 275 ab
357 251 379 275 ea
390 251 411 274 se
424 240 518 275 continere
529 240 577 275 velle
591 238 690 284 disposuit;
710 243 727 273 et
742 244 834 274 secretum

130 295 178 339 quod
186 294 231 328 nulli
238 294 355 335 indicauerit,
361 293 389 327 vir
394 293 423 327 dei
428 293 509 327 venienti
514 292 603 336 patefecit,
610 293 684 327 dicens:
698 293 754 335 ‘Quia
760 293 833 326 thorum

129 346 192 382 uxoris
204 352 235 380 tue
246 347 307 381 minus
319 346 397 380 discrete
409 345 530 390 contempnis,
542 346 561 379 in
571 346 611 379 loco
621 345 754 389 contemptibili
765 350 783 379 et
794 355 834 379 sor·

131 400 173 434 dido
182 399 261 443 teipsum
273 399 308 432 cito
320 399 413 443 reperies)
441 398 500 433 Nocte
510 409 555 433 vero
566 399 645 442 quadam
656 398 796 443 expergefactus
805 397 834 432 vir

113 466 122 496 5
130 453 165 494 ille,
174 453 255 496 repperit
263 463 284 486 se
292 453 361 486 nudum
369 452 389 485 in
394 452 466 485 stabulo
475 451 530 485 fetido
538 451 586 485 insra
594 462 683 494 equorum
692 452 749 494 pedes
757 451 835 484 reclina-

130 510 174 539 tum.
194 505 253 545 Quem
261 509 325 547 postea
333 514 398 537 seruus
406 503 436 537 dei
444 502 530 547 corripuit
536 502 578 546 quia
584 513 595 537 a
602 504 655 536 thoro
663 502 745 546 coniugis
753 513 786 536 sue
794 501 834 536 sine

130 556 228 601 spiritualis
236 556 311 590 consilio
319 556 377 600 patris
387 557 480 590 abstinere
489 556 607 600 presumpsit.
631 556 707 589 Dicebat
717 556 767 589 enim
779 565 834 589 nona

131 609 211 652 domino,
219 610 252 644 sed
260 609 356 644 immundo
364 609 429 655 spiritu
438 616 553 654 suggerente,
562 609 668 645 temeritatis
677 609 730 644 huius
738 619 834 653 presump-

131 666 199 698 tionem
213 663 248 697 sibi
259 663 343 707 nequiter
355 663 453 706 accidisse3
468 669 486 697 et
497 663 538 697 ideo
550 663 590 698 talis
602 668 684 707 potestas
696 662 789 706 spiritibus
800 661 834 696 im·

105 732 124 753 10
132 717 204 751 mundis
216 727 300 760 superse
308 717 349 750 data
359 715 397 758 fuit,
405 722 424 750 vt
435 717 509 750 eumad
519 716 558 750 loca
569 715 664 750 immunda
671 715 697 749 sic
706 716 834 749 dormitantem

131 775 282 812 transportarent.
305 769 355 803 Obiit
363 774 424 803 autem
433 780 499 803 seruus
507 769 536 803 dei
543 769 635 803 Henricus
643 779 692 802 anno
700 768 769 802 domini
777 768 834 802 mille-

132 822 179 858 simo
187 822 286 857 centesimo
294 822 387 865 vicesimo,
395 821 546 866 septimodecimo
554 822 642 856 kalendas
650 821 741 856 februarii.

421 939 436 976 ἹῙ
447 938 532 972 Narratio
537 938 548 971 ¹.

157 1015 197 1058 lllis
208 1021 272 1056 diebus
285 1023 358 1066 quidam
371 1022 466 1066 religiosus
478 1035 488 1056 a
500 1028 549 1057 terra
560 1028 623 1057 sancta
635 1022 714 1065 rediens,
725 1022 744 1056 in
756 1023 835 1067 quadam

133 1075 189 1110 maris
201 1075 260 1109 insula
269 1075 328 1110 virum
340 1080 423 1110 sanctum
434 1075 525 1110 inclusum
537 1075 611 1116 inuenit,
624 1087 666 1110 cum
678 1087 714 1119 quo
726 1074 835 1119 colloquium

107 1142 124 1172 15
134 1130 204 1163 habens
211 1128 254 1162 talia
265 1128 343 1163 audiuit:
360 1129 422 1170 ‘Sunt
430 1127 493 1171 inquit,
501 1128 560 1162 vicina
570 1128 623 1162 nobis
633 1129 716 1171 locaque
726 1127 835 1171 grauissima

133 1181 248 1214 flammarum
261 1185 349 1214 euomunt
360 1180 450 1222 incendia,
461 1180 492 1214 vbi
503 1191 537 1224 pro
548 1179 654 1213 meritorum
666 1180 755 1223 qualitate·
763 1179 836 1214 diuersa

133 1233 194 1266 anime
201 1232 400 1276 patiunturtorrnenta;
413 1234 436 1266 ad
444 1243 522 1276 quorum
530 1243 605 1276 semper
610 1233 739 1276 exaggeranda
747 1232 836 1276 supplicia

133 1285 276 1320 innumerabiles
289 1286 399 1330 deputantur
410 1286 504 1329 demones,
517 1285 548 1330 qui
561 1285 691 1320 intollerabiles
702 1296 766 1320 eorum
778 1296 835 1330 penas

134 1338 215 1383 quotidie
223 1344 313 1373 renouant
321 1344 338 1373 et
346 1340 369 1373 ad
377 1339 459 1373 rediuiua
465 1350 498 1373 eos
503 1339 592 1383 supplicia
598 1338 724 1373 indesinenter
730 1338 835 1373 instaurant.

107 1402 126 1423 20
134 1392 186 1433 Quos
196 1391 303 1434 frequenter
311 1391 392 1435 querulis
404 1391 563 1426 lamentationibus
574 1392 662 1425 eiulantes
670 1391 732 1425 audiui
740 1392 788 1436 quod
796 1402 836 1426 ora-

134 1443 213 1479 tionibus
221 1449 240 1478 et
250 1444 355 1478 elemosinis
366 1446 480 1488 quorundam
491 1445 597 1488 frequenter
607 1445 667 1479 anime
678 1445 836 1487 dampnandorum

135 1499 158 1531 de
170 1497 254 1530 manibus
266 1507 330 1530 eorum
341 1497 466 1539 eriperentur;
482 1501 500 1530 et
512 1497 610 1530 maximam
621 1497 644 1530 de
652 1496 762 1530 cluniacensi
771 1502 811 1529 cetu
819 1501 837 1530 et

135 1558 199 1583 eorum
212 1548 277 1582 abbate
290 1548 368 1582 Odilone
380 1548 513 1592 querimoniam
526 1548 598 1592 faciunt,
609 1549 651 1593 quia
662 1560 696 1593 per
707 1559 739 1583 eos
751 1549 779 1582 sui
791 1550 836 1584 iuris

135 1602 243 1636 vernaculos
255 1612 300 1644 sepe
311 1602 395 1645 perdunt.
419 1602 542 1644 Quamobrem
554 1613 588 1645 per
599 1613 667 1636 nomen
679 1601 708 1636 dei
720 1606 739 1636 te
750 1603 837 1644 obtestor,

109 1670 127 1699 2⁵
135 1660 155 1689 vt
163 1654 231 1689 sanctis
239 1654 324 1687 iratribus
331 1654 367 1687 illis
375 1654 475 1688 denuncias
482 1659 501 1687 vt
511 1654 623 1688 orationibus
630 1659 648 1688 et
656 1654 762 1688 elemosinis
773 1655 838 1689 sedulo

136 1706 226 1747 insistant,
232 1707 278 1740 etde
283 1706 368 1741 manibus
373 1706 488 1740 inimicorum
493 1706 563 1740 animas
568 1706 662 1751 suppliciis
667 1713 742 1741 vexatas
749 1708 837 1742 educant)

137 1759 208 1802 Quibus
219 1758 299 1793 seriatim
311 1759 412 1800 intellectis,
419 1760 469 1794 idem
479 1760 536 1794 abbas
547 1759 566 1794 in
576 1760 692 1794 monasteriis
701 1760 739 1794 suis
747 1760 837 1802 omnibus,

136 1817 178 1856 post
185 1812 252 1846 festum
260 1812 341 1846 omnium
349 1818 453 1846 sanctorum
460 1813 479 1846 in
487 1813 564 1855 psalmis
572 1818 590 1846 et
598 1812 704 1846 elemosinis
712 1817 730 1846 et
738 1813 837 1847 missarum

136 1863 244 1908 solempniis
253 1865 335 1898 omnium
342 1864 362 1898 in
370 1864 442 1900 Christo
450 1865 584 1910 quiescentium
592 1865 699 1900 memoriam
707 1865 789 1900 instituit.

423 1983 438 2022 ll
449 1982 534 2018 Narratio
538 1982 549 2018 ².

110 2087 129 2117 30
160 2058 243 2109 Contigit
252 2066 348 2109 aliquando
359 2071 442 2100 sanctum
453 2067 552 2110 Hugonem
564 2067 648 2101 abbatem
659 2067 787 2101 eucharistiam
796 2077 839 2111 pre-

138 2119 200 2152 buisse
209 2118 281 2152 cuidam
292 2118 371 2161 leproso,
383 2119 507 2153 communioni
519 2119 601 2153 omnium
613 2119 731 2163 corporaliter
742 2120 839 2155 subtracto.

138 2170 174 2213 Qui
184 2170 294 2204 tumentibus
305 2171 357 2205 labiis
367 2176 385 2205 et
392 2172 475 2206 ulceroso
486 2183 518 2205 ore
529 2183 595 2215 corpus
605 2172 674 2206 domini
682 2172 769 2205 iniuriose
777 2172 839 2205 masti-

138 2232 188 2264 cans,
200 2222 335 2264 porciunculam
348 2223 451 2267 importuna
463 2224 565 2258 screatione
578 2224 645 2268 reiecit,
659 2235 728 2260 nausea
739 2236 760 2260 ac
773 2235 839 2269 spuma

139 2274 220 2308 horribili
228 2281 321 2318 sequente.
341 2277 394 2311 Miles
402 2277 470 2311 Christi
479 2277 605 2320 Goderannus,
611 2278 641 2322 qui
650 2278 717 2320 aderat,
725 2283 840 2313 sacramenta

111 2341 130 2370 55
139 2327 208 2363 domini
216 2328 244 2362 sui
251 2328 325 2373 indigne
333 2330 396 2374 agitari
404 2331 527 2374 considerans,
533 2332 582 2375 quod
588 2331 673 2375 diligebat
681 2331 840 2375 celeri³obsequio

139 2380 216 2425 collegit.
239 2381 262 2415 Et
269 2393 312 2417 ecce
318 2383 346 2418 vir
356 2383 484 2428 magnanimus
494 2395 561 2419 manus
568 2390 655 2428 Vtrasque
665 2394 772 2429 supponens
780 2395 840 2420 sacra-

139 2435 206 2470 mentis
214 2434 295 2478 viuificis,
302 2437 390 2471 vomitum
398 2437 503 2472 nauseantis
511 2439 551 2481 egri
558 2438 577 2471 in
586 2448 618 2472 ore
626 2448 659 2472 suo
667 2437 748 2481 proiecit,
756 2437 840 2472 letalibus

139 2488 205 2522 coleris
218 2487 345 2522 coherentibus
357 2489 436 2524 fideliter
448 2491 554 2524 absorbens.
583 2490 623 2532 Qua
635 2491 654 2523 in
667 2501 688 2523 re
700 2490 787 2533 magister
798 2491 840 2534 pius

160 2571 408 2611 1Exvinc.13elt.xxlv.105.
448 2573 676 2605 ²ExVinc.Bell.XXVl.6.
716 2574 820 2606 'Esceleri
