1762 2803
91 123 93 129 ,
122 92 167 145 384
313 89 392 143 unna
408 87 525 151 neamus
539 88 632 153 annin.

123 210 183 253 brosa,
198 221 290 255 occupans
306 210 370 246 faciem
385 216 440 253 terre,
454 223 509 256 quam
524 212 635 257 sequebatur
649 210 709 247 imber
724 212 824 257 sanguinis.
839 211 840 215 ’

123 263 204 299 Diuertit
213 270 274 298 antem
285 275 319 298 rex
329 265 348 298 in
359 265 419 299 aulam
428 267 525 309 quandam,
534 272 551 300 et
561 266 609 300 sedit
620 265 639 299 in
651 277 678 308 ea,
688 265 762 300 indutus
773 271 825 300 veste

123 317 201 350 candida
209 317 256 350 linea
263 322 282 350 et
287 317 328 359 lata,
337 319 436 360 caudisque
443 319 523 361 vulpinis
531 325 618 361 tanquam
626 319 680 351 sertis
688 324 742 360 caput
750 319 825 352 cinctus.

124 369 166 403 Non
182 370 266 403 cessabat
284 374 345 402 autent
362 369 438 413 sanguis
453 381 510 416 super
524 380 567 405 eum
582 369 686 413 distillare¹‚
701 370 744 415 quia
759 371 825 406 domus

106 426 185 469 5le0te
197 423 270 456 deserta
281 428 368 467 cooperta
377 433 415 457 non
427 429 471 467 erat,
480 426 512 458 sed
524 434 558 468 per
568 424 695 467 dependentes
707 425 774 459 caudas
785 424 825 459 vul-

123 476 176 520 pinas
187 475 277 511 defluebat
288 477 307 510 in
319 476 380 511 sinum
392 488 451 512 suum.
474 478 550 523 Cunque
562 477 622 512 sinum
632 476 734 521 implesset,
745 478 825 513 ressuere

123 530 171 574 cepit
182 534 199 562 et
210 540 230 563 os
240 530 279 564 eius
289 531 417 564 habundanter
427 530 514 575 impleuit,
559 523 632 564 Eadem
643 541 715 574 quoque
726 537 780 564 nocte
789 542 825 575 qua

123 581 151 615 vir
162 588 236 615 sanctus
248 582 309 626 fugam
321 583 366 625 iniit,
374 584 449 626 quidam
457 585 480 617 de
490 583 559 617 clericis
570 584 588 616 in
600 583 683 626 sompnis
692 594 758 617 sonum
766 584 825 616 mani·

123 634 169 668 teste
177 633 239 668 νοείε2
247 635 315 670 audiuit
322 635 424 671 dicentem:
438 636 515 671 ‘Anima
523 641 584 670 nostra
593 635 639 670 sicut
647 646 713 678 passer
723 641 786 679 erepta
797 642 825 670 est

97 689 147 728 rode
159 687 224 731 laqueo
235 688 353 724 venantium:
367 688 443 734 laqueus
453 690 541 724 contritus
553 694 581 723 est
592 693 610 723 et
621 699 656 723 nos
668 688 738 723 liberati
750 690 825 724 sumus!

124 735 196 775 Audita
205 747 266 775 autem
278 742 411 786 archiepiscopi
422 744 470 786 suga,
480 754 513 776 rex
521 741 619 786 plurimun]
628 743 710 776 turbatus
718 742 825 786 solempnes

124 794 201 829 nuncios
215 806 257 829 curn
270 795 379 829 muneribus
392 796 415 830 ad
427 807 495 840 papam
506 795 560 837 misit,
569 795 599 839 qui
612 795 756 839 archipresulem
769 807 826 841 super

124 847 174 890 pacis
182 848 318 890 perturbatione
326 853 344 882 et
352 855 404 882 reatu
412 849 487 892 periurii
494 853 605 882 accusarent.
620 848 653 881 Vir
660 854 721 882 autem
727 849 757 882 dei
763 850 786 882 de
794 850 825 883 die

124 901 183 935 latens
192 906 209 934 et
217 900 236 934 in
244 905 298 935 noete
306 900 341 935 iter
349 901 422 942 faciens,
431 911 481 934 mare
489 901 578 941 transiuit,
586 906 609 942 et,
617 900 692 935 indutus
700 901 741 935 alba
748 907 799 935 veste
807 907 826 935 et

98 970 104 989 1
107 970 115 998 ,ς
124 953 227 988 monachali
234 965 284 998 capa,
292 955 350 999 pedes
357 954 394 989 iuit.
414 954 545 999 Quesitumque
554 960 581 988 est
588 955 604 987 ei
617 954 667 989 lasso
673 956 747 990 tandem
755 956 826 990 iumen·

124 1013 163 1042 tum
172 1019 234 1051 vnum,
242 1019 280 1041 non
293 1009 365 1042 frenum
377 1010 410 1042 sed
422 1009 500 1053 plectam
512 1008 558 1042 circa
566 1008 633 1042 collum
641 1009 722 1043 habens:
735 1014 752 1043 et
761 1009 826 1054 positis

125 1073 181 1106 super
192 1063 268 1096 dorsum
279 1062 367 1105 vestibus,
376 1072 418 1096 eum
429 1063 509 1106 desuper
516 1063 581 1096 sedere
588 1061 676 1096 fecerunt.
700 1061 723 1096 Et
731 1063 826 1097 obuiantes

124 1117 142 1149 ei
153 1115 218 1149 armati
229 1116 310 1158 quidam,
320 1115 426 1158 quesierunt
438 1126 461 1147 an
471 1115 511 1157 ipse
522 1120 572 1148 esset
585 1115 734 1158 archiepiscopus
748 1116 826 1149 Cantua-

125 1167 196 1201 nensis,
210 1167 233 1200 Et
241 1167 305 1210 [ille]³:
315 1167 398 1200 ‘Siccine
403 1166 539 1200 Cantuariensis
545 1166 651 1211 phaleratus
656 1167 827 1203 incedite—Tertia

98 1235 117 1255 zo
124 1232 168 1255 vero
175 1221 220 1254 seria
226 1221 288 1264 fugam
294 1220 334 1253 iniit
341 1232 344 1254 :
353 1221 406 1254 tertia
411 1221 455 1253 serIa
461 1221 479 1253 in
484 1220 611 1254 transmarinis
617 1220 713 1264 applicuit:
721 1220 775 1255 tertia
782 1220 827 1255 seria

125 1278 221 1309 reuertens
233 1274 252 1307 in
263 1273 350 1316 Angliam
362 1273 458 1316 applicuit:
470 1279 488 1306 et
496 1273 559 1306 tertia⁴
570 1275 644 1307 demum
653 1274 698 1307 seria
706 1274 765 1317 gladio
774 1285 826 1309 occu-

125 1328 168 1362 buit.
212 1319 296 1360 Vocatus
313 1325 368 1370 [est]5
380 1331 440 1359 autem
452 1336 462 1360 a
475 1325 528 1360 sociis
542 1325 607 1360 ‘frater
620 1325 755 1369 Christianus’;
772 1332 789 1361 et
803 1337 827 1361 ne

125 1380 200 1423 agnosci
209 1379 261 1412 facile
271 1384 339 1422 posset,
347 1378 414 1422 vbique
424 1379 484 1411 locum
492 1379 546 1411 etiam
554 1378 572 1411 in
581 1389 645 1412 mensa
653 1380 710 1413 tenuit
719 1384 826 1414 extremum.

126 1432 201 1466 Notauit
213 1433 261 1464 enim
275 1432 315 1465 vice
329 1432 407 1475 quadam
421 1431 489 1475 hospes
503 1441 547 1465 suus
562 1431 601 1465 eius
617 1431 727 1474 singularem
740 1433 827 1466 vescendi

99 1488 117 1519 ²5
126 1486 202 1520 modum
214 1490 233 1519 et
247 1485 267 1518 in
281 1484 408 1519 distributione
421 1483 517 1518 affectum:
530 1485 553 1518 de
566 1484 597 1517 illo
611 1485 659 1527 quod
672 1484 689 1518 ei
700 1486 828 1529 apponebatur

126 1538 204 1584 singulis
212 1539 235 1572 de
245 1538 300 1571 domo
308 1538 367 1571 dabat.
390 1537 496 1571 intuebatur
503 1538 631 1581 proceritatem
640 1539 739 1582 egregiam,
747 1539 827 1573 frontem

126 1592 212 1636 amplam,
219 1596 313 1635 aspectum
323 1601 408 1624 seuerum
415 1591 427 1632 ⁰,
435 1590 499 1624 faciem
507 1591 604 1634 oblongam
615 1596 633 1624 et
640 1597 742 1634 venustam,
749 1592 827 1626 formam

126 1655 219 1684 manuum,
226 1649 244 1676 et
249 1643 364 1676 articulorum
371 1653 469 1685 congruam
475 1649 492 1676 et
500 1643 552 1685 quasi
558 1643 667 1686 exquisitam
673 1645 827 1687 protensionem⁷;

126 1696 145 1730 in
160 1696 215 1730 modo
228 1695 301 1737 edendi,
314 1695 333 1728 in
346 1695 427 1737 corporis
440 1695 525 1737 qualitate
539 1701 556 1728 et
568 1700 620 1738 gestu
634 1695 700 1729 ceteris
712 1697 827 1731 dissimilem.

98 1765 118 1794 50
127 1747 224 1783 Estimauit
236 1758 256 1782 se
268 1758 355 1792 magnum
368 1747 427 1780 virum
439 1747 549 1791 suscepisse,
557 1752 576 1781 et
587 1747 714 1792 suspicabatur
725 1748 773 1784 hunc
785 1760 828 1784 can-

125 1803 238 1838 tuariensem
255 1812 297 1836 esse
311 1801 490 1845 archiepiscopum⁸3
508 1812 530 1835 eo
545 1802 593 1845 quod
609 1801 749 1846 circumquaque
765 1813 828 1838 runror

125 1858 241 1891 increbuerat
254 1854 406 1889 Cantuariensem
419 1866 430 1888 a
444 1854 577 1897 Nonhampton
589 1855 636 1889 clam
651 1855 751 1890 recessisse
764 1862 782 1890 et
795 1867 827 1900 ap-

125 1911 204 1954 plicasse
219 1909 238 1943 in
253 1914 315 1953 partes
330 1908 377 1946 illas,
392 1908 422 1942 vel
436 1907 456 1940 in
471 1909 554 1951 proximo
570 1908 698 1952 applicandum
713 1910 757 1944 fore.
780 1911 827 1944 Cum

126 1964 175 1998 enim
188 1968 229 2006 post
243 1972 308 1996 cenam
321 1962 378 1995 frater
391 1960 505 1995 Christianus
518 1960 609 2003 hospitem
621 1960 671 1995 iuxta
682 1973 703 1996 se
714 1973 784 2006 ponere
795 1975 827 1997 vo-

99 2029 117 2060 35
126 2017 196 2057 luisset,
204 2019 309 2049 constanter
318 2013 383 2056 renuit,
393 2018 411 2047 et
421 2013 497 2046 interra
507 2023 561 2047 secus
570 2015 628 2057 pedes
639 2014 678 2048 eius
689 2016 761 2057 sedens,
770 2015 827 2050 dixit:

127 2068 208 2105 ‘Gratias
219 2079 253 2113 ago
265 2067 352 2102 domine⁹
360 2068 395 2102 deo
404 2067 453 2111 quod
464 2066 530 2111 dignus
540 2066 565 2100 lui
574 2072 593 2101 vt
604 2068 638 2102 sub
648 2073 717 2103 tectum
728 2079 790 2102 meum
801 2069 827 2103 in-

126 2124 194 2157 nares?
218 2121 251 2155 Cui
264 2122 306 2156 ille:
324 2121 400 2155 ‘Nonne
416 2132 450 2163 ego
466 2120 521 2153 frater
536 2131 606 2163 pauper
621 2131 667 2162 surn,
681 2126 699 2155 et
713 2122 828 2156 Christianus

127 2175 199 2209 dicor?’
226 2173 295 2215 ‘Certe
309 2173 367 2217 inquit
382 2174 456 2217 hospes,
472 2171 558 2216 quicquid
573 2172 644 2216 dicaris,
656 2173 693 2207 scio
708 2179 726 2208 te
741 2184 828 2218 magnum

127 2229 187 2261 virum
200 2237 248 2266 esse,
262 2231 280 2259 et
293 2226 439 2260 cantuariensem
453 2224 621 2268 archiepiscopum)
645 2225 706 2269 Igitur,
718 2237 760 2260 cum
773 2227 828 2261 nullis

99 2296 120 2327 40
127 2281 225 2318 verborum
236 2278 334 2313 inuolucris
346 2280 369 2312 ab
381 2278 453 2322 hospite
463 2287 485 2311 se
495 2281 558 2320 posset
566 2277 631 2320 celare,
639 2278 735 2313 confessus
743 2284 771 2313 est
779 2280 828 2324 quod

127 2333 168 2380 ipse
180 2336 223 2374 erat,
236 2336 254 2366 et
267 2342 305 2366 non
318 2331 397 2376 negauit.
441 2323 492 2367 Cum
508 2335 569 2366 autem
584 2331 607 2366 ad
620 2332 753 2367 monasterium
765 2333 829 2368 Sancti

146 2469 152 2487 ¹
164 2469 181 2499 E.
189 2467 257 2503 stillare;
267 2467 285 2496 Τ,
294 2465 374 2496 distillare.
422 2466 429 2484 ²
438 2475 456 2495 so
464 2465 487 2501 T.,
495 2465 513 2494 E.
520 2475 560 2494 man.
569 2466 612 2495 vocis
618 2476 681 2496 sonum.
731 2467 737 2485 ³
748 2478 778 2496 om.
786 2468 803 2495 in
811 2467 830 2495 E.

127 2508 132 2526 ⁴
144 2508 161 2538 E.
169 2507 217 2537 tercia
224 2510 244 2537 et.
302 2505 308 2522 ³
319 2514 348 2534 om.
356 2505 373 2534 in
381 2504 398 2535 Ε,
455 2504 460 2521 ⁶
470 2505 488 2536 T.
497 2513 579 2541 seuerum
590 2505 607 2536 E.
615 2515 693 2537 serenum.
751 2506 757 2524 ⁷
768 2506 786 2536 E.
794 2516 829 2545 pro-

126 2549 219 2578 tentionem.
260 2545 266 2562 ⁸
275 2546 294 2577 T.
301 2546 398 2584 episcopum.
437 2544 443 2561 ⁹
453 2544 472 2575 T.
479 2545 547 2584 domine,
555 2544 573 2576 E.
581 2545 650 2577 domino.
