1762 2803
237 76 283 131 Dc
298 73 398 127 &auctu
414 74 581 128 tuiuualucu
714 79 759 133 463

59 201 127 238 iacebat
140 197 251 241 aduenisset,
263 208 340 243 aspersa
355 207 411 242 super
425 198 515 232 cadauere
530 208 577 242 aqua
591 196 687 232 benedicta
702 196 759 232 dixit:

59 254 159 290 ‘Dominus
167 253 234 288 lhesus
242 252 332 294 Christus,
340 251 360 285 in
368 251 419 286 cuius
430 250 505 286 nomine
516 251 603 296 magister
611 261 664 286 meus
671 250 760 295 plurimas

58 313 94 343 iam
109 308 152 341 fecit
166 305 249 348 virtutes,
264 304 305 350 ipse
320 310 338 339 te
355 315 422 339 sanare
437 304 531 348 dignetur)
554 304 577 338 Et
592 304 653 338 statim
669 304 720 348 quasi
736 304 760 338 de

59 371 136 404 sompno
147 358 230 399 excitata,
239 358 324 397 surrexit,
335 363 354 390 et
365 368 422 400 super
433 357 500 390 lectum
512 358 596 390 residens
608 357 694 390 sudorem
706 367 760 390 suum

59 413 138 453 detersit,
151 412 225 445 dicens:
237 410 344 452 ‘Videbam
355 409 419 454 inquit,
431 408 479 444 circa
490 419 525 452 me,
537 415 641 445 extremum
652 408 778 454 priusquams

59 466 158 502 anhelitum
176 464 285 507 amitterem,
304 463 394 508 quosdam
414 461 524 507 nigerrimos
543 463 566 497 ad
585 462 711 498 deuorandum
730 474 761 498 me

59 525 137 566 paratos,
145 518 176 563 qui
186 518 321 552 circumdantes
331 528 366 560 me,
374 523 392 552 et
403 517 461 562 pedes
472 527 525 551 meos
535 527 577 552 cum
586 516 671 551 manibus
683 516 761 551 circum·

59 575 141 616 ligantes,
149 581 184 614 per
191 581 258 614 aspera
266 571 362 605 trahebant
370 571 414 604 loca.
437 570 510 604 Etcum
518 571 541 604 ad
549 575 641 604 tormenta
649 580 679 604 me
687 570 760 604 trahere

59 626 165 663 niterentur,
177 629 251 657 sanctus
259 622 386 656 Winwaloeus
399 622 434 655 illis
447 621 537 662 obuianss
542 621 646 656 terribiliter
658 633 691 656 eos
702 621 761 656 incre-

60 678 108 724 pauit
116 683 134 712 et
142 676 187 710 dixit
195 689 199 711 :
212 677 221 695 “
228 674 317 710 Dimittite
325 676 373 710 hanc
381 675 430 710 mihi.
447 675 472 710 Vt
479 675 523 720 quid
529 675 578 710 enim
587 681 624 710 tam
632 676 719 711 audacter
726 676 761 710 hoc
770 682 789 704 10

60 731 119 766 scelus
130 731 148 764 in
160 741 221 764 meam
233 736 341 774 perpetrare
352 729 457 774 temptatis¹
470 729 583 764 famulamr’·
607 729 635 764 Illi
648 730 761 764 consternati

60 782 456 828 atquestupefacti‚repugnarevolentessed
462 781 761 827 diuino[terrente]²imperion0n

60 838 153 878 audentes,
165 846 195 870 me
206 836 325 879 reliquerunt.
348 835 419 876 Quibus
431 834 457 869 sic
469 835 540 879 sugatis,
552 841 626 869 sanctus
638 836 667 869 dei
680 835 761 869 animam

60 899 119 924 meam
130 889 154 923 ad
166 899 232 932 corpus
240 888 312 923 reduxit
320 892 338 922 et
347 888 394 923 sicut
401 887 467 922 videtis
475 888 498 922 ad
506 887 561 922 vitam
570 887 658 923 restituit!
701 881 761 923 ³Erat

61 948 120 977 autem
133 942 246 977 consuetudo
257 941 305 977 beati
313 940 428 983 Wintvaloei,
436 941 533 977 ecclesiam
541 940 618 977 miliario
625 953 662 977 vno
672 952 682 976 a
690 952 761 977 monas·
771 948 789 980 ¹5

60 996 105 1030 terio
120 995 219 1030 distantem
233 1006 275 1029 cum
288 996 367 1039 quodam
383 995 465 1037 diacono,
477 994 552 1030 nomine
566 994 642 1039 Egbino,
655 995 730 1031 visitare
743 1001 761 1030 et

61 1056 97 1083 tam
107 1060 141 1093 pro
149 1048 196 1084 uiuis
204 1059 259 1093 quam
267 1048 358 1083 defunctis
368 1048 437 1083 hostias
445 1048 469 1083 ibi
477 1049 512 1083 deo
520 1047 620 1083 immolare.
633 1048 704 1084 Accidit
712 1049 761 1084 enim

61 1102 91 1135 vt⁴
104 1104 148 1136 dum
161 1102 203 1135 illuc
216 1108 300 1145 tempore
315 1100 382 1135 messis
396 1101 432 1135 iter
446 1101 532 1141 facerent,
543 1101 654 1135 inuenerunt
668 1101 762 1146 leprosum

61 1155 152 1198 quendam
160 1154 250 1188 iacentem
258 1153 277 1186 in
285 1163 347 1187 messe
357 1153 439 1198 grauiter
445 1154 570 1198 plangentem,
579 1158 637 1187 toturn
648 1165 715 1198 corpus
723 1154 762 1187 vul·

62 1206 136 1241 neribus
147 1206 228 1251 plenum,
237 1206 293 1240 flebili
301 1216 346 1241 voce
357 1206 445 1240 auxillum
456 1207 480 1240 ab
491 1206 518 1240 eis
529 1206 658 1249 postulantem.
681 1206 704 1241 Et
712 1217 762 1242 acce·
771 1217 790 1239 ao

62 1261 107 1294 dens
118 1261 141 1294 ad
153 1271 195 1294 eum
203 1260 329 1294 Winwaloeus
336 1260 393 1294 dixit:
408 1259 458 1301 ‘Que
470 1265 513 1293 sunt
524 1260 643 1301 infirmitates,
654 1259 715 1302 frater,
728 1272 762 1305 pro

62 1313 126 1355 quibus
136 1319 173 1347 tam
185 1313 247 1356 grauia
258 1313 337 1356 suspiria
348 1314 437 1346 emittist’
460 1313 492 1347 Cui
500 1312 531 1346 ille
538 1312 575 1347 ait:
587 1312 664 1357 ‘Magne
674 1314 763 1356 angustie,

62 1376 127 1409 graues
138 1365 212 1400 dolores
225 1364 330 1409 quatiuntur
342 1364 361 1398 in
374 1375 451 1408 corpore
464 1376 511 1399 meo.
535 1365 614 1409 Insuper
624 1370 643 1400 et
653 1375 701 1400 vnus
711 1365 764 1400 dolor

62 1420 109 1453 inest
116 1420 161 1453 mihi
169 1421 200 1463 qui
208 1425 278 1453 tantum
286 1425 315 1454 est
326 1418 426 1453 infirmitati
435 1429 477 1452 mee
485 1417 552 1453 noxius
559 1425 578 1452 vt
585 1418 601 1452 si
609 1417 658 1453 hunc
666 1418 715 1453 diem
723 1420 763 1453 sine

63 1466 115 1507 huius
123 1472 191 1507 doloris
199 1472 265 1507 auxilio
277 1471 372 1516 transiero,
380 1477 459 1507 mortem
466 1472 527 1517 potius
535 1483 590 1518 quam
598 1472 653 1507 vitam
661 1473 764 1518 proximam
773 1482 791 1512 ²5

62 1537 103 1560 esse
114 1532 169 1572 puto:
186 1527 246 1562 Nares
257 1527 307 1561 enim
319 1537 361 1561 mee
372 1526 435 1561 dolore
446 1527 543 1561 vulnerum
556 1526 611 1572 plene
624 1532 765 1562 concremantur

63 1580 84 1613 ab
92 1582 162 1621 ardore,
168 1586 187 1614 vt
192 1582 250 1621 vides,
257 1586 307 1614 tante
312 1580 433 1614 infirmitatis?
447 1580 488 1614 Hec
495 1580 572 1614 audiens
577 1580 657 1622 virdei³,
662 1590 763 1624 pauperem

63 1641 96 1674 per
106 1633 163 1667 latera
174 1632 330 1677 arripiens-quia
340 1642 410 1676 pronus
421 1631 440 1664 in
452 1638 502 1665 terra
512 1631 669 1666 iacebat-erexit.
692 1632 764 1667 Etcum

63 1694 127 1720 manus
140 1687 163 1720 ad
175 1696 230 1720 nares
244 1685 351 1730 porrigeret,
363 1695 433 1730 pauper
444 1684 500 1719 ilebili
511 1696 556 1720 voce
569 1690 588 1720 vt
600 1690 672 1730 poterat
684 1685 765 1720 clamare

63 1738 122 1780 cepit:
140 1740 198 1781 ‘Noli,
212 1739 279 1780 senior,
292 1739 329 1772 noli
345 1739 430 1772 manibus
441 1744 517 1782 tangere
532 1749 592 1780 nares,
605 1739 647 1782 quia
660 1739 712 1772 dolor
726 1751 764 1772 non
773 1753 793 1781 30

64 1791 160 1833 permittit:
173 1793 206 1827 sed
218 1792 234 1826 si
246 1802 280 1836 pro
291 1792 400 1827 remissione
407 1797 524 1836 peccatorum
532 1796 604 1826 tuorum
613 1792 694 1827 dolorem
702 1802 765 1827 meum

64 1841 130 1877 leuiare
141 1844 227 1885 volueris,
236 1856 313 1878 necesse
325 1850 353 1877 est
365 1844 409 1878 mihi
417 1849 436 1877 vt
447 1845 466 1878 in
478 1855 510 1877 ore
521 1849 552 1877 tuo
564 1855 619 1877 nares
628 1855 679 1878 meas
686 1845 765 1885 miseris,

64 1899 81 1927 et
96 1895 120 1929 ita
135 1907 166 1931 me
178 1897 255 1931 sanes⁸.¹
279 1896 388 1931 Humiliauit
403 1901 463 1931 autem
476 1907 497 1930 se
510 1896 575 1930 beatus
590 1895 728 1931 Winwaloeus:
745 1902 764 1931 et

64 1950 135 1990 quando
146 1951 216 1995 putauit
224 1951 293 1985 leuiare
301 1960 402 1995 pauperem
410 1951 429 1984 in
441 1960 473 1985 ore
483 1960 522 1991 suo,
530 1960 604 1985 carnem
613 1950 642 1985 dei
650 1950 734 1994 excepit;
747 1956 765 1986 et

64 2011 106 2036 mox
114 2009 133 2037 ut
143 2005 166 2037 ad
176 2015 197 2039 se
204 2004 259 2038 traxit
267 2004 343 2038 halitum
348 2003 359 2044 ⁷,
367 2009 420 2048 petra
431 2002 518 2038 mirabilis
527 2002 546 2038 in
558 2015 590 2038 ore
601 2002 641 2039 eius
648 2003 719 2039 cecidit.
742 2004 765 2039 Et
774 2017 793 2046 35

64 2053 127 2090 beatus
139 2057 222 2101 Egbinus
234 2067 268 2102 per
279 2058 335 2092 latera
347 2056 441 2091 dominum
453 2063 524 2097 tenens,
535 2067 609 2091 sursum
620 2056 693 2101 aspexit
704 2057 765 2092 celum

65 2114 152 2151 apertum,
166 2115 184 2143 et
196 2111 216 2144 in
229 2111 288 2154 capite
304 2109 372 2144 domini
385 2120 441 2154 quem
453 2110 528 2144 tenebat
540 2115 603 2144 sancta
616 2120 661 2145 crux
676 2111 766 2154 apparuit,

65 2161 175 2205 angelosque
189 2163 261 2196 obuiam
277 2163 352 2197 domino
366 2162 430 2197 venire
444 2162 499 2203 vidit3
515 2167 534 2196 ct
547 2163 637 2197 sacerdoti
648 2163 683 2197 ait:
701 2164 767 2198 ‘Pater

65 2217 132 2256 sancte,
147 2213 208 2259 ipsum
222 2225 278 2261 quem
293 2221 347 2251 teneo
363 2215 446 2250 manibus
462 2220 480 2250 et
494 2219 514 2249 tu
529 2215 675 2257 ore‚dom1num
691 2215 766 2251 lhesum

65 2262 163 2311 Christum,
171 2269 202 2313 qui
213 2281 247 2314 pro
257 2269 310 2304 nobis
320 2271 441 2314 semetipsum
450 2269 534 2315 permisit
542 2268 629 2315 crucifigi,
639 2281 681 2304 esse
689 2271 744 2305 credo
750 2271 766 2305 ⁵!
775 2275 795 2304 40

85 2369 245 2410 ¹T.E.temptastis.
299 2374 397 2405 ²soT.:E.
405 2376 490 2404 conterriti.
551 2375 767 2411 'Thesollowingmiraele

65 2411 119 2453 extant
131 2411 147 2440 in
158 2411 193 2443 MS.
205 2413 251 2443 Bodl.
261 2423 292 2451 24⁰
302 2414 341 2449 (and
352 2413 389 2444 Vita
400 2414 478 2452 Ethbini),
488 2414 502 2443 is
511 2414 584 2451 wanting
595 2414 611 2443 in
623 2415 650 2444 the
660 2415 707 2444 other
717 2415 767 2448 lives:

66 2450 77 2475 u
85 2457 98 2477 is
105 2451 177 2482 ascribed
183 2451 205 2491 by
211 2454 238 2484 the
246 2453 286 2486 Boll.
295 2458 312 2484 to
319 2454 387 2485 another
392 2464 469 2493 younger.
475 2454 591 2491 winwaloeus,
599 2454 661 2485 ‘socius
668 2454 685 2485 S.
691 2452 767 2485 Etnbini!

65 2485 177 2540 ¹Cf.S.Egbin.
239 2492 361 2526 ¹ominBodl.
432 2494 560 2526 ’aLEthbinus
620 2494 685 2525 ’adita
693 2495 766 2526 traxeris.

81 2528 100 2558 al.
108 2539 138 2561 om.
199 2532 316 2565 'mucrene
