1762 2803
254 60 300 116 Ut
314 58 415 111 &uncto
431 56 559 116 audiero.
745 70 757 114 7

52 182 159 228 ponentes¹,
167 182 266 227 cespitibus
274 182 413 223 absconderunt,
419 186 438 216 vt
446 180 465 215 in
475 180 535 216 reditu
542 179 610 215 laboris
621 179 706 215 solatium
713 178 757 214 inde

52 237 121 271 habere
133 241 214 280 possent.
237 236 320 280 Cumque
332 235 369 269 illis
382 235 455 269 celestis
466 234 518 269 verbi
531 234 620 279 pabulum
635 234 757 268 ministrasset

52 289 156 331 Guthlacus,
164 289 250 333 (quadam
261 288 337 324 materia
348 288 366 322 id
377 287 473 331 offerente)
485 287 597 322 subridendo
609 287 666 322 dixit:
680 287 756 329 ‘Quare

51 341 113 385 inquit,
122 342 172 377 lilioli
180 341 221 384 mei,
229 352 266 375 non
277 341 361 376 attulistis
368 341 462 376 vobiscum
474 340 504 375 illa
515 341 551 375 duo
563 341 642 381 flascula,
651 350 686 384 que
697 340 757 384 glebis

51 394 149 438 operuistis
162 400 181 429 et
192 394 256 428 sabulo
272 393 384 428 infodistist'
407 394 449 437 Quo
464 393 529 432 audito,
542 393 638 437 stupefacti
653 398 671 426 et
686 392 774 428 confusi5

51 447 396 491 culpamconfitentes‚veniampetunt.
441 439 756 487 Omnesenimmorbolaborantes‚

51 499 130 544 maligno
148 499 213 544 spiritu
229 500 294 540 vexati,
313 499 426 534 necessitatis
443 499 528 542 angustia
546 499 576 534 vel
594 498 664 542 peccati
684 498 755 532 sarcina

50 553 126 597 grauati,
135 554 158 587 ad
165 552 226 588 virum
234 552 264 588 dei
271 553 368 589 uenientes
376 553 399 588 de
407 553 525 588 tribulatione
536 551 628 594 solatium,
636 551 654 585 in
664 550 755 596 ambiguis

50 607 153 649 consilium,
166 608 189 641 de
202 607 265 641 dolore
280 606 373 652 gaudium,
385 607 409 641 de
425 612 501 652 peccato
514 605 617 641 remedium
632 610 754 650 reportarunt.

51 653 134 705 Quidam
146 671 208 693 comes
216 660 282 705 prefati
291 660 396 694 Ethelbaldi
404 660 458 705 spina
466 660 533 703 pedem
540 658 670 694 transforatum
678 659 754 698 habens,
764 666 783 687 ¹0

49 724 60 747 a
68 711 130 757 planta
138 713 191 757 pedis
198 723 257 758 vsque
264 714 287 748 ad
299 713 372 748 lumbos
383 718 435 748 tanto
446 718 518 747 tumore
529 717 635 757 turgescere
643 711 697 755 cepit,
704 716 724 745 vt
731 712 755 746 de

49 765 86 800 vita
98 765 157 810 ipsius
170 777 236 801 omnes
249 766 289 800 eius
301 767 405 810 angustiam
417 766 502 801 videntes
514 766 615 810 desperare
626 770 708 809 possent.
731 764 755 798 Et

49 829 121 853 exuens
129 818 230 853 Guthlacus
239 818 322 862 cilicium,
330 819 349 853 in
357 830 394 864 quo
402 819 472 853 solebat
484 829 542 859 orare,
550 818 611 863 ipsum
622 817 753 853 circumdedit:

49 872 134 915 dictoque
143 872 196 906 eitius
202 873 256 915 spina
263 873 286 906 de
294 873 342 917 pede
350 871 454 917 prosiliens,
462 877 523 907 tumor
533 872 552 906 in
564 876 657 906 momento
665 869 754 912 subsedit,

49 930 67 959 et
75 924 143 959 doloris
150 925 234 969 angustia
242 925 351 970 conquieuit,
397 918 480 971 Quidam
492 924 591 969 episeopus
600 923 675 958 nomine
686 924 753 958 Hedda
763 934 780 965 15

49 989 91 1011 cum
103 985 153 1011 esset
165 978 184 1011 in
192 977 258 1011 itinere
269 978 344 1012 videndi
356 979 478 1020 Guthlacum;
491 977 562 1013 clericis
575 977 615 1012 eius
628 978 752 1012 austeritatem

48 1030 85 1064 vite
96 1030 130 1064 viri
142 1030 171 1064 dei
183 1035 201 1064 et
212 1030 333 1065 humilitatem
347 1031 524 1071 commendantibus,
531 1030 630 1064 Wilfridus
642 1029 722 1074 quidam,
733 1030 753 1065 in

48 1083 133 1127 proximo
145 1094 165 1117 se
179 1083 267 1117 sciturum
279 1084 337 1118 dixit²
348 1084 364 1118 si
375 1084 417 1119 talis
430 1089 479 1117 esset
491 1083 564 1129 qualem
576 1093 618 1117 eum
630 1082 678 1116 fama
690 1082 752 1128 predi-

49 1143 103 1171 caret.
115 1139 119 1155 ⁴
126 1137 170 1180 Ego,
175 1137 240 1180 inquit,
246 1137 277 1170 diu
285 1143 405 1172 conuersatus
412 1149 453 1172 sum
462 1138 511 1182 apud
518 1137 589 1179 Scotos‚
594 1137 625 1171 vbi
629 1136 666 1171 vidi
672 1137 751 1181 pseudo-

50 1189 166 1223 anachoritas
174 1189 286 1224 simulatorie
295 1191 394 1225 sanctitatis
405 1191 486 1235 speciem
498 1191 634 1234 pretendentes,
642 1189 687 1224 alios
695 1190 750 1224 etiam
760 1198 780 1220 20

51 1241 94 1275 noui
105 1247 168 1275 sancte
180 1241 274 1286 religionis
281 1242 389 1276 verissimos
400 1242 520 1286 professores.
542 1241 581 1275 Vsu
593 1252 637 1285 ergo
648 1246 667 1274 et
678 1243 751 1285 experi-

49 1293 98 1328 entia
113 1294 169 1329 sciam
185 1294 296 1337 discernere,
311 1305 335 1330 ex
350 1306 386 1339 quo
400 1295 510 1330 Guthlacum
525 1294 594 1336 videro,
609 1295 625 1329 si
640 1294 659 1328 in
674 1293 751 1330 veritate

48 1346 134 1388 ambulat,
146 1347 162 1380 si
171 1346 213 1380 tatis
224 1351 253 1381 est
261 1347 347 1391 operibus
358 1347 431 1391 qualem
441 1357 483 1382 eum
494 1348 542 1382 fama
553 1347 679 1382 commendat:
703 1347 749 1383 Cum

49 1410 93 1443 crgo
101 1400 199 1445 episcopus
207 1401 230 1434 ad
238 1400 298 1435 virum
306 1400 335 1435 dei
343 1400 429 1444 venisset,
437 1406 455 1435 et
463 1412 484 1436 se
492 1406 555 1435 mutuo
567 1399 677 1434 salutassent
685 1400 751 1434 multa-

48 1462 84 1495 que
92 1454 115 1487 de
123 1464 175 1488 sacro
180 1453 252 1498 eloquio
257 1454 381 1497 contulissent,
386 1455 488 1499 respiciens
493 1454 594 1490 Guthlacus
602 1453 687 1490 clericum
692 1454 749 1497 illum,
759 1462 777 1494 25

48 1505 104 1541 dixit:
117 1507 121 1524 ‘
128 1506 196 1548 Frater,
204 1506 268 1551 inquit,
275 1507 366 1550 Wilfride,
374 1508 418 1552 quid
425 1507 458 1542 tibi
465 1518 514 1542 nunc
521 1507 594 1543 videtur
598 1508 621 1542 de
627 1507 701 1542 homine
709 1507 750 1549 isto,

47 1569 103 1603 quem
111 1565 129 1595 te
138 1560 192 1594 hodie
200 1560 280 1595 iudicare
287 1561 327 1596 heri
335 1561 435 1606 promisisti
441 1562 456 1597 ?¹
480 1562 514 1596 llle
521 1562 588 1595 rubore
596 1561 684 1595 confusus
692 1566 710 1595 et
717 1561 750 1595 ad-

48 1612 149 1655 miratione,
157 1614 176 1647 in
185 1619 253 1648 terram
260 1614 353 1649 humiliter
360 1626 381 1649 se
391 1615 496 1659 prostrauit,
501 1614 575 1649 veniam
582 1615 639 1658 petiit,
647 1620 665 1649 et
673 1614 748 1658 accepit.

50 1664 152 1708 Episcopus
160 1675 204 1700 vero
212 1666 321 1701 Guthlacum
333 1669 356 1701 ad
368 1667 464 1701 sacerdotii
475 1667 552 1711 gradum
560 1666 662 1711 promouit;
674 1673 692 1700 et
700 1667 749 1710 quod

48 1727 58 1749 a
67 1717 193 1752 conuersionis
203 1729 236 1753 sue
247 1718 299 1754 initio
310 1731 345 1763 pro
356 1719 416 1764 aliquo
424 1720 527 1754 mortalium
535 1718 595 1754 facere
603 1729 640 1754 non
648 1718 748 1762 consensit,
757 1729 777 1759 30

46 1769 114 1805 inuitus
122 1776 140 1805 et
148 1777 268 1807 coactuscum
276 1773 363 1818 episcopo
369 1773 388 1808 in
393 1783 457 1809 mensa
465 1772 561 1807 discubuit
607 1765 654 1806 Erat
659 1771 677 1806 in
683 1772 748 1807 diebus

46 1821 83 1857 illis
94 1825 173 1868 quedam
181 1824 233 1869 virgo
244 1826 319 1861 nomine
330 1825 423 1870 Edburga,
434 1826 471 1861 filia
482 1826 531 1870 regis
541 1825 629 1870 Adulphi,
641 1826 747 1861 monialium

47 1876 114 1911 Christi
125 1879 236 1914 venerabilis
248 1880 345 1921 abbatissa,
357 1891 393 1924 que
404 1880 511 1923 plumbeum
523 1879 670 1923 sarcophagum³
682 1880 748 1914 linthe-

47 1939 115 1973 umque
128 1931 225 1967 delicatum
239 1931 315 1968 interius
327 1932 428 1968 inuolutum
442 1933 508 1968 deuote
519 1933 573 1968 beato
586 1932 674 1967 Guthlaco
689 1939 747 1968 trans-

45 1982 100 2024 misit,
108 1985 214 2027 supplicans
222 1985 315 2021 humiliter
322 1991 340 2020 et
348 1986 416 2021 obnixe
423 1991 443 2020 vt
450 1997 471 2020 se
479 1986 497 2020 in
509 1985 544 2020 eo⁴
552 1986 581 2020 die
593 1986 654 2020 obitus
665 1986 694 2020 sui
705 1997 747 2030 per·
756 1996 775 2027 35

45 2033 124 2069 mitteret
143 2037 222 2080 sepeliri.
249 2038 296 2072 Illud
314 2038 368 2073 etiam
385 2039 454 2073 addidit
469 2044 487 2073 et
501 2038 600 2073 affectuosa
615 2038 747 2082 supplicatione

44 2087 119 2130 rogauit,
127 2089 217 2132 quatinus,
226 2090 267 2134 quis
277 2091 294 2125 ei
306 2097 356 2125 esset
368 2090 387 2125 in
399 2090 429 2125 illa
440 2091 538 2126 solitudine
550 2102 676 2129 successurus,
687 2091 747 2127 eidem

44 2140 139 2182 predicere
152 2143 262 2187 dignaretur.
290 2145 374 2179 Tandem
385 2144 417 2180 vix
428 2145 551 2180 oblationem⁶
562 2145 671 2189 suscipiens,
683 2150 747 2181 sancte

44 2191 109 2235 virgini
117 2194 236 2238 significauit:
248 2197 299 2231 illum
308 2198 367 2233 adhuc
375 2209 417 2232 esse
425 2197 512 2242 gentilem
519 2198 549 2242 qui
558 2197 575 2233 ei
583 2198 695 2241 succederet,
701 2203 719 2232 et
727 2198 746 2234 in

43 2246 127 2287 proximo
132 2248 265 2293 baptizandum.
274 2250 297 2285 Et
302 2251 368 2286 factum
375 2256 403 2286 est
408 2251 442 2287 ita:
449 2251 496 2286 Nam
501 2251 607 2296 virquidam
614 2251 688 2287 nomine
694 2251 746 2287 Cissa
755 2261 775 2292 40

43 2302 85 2337 post
92 2299 140 2332 beati
149 2302 232 2336 Guthlaci
240 2303 309 2337 exitum
318 2304 374 2338 fidem
382 2304 449 2338 Christi
458 2305 543 2347 suscepit,
552 2310 570 2338 et
578 2305 638 2338 eidem
646 2306 746 2340 succedere

43 2350 113 2384 meruit.
157 2346 231 2389 Videns
242 2356 316 2390 tandem
325 2356 424 2392 Guthlacus
434 2357 562 2391 Ethclbaldum
572 2357 688 2392 diuturnitate
696 2357 745 2392 exilii

43 2400 135 2445 fatigatum
151 2411 169 2441 et
184 2417 260 2451 prorsus
279 2409 340 2444 animo
355 2415 497 2452 consternatum,
512 2411 560 2455 cepit
578 2420 620 2446 eum
637 2410 746 2446 salutaribus

41 2469 205 2538 &reponeret
252 2477 299 2509 2om.
307 2479 323 2508 in
331 2479 348 2509 T.
399 2479 571 2520 ⁵T.sarehophagum.
620 2480 745 2513 trocmund.

72 2531 76 2539 .
84 2512 183 2545 olbatrouem.
