1762 2803
193 77 239 149 ssDt
254 92 354 146 &anan
371 91 501 144 attilam
517 90 626 143 marato.
716 104 761 147 459

61 216 148 263 legittime
160 214 240 257 certauit,
248 214 339 249 sufferens
350 213 495 257 temptationem,
503 213 586 257 accipere
598 211 664 246 meruit
675 221 762 245 coronam

44 273 97 307 'vite
108 267 302 314 [quam]¹repr0misit
313 267 359 301 deus
370 266 487 310 diligentibus
498 277 524 300 se.
547 265 596 308 Quid
604 265 668 309 plura?
691 263 762 298 Nebulo

61 322 160 368 nepharius
173 331 229 365 quem
242 320 314 364 nephas
328 320 382 363 sugat,
395 319 440 363 sugit
452 324 472 353 vt
484 319 577 363 profugus,
590 328 627 352 non
640 317 716 361 refugio,
729 317 762 350 sed

61 376 109 412 funis
115 375 179 409 funere
185 373 236 417 iungi
242 373 314 417 dignus.
334 366 434 408 Prenotato
440 371 592 407 beati⁹Willelmi
597 370 677 406 martiris
683 369 763 415 glorioso

61 427 158 471 triumpho,
170 426 247 470 qualiter
259 425 343 470 migrauit
355 436 366 459 a
378 435 461 469 corpore,
473 435 529 469 opere
541 424 623 469 precium
637 428 665 458 est
677 422 780 462 miraculas

62 482 133 526 scriptis
145 480 228 514 inserere
240 490 276 524 que
289 479 313 513 ob
325 478 374 513 illius
387 478 472 513 meritum
486 484 572 523 operatur
583 476 665 523 potentia
679 476 762 511 celestis:

62 537 85 570 de
96 533 162 579 quibus
174 538 192 568 et
203 540 266 568 vetera
277 532 363 577 prosequi
375 537 393 567 et
404 542 452 577 noua
464 532 531 567 cudere
542 531 604 574 licet³3
618 541 652 565 nec
663 530 715 565 vobis
726 529 764 564 dis-

62 588 132 632 pliceat,
144 585 251 626 charissimi,
264 585 279 619 si
291 586 401 628 quandoque
412 583 568 628 ma[c]rologiam⁴
579 583 645 625 vitans,
657 583 691 617 sub
702 582 764 617 breui-

62 639 122 683 loquio
127 644 228 672 transeam:
237 638 279 682 quia
284 643 303 671 et
308 638 368 681 placet
372 638 425 671 vobis
430 638 502 671 dicendi
508 636 625 680 parcimonia,
630 641 648 670 et
653 645 764 680 quamquam

62 691 140 726 arrideat
151 691 208 725 multa
219 690 339 724 dicendorum
351 690 428 724 materia
439 689 492 724 stilus
503 695 564 723 tamen
576 689 660 733 prolixus
671 688 763 722 iastidIum
774 698 792 721 ro

62 744 124 790 gignit.
148 743 232 778 Lucerna
240 742 327 787 deinceps
335 753 412 777 accensa
420 753 456 776 non
464 747 543 786 ponatur
550 742 585 776 sub
593 741 659 784 modio,
667 741 700 776 sed
708 750 765 785 super

63 797 192 834 candelabrum
201 802 220 832 vt
229 796 299 839 luceat;
311 796 368 830 fracto
379 796 469 830 alabastro
480 801 517 830 tota
527 796 593 830 domus
604 795 660 829 odore
672 794 766 839 repleatur

62 850 153 894 vnguenti.
176 850 230 883 ὗΡιιίῑ
237 850 291 893 igitur
299 849 370 884 eisdem
378 849 492 893 temporibus
502 849 521 882 in
531 849 597 883 Cancie
609 848 677 882 finibus
689 847 765 892 prefatis

63 903 140 947 quedam
150 901 216 934 mulier
223 912 292 935 vesana
302 907 354 934 toruo
365 901 436 945 spiritu,
445 911 517 934 necnon
525 911 536 933 a
544 900 630 933 demonio
638 900 686 933 male
693 905 765 940 vexata,

63 956 87 990 ita
98 955 147 1000 quod
159 959 232 988 montes
244 959 262 988 et
276 954 331 988 colles
345 953 456 997 transiliens,
469 964 540 988 necnon
553 964 588 998 per
601 953 671 998 plateas
685 957 703 987 et
714 952 765 986 vicos
775 964 792 994 ¹5

63 1009 111 1042 nuda
126 1007 237 1050 discurrens,
252 1007 324 1042 insanie
341 1007 464 1042 sinthomata⁶
479 1007 608 1042 miserabiliter
623 1005 721 1040 omnibus⁷
735 1016 765 1040 os-

63 1062 124 1096 tendit.
148 1061 231 1104 Cumque
242 1061 321 1105 quadam
334 1061 363 1094 die
375 1071 408 1104 per
419 1060 479 1094 locum
490 1060 521 1094 vbi
534 1059 589 1094 iacuit
600 1069 668 1104 corpus
679 1058 765 1093 exanime

63 1115 186 1158 pertransiret,
194 1113 242 1148 inter
252 1114 316 1157 spinas
324 1118 342 1147 et
349 1113 426 1147 tribulos
435 1113 465 1147 in⁷
474 1113 518 1147 illud
528 1114 607 1152 intuens,
615 1112 671 1147 dixit:
684 1112 765 1153 ‘Amice

63 1176 157 1209 vsquequo
166 1165 247 1200 dormis?
271 1165 335 1199 Dormi
342 1164 384 1206 iam,
391 1170 408 1199 et
416 1164 517 1208 requiesce.
540 1165 607 1207 Quare,
613 1164 680 1198 lasciue
687 1163 765 1206 iuuenis,

64 1230 105 1252 cum
118 1219 144 1252 sis
158 1218 252 1260 candidus,
264 1230 331 1252 corona
344 1218 408 1251 ssorida
420 1230 457 1251 non
468 1218 546 1252 vteris?'
570 1218 611 1251 Hec
623 1223 641 1250 et
652 1217 688 1250 hiis
699 1216 765 1250 similia
774 1233 793 1252 ιο

64 1277 149 1315 tanquam
157 1272 197 1315 pica
205 1272 273 1315 loquax
281 1272 357 1306 astando
367 1271 455 1315 garriens,
463 1281 549 1305 coronam
557 1272 581 1305 de
589 1270 683 1315 capriiolio
690 1271 765 1314 plenam

64 1324 111 1359 beati
123 1324 203 1359 martiris
214 1324 268 1369 capiti
278 1324 412 1369 circumposuit.
436 1324 520 1358 Reuersa
530 1323 597 1358 deinde
609 1323 710 1367 Cana[n]ee
722 1323 766 1366 filia,

65 1378 110 1412 male
122 1388 133 1412 a
144 1378 230 1413 demonio
241 1384 308 1413 vexata
320 1384 406 1422 tanquam
417 1377 470 1412 leena
482 1377 539 1422 raptis
551 1376 615 1412 catulis
626 1377 683 1411 ardua
694 1387 766 1422 queque

65 1431 153 1465 montium
165 1432 283 1472 transcendit,
291 1432 310 1465 in
321 1431 363 1465 imis
370 1431 445 1465 vallium
456 1431 533 1473 dissiliit,
541 1431 614 1474 penitus
622 1430 710 1474 ignorans
717 1431 766 1464 vnde

64 1483 124 1516 veniat
132 1489 162 1517 aut
170 1495 206 1527 quo
212 1485 271 1517 vadat.
290 1484 356 1517 Altera
363 1494 407 1517 vero
415 1483 445 1516 die
452 1483 527 1517 rediens
535 1493 569 1527 per
577 1483 637 1516 locum
644 1482 675 1516 vbi
683 1488 766 1516 sanctum
776 1498 794 1528 ²5

65 1545 131 1580 corpus
137 1536 240 1581 reliquerat,
245 1537 311 1570 iterum
318 1536 468 1581 appropinquans
474 1535 499 1569 ait
506 1547 510 1570 :
520 1535 596 1569 ‘Redde
603 1535 648 1569 mihi
654 1535 768 1580 sompniator

65 1599 118 1631 quam
130 1589 172 1622 dedi
183 1589 215 1623 tibi
226 1600 318 1632 coronam,
326 1589 412 1633 quoniam
423 1595 441 1623 te
452 1589 504 1623 decet
516 1600 573 1633 super
583 1599 649 1622 aurum
659 1594 677 1622 et
687 1588 767 1633 lapidem

64 1643 168 1685 preciosum
178 1643 261 1677 multum.
285 1643 414 1687 Prochpudor!
431 1642 504 1676 stertis¹¹
516 1642 581 1683 adhuc,
592 1642 656 1686 piger?
672 1641 717 1675 mihi
729 1652 767 1675 non

65 1694 165 1737 loquerisi'
189 1696 230 1729 Hec
242 1701 260 1728 et
273 1696 308 1728 alia
321 1696 419 1739 garrulans
431 1695 506 1738 indigna
519 1696 578 1728 relatu
593 1700 666 1728 mortuo
680 1700 767 1738 tanquam

64 1745 111 1789 viuo,
122 1748 201 1781 martiris
213 1758 224 1781 a
235 1747 294 1792 capite
307 1758 399 1790 coronam,
407 1748 483 1781 cerebro
495 1758 566 1782 necnon
578 1757 643 1781 cruore
654 1752 767 1781 cruentatam
776 1760 796 1791 30

65 1797 120 1834 immo
131 1805 261 1843 consecratam,
270 1801 349 1843 abstulit,
357 1800 448 1845 capitique
456 1800 533 1845 proprio
540 1800 689 1845 sup[er]p0suit⁹.
712 1800 768 1835 Mira-

65 1850 106 1886 bilis
116 1854 162 1888 deus
173 1854 192 1888 in
204 1853 273 1888 sanctis
284 1853 328 1895 suis,
338 1853 385 1888 illico
398 1853 521 1888 manifestauit
532 1854 611 1888 electum
622 1853 657 1887 sibi
669 1853 768 1887 martirem.

66 1903 188 1941 Manifestauit
203 1912 264 1941 autem
280 1907 318 1940 sic:
337 1907 404 1941 Mulier
418 1917 498 1950 namque
513 1906 567 1949 latua,
581 1911 657 1940 cruento
672 1906 768 1940 corollario

66 1964 155 2002 coronata,
163 1960 211 1994 dicto
219 1960 271 1994 citius
279 1960 330 1994 serali
340 1960 390 1993 rabie
398 1960 483 2003 deposita
493 1960 592 1993 humanam
600 1960 689 1993 rationem
701 1960 768 2004 adepta

66 2015 98 2043 est.
119 2011 174 2046 Vnde
181 2024 215 2055 pre
220 2013 331 2046 verecundia
336 2017 374 2045 tota
380 2012 409 2045 die
416 2023 475 2054 vsque
483 2013 506 2045 ad
511 2023 611 2054 vesperum
618 2011 667 2045 inter
674 2012 751 2045 frutecta
755 2011 769 2031 ¹⁰
777 2029 796 2057 35

66 2059 121 2104 latuit,
132 2069 150 2098 et
161 2065 184 2098 ad
196 2075 217 2098 se
229 2075 304 2098 reuersa
315 2063 372 2098 dixit:
390 2063 453 2097 ‘Nunc
464 2062 502 2097 scio
511 2073 557 2098 -vere
569 2062 611 2108 quia
622 2062 671 2097 misit
683 2063 769 2097 dominus

66 2117 150 2159 angelum
159 2129 213 2151 suum
221 2124 238 2152 et
247 2118 313 2163 eripuit
322 2129 352 2152 me
361 2119 385 2151 de
393 2128 448 2151 manu
456 2117 533 2151 sathane
541 2117 612 2151 meritis
622 2117 674 2151 istius
683 2118 769 2161 martiris,

66 2172 84 2200 vt
95 2170 252 2205 manifestentur¹l
261 2181 318 2216 opera
329 2171 359 2205 dei
369 2171 388 2205 in
398 2171 435 2213 illo,
445 2171 541 2205 Prestante
552 2170 626 2205 domino
637 2176 701 2206 nostro
713 2171 769 2206 ihesu

67 2219 145 2266 Christo,
157 2224 188 2268 qui
202 2234 244 2258 cum
257 2229 309 2268 patre
322 2229 341 2259 et
353 2223 418 2269 spiritu
433 2229 497 2258 sancto
509 2223 554 2258 viuit
566 2229 584 2259 et
599 2230 664 2269 regnat
677 2225 724 2259 deus
735 2235 770 2269 per

67 2276 127 2308 omnia
138 2278 199 2310 secula
211 2278 320 2311 seculorum.
342 2278 414 2311 Amen'
459 2270 486 2311 Et
497 2277 592 2321 predictus
603 2278 694 2320 gloriosus
705 2278 770 2312 martir
777 2292 797 2321 4⁰

67 2323 112 2360 iacet
119 2329 168 2372 apud
176 2329 268 2364 ciuitatem
277 2329 385 2365 Rotiensem
393 2329 499 2374 predictam.

86 2429 133 2477 ¹9¹³·
174 2434 268 2466 ²E.beato.
308 2435 694 2475 ³Onlyonemiracle,however,isgivenhere.
734 2435 769 2467 ⁴E.

67 2472 191 2514 martirologiam.
235 2476 487 2516 ”Thisstoryishighlypoetie
531 2477 677 2514 l=symptomata
721 2474 768 2506 'om-

67 2510 325 2586 ffiafflgtamULBmLsterneris.
375 2517 479 2554 ”supposuit
529 2516 677 2547 llBoliimticeta¹
728 2515 741 2533 ¹¹
751 2515 769 2546 E.
