1762 2803
135 132 179 182 ¹202
235 213 237 215 ,
314 138 408 191 ilium
424 136 540 199 tegruno
556 137 647 198 tinniit.

136 265 187 294 orate
197 259 292 295 dominum
302 272 349 305 puro
359 261 424 295 corde:
437 266 455 295 et
466 260 502 295 iam
512 260 597 296 videbitis
608 258 698 294 mirabilia
710 259 759 295 eius.¹
783 261 837 299 Cum-

137 324 172 357 que
184 313 210 347 illi
222 314 396 358 appropinquarent,
409 319 427 348 et
440 313 485 347 nihil
497 313 575 357 amplius
588 318 665 347 restaret
680 312 716 347 nisi
727 319 746 348 vt
761 314 837 360 quisque

137 376 190 399 suam
212 371 290 410 raperet,
309 377 352 400 ecce
371 376 427 409 sopor
445 366 514 399 domini
537 366 598 400 statim
617 365 669 399 irruit
687 376 744 409 super
763 378 800 408 eos,
820 376 837 404 et

137 423 244 451 corruentes
259 418 312 460 proni
327 418 346 451 in
362 423 431 451 terram
447 418 594 452 obdormierunt:
607 422 625 451 et
640 428 651 450 a
666 416 726 460 prima
741 418 787 451 hora
802 420 837 455 diei

119 483 128 512 5
137 470 200 513 quinte
207 470 251 504 serie
257 480 315 513 vsque
324 471 346 505 ad
355 480 422 504 nonam
429 471 507 514 septime
513 481 548 504 nec
556 481 576 504 se
585 474 681 503 mouentes
686 479 720 503 nec
726 470 837 514 respirantes

137 523 189 566 quasi
204 522 278 567 penitus
293 523 360 558 mortui
375 523 475 558 iacuerunt.
498 522 589 568 Apparuit
604 528 664 557 autem
680 523 757 566 angelus
770 524 838 561 domini

136 586 203 620 magna
219 576 300 610 claritate
313 577 440 621 resplendens,
453 581 472 611 et
484 575 508 610 ait
521 577 644 611 Modwenne:
657 575 757 610 ‘Constans
769 582 808 611 esto
820 585 837 614 et

137 640 170 672 age
182 629 302 663 fiducialiter:
315 635 333 663 et
343 630 404 664 venite
416 641 488 664 mecum
500 634 519 663 tu
531 635 549 663 et
561 629 672 663 Glunelach:
685 640 778 663 assumam
789 633 837 667 enim

109 703 111 707 r
136 692 170 716 vos
178 686 196 715 et
204 682 361 716 ostendamvobis
369 683 449 716 archana
457 682 492 725 dei,
500 688 518 717 et
526 682 618 716 horrenda
627 681 785 717 etdesiderandat
808 685 837 720 Ad

111 748 130 769 ιο
137 734 184 768 hanc
196 745 260 768 vocem
270 735 324 769 ambo
335 735 381 779 rapti
393 735 416 769 de
426 746 502 779 corpore
512 734 585 779 sequuti
597 739 640 768 sunt
651 734 735 778 angelum
744 734 779 769 dei.
802 736 836 779 Qui

137 788 270 821 demonstrauit
282 789 308 822 eis
319 800 377 832 penas
389 788 454 822 inferni
466 794 484 822 et
495 789 591 822 horribiles
603 788 698 829 cruciatus,
710 789 777 822 deinde
787 792 837 832 quasi

137 842 192 875 sedes
204 852 279 875 amenas
290 847 345 885 atque
355 841 450 884 florigeras
460 842 479 875 in
490 841 581 885 paradiso,
591 846 609 874 et
620 842 721 875 secundum
732 841 837 878 meritorum

138 894 242 937 qualitatem
262 895 367 928 mansiones
386 894 469 928 diuersas
488 894 581 938 speciosas
596 894 650 928 valde
668 893 700 927 ac¹
716 894 837 930 delectabiles.

138 947 221 988 Cumque
232 946 309 979 vidisset
325 947 424 980 Glunelach
439 947 487 980 inter
500 953 571 980 ceteras
583 957 638 980 vnam
651 946 806 989 speciosissimam
820 955 838 982 et

112 1009 129 1040 ¹5
138 1004 208 1032 ceteras
224 999 289 1032 decore
303 1003 321 1033 et
334 998 469 1043 pulchritudine
484 999 620 1043 precellentem,
632 1003 650 1033 et
665 998 810 1034 inenarrabiliter
821 1001 837 1035 ei

138 1051 242 1095 placuisset,
259 1052 329 1094 rogauit
346 1052 476 1087 Modwennam
494 1058 514 1087 vt
531 1053 652 1095 interrogaret
670 1051 722 1086 cuius
741 1057 790 1086 esset
809 1052 838 1088 illa

138 1103 214 1138 mansio.
237 1104 260 1137 Et
275 1104 300 1137 ait
315 1105 345 1138 illa
359 1105 382 1138 ad
398 1105 495 1149 angelum:
512 1105 601 1139 ‘Domine
616 1105 647 1147 mi,
660 1104 711 1139 cuius
725 1110 753 1138 est
768 1106 838 1140 mansio

138 1157 195 1191 heci'
222 1156 305 1200 Angelus
322 1158 428 1200 respondit:
448 1157 496 1192 ‘ista
514 1157 584 1192 mansio
604 1162 701 1201 preparata
720 1162 748 1192 est
767 1158 837 1193 cuidam

138 1208 223 1252 religioso
236 1209 317 1252 pontifici
333 1208 404 1243 Cheuin
417 1209 497 1250 nomine,
511 1210 542 1253 qui
555 1214 627 1253 septem
641 1219 704 1251 annos,
716 1210 781 1244 viuens
795 1210 838 1244 satis

111 1276 130 1298 20
139 1260 225 1303 districte,
238 1260 274 1294 iam
287 1260 376 1304 transegit
388 1261 407 1294 in
420 1261 506 1295 heremo²
520 1267 538 1295 et
550 1261 585 1294 tale
598 1261 720 1295 habitaculum
733 1261 837 1296 eternaliter

138 1313 205 1348 meruit
217 1314 312 1358 possidere
323 1316 342 1348 in
354 1315 402 1348 celo!
425 1315 468 1348 Hiis
477 1314 522 1349 visis
533 1316 555 1349 ad
568 1326 635 1358 corpus
644 1320 721 1358 vterque
732 1315 838 1358 regreditur,

138 1373 157 1401 et
177 1368 287 1401 Modwenna
306 1374 377 1401 ceteros
396 1369 455 1401 adhuc
473 1369 586 1402 dormientes
605 1368 694 1410 excitauit,
713 1369 787 1402 dicens:
807 1369 812 1385 ¹
818 1368 838 1401 ln

139 1421 214 1454 nomine
233 1426 295 1454 sancte
314 1421 404 1463 trinitatis,
416 1421 495 1464 surgite!
518 1422 569 1455 Tunc
586 1432 651 1455 onmes
668 1420 795 1465 expergefacti,
811 1432 838 1455 se-

139 1473 205 1505 derunt
223 1484 280 1516 super
298 1472 363 1506 faciem
382 1478 436 1514 terre,
455 1478 543 1516 tanquam
558 1473 609 1506 obliti
623 1473 654 1507 vbi
668 1479 731 1506 essent
746 1478 776 1506 aut
791 1474 838 1506 vnde

113 1526 337 1572 25venissent—nondum
356 1525 405 1559 enim
424 1526 493 1559 attoniti
509 1538 529 1560 se
544 1527 628 1561 valebant
644 1526 765 1560 considerare,
788 1525 838 1558 Tunc

141 1579 241 1613 Glunelach
253 1579 276 1612 ad
284 1589 305 1612 se
313 1589 399 1613 reuersus
407 1580 430 1613 ad
438 1580 496 1623 pedes
506 1585 568 1614 sancte
575 1579 650 1624 virginis
661 1584 763 1624 prostratus
773 1578 837 1612 corruit

140 1638 158 1667 et
171 1632 244 1666 veniam
255 1643 276 1666 ac
287 1631 432 1667 misericordiam
443 1632 536 1667 humiliter
547 1633 649 1677 postulauit,
662 1633 737 1668 dicens:
749 1631 838 1666 ‘Domina

140 1696 183 1719 mea
196 1685 315 1728 sanctissima,
327 1686 402 1719 consule
416 1696 470 1719 seruo
483 1691 519 1726 tuo,
531 1687 618 1720 auxiliare
632 1687 705 1727 misero,
717 1687 745 1719 sac
756 1696 786 1718 me
798 1695 838 1727 par-

140 1738 214 1781 ticipem
226 1738 256 1770 dei
267 1738 298 1779 tui,
309 1749 333 1771 ne
345 1738 437 1770 incurram
448 1748 506 1781 penas
516 1738 582 1771 inferni
592 1749 637 1781 quas
647 1738 695 1780 vidi;
707 1737 785 1782 impetra
795 1736 838 1769 mihi

112 1804 132 1835 30
140 1790 189 1834 apud
197 1790 259 1834 ipsum
267 1792 352 1833 quatinus
363 1790 418 1824 talem
426 1790 445 1823 in
453 1791 491 1824 celo
502 1801 574 1824 merear
581 1791 649 1825 habere
658 1791 773 1824 mansionem
781 1789 838 1832 qualis

140 1842 173 1878 tibi
188 1847 289 1877 monstrata
301 1847 329 1877 est
343 1853 385 1877 esse
397 1842 469 1877 cuidam
481 1842 550 1877 Cheuin
563 1844 643 1888 pontifici
656 1843 675 1877 in
687 1843 783 1888 paradiso.¹
806 1841 838 1876 Cui

139 1898 181 1933 illa:
194 1897 226 1932 ‘Si
238 1902 291 1941 potes
306 1898 388 1937 credere,
402 1896 463 1931 omnia
478 1897 570 1940 possibilia
581 1903 624 1932 sunt
636 1897 727 1932 credenti!
751 1896 784 1930 ille
795 1905 839 1929 vero

140 1962 182 1984 cum
201 1950 293 1984 lachrimis
312 1950 368 1983 dixit:
385 1949 478 1992 ‘Credam
495 1950 573 1993 domina,
589 1961 696 1994 quecunque
715 1948 804 1990 docueris,
822 1952 839 1981 et

139 2004 205 2037 faciam
224 2014 332 2047 quecunque
351 2002 467 2046 preceperis’
489 2002 558 2036 Videns
575 2009 636 2037 autem
653 2003 687 2036 hoc
703 2002 773 2046 Alphin
791 2000 838 2033 filius

112 2070 131 2101 35
140 2055 209 2090 sororis
225 2056 331 2098 Glunelach,
347 2061 365 2088 et
380 2056 403 2087 ad
417 2066 438 2089 se
452 2066 544 2099 reuersus,
556 2056 635 2101 pedibus
647 2055 724 2099 virginis
738 2058 838 2100 prostratus

141 2109 198 2142 dixit:
211 2108 300 2142 ‘Domina
312 2118 358 2149 mea,
366 2107 413 2142 sicut
420 2108 484 2143 videro
492 2109 601 2143 auunculum
610 2119 672 2143 meum
683 2109 733 2142 iuxta
744 2106 838 2142 consilium

140 2167 192 2196 tuum
200 2173 260 2206 agere,
266 2161 291 2195 ita
299 2173 333 2205 ego
340 2166 414 2206 paratus
422 2173 463 2195 sum
471 2162 503 2196 tibi
510 2174 544 2207 per
552 2162 613 2196 omnia
621 2164 690 2207 absque
698 2159 839 2197 contradictione

141 2214 219 2249 fideliter
238 2213 323 2248 obedire!
346 2213 406 2247 Ceteri
425 2215 479 2256 enim,
498 2216 532 2249 arti
550 2215 620 2258 magice
639 2220 703 2249 cuncta
721 2214 839 2251 ascribentes,

141 2276 210 2312 pauore
225 2265 308 2300 exterriti
323 2267 346 2300 ad
359 2266 466 2310 longinquas
479 2269 564 2311 regiones
578 2268 707 2309 discesserunt,
719 2277 753 2300 nec
764 2264 838 2299 vlterius

58 2331 61 2337 '
112 2337 133 2368 4⁰
141 2321 160 2355 in
175 2319 257 2364 partibus
269 2318 304 2352 illis
317 2319 400 2362 cuiquam
414 2332 480 2353 nocere
492 2326 650 2364 presumpserunt.
673 2320 783 2354 Modwenna
796 2326 838 2350 vero

141 2384 217 2418 corpora
236 2377 339 2406 sanctorum
358 2372 377 2404 in
395 2373 506 2406 monasterio
521 2385 554 2407 suo
569 2374 658 2417 sepeliuit,
674 2378 692 2407 et
708 2369 807 2407 Glunelach
822 2373 839 2401 et

140 2426 212 2473 Alphin
231 2425 330 2460 instructos
345 2425 364 2459 in
380 2425 416 2460 fide
434 2426 534 2471 baptizari³
552 2426 599 2470 fecit,
619 2432 637 2462 et
655 2425 713 2461 literis
731 2422 838 2459 imbuendos

140 2481 218 2518 tradidit.
242 2480 278 2523 Qui
289 2480 308 2514 in
320 2480 385 2514 timore
397 2480 426 2515 dei
437 2480 560 2525 proficientes,
569 2486 587 2515 et
597 2481 678 2527 episcopi
689 2480 736 2523 facti,
746 2480 785 2512 dies
796 2486 838 2510 suos

232 2592 237 2612 ¹
247 2592 265 2622 ΤΔ
272 2601 300 2628 ac,¹
310 2593 327 2623 E.
335 2595 355 2622 et.
390 2614 391 2617 η
436 2590 442 2608 ²
452 2592 469 2623 E.
478 2592 542 2623 herimo.
623 2593 629 2611 ³
639 2593 657 2624 E.
665 2592 748 2630 baptizare.
