1762 2803
235 66 291 162 'De
305 106 407 159 &aaut
422 106 523 167 butue
708 119 735 163 17

33 236 156 278 apparuerunt
167 230 202 265 sibi
214 228 291 273 apostoli
299 228 367 263 Chn'sti
379 228 445 262 Petrus
457 233 475 262 et
484 228 558 270 Paulus,
566 227 619 273 eique
627 228 676 273 quod
687 227 736 263 sani-

34 293 89 321 tatem
97 298 108 320 a
116 287 151 320 deo
158 289 235 329 propter
242 293 295 317 suam
304 282 391 327 pietatem
399 292 451 316 sacra
457 281 736 326 baptismatisvndaaSiluestro

34 351 81 384 papa
86 339 172 384 perfusus
179 335 336 380 consequuturus¹
343 341 393 369 esset
398 335 510 369 intimarunt.
522 335 599 369 Beatum
605 334 660 379 igitur
666 335 736 369 Silues-

34 399 82 426 trum
93 393 191 432 aduocans,
199 389 230 433 qui
242 389 261 422 in
273 388 361 433 spelunea
370 387 456 428 latitabat,
463 387 553 423 visionem
565 388 625 423 eidem
637 387 736 431 exposuit:

34 451 52 478 et
63 447 117 478 abeo
128 444 147 478 in
159 444 196 477 fide
204 442 272 476 Christi
285 441 379 483 sapienter
388 441 493 482 instructus,
506 450 579 474 sacrum
588 440 680 484 baptisma
695 451 755 481 sus-5

35 497 87 540 cepit.
109 496 162 530 ssHec
173 504 219 529 vero
229 498 249 527 vt
258 497 322 527 sancta
332 492 406 526 Helena
416 497 475 526 mater
484 492 524 526 eius
533 491 552 526 in
563 492 643 526 Bithinia
654 492 738 527 existens

35 549 107 590 audiuit,
115 559 149 592 per
160 546 230 581 litteras
242 545 299 580 filium
311 544 392 579 laudauit
400 547 448 591 quod
460 545 611 581 abrenunciasset
622 545 737 580 simulachris

36 603 129 644 idolorum,
137 602 171 637 sed
180 601 226 635 dure
236 598 338 644 increpauit
349 600 398 644 quod
408 600 470 634 relicto
478 600 577 635 iudeorum
586 601 621 635 deo
629 600 738 634 crucifixum

36 656 128 690 hominem
140 655 186 689 sicut
197 655 253 688 deum
265 652 325 687 coluit.
348 653 454 698 Respondit
465 658 526 688 autem
534 653 634 696 Augustus,
642 652 738 687 Christum

36 720 99 743 verum
111 719 153 743 esse
165 709 220 742 deum
234 712 253 741 et
265 706 295 741 dei
308 705 378 741 filium:
395 706 433 740 Sed
445 711 513 749 tamen,
524 711 544 740 vt
555 706 615 741 omnis
626 717 650 741 ex
661 711 738 750 utraque
748 719 767 741 ιο

36 768 86 804 parte
100 762 193 795 tolleretur
204 760 319 802 ambiguitas,
330 759 424 792 mandauit
435 759 489 792 matri
499 765 519 792 vt
531 759 628 791 Iudeorum
641 759 739 801 magistros

36 824 98 847 secum
115 813 220 854 adduceret,
238 816 257 846 et
278 810 320 855 ipse
336 820 409 854 quoque
424 809 570 844 Christianorum
588 811 672 845 doctores
695 820 739 854 pro-

36 865 103 900 ferret:
115 866 178 910 sicque
187 876 211 899 ex
221 863 343 908 disputatione
354 869 417 898 mutua
423 874 468 898 vera
475 863 523 898 lides
530 868 632 908 appareret.
655 862 739 898 Adduxit

37 919 90 962 igitur
98 929 161 953 secum
169 924 232 952 saneta
243 917 316 951 Helena
325 917 404 951 Romam
416 917 617 961 centumquadraginta
626 927 683 951 unum
695 917 739 951 doc-

36 972 117 1007 tissimus
123 972 226 1013 Iudeonrm,
232 970 280 1005 inter
285 980 332 1015 quos
339 969 437 1004 duodecim
444 975 496 1004 erant
504 970 608 1014 singulares
614 971 644 1014 qui
650 970 740 1014 sapientia
749 985 767 1016 15

37 1030 55 1058 et
62 1024 165 1069 eloquentia
172 1035 206 1069 pre
214 1024 281 1058 ceteris
288 1023 392 1058 rutilabant.
415 1023 461 1057 Cum
472 1034 516 1067 ergo
525 1024 590 1057 beatus
598 1023 690 1057 Siluester
697 1033 739 1057 cum

37 1077 107 1111 clericis
119 1078 162 1117 suis,
170 1081 189 1111 et
197 1075 274 1120 predicti
285 1075 335 1109 Iudei
347 1076 370 1109 ad
382 1075 513 1119 disputandum
524 1085 586 1110 coram
598 1075 709 1119 imperatore
721 1080 740 1109 et

37 1130 153 1173 imperatrice
164 1135 224 1164 matre
235 1128 275 1163 eius
286 1134 349 1162 sancta
361 1128 434 1162 Helena
445 1128 581 1170 conuenissent,
590 1128 619 1162 et³
630 1129 685 1172 longo
693 1134 740 1163 tem-

37 1194 82 1225 pore
95 1183 173 1216 inuicem
186 1182 267 1217 altercati
278 1182 361 1222 luissent,
369 1182 481 1225 tandemque
489 1181 559 1223 (diuina
570 1181 662 1215 mediante
673 1181 740 1224 gratia)

38 1241 76 1267 tum
91 1236 159 1278 apertis
174 1234 305 1278 scripturarum
320 1233 457 1274 assertionibus,
471 1239 510 1268 tum
525 1232 603 1268 insolitis
615 1239 633 1268 et
642 1232 740 1278 stupendis
749 1248 769 1269 ro

38 1287 96 1331 signis
108 1293 126 1322 et
138 1287 227 1332 prodigiis
242 1287 261 1321 in
274 1291 374 1332 conspectu
389 1286 477 1329 omnium,
491 1286 542 1322 ludei
558 1298 569 1321 a
581 1287 635 1321 beato
650 1287 741 1321 Siluestro

38 1341 118 1383 superati
129 1346 203 1382 essent;
221 1340 299 1374 credidit
309 1340 379 1383 regina,
392 1344 410 1373 et
422 1339 477 1373 deum
490 1339 595 1374 collaudans
603 1339 641 1382 (qui
652 1350 696 1373 suos
706 1340 741 1372 etsi

39 1402 105 1434 errare,
113 1397 174 1427 tamen
183 1392 244 1436 perire
252 1402 289 1426 non
295 1391 345 1433 sinit)
351 1396 388 1425 tam
394 1390 434 1434 ipsa
438 1401 493 1434 quam
501 1401 567 1425 omues
576 1391 627 1425 ludei
635 1391 742 1436 iudicesque

39 1449 57 1479 et
68 1445 124 1480 ceteri
137 1455 202 1480 omnes
218 1444 303 1479 conuersi
315 1450 358 1479 sunt
369 1445 392 1479 ad
404 1444 466 1479 fidem.
494 1444 603 1480 Beatissima
612 1455 657 1479 vero
669 1445 742 1480 Helena

41 1497 152 1542 imperatrix,
168 1498 262 1533 Christum
283 1498 356 1543 plenius
375 1498 452 1533 induere
471 1498 554 1543 cupiens,
568 1498 669 1543 sitiensque
687 1504 742 1543 atque
752 1512 769 1542 ²5

40 1551 129 1585 anhelans
149 1552 172 1585 ad
187 1562 251 1585 veram
269 1550 367 1585 christiane
387 1550 480 1595 religionis
498 1551 643 1594 sanctimoniam,
659 1562 671 1586 a
688 1552 743 1586 beato

42 1603 130 1638 Siluestro
141 1604 253 1647 baptismum
265 1604 366 1638 humillime
379 1603 484 1647 postulauit,
498 1610 517 1638 et
532 1614 574 1637 eum
586 1604 667 1637 maxima
682 1603 742 1637 cordis

41 1656 137 1689 deuotione
145 1666 166 1690 ac
173 1656 277 1690 reuerentia
284 1656 307 1689 ab
315 1655 354 1689 eius
362 1656 446 1689 manibus
454 1655 529 1699 accepit.
552 1655 624 1690 Exinde
629 1667 673 1690 vero
681 1656 743 1690 ortho-

41 1705 89 1741 doxe
100 1707 143 1742 fidei
152 1707 252 1743 fortissima
259 1708 366 1752 protectrix,
373 1708 411 1742 filio
419 1720 453 1742 suo
459 1709 580 1744 Constantino
589 1709 608 1743 in
616 1709 743 1753 omnibusque

41 1759 63 1792 ad
71 1759 127 1794 fidem
136 1761 252 1803 pertinebant
261 1762 380 1796 christianam
388 1762 453 1796 lortius
463 1762 541 1803 adhesit,
549 1772 629 1806 eumque
637 1762 660 1796 ad
668 1761 698 1797 dei
706 1762 743 1796 eul-
752 1774 772 1805 5⁰

41 1816 100 1846 turam
110 1813 233 1858 ampliandam
245 1819 264 1849 et
275 1814 393 1849 christianam
404 1814 511 1859 religionem
522 1816 676 1860 augmentandam
688 1815 743 1851 mira-

42 1865 100 1901 biliter
107 1868 199 1903 animauit.
221 1868 276 1904 Vnde
284 1875 302 1903 et
311 1869 352 1913 ipse
361 1869 485 1904 nobilissimus
493 1869 629 1911 Constantinus,
637 1875 675 1904 tam
681 1875 743 1905 sancte

43 1920 105 1954 matris
113 1921 152 1955 eius
160 1932 220 1963 suasu,
229 1922 295 1956 multas
306 1933 327 1956 ac
339 1921 533 1957 honorificentissimas
541 1922 627 1957 basilicas
635 1922 684 1964 lecit,
692 1923 744 1957 ditis-

44 1972 126 2016 simeque
141 1974 194 2009 donis
209 1975 373 2009 innumerabilibus
388 1975 462 2009 dotauit.
484 1974 570 2010 ⁴Interea
583 1986 627 2010 vero
638 1975 744 2011 beatissima

45 2023 152 2068 imperatrix
158 2027 237 2069 Helena,
242 2028 389 2072 incomparabilis
397 2028 471 2069 femina,
479 2028 522 2069 lide,
529 2028 618 2072 religione
627 2039 648 2062 ac
660 2029 744 2071 magniti-
753 2036 772 2066 35

43 2077 102 2110 centia
109 2078 213 2121 singularis
221 2091 232 2113 a
240 2080 307 2122 spiritu
315 2086 378 2113 sancto
387 2082 450 2113 edocta
458 2080 563 2124 diuinisque
570 2081 664 2115 admonita
670 2081 745 2115 visioni-

44 2127 84 2169 bus,
93 2127 235 2166 Hierosolimam
243 2133 294 2177 petiit
301 2138 319 2167 et
324 2132 349 2167 ibi
357 2132 417 2168 locum
423 2132 453 2168 vbi
460 2138 597 2168 sacrosanctum
603 2144 670 2178 corpus
677 2133 745 2168 Christi

46 2181 105 2214 crucis
116 2184 197 2226 patibulo
208 2185 283 2219 affixum
295 2186 414 2230 pependerat,
426 2191 443 2220 et
457 2185 487 2220 vbi
499 2196 544 2221 crux
552 2186 621 2222 Christi
632 2187 714 2226 latuerat,
722 2188 746 2222 ab

44 2231 107 2268 incolis
118 2236 231 2280 perquisiuit.
255 2238 326 2281 Quibus
338 2238 398 2273 locum
411 2249 431 2274 se
445 2238 493 2273 scire
505 2240 644 2285 denegantibus,
652 2240 705 2275 iussit
713 2252 746 2276 eos

45 2295 108 2321 omnes
119 2289 162 2332 igne
173 2291 256 2325 cremari.
280 2291 305 2326 At
320 2292 346 2325 illi
358 2293 450 2334 timentes,
462 2292 578 2327 tradiderunt
588 2293 653 2339 regine
669 2293 746 2329 Iudeum
754 2309 775 2340 40

45 2340 135 2380 quendam
149 2341 213 2376 Iudam
226 2344 306 2387 nomine,
320 2344 352 2388 qui
364 2350 382 2379 et
395 2345 462 2389 legem,
474 2351 492 2380 et
503 2346 564 2380 locum
576 2347 606 2381 vbi
620 2357 666 2380 crux
679 2347 746 2381 Christi

45 2388 120 2425 latuerat
127 2395 196 2437 optime
203 2396 264 2431 nouit:
277 2398 305 2431 cui
313 2397 378 2443 regina
385 2403 463 2432 mortem
472 2403 502 2434 aut
510 2400 566 2434 vitam
575 2399 677 2444 proposuit,
685 2399 721 2435 nisi
729 2400 746 2434 ei

45 2452 117 2478 crucem
125 2446 235 2483 dominicam
243 2451 402 2485 demonstrauerit.
424 2451 471 2485 Cum
479 2451 534 2495 igitur
540 2452 589 2486 same
597 2458 615 2486 et
623 2452 689 2494 inedia,
694 2452 747 2486 louea

46 2550 51 2567 ι
65 2513 70 2530 ¹
81 2515 98 2544 E.
106 2520 231 2564 consequiturus.
285 2522 291 2539 ²
301 2523 324 2551 Cl.
333 2524 370 2559 Leg.
378 2523 431 2552 Aurea
439 2524 464 2553 De
472 2524 488 2554 S.
496 2524 580 2560 Siluestro,
588 2534 603 2562 p.
610 2534 634 2562 73.
683 2525 689 2543 ³
700 2525 718 2555 E.
726 2530 748 2555 at.

62 2552 107 2583 From
114 2557 141 2585 the
149 2557 191 2588 Hist.
200 2559 261 2592 invent.
269 2561 332 2599 Crucis;
342 2563 362 2592 es.
370 2562 409 2599 Leg.
416 2563 474 2600 Aurea,
482 2572 497 2601 p.
504 2573 540 2601 307,
547 2564 593 2595 Vinc.
601 2564 641 2595 Bell.
649 2564 695 2595 Xlll.
702 2575 728 2603 94.

68 2610 106 2636 VOL
115 2613 133 2637 11.
390 2621 401 2645 c
