1762 2803
250 92 296 148 Dc
311 91 411 144 &anno
426 92 555 147 tctiltttoo.
708 105 754 150 429

53 217 149 265 paschalis,
165 215 210 250 nihil
225 225 292 249 curans
306 212 367 249 vtrum
381 215 416 249 hec
431 215 513 257 sabbato,
524 225 548 248 an
563 215 598 249 alia
613 214 693 259 qualibet
711 214 755 249 sena

53 270 164 317 proueniret.
192 268 217 303 At
232 279 276 303 vero
291 268 362 309 Petrus,
373 279 415 303 cum
427 268 488 303 Rome
502 269 612 313 predicaret,
627 277 698 302 memor
713 268 756 313 quia

53 324 139 359 dominus
147 322 207 365 prima
215 321 287 355 sabbati
294 321 374 355 surrexit
385 331 396 354 a
407 321 485 355 mortuis
493 331 514 355 ac
523 322 592 354 mundo
603 332 656 364 spem
664 332 755 355 resurrec-

53 375 107 411 tionis
115 373 196 414 contulit,
204 373 229 407 ita
237 373 307 417 pascha
314 372 418 407 iaciendum
425 372 515 407 intellexit
522 379 542 406 vt
549 374 651 407 secundnm
659 378 756 407 consuetu-

54 430 116 465 dinem
124 439 145 463 ao
152 431 240 472 precepta
247 427 299 471 legis,
307 426 480 472 quartamdecimam
488 426 550 461 lunam
560 426 614 471 primi
624 426 701 470 mensis,
708 436 755 471 eque
764 429 773 460 5

54 483 100 517 sicut
113 480 210 520 Iohannes,
222 479 312 514 orientem
324 480 347 514 ad
358 490 456 523 vesperam
469 490 543 524 semper
554 485 673 525 expectaret:
688 484 706 514 et
721 480 756 514 hac

54 539 124 575 exorta,
132 531 148 567 si
156 532 246 567 dominica
254 532 299 576 dies,
307 543 344 577 que
351 537 394 567 tunc
402 532 462 577 prima
470 531 540 567 sabbati
547 532 694 575 vocabatur,erat
702 543 756 567 mane

54 592 136 628 ventura,
149 586 168 619 in
183 586 224 630 ipsa
238 595 319 630 vespera
333 585 402 629 pascha
417 584 529 620 dominicum
544 584 637 620 celebrare
652 583 756 629 incipiebat,

54 639 146 684 quomodo
154 647 189 672 nos
197 648 262 673 omnes
269 638 324 673 hodie
336 638 396 673 facere
408 637 495 672 solemus.
517 638 613 673 Sinautem
621 637 712 672 dominica
719 649 756 672 non

54 692 138 737 proximo
146 702 200 725 mane
208 696 250 735 post
257 690 320 726 lunam
329 691 510 736 quartamdecimam,
518 692 552 726 sed
563 691 582 726 in
593 692 717 726 sextadecima
726 698 756 727 aut
767 698 786 719 ¹0

55 745 205 789 septimadecima
218 750 249 778 aut
261 744 297 778 alia
310 744 391 788 qualibet
404 745 447 779 luna
460 755 519 789 vsque
534 745 557 779 ad
572 744 757 789 vicesimamprimam

55 803 105 832 esset
112 801 195 839 ventura,
203 797 311 840 expectabat
323 806 370 837 eam,
377 801 396 831 et
407 797 518 840 precedente
527 797 603 831 sabbato
610 807 689 841 vespere
696 807 757 830 sacro·

55 854 119 884 sancta
129 849 198 893 pasche
209 847 299 883 solemnia
306 848 403 883 inchoabat
410 861 414 891 ;
426 849 490 893 sicque
498 848 553 883 tiebat
560 854 580 883 vt
587 847 678 884 dominica
686 848 756 894 pasche

55 902 95 936 dies
102 913 140 936 non
147 900 183 936 nisi
191 913 202 936 a
209 902 345 946 quintadecima
353 901 396 936 luna
401 913 460 947 vsque
468 904 490 937 ad
497 902 603 937 vicesimam
609 901 687 948 primam
694 912 757 937 serua·

56 961 110 991 retur.
134 955 199 999 Neque
210 956 245 990 hec
257 956 363 999 euangelica
373 961 391 990 et
401 956 501 1000 apostolica
507 956 580 989 traditio
587 956 648 999 legem
656 955 716 997 soluit,
724 955 757 989 sed
767 962 785 991 ¹5

55 1007 116 1053 potius
130 1007 219 1052 adimplet
225 1011 235 1050 ¹,
248 1007 267 1042 in
284 1008 348 1052 [qua]²
362 1008 498 1043 obseruandum
513 1007 582 1053 pascha
596 1018 607 1042 a
622 1009 757 1052 quartadecima

56 1062 99 1095 luna
110 1061 165 1104 primi
176 1061 246 1095 mensis
258 1062 282 1095 ad
289 1071 387 1104 vesperam
394 1071 453 1104 vsque
464 1062 487 1095 ad
498 1061 684 1104 vicesimamprimam
694 1060 757 1094 lunam

56 1114 140 1147 eiusdem
155 1114 226 1147 mensis
241 1113 277 1148 ad³
291 1123 389 1157 vesperam
404 1118 512 1158 preceptum
532 1118 571 1155 est,
590 1114 609 1147 in
624 1123 679 1157 quam
694 1113 757 1148 obser·

57 1167 136 1200 nantlam
149 1165 256 1200 imitandam
267 1177 333 1201 omnes
344 1165 393 1200 beati
405 1165 493 1201 iohannis
504 1176 621 1200 successores
631 1167 650 1200 in
658 1166 704 1200 Asia
714 1172 758 1210 post

57 1219 125 1252 obitum
133 1218 178 1261 eius,
187 1224 205 1252 et
212 1219 272 1253 omnis
280 1229 315 1265 per
322 1219 385 1253 orbem
393 1217 470 1253 ecclesia
478 1228 568 1253 conuersa
576 1222 610 1253 est.
634 1217 656 1253 Et
668 1217 703 1253 hoc
714 1228 757 1253 esse
767 1224 786 1246 ²0

56 1282 121 1306 verum
128 1272 202 1316 pascha,
210 1272 245 1307 hoc
253 1273 312 1307 solum
323 1272 408 1307 fidelibus
420 1272 555 1313 celebrandum,
563 1271 582 1305 in
592 1271 658 1306 niceno
669 1271 758 1306 concilio*

57 1335 94 1359 non
108 1330 195 1360 statutum
208 1326 285 1369 nouiter,
297 1325 330 1360 sed
343 1326 470 1360 confirmatum
485 1330 519 1368 est,
530 1330 550 1359 vt
562 1323 691 1359 Ecclesiastica
705 1325 758 1359 docet

57 1378 139 1412 historia.
158 1378 212 1412 Vnde
221 1383 293 1411 constat
299 1389 339 1419 vos,
347 1378 440 1418 Colmane,
448 1387 509 1421 neque
521 1376 613 1419 iohannis,
620 1382 640 1411 vt
652 1378 740 1410 estimatis
746 1377 759 1418 ³,

58 1430 144 1476 exempla
154 1430 226 1474 sectari,
238 1441 298 1476 neque
310 1429 365 1474 Petri,
373 1429 424 1467 cuius
435 1429 527 1466 traditioni
539 1429 619 1466 scientes
630 1429 759 1472 contradicitis,

58 1493 119 1528 neque
126 1483 168 1528 legi,
175 1494 235 1529 neque
242 1483 337 1528 euangelio
344 1483 363 1518 in
369 1482 498 1519 obseruatione
504 1482 645 1527 vestri⁶pasche
653 1494 759 1528 congruere.
768 1491 787 1520 ²5

59 1535 151 1571 Iohannes
159 1536 209 1571 enim
218 1537 241 1571 ad
249 1536 296 1582 legis
303 1537 384 1572 mosaice
391 1537 465 1571 decreta
472 1541 546 1582 tempus
553 1536 640 1582 paschale
648 1536 759 1579 custodiens,

58 1589 103 1623 nihil
114 1591 137 1624 de
148 1591 209 1634 prima
220 1591 291 1625 sabbati
304 1592 389 1626 curabat:
403 1591 452 1634 quod
462 1600 497 1624 vos
507 1600 545 1624 non
558 1589 623 1630 facitis,
634 1590 665 1633 qui
676 1600 713 1624 non
724 1589 760 1624 nisi

58 1642 118 1684 prima
125 1643 196 1676 sabbati
206 1642 275 1687 pascha
285 1642 387 1676 celebratis.
410 1642 477 1676 Petrus
486 1651 497 1675 a
508 1641 643 1685 quintadecima
651 1642 694 1676 luna
702 1651 760 1685 vsque

58 1694 81 1729 ad
91 1694 197 1730 vicesimam
212 1694 291 1739 primam
304 1694 354 1730 diem
367 1694 436 1739 pasche
452 1693 563 1728 dominicum
579 1694 695 1730 celebrabat:
711 1695 760 1740 quod

58 1756 90 1780 vos
105 1757 143 1780 non
157 1745 221 1788 facitis,
235 1745 266 1791 qui
284 1757 295 1780 a
313 1747 450 1790 quartadecima
463 1756 522 1790 vsque
536 1746 559 1779 ad
573 1746 679 1780 vicesimam
697 1746 789 1786 lunamao

59 1798 108 1833 diem
116 1799 228 1833 dominicum
239 1800 309 1844 pasche
316 1799 429 1841 obseruatis,
441 1799 466 1833 ita
473 1804 492 1833 vt
503 1798 629 1833 tertiadecima
636 1798 680 1833 luna
689 1799 712 1833 ad
720 1809 761 1834 ves·

59 1861 122 1894 peram
134 1853 197 1895 sepius
209 1852 278 1895 pascha
291 1851 387 1895 incipiatis,
398 1851 450 1885 cuius
465 1862 526 1894 neque
539 1851 570 1884 lex
580 1851 636 1884 vllam
650 1851 693 1884 fecit
708 1862 761 1885 men-

59 1904 132 1946 tionem,
148 1915 208 1948 neque
226 1910 288 1938 auctor
303 1914 324 1939 ac
340 1904 393 1938 dator
408 1903 498 1946 euangelii
515 1903 601 1937 dominus
615 1902 634 1937 in
650 1914 678 1945 ea,
693 1904 726 1937 sed
741 1902 760 1937 in

59 1953 195 2000 quartadecima
205 1956 235 1992 vel
247 1962 300 1991 vetus
313 1956 382 2001 pascha
397 1954 513 1990 manducauit
526 1956 550 1989 ad
561 1966 665 1999 vesperam,
676 1954 706 1990 vel
717 1956 760 1990 noui

59 2010 164 2045 testamenti
174 2015 290 2045 sacramenta
300 2009 320 2045 in
331 2009 524 2044 commemorationem
535 2019 568 2044 suc
579 2008 672 2053 passionis
683 2010 761 2045 ecclesie
769 2019 788 2050 ³5

60 2063 169 2098 celebranda
184 2064 263 2097 tradidit.
285 2063 357 2097 Lunam
369 2061 432 2097 enim⁷
443 2062 550 2097 vicesimam
563 2062 648 2105 primam,
663 2072 719 2106 quam
730 2061 761 2098 len

61 2116 141 2149 maxime
156 2115 285 2149 celebrandam
303 2113 443 2156 commendauit,
456 2124 467 2147 a
483 2113 605 2147 celebratione
620 2114 677 2148 vestri
693 2115 762 2159 pasche

60 2165 141 2202 funditus
153 2167 255 2202 eliminatis.
283 2166 356 2212 Sicque,
367 2172 387 2202 vt
397 2166 440 2210 dixi,
448 2166 468 2201 in
478 2166 602 2201 celebratione
610 2177 683 2202 summe
695 2166 762 2202 festini·

60 2220 103 2255 tatis
115 2231 176 2265 neque
192 2220 270 2256 iohanni
281 2231 341 2266 neque
353 2220 408 2255 Petro
421 2229 481 2265 neque
492 2219 529 2265 legi
540 2230 601 2265 neque
612 2220 708 2265 euangelio
719 2231 762 2256 con·

61 2274 150 2309 cordatis!
171 2274 224 2309 Tunc
233 2274 333 2309 Colmanus
340 2274 364 2309 ait
371 2286 375 2308 :
387 2274 392 2291 ‘
399 2273 485 2318 Nunquid
492 2273 613 2308 Anatholius¹
620 2273 649 2309 vir
656 2279 736 2317 sanctus,
744 2279 763 2309 et
770 2288 791 2319 4⁰

60 2325 79 2360 in
87 2327 158 2371 prefata
166 2327 295 2363 Ecclesiastica
305 2327 380 2362 historia
390 2327 467 2362 multum
477 2328 561 2362 laudatus
566 2328 578 2370 ⁹,
586 2328 621 2370 legi
628 2328 659 2361 vel
667 2328 762 2370 euangelio

61 2381 151 2415 contraria
158 2380 224 2424 sapuit,
230 2379 261 2424 qui
269 2380 422 2425 aquartadecima
429 2389 488 2424 vsque
495 2380 518 2414 ad
526 2378 632 2414 vicesimam
638 2379 708 2425 pascha
715 2379 763 2414 cele-

81 2457 115 2489 ¹13.
124 2459 221 2499 adimpicuit.
261 2458 308 2491 ²om.
353 2458 387 2491 1Τ,
395 2459 503 2498 Evsquead.
547 2458 661 2491 *aconita
706 2458 761 2491 ⁵Bed.

61 2500 149 2570 ffigffiis.
195 2499 229 2530 ¹E.
238 2499 292 2530 nostri.
338 2497 508 2530 'Reditemlunom
553 2499 684 2530 'atAnatolius
728 2499 763 2529 li).
