<?xml version="1.0" encoding="UTF-8"?>
<!DOCTYPE html PUBLIC "-//W3C//DTD XHTML 1.0 Transitional//EN"
    "http://www.w3.org/TR/xhtml1/DTD/xhtml1-transitional.dtd">
<html xmlns="http://www.w3.org/1999/xhtml" xml:lang="en" lang="en">
 <head>
  <title>
</title>
<meta http-equiv="Content-Type" content="text/html;charset=utf-8" />
  <meta name='ocr-system' content='tesseract 3.04.00' />
  <meta name='ocr-capabilities' content='ocr_page ocr_carea ocr_par ocr_line ocrx_word'/>
</head>
<body>
  <div class='ocr_page' id='page_1' title='image "./MN5111ucmf_0/MN5111ucmf_0_0915.png"; bbox 0 0 1762 2803; ppageno 0'>
   <div class='ocr_carea' id='block_1_1' title="bbox 36 97 738 160">
    <p class='ocr_par' dir='ltr' id='par_1_1' title="bbox 36 97 738 160">
     <span class='ocr_line' id='line_1_1' title="bbox 36 97 738 160; baseline 0.023 -21"><span class='ocrx_word' id='word_1_1' title='bbox 36 108 120 150; x_wconf 62' lang='lat' dir='ltr'>usna]</span> <span class='ocrx_word' id='word_1_2' title='bbox 223 99 270 155; x_wconf 65' lang='lat' dir='ltr'>mo</span> <span class='ocrx_word' id='word_1_3' title='bbox 284 97 420 160; x_wconf 80' lang='lat' dir='ltr'>ptoittotta</span> <span class='ocrx_word' id='word_1_4' title='bbox 435 98 554 151; x_wconf 71' lang='lat' dir='ltr'>ducunt.</span> <span class='ocrx_word' id='word_1_5' title='bbox 694 112 738 156; x_wconf 85' lang='lat'>299</span> 
     </span>
    </p>
   </div>
   <div class='ocr_carea' id='block_1_2' title="bbox 36 221 771 2297">
    <p class='ocr_par' dir='ltr' id='par_1_2' title="bbox 36 221 768 1301">
     <span class='ocr_line' id='line_1_2' title="bbox 36 221 739 261; baseline -0.006 -7"><span class='ocrx_word' id='word_1_6' title='bbox 36 221 110 254; x_wconf 80' lang='lat' dir='ltr'><strong>celestem</strong></span> <span class='ocrx_word' id='word_1_7' title='bbox 124 221 221 254; x_wconf 67' lang='lat' dir='ltr'>ascendunt?</span> <span class='ocrx_word' id='word_1_8' title='bbox 247 222 267 253; x_wconf 89' lang='lat' dir='ltr'>Et</span> <span class='ocrx_word' id='word_1_9' title='bbox 277 222 357 252; x_wconf 81' lang='lat' dir='ltr'>duxerunt</span> <span class='ocrx_word' id='word_1_10' title='bbox 367 232 403 252; x_wconf 85' lang='lat' dir='ltr'>eum</span> <span class='ocrx_word' id='word_1_11' title='bbox 413 222 496 261; x_wconf 86' lang='lat' dir='ltr'>pontifices</span> <span class='ocrx_word' id='word_1_12' title='bbox 507 222 523 251; x_wconf 87' lang='lat' dir='ltr'>in</span> <span class='ocrx_word' id='word_1_13' title='bbox 533 226 603 252; x_wconf 88' lang='lat' dir='ltr'>montem</span> <span class='ocrx_word' id='word_1_14' title='bbox 613 230 667 258; x_wconf 83' lang='lat' dir='ltr'>unum,</span> <span class='ocrx_word' id='word_1_15' title='bbox 681 224 697 251; x_wconf 87' lang='lat' dir='ltr'>et</span> <span class='ocrx_word' id='word_1_16' title='bbox 707 222 739 250; x_wconf 88' lang='lat' dir='ltr'>ius·</span> 
     </span>
     <span class='ocr_line' id='line_1_3' title="bbox 36 268 737 309; baseline -0.004 -9"><span class='ocrx_word' id='word_1_17' title='bbox 36 275 91 300; x_wconf 86' lang='lat' dir='ltr'>serunt</span> <span class='ocrx_word' id='word_1_18' title='bbox 101 270 123 300; x_wconf 94' lang='lat' dir='ltr'>illi</span> <span class='ocrx_word' id='word_1_19' title='bbox 135 271 215 309; x_wconf 81' lang='lat' dir='ltr'>respicere</span> <span class='ocrx_word' id='word_1_20' title='bbox 225 280 292 301; x_wconf 83' lang='lat' dir='ltr'>sursum.</span> <span class='ocrx_word' id='word_1_21' title='bbox 314 270 334 300; x_wconf 85' lang='lat' dir='ltr'>Et</span> <span class='ocrx_word' id='word_1_22' title='bbox 344 271 383 300; x_wconf 86' lang='lat' dir='ltr'>uidit</span> <span class='ocrx_word' id='word_1_23' title='bbox 393 270 444 300; x_wconf 88' lang='lat' dir='ltr'>celum</span> <span class='ocrx_word' id='word_1_24' title='bbox 455 270 505 299; x_wconf 86' lang='lat' dir='ltr'>simile</span> <span class='ocrx_word' id='word_1_25' title='bbox 518 278 558 299; x_wconf 86' lang='lat' dir='ltr'>auro</span> <span class='ocrx_word' id='word_1_26' title='bbox 569 269 585 298; x_wconf 91' lang='lat' dir='ltr'>ln</span> <span class='ocrx_word' id='word_1_27' title='bbox 597 268 661 298; x_wconf 82' lang='lat' dir='ltr'>fornace</span> <span class='ocrx_word' id='word_1_28' title='bbox 670 268 737 298; x_wconf 79' lang='lat' dir='ltr'>ardenti.</span> 
     </span>
     <span class='ocr_line' id='line_1_4' title="bbox 36 315 740 357; baseline -0.003 -11"><span class='ocrx_word' id='word_1_29' title='bbox 36 317 116 347; x_wconf 84' lang='lat' dir='ltr'>Dixerunt</span> <span class='ocrx_word' id='word_1_30' title='bbox 126 317 205 357; x_wconf 82' lang='lat' dir='ltr'>episcopi:</span> <span class='ocrx_word' id='word_1_31' title='bbox 218 317 266 348; x_wconf 86' lang='lat' dir='ltr'>‘Hoc</span> <span class='ocrx_word' id='word_1_32' title='bbox 275 317 317 355; x_wconf 90' lang='lat' dir='ltr'>quod</span> <span class='ocrx_word' id='word_1_33' title='bbox 328 327 370 347; x_wconf 90' lang='lat' dir='ltr'>nunc</span> <span class='ocrx_word' id='word_1_34' title='bbox 380 318 431 352; x_wconf 87' lang='lat' dir='ltr'>uides,</span> <span class='ocrx_word' id='word_1_35' title='bbox 441 320 466 348; x_wconf 88' lang='lat' dir='ltr'>ost</span> <span class='ocrx_word' id='word_1_36' title='bbox 475 317 548 348; x_wconf 80' lang='lat' dir='ltr'>introitus</span> <span class='ocrx_word' id='word_1_37' title='bbox 556 316 586 346; x_wconf 90' lang='lat' dir='ltr'>celi</span> <span class='ocrx_word' id='word_1_38' title='bbox 596 320 612 346; x_wconf 90' lang='lat' dir='ltr'>et</span> <span class='ocrx_word' id='word_1_39' title='bbox 622 320 667 354; x_wconf 91' lang='lat' dir='ltr'>porta</span> <span class='ocrx_word' id='word_1_40' title='bbox 676 315 740 345; x_wconf 82' lang='lat' dir='ltr'>celestis</span> 
     </span>
     <span class='ocr_line' id='line_1_5' title="bbox 36 362 739 403; baseline -0.006 -9"><span class='ocrx_word' id='word_1_41' title='bbox 36 365 114 402; x_wconf 89' lang='lat' dir='ltr'>paradisi;</span> <span class='ocrx_word' id='word_1_42' title='bbox 124 366 187 403; x_wconf 88' lang='lat' dir='ltr'>quando</span> <span class='ocrx_word' id='word_1_43' title='bbox 196 365 245 402; x_wconf 81' lang='lat' dir='ltr'>aliqui</span> <span class='ocrx_word' id='word_1_44' title='bbox 255 374 265 394; x_wconf 86' lang='lat' dir='ltr'>a</span> <span class='ocrx_word' id='word_1_45' title='bbox 274 365 321 395; x_wconf 88' lang='lat' dir='ltr'>nobis</span> <span class='ocrx_word' id='word_1_46' title='bbox 331 366 418 400; x_wconf 85' lang='lat' dir='ltr'>discedunt,</span> <span class='ocrx_word' id='word_1_47' title='bbox 424 365 450 394; x_wconf 85' lang='lat' dir='ltr'>hic</span> <span class='ocrx_word' id='word_1_48' title='bbox 459 365 476 393; x_wconf 90' lang='lat' dir='ltr'>in</span> <span class='ocrx_word' id='word_1_49' title='bbox 486 364 537 394; x_wconf 88' lang='lat' dir='ltr'>celum</span> <span class='ocrx_word' id='word_1_50' title='bbox 547 364 639 393; x_wconf 76' lang='lat' dir='ltr'>ascendunt</span> <span class='ocrx_word' id='word_1_51' title='bbox 661 362 739 399; x_wconf 79' lang='lat' dir='ltr'><strong>Quamdiu</strong></span> 
     </span>
     <span class='ocr_line' id='line_1_6' title="bbox 36 409 757 449; baseline -0.006 -8"><span class='ocrx_word' id='word_1_52' title='bbox 36 416 89 442; x_wconf 84' lang='lat' dir='ltr'>nutem</span> <span class='ocrx_word' id='word_1_53' title='bbox 100 411 127 442; x_wconf 88' lang='lat' dir='ltr'>bic</span> <span class='ocrx_word' id='word_1_54' title='bbox 139 411 240 448; x_wconf 85' lang='lat' dir='ltr'>manebimus,</span> <span class='ocrx_word' id='word_1_55' title='bbox 253 411 310 441; x_wconf 90' lang='lat' dir='ltr'>cotidie</span> <span class='ocrx_word' id='word_1_56' title='bbox 320 412 370 449; x_wconf 77' lang='lat' dir='ltr'>pascit</span> <span class='ocrx_word' id='word_1_57' title='bbox 381 421 412 441; x_wconf 90' lang='lat' dir='ltr'>nos</span> <span class='ocrx_word' id='word_1_58' title='bbox 424 411 473 441; x_wconf 86' lang='lat' dir='ltr'>semel</span> <span class='ocrx_word' id='word_1_59' title='bbox 487 410 522 440; x_wconf 88' lang='lat' dir='ltr'>cibo</span> <span class='ocrx_word' id='word_1_60' title='bbox 534 410 588 440; x_wconf 84' lang='lat' dir='ltr'>celesti</span> <span class='ocrx_word' id='word_1_61' title='bbox 602 409 684 439; x_wconf 67' lang='lat' dir='ltr'>dominus!</span> <span class='ocrx_word' id='word_1_62' title='bbox 708 409 740 438; x_wconf 81' lang='lat' dir='ltr'>Vix</span> <span class='ocrx_word' id='word_1_63' title='bbox 747 416 757 447; x_wconf 77' lang='lat'><strong>5</strong></span> 
     </span>
     <span class='ocr_line' id='line_1_7' title="bbox 36 456 739 497; baseline -0.003 -9"><span class='ocrx_word' id='word_1_64' title='bbox 36 466 126 488; x_wconf 88' lang='lat' dir='ltr'>sermonem</span> <span class='ocrx_word' id='word_1_65' title='bbox 137 457 199 488; x_wconf 86' lang='lat' dir='ltr'>linierat</span> <span class='ocrx_word' id='word_1_66' title='bbox 209 463 225 488; x_wconf 91' lang='lat' dir='ltr'>et</span> <span class='ocrx_word' id='word_1_67' title='bbox 236 469 273 488; x_wconf 85' lang='lat' dir='ltr'>ecce</span> <span class='ocrx_word' id='word_1_68' title='bbox 283 459 345 488; x_wconf 84' lang='lat' dir='ltr'>flamma</span> <span class='ocrx_word' id='word_1_69' title='bbox 355 458 396 497; x_wconf 87' lang='lat' dir='ltr'>ignis</span> <span class='ocrx_word' id='word_1_70' title='bbox 406 458 427 488; x_wconf 88' lang='lat' dir='ltr'>de</span> <span class='ocrx_word' id='word_1_71' title='bbox 437 458 472 488; x_wconf 88' lang='lat' dir='ltr'>celo</span> <span class='ocrx_word' id='word_1_72' title='bbox 482 458 570 495; x_wconf 86' lang='lat' dir='ltr'>descendit,</span> <span class='ocrx_word' id='word_1_73' title='bbox 581 466 618 497; x_wconf 87' lang='lat' dir='ltr'>que,</span> <span class='ocrx_word' id='word_1_74' title='bbox 628 461 646 488; x_wconf 92' lang='lat' dir='ltr'>ut</span> <span class='ocrx_word' id='word_1_75' title='bbox 656 457 686 487; x_wconf 88' lang='lat' dir='ltr'>sibi</span> <span class='ocrx_word' id='word_1_76' title='bbox 696 456 739 487; x_wconf 88' lang='lat' dir='ltr'>uide·</span> 
     </span>
     <span class='ocr_line' id='line_1_8' title="bbox 36 504 740 544; baseline -0.003 -9"><span class='ocrx_word' id='word_1_77' title='bbox 36 506 87 542; x_wconf 84' lang='lat' dir='ltr'>batur,</span> <span class='ocrx_word' id='word_1_78' title='bbox 101 507 167 543; x_wconf 88' lang='lat' dir='ltr'>patriam</span> <span class='ocrx_word' id='word_1_79' title='bbox 181 507 262 543; x_wconf 79' lang='lat' dir='ltr'>cooperuit</span> <span class='ocrx_word' id='word_1_80' title='bbox 276 511 292 536; x_wconf 88' lang='lat' dir='ltr'>et</span> <span class='ocrx_word' id='word_1_81' title='bbox 306 508 350 543; x_wconf 82' lang='lat' dir='ltr'>quasi</span> <span class='ocrx_word' id='word_1_82' title='bbox 364 516 393 544; x_wconf 91' lang='lat' dir='ltr'>per</span> <span class='ocrx_word' id='word_1_83' title='bbox 406 506 459 535; x_wconf 81' lang='lat' dir='ltr'>radios</span> <span class='ocrx_word' id='word_1_84' title='bbox 474 514 523 543; x_wconf 90' lang='lat' dir='ltr'>super</span> <span class='ocrx_word' id='word_1_85' title='bbox 535 504 632 543; x_wconf 81' lang='lat' dir='ltr'>singulorum</span> <span class='ocrx_word' id='word_1_86' title='bbox 647 504 699 542; x_wconf 83' lang='lat' dir='ltr'>capita</span> <span class='ocrx_word' id='word_1_87' title='bbox 713 504 740 534; x_wconf 86' lang='lat' dir='ltr'>de·</span> 
     </span>
     <span class='ocr_line' id='line_1_9' title="bbox 36 552 740 592; baseline -0.003 -10"><span class='ocrx_word' id='word_1_88' title='bbox 36 553 120 588; x_wconf 86' lang='lat' dir='ltr'>scendens,</span> <span class='ocrx_word' id='word_1_89' title='bbox 127 554 191 584; x_wconf 79' lang='lat' dir='ltr'>tandem</span> <span class='ocrx_word' id='word_1_90' title='bbox 202 554 218 584; x_wconf 92' lang='lat' dir='ltr'>in</span> <span class='ocrx_word' id='word_1_91' title='bbox 228 554 252 584; x_wconf 85' lang='lat' dir='ltr'>cis</span> <span class='ocrx_word' id='word_1_92' title='bbox 260 557 293 584; x_wconf 86' lang='lat' dir='ltr'>tota</span> <span class='ocrx_word' id='word_1_93' title='bbox 303 553 372 584; x_wconf 89' lang='lat' dir='ltr'>intrauit.</span> <span class='ocrx_word' id='word_1_94' title='bbox 393 554 445 592; x_wconf 83' lang='lat' dir='ltr'>Super</span> <span class='ocrx_word' id='word_1_95' title='bbox 454 553 508 583; x_wconf 87' lang='lat' dir='ltr'>militis</span> <span class='ocrx_word' id='word_1_96' title='bbox 518 556 565 591; x_wconf 86' lang='lat' dir='ltr'>caput</span> <span class='ocrx_word' id='word_1_97' title='bbox 574 552 623 583; x_wconf 84' lang='lat' dir='ltr'>etiarn</span> <span class='ocrx_word' id='word_1_98' title='bbox 632 552 714 582; x_wconf 84' lang='lat' dir='ltr'>descendit</span> <span class='ocrx_word' id='word_1_99' title='bbox 724 555 740 580; x_wconf 89' lang='lat' dir='ltr'>et</span> 
     </span>
     <span class='ocr_line' id='line_1_10' title="bbox 36 599 741 638; baseline -0.001 -9"><span class='ocrx_word' id='word_1_100' title='bbox 36 601 53 630; x_wconf 90' lang='lat' dir='ltr'>in</span> <span class='ocrx_word' id='word_1_101' title='bbox 60 610 80 630; x_wconf 89' lang='lat' dir='ltr'>eo</span> <span class='ocrx_word' id='word_1_102' title='bbox 87 601 127 631; x_wconf 86' lang='lat' dir='ltr'>sicut</span> <span class='ocrx_word' id='word_1_103' title='bbox 137 601 154 631; x_wconf 90' lang='lat' dir='ltr'>in</span> <span class='ocrx_word' id='word_1_104' title='bbox 164 601 198 631; x_wconf 85' lang='lat' dir='ltr'>aliis</span> <span class='ocrx_word' id='word_1_105' title='bbox 209 601 277 632; x_wconf 89' lang='lat' dir='ltr'>intrauit.</span> <span class='ocrx_word' id='word_1_106' title='bbox 297 601 363 631; x_wconf 86' lang='lat' dir='ltr'>Tantam</span> <span class='ocrx_word' id='word_1_107' title='bbox 373 600 411 630; x_wconf 91' lang='lat' dir='ltr'>inde</span> <span class='ocrx_word' id='word_1_108' title='bbox 420 599 543 638; x_wconf 61' lang='lat' dir='ltr'>detlectotionis)</span> <span class='ocrx_word' id='word_1_109' title='bbox 552 599 659 638; x_wconf 68' lang='lat' dir='ltr'>suauittatem)</span> <span class='ocrx_word' id='word_1_110' title='bbox 668 599 685 628; x_wconf 93' lang='lat' dir='ltr'>in</span> <span class='ocrx_word' id='word_1_111' title='bbox 692 599 741 628; x_wconf 83' lang='lat' dir='ltr'>corde</span> 
     </span>
     <span class='ocr_line' id='line_1_11' title="bbox 37 645 768 687; baseline -0.004 -11"><span class='ocrx_word' id='word_1_112' title='bbox 37 652 54 676; x_wconf 89' lang='lat' dir='ltr'>et</span> <span class='ocrx_word' id='word_1_113' title='bbox 60 657 128 684; x_wconf 87' lang='lat' dir='ltr'>corpore</span> <span class='ocrx_word' id='word_1_114' title='bbox 135 648 190 685; x_wconf 84' lang='lat' dir='ltr'>sensit,</span> <span class='ocrx_word' id='word_1_115' title='bbox 198 652 216 678; x_wconf 91' lang='lat' dir='ltr'>ut</span> <span class='ocrx_word' id='word_1_116' title='bbox 224 649 272 687; x_wconf 87' lang='lat' dir='ltr'>(pene</span> <span class='ocrx_word' id='word_1_117' title='bbox 279 649 348 677; x_wconf 88' lang='lat' dir='ltr'>nesciret</span> <span class='ocrx_word' id='word_1_118' title='bbox 356 651 408 676; x_wconf 89' lang='lat' dir='ltr'>utrum</span> <span class='ocrx_word' id='word_1_119' title='bbox 416 647 462 676; x_wconf 88' lang='lat' dir='ltr'>uiuus</span> <span class='ocrx_word' id='word_1_120' title='bbox 470 652 498 682; x_wconf 85' lang='lat' dir='ltr'>anJ</span> <span class='ocrx_word' id='word_1_121' title='bbox 508 650 579 676; x_wconf 84' lang='lat' dir='ltr'>mortuus</span> <span class='ocrx_word' id='word_1_122' title='bbox 589 645 644 677; x_wconf 86' lang='lat' dir='ltr'>inerat.</span> <span class='ocrx_word' id='word_1_123' title='bbox 666 645 694 676; x_wconf 87' lang='lat' dir='ltr'>Set</span> <span class='ocrx_word' id='word_1_124' title='bbox 701 645 740 675; x_wconf 86' lang='lat' dir='ltr'>bora</span> <span class='ocrx_word' id='word_1_125' title='bbox 749 652 768 674; x_wconf 88' lang='lat' dir='ltr'>ro</span> 
     </span>
     <span class='ocr_line' id='line_1_12' title="bbox 36 691 740 733; baseline -0.001 -10"><span class='ocrx_word' id='word_1_126' title='bbox 36 694 64 724; x_wconf 87' lang='lat' dir='ltr'>illa</span> <span class='ocrx_word' id='word_1_127' title='bbox 77 695 109 724; x_wconf 90' lang='lat' dir='ltr'>cito</span> <span class='ocrx_word' id='word_1_128' title='bbox 122 695 188 724; x_wconf 78' lang='lat' dir='ltr'>transiit</span> <span class='ocrx_word' id='word_1_129' title='bbox 214 695 324 733; x_wconf 78' lang='lat' dir='ltr'>Dixeruntque</span> <span class='ocrx_word' id='word_1_130' title='bbox 338 694 417 733; x_wconf 77' lang='lat' dir='ltr'>episcopi:</span> <span class='ocrx_word' id='word_1_131' title='bbox 436 694 524 730; x_wconf 71' lang='lat' dir='ltr'>*Quoniam</span> <span class='ocrx_word' id='word_1_132' title='bbox 541 703 562 723; x_wconf 89' lang='lat' dir='ltr'>ex</span> <span class='ocrx_word' id='word_1_133' title='bbox 578 697 623 731; x_wconf 82' lang='lat' dir='ltr'>parte</span> <span class='ocrx_word' id='word_1_134' title='bbox 640 692 671 723; x_wconf 78' lang='lat' dir='ltr'>iem</span> <span class='ocrx_word' id='word_1_135' title='bbox 688 691 740 722; x_wconf 84' lang='lat' dir='ltr'>uidisti</span> 
     </span>
     <span class='ocr_line' id='line_1_13' title="bbox 37 740 740 780; baseline 0.003 -10"><span class='ocrx_word' id='word_1_136' title='bbox 37 741 107 779; x_wconf 86' lang='lat' dir='ltr'>requiem</span> <span class='ocrx_word' id='word_1_137' title='bbox 118 741 199 773; x_wconf 87' lang='lat' dir='ltr'>beatorum</span> <span class='ocrx_word' id='word_1_138' title='bbox 213 747 230 772; x_wconf 89' lang='lat' dir='ltr'>et</span> <span class='ocrx_word' id='word_1_139' title='bbox 243 746 322 772; x_wconf 79' lang='lat' dir='ltr'>tormenta</span> <span class='ocrx_word' id='word_1_140' title='bbox 335 741 416 780; x_wconf 73' lang='lat' dir='ltr'>matorum,</span> <span class='ocrx_word' id='word_1_141' title='bbox 431 744 494 780; x_wconf 86' lang='lat' dir='ltr'>oportet</span> <span class='ocrx_word' id='word_1_142' title='bbox 507 741 538 771; x_wconf 89' lang='lat' dir='ltr'>iam</span> <span class='ocrx_word' id='word_1_143' title='bbox 552 744 569 770; x_wconf 89' lang='lat' dir='ltr'>ut</span> <span class='ocrx_word' id='word_1_144' title='bbox 583 749 625 771; x_wconf 88' lang='lat' dir='ltr'>nunc</span> <span class='ocrx_word' id='word_1_145' title='bbox 637 740 698 772; x_wconf 84' lang='lat' dir='ltr'>redeas.</span> <span class='ocrx_word' id='word_1_146' title='bbox 718 740 740 772; x_wconf 82' lang='lat' dir='ltr'>At</span> 
     </span>
     <span class='ocr_line' id='line_1_14' title="bbox 36 787 740 828; baseline 0 -10"><span class='ocrx_word' id='word_1_147' title='bbox 36 789 51 818; x_wconf 87' lang='lat' dir='ltr'>si</span> <span class='ocrx_word' id='word_1_148' title='bbox 65 789 106 819; x_wconf 86' lang='lat' dir='ltr'>bene</span> <span class='ocrx_word' id='word_1_149' title='bbox 120 790 177 820; x_wconf 88' lang='lat' dir='ltr'>amodo</span> <span class='ocrx_word' id='word_1_150' title='bbox 189 791 253 827; x_wconf 74' lang='lat' dir='ltr'>cineris,</span> <span class='ocrx_word' id='word_1_151' title='bbox 265 791 285 820; x_wconf 86' lang='lat' dir='ltr'>ad</span> <span class='ocrx_word' id='word_1_152' title='bbox 299 800 329 820; x_wconf 89' lang='lat' dir='ltr'>nos</span> <span class='ocrx_word' id='word_1_153' title='bbox 341 793 456 828; x_wconf 84' lang='lat' dir='ltr'>postmortem</span> <span class='ocrx_word' id='word_1_154' title='bbox 468 789 563 824; x_wconf 85' lang='lat' dir='ltr'>reuerteris;</span> <span class='ocrx_word' id='word_1_155' title='bbox 577 789 602 819; x_wconf 88' lang='lat' dir='ltr'>sin</span> <span class='ocrx_word' id='word_1_156' title='bbox 614 793 672 827; x_wconf 87' lang='lat' dir='ltr'>autem,</span> <span class='ocrx_word' id='word_1_157' title='bbox 686 787 740 819; x_wconf 87' lang='lat' dir='ltr'>uidisti</span> 
     </span>
     <span class='ocr_line' id='line_1_15' title="bbox 37 834 742 876; baseline -0.001 -9"><span class='ocrx_word' id='word_1_158' title='bbox 37 842 95 874; x_wconf 85' lang='lat' dir='ltr'>quanta</span> <span class='ocrx_word' id='word_1_159' title='bbox 102 842 119 867; x_wconf 92' lang='lat' dir='ltr'>te</span> <span class='ocrx_word' id='word_1_160' title='bbox 125 843 210 876; x_wconf 75' lang='lat' dir='ltr'>expectent</span> <span class='ocrx_word' id='word_1_161' title='bbox 217 842 300 868; x_wconf 86' lang='lat' dir='ltr'>tormenta.</span> <span class='ocrx_word' id='word_1_162' title='bbox 321 838 340 868; x_wconf 89' lang='lat' dir='ltr'>ln</span> <span class='ocrx_word' id='word_1_163' title='bbox 350 837 402 867; x_wconf 87' lang='lat' dir='ltr'>reditu</span> <span class='ocrx_word' id='word_1_164' title='bbox 413 842 440 867; x_wconf 87' lang='lat' dir='ltr'>tuo</span> <span class='ocrx_word' id='word_1_165' title='bbox 447 837 523 866; x_wconf 83' lang='lat' dir='ltr'>demones</span> <span class='ocrx_word' id='word_1_166' title='bbox 532 845 630 875; x_wconf 83' lang='lat' dir='ltr'>nequaquam</span> <span class='ocrx_word' id='word_1_167' title='bbox 641 834 742 866; x_wconf 73' lang='lat' dir='ltr'>tumidabts’</span> 
     </span>
     <span class='ocr_line' id='line_1_16' title="bbox 38 883 767 924; baseline 0.003 -10"><span class='ocrx_word' id='word_1_168' title='bbox 38 883 81 914; x_wconf 83' lang='lat' dir='ltr'>Hinc</span> <span class='ocrx_word' id='word_1_169' title='bbox 94 884 140 915; x_wconf 85' lang='lat' dir='ltr'>miles</span> <span class='ocrx_word' id='word_1_170' title='bbox 153 886 215 923; x_wconf 88' lang='lat' dir='ltr'>lugens,</span> <span class='ocrx_word' id='word_1_171' title='bbox 226 885 324 922; x_wconf 83' lang='lat' dir='ltr'>‘Decedere,</span> <span class='ocrx_word' id='word_1_172' title='bbox 337 885 365 923; x_wconf 80' lang='lat' dir='ltr'>nit,</span> <span class='ocrx_word' id='word_1_173' title='bbox 376 894 409 915; x_wconf 90' lang='lat' dir='ltr'>non</span> <span class='ocrx_word' id='word_1_174' title='bbox 421 890 482 923; x_wconf 88' lang='lat' dir='ltr'>potero,</span> <span class='ocrx_word' id='word_1_175' title='bbox 495 894 516 914; x_wconf 90' lang='lat' dir='ltr'>ne</span> <span class='ocrx_word' id='word_1_176' title='bbox 529 893 558 922; x_wconf 90' lang='lat' dir='ltr'>per</span> <span class='ocrx_word' id='word_1_177' title='bbox 570 884 670 922; x_wconf 78' lang='lat' dir='ltr'>fragilitatem</span> <span class='ocrx_word' id='word_1_178' title='bbox 681 884 740 923; x_wconf 84' lang='lat' dir='ltr'>aliquid</span> <span class='ocrx_word' id='word_1_179' title='bbox 750 894 767 924; x_wconf 83' lang='lat'>15</span> 
     </span>
     <span class='ocr_line' id='line_1_17' title="bbox 37 930 741 971; baseline 0.001 -10"><span class='ocrx_word' id='word_1_180' title='bbox 37 932 118 961; x_wconf 76' lang='lat' dir='ltr'>admittam</span> <span class='ocrx_word' id='word_1_181' title='bbox 127 934 170 969; x_wconf 88' lang='lat' dir='ltr'>quod</span> <span class='ocrx_word' id='word_1_182' title='bbox 180 933 257 971; x_wconf 87' lang='lat' dir='ltr'>impedire</span> <span class='ocrx_word' id='word_1_183' title='bbox 266 933 318 961; x_wconf 80' lang='lat' dir='ltr'>ualent</span> <span class='ocrx_word' id='word_1_184' title='bbox 328 933 359 961; x_wconf 88' lang='lat' dir='ltr'>buc</span> <span class='ocrx_word' id='word_1_185' title='bbox 370 931 469 969; x_wconf 84' lang='lat' dir='ltr'>ingressum.&#39;</span> <span class='ocrx_word' id='word_1_186' title='bbox 490 932 537 961; x_wconf 83' lang='lat' dir='ltr'>&#39;Non</span> <span class='ocrx_word' id='word_1_187' title='bbox 547 931 589 961; x_wconf 85' lang='lat' dir='ltr'>sicut</span> <span class='ocrx_word' id='word_1_188' title='bbox 599 934 615 960; x_wconf 93' lang='lat' dir='ltr'>tu</span> <span class='ocrx_word' id='word_1_189' title='bbox 626 931 655 967; x_wconf 88' lang='lat' dir='ltr'>uis,</span> <span class='ocrx_word' id='word_1_190' title='bbox 662 930 741 969; x_wconf 84' lang='lat' dir='ltr'>inquiunt,</span> 
     </span>
     <span class='ocr_line' id='line_1_18' title="bbox 37 976 741 1016; baseline 0.003 -9"><span class='ocrx_word' id='word_1_191' title='bbox 37 978 72 1012; x_wconf 82' lang='lat' dir='ltr'>erit,</span> <span class='ocrx_word' id='word_1_192' title='bbox 79 982 104 1008; x_wconf 86' lang='lat' dir='ltr'>set</span> <span class='ocrx_word' id='word_1_193' title='bbox 111 978 152 1009; x_wconf 89' lang='lat' dir='ltr'>sicut</span> <span class='ocrx_word' id='word_1_194' title='bbox 162 979 189 1009; x_wconf 89' lang='lat' dir='ltr'>ille</span> <span class='ocrx_word' id='word_1_195' title='bbox 200 979 226 1016; x_wconf 91' lang='lat' dir='ltr'>qui</span> <span class='ocrx_word' id='word_1_196' title='bbox 237 984 253 1009; x_wconf 84' lang='lat' dir='ltr'>et</span> <span class='ocrx_word' id='word_1_197' title='bbox 262 989 293 1009; x_wconf 87' lang='lat' dir='ltr'>nos</span> <span class='ocrx_word' id='word_1_198' title='bbox 302 983 319 1008; x_wconf 89' lang='lat' dir='ltr'>et</span> <span class='ocrx_word' id='word_1_199' title='bbox 327 983 344 1008; x_wconf 85' lang='lat' dir='ltr'>te</span> <span class='ocrx_word' id='word_1_200' title='bbox 352 978 389 1008; x_wconf 80' lang='lat' dir='ltr'>iecit</span> <span class='ocrx_word' id='word_1_201' title='bbox 398 976 477 1008; x_wconf 78' lang='lat' dir='ltr'>uoluerit.¹</span> <span class='ocrx_word' id='word_1_202' title='bbox 497 978 562 1008; x_wconf 85' lang='lat' dir='ltr'>llierens</span> <span class='ocrx_word' id='word_1_203' title='bbox 572 978 620 1016; x_wconf 82' lang='lat' dir='ltr'>igitur</span> <span class='ocrx_word' id='word_1_204' title='bbox 628 982 644 1008; x_wconf 86' lang='lat' dir='ltr'>et</span> <span class='ocrx_word' id='word_1_205' title='bbox 653 978 710 1016; x_wconf 85' lang='lat' dir='ltr'>lugens</span> <span class='ocrx_word' id='word_1_206' title='bbox 720 978 741 1010; x_wconf 76' lang='lat' dir='ltr'>ao</span> 
     </span>
     <span class='ocr_line' id='line_1_19' title="bbox 38 1024 740 1065; baseline 0.007 -12"><span class='ocrx_word' id='word_1_207' title='bbox 38 1029 99 1062; x_wconf 79' lang='lat' dir='ltr'>portam</span> <span class='ocrx_word' id='word_1_208' title='bbox 110 1027 195 1062; x_wconf 81' lang='lat' dir='ltr'>reducitur,</span> <span class='ocrx_word' id='word_1_209' title='bbox 205 1031 222 1056; x_wconf 87' lang='lat' dir='ltr'>et</span> <span class='ocrx_word' id='word_1_210' title='bbox 233 1027 269 1065; x_wconf 85' lang='lat' dir='ltr'>ipso</span> <span class='ocrx_word' id='word_1_211' title='bbox 281 1035 351 1065; x_wconf 81' lang='lat' dir='ltr'>egresso,</span> <span class='ocrx_word' id='word_1_212' title='bbox 361 1027 413 1057; x_wconf 81' lang='lat' dir='ltr'>statim</span> <span class='ocrx_word' id='word_1_213' title='bbox 426 1030 509 1064; x_wconf 79' lang='lat' dir='ltr'>postcunt</span> <span class='ocrx_word' id='word_1_214' title='bbox 521 1025 606 1056; x_wconf 79' lang='lat' dir='ltr'>clauditur:</span> <span class='ocrx_word' id='word_1_215' title='bbox 620 1025 675 1065; x_wconf 88' lang='lat' dir='ltr'>sicque</span> <span class='ocrx_word' id='word_1_216' title='bbox 688 1024 740 1065; x_wconf 88' lang='lat' dir='ltr'>rediit,</span> 
     </span>
     <span class='ocr_line' id='line_1_20' title="bbox 37 1073 741 1114; baseline 0.004 -12"><span class='ocrx_word' id='word_1_217' title='bbox 37 1077 54 1102; x_wconf 88' lang='lat' dir='ltr'>et</span> <span class='ocrx_word' id='word_1_218' title='bbox 63 1074 84 1103; x_wconf 85' lang='lat' dir='ltr'>ad</span> <span class='ocrx_word' id='word_1_219' title='bbox 94 1073 144 1103; x_wconf 86' lang='lat' dir='ltr'>aulam</span> <span class='ocrx_word' id='word_1_220' title='bbox 155 1075 241 1113; x_wconf 79' lang='lat' dir='ltr'>predictam</span> <span class='ocrx_word' id='word_1_221' title='bbox 251 1075 329 1114; x_wconf 71' lang='lat' dir='ltr'>peruenit.</span> <span class='ocrx_word' id='word_1_222' title='bbox 355 1075 436 1105; x_wconf 88' lang='lat' dir='ltr'>Demones</span> <span class='ocrx_word' id='word_1_223' title='bbox 446 1075 466 1103; x_wconf 91' lang='lat' dir='ltr'>ab</span> <span class='ocrx_word' id='word_1_224' title='bbox 477 1084 497 1104; x_wconf 89' lang='lat' dir='ltr'>eo</span> <span class='ocrx_word' id='word_1_225' title='bbox 507 1075 582 1104; x_wconf 83' lang='lat' dir='ltr'>timentes</span> <span class='ocrx_word' id='word_1_226' title='bbox 591 1073 670 1112; x_wconf 79' lang='lat' dir='ltr'>sugerunt,</span> <span class='ocrx_word' id='word_1_227' title='bbox 681 1078 698 1104; x_wconf 89' lang='lat' dir='ltr'>et</span> <span class='ocrx_word' id='word_1_228' title='bbox 708 1078 741 1105; x_wconf 88' lang='lat' dir='ltr'>tor-</span> 
     </span>
     <span class='ocr_line' id='line_1_21' title="bbox 37 1121 768 1159; baseline 0.005 -10"><span class='ocrx_word' id='word_1_229' title='bbox 37 1125 91 1150; x_wconf 86' lang='lat' dir='ltr'>menta</span> <span class='ocrx_word' id='word_1_230' title='bbox 98 1121 119 1150; x_wconf 90' lang='lat' dir='ltr'>itti</span> <span class='ocrx_word' id='word_1_231' title='bbox 127 1131 160 1151; x_wconf 90' lang='lat' dir='ltr'>non</span> <span class='ocrx_word' id='word_1_232' title='bbox 167 1127 259 1153; x_wconf 87' lang='lat' dir='ltr'>nocuerunt.</span> <span class='ocrx_word' id='word_1_233' title='bbox 279 1122 373 1159; x_wconf 74' lang='lat' dir='ltr'>Quindecim</span> <span class='ocrx_word' id='word_1_234' title='bbox 381 1131 419 1151; x_wconf 89' lang='lat' dir='ltr'>uero</span> <span class='ocrx_word' id='word_1_235' title='bbox 425 1122 490 1159; x_wconf 84' lang='lat' dir='ltr'>predicti</span> <span class='ocrx_word' id='word_1_236' title='bbox 498 1121 527 1151; x_wconf 92' lang='lat' dir='ltr'>uiri</span> <span class='ocrx_word' id='word_1_237' title='bbox 534 1122 554 1151; x_wconf 89' lang='lat' dir='ltr'>de</span> <span class='ocrx_word' id='word_1_238' title='bbox 561 1130 590 1151; x_wconf 88' lang='lat' dir='ltr'>sua</span> <span class='ocrx_word' id='word_1_239' title='bbox 597 1121 687 1152; x_wconf 72' lang='lat' dir='ltr'>constancia</span> <span class='ocrx_word' id='word_1_240' title='bbox 693 1122 740 1152; x_wconf 86' lang='lat' dir='ltr'>deum</span> <span class='ocrx_word' id='word_1_241' title='bbox 749 1132 768 1153; x_wconf 82' lang='lat' dir='ltr'>ro</span> 
     </span>
     <span class='ocr_line' id='line_1_22' title="bbox 37 1168 740 1207; baseline 0.003 -10"><span class='ocrx_word' id='word_1_242' title='bbox 37 1168 121 1198; x_wconf 82' lang='lat' dir='ltr'>laudantes</span> <span class='ocrx_word' id='word_1_243' title='bbox 131 1169 214 1199; x_wconf 82' lang='lat' dir='ltr'>dixerunt:</span> <span class='ocrx_word' id='word_1_244' title='bbox 229 1170 271 1198; x_wconf 79' lang='lat' dir='ltr'>‘Per</span> <span class='ocrx_word' id='word_1_245' title='bbox 281 1169 350 1198; x_wconf 79' lang='lat' dir='ltr'>laborem</span> <span class='ocrx_word' id='word_1_246' title='bbox 363 1178 409 1205; x_wconf 83' lang='lat' dir='ltr'>quem</span> <span class='ocrx_word' id='word_1_247' title='bbox 419 1168 513 1203; x_wconf 83' lang='lat' dir='ltr'>sustinuisti,</span> <span class='ocrx_word' id='word_1_248' title='bbox 524 1178 534 1197; x_wconf 91' lang='lat' dir='ltr'>a</span> <span class='ocrx_word' id='word_1_249' title='bbox 547 1168 616 1205; x_wconf 84' lang='lat' dir='ltr'>peccatis</span> <span class='ocrx_word' id='word_1_250' title='bbox 630 1177 648 1197; x_wconf 86' lang='lat' dir='ltr'>es</span> <span class='ocrx_word' id='word_1_251' title='bbox 659 1173 740 1207; x_wconf 82' lang='lat' dir='ltr'>purgatus.</span> 
     </span>
     <span class='ocr_line' id='line_1_23' title="bbox 38 1214 740 1253; baseline 0.001 -9"><span class='ocrx_word' id='word_1_252' title='bbox 38 1214 72 1244; x_wconf 88' lang='lat' dir='ltr'>lam</span> <span class='ocrx_word' id='word_1_253' title='bbox 83 1224 120 1245; x_wconf 86' lang='lat' dir='ltr'>ecce</span> <span class='ocrx_word' id='word_1_254' title='bbox 131 1215 182 1246; x_wconf 81' lang='lat' dir='ltr'>intua</span> <span class='ocrx_word' id='word_1_255' title='bbox 192 1216 242 1253; x_wconf 86' lang='lat' dir='ltr'>patria</span> <span class='ocrx_word' id='word_1_256' title='bbox 252 1215 291 1245; x_wconf 87' lang='lat' dir='ltr'>lucis</span> <span class='ocrx_word' id='word_1_257' title='bbox 298 1215 370 1245; x_wconf 82' lang='lat' dir='ltr'>clarescit</span> <span class='ocrx_word' id='word_1_258' title='bbox 379 1225 444 1246; x_wconf 88' lang='lat' dir='ltr'>aurora:</span> <span class='ocrx_word' id='word_1_259' title='bbox 457 1221 474 1245; x_wconf 91' lang='lat' dir='ltr'>et</span> <span class='ocrx_word' id='word_1_260' title='bbox 483 1215 514 1244; x_wconf 88' lang='lat' dir='ltr'>nisi</span> <span class='ocrx_word' id='word_1_261' title='bbox 523 1215 567 1253; x_wconf 89' lang='lat' dir='ltr'>prior</span> <span class='ocrx_word' id='word_1_262' title='bbox 575 1220 636 1253; x_wconf 90' lang='lat' dir='ltr'>portam</span> <span class='ocrx_word' id='word_1_263' title='bbox 643 1217 717 1253; x_wconf 80' lang='lat' dir='ltr'>aperiens</span> <span class='ocrx_word' id='word_1_264' title='bbox 724 1220 740 1245; x_wconf 85' lang='lat' dir='ltr'>te</span> 
     </span>
     <span class='ocr_line' id='line_1_24' title="bbox 38 1260 740 1301; baseline 0.003 -10"><span class='ocrx_word' id='word_1_265' title='bbox 38 1260 122 1295; x_wconf 73' lang='lat' dir='ltr'>inuenerit,</span> <span class='ocrx_word' id='word_1_266' title='bbox 129 1262 149 1292; x_wconf 89' lang='lat' dir='ltr'>de</span> <span class='ocrx_word' id='word_1_267' title='bbox 156 1262 208 1292; x_wconf 89' lang='lat' dir='ltr'>reditu</span> <span class='ocrx_word' id='word_1_268' title='bbox 214 1267 241 1292; x_wconf 92' lang='lat' dir='ltr'>tuo</span> <span class='ocrx_word' id='word_1_269' title='bbox 247 1263 288 1292; x_wconf 84' lang='lat' dir='ltr'>ultra</span> <span class='ocrx_word' id='word_1_270' title='bbox 294 1262 372 1298; x_wconf 84' lang='lat' dir='ltr'>diffidens,</span> <span class='ocrx_word' id='word_1_271' title='bbox 380 1263 511 1300; x_wconf 81' lang='lat' dir='ltr'>obserrataporta</span> <span class='ocrx_word' id='word_1_272' title='bbox 518 1261 584 1292; x_wconf 65' lang='lat' dir='ltr'>redibit!</span> <span class='ocrx_word' id='word_1_273' title='bbox 604 1263 681 1301; x_wconf 86' lang='lat' dir='ltr'>Perccpta</span> <span class='ocrx_word' id='word_1_274' title='bbox 688 1268 740 1293; x_wconf 82' lang='lat' dir='ltr'>nutent</span> 
     </span>
    </p>

    <p class='ocr_par' dir='ltr' id='par_1_3' title="bbox 37 1308 771 2297">
     <span class='ocr_line' id='line_1_25' title="bbox 37 1308 740 1349; baseline 0.004 -11"><span class='ocrx_word' id='word_1_275' title='bbox 37 1308 57 1338; x_wconf 90' lang='lat' dir='ltr'>ab</span> <span class='ocrx_word' id='word_1_276' title='bbox 67 1309 90 1339; x_wconf 85' lang='lat' dir='ltr'>eis</span> <span class='ocrx_word' id='word_1_277' title='bbox 101 1309 216 1347; x_wconf 82' lang='lat' dir='ltr'>bencdictione,</span> <span class='ocrx_word' id='word_1_278' title='bbox 226 1311 281 1341; x_wconf 82' lang='lat' dir='ltr'>cadem</span> <span class='ocrx_word' id='word_1_279' title='bbox 292 1311 332 1340; x_wconf 89' lang='lat' dir='ltr'>hora</span> <span class='ocrx_word' id='word_1_280' title='bbox 341 1320 372 1349; x_wconf 87' lang='lat' dir='ltr'>qua</span> <span class='ocrx_word' id='word_1_281' title='bbox 382 1315 444 1348; x_wconf 86' lang='lat' dir='ltr'>portam</span> <span class='ocrx_word' id='word_1_282' title='bbox 453 1310 498 1348; x_wconf 90' lang='lat' dir='ltr'>prior</span> <span class='ocrx_word' id='word_1_283' title='bbox 506 1310 568 1348; x_wconf 82' lang='lat' dir='ltr'>speruit</span> <span class='ocrx_word' id='word_1_284' title='bbox 578 1310 623 1340; x_wconf 88' lang='lat' dir='ltr'>miles</span> <span class='ocrx_word' id='word_1_285' title='bbox 633 1310 714 1348; x_wconf 82' lang='lat' dir='ltr'>apparuit;</span> <span class='ocrx_word' id='word_1_286' title='bbox 724 1314 740 1341; x_wconf 83' lang='lat' dir='ltr'>et</span> 
     </span>
     <span class='ocr_line' id='line_1_26' title="bbox 37 1357 768 1397; baseline 0.004 -11"><span class='ocrx_word' id='word_1_287' title='bbox 37 1357 121 1387; x_wconf 87' lang='lat' dir='ltr'>ecclesiam</span> <span class='ocrx_word' id='word_1_288' title='bbox 131 1358 197 1394; x_wconf 87' lang='lat' dir='ltr'>intrans,</span> <span class='ocrx_word' id='word_1_289' title='bbox 203 1358 293 1396; x_wconf 87' lang='lat' dir='ltr'>quindecim</span> <span class='ocrx_word' id='word_1_290' title='bbox 303 1358 359 1388; x_wconf 85' lang='lat' dir='ltr'>diebus</span> <span class='ocrx_word' id='word_1_291' title='bbox 368 1358 386 1388; x_wconf 89' lang='lat' dir='ltr'>in</span> <span class='ocrx_word' id='word_1_292' title='bbox 396 1358 470 1388; x_wconf 86' lang='lat' dir='ltr'>oracione</span> <span class='ocrx_word' id='word_1_293' title='bbox 480 1358 572 1396; x_wconf 85' lang='lat' dir='ltr'>permansit.</span> <span class='ocrx_word' id='word_1_294' title='bbox 597 1358 618 1389; x_wconf 83' lang='lat' dir='ltr'>Et</span> <span class='ocrx_word' id='word_1_295' title='bbox 627 1363 664 1397; x_wconf 92' lang='lat' dir='ltr'>post</span> <span class='ocrx_word' id='word_1_296' title='bbox 674 1358 704 1388; x_wconf 87' lang='lat' dir='ltr'>bec</span> <span class='ocrx_word' id='word_1_297' title='bbox 714 1358 741 1388; x_wconf 88' lang='lat' dir='ltr'>diu</span> <span class='ocrx_word' id='word_1_298' title='bbox 750 1367 768 1397; x_wconf 80' lang='lat'>25</span> 
     </span>
     <span class='ocr_line' id='line_1_27' title="bbox 38 1397 741 1444; baseline 0.001 -10"><span class='ocrx_word' id='word_1_299' title='bbox 38 1405 99 1442; x_wconf 90' lang='lat' dir='ltr'>uiuens,</span> <span class='ocrx_word' id='word_1_300' title='bbox 108 1406 124 1434; x_wconf 91' lang='lat' dir='ltr'>in</span> <span class='ocrx_word' id='word_1_301' title='bbox 131 1405 177 1434; x_wconf 90' lang='lat' dir='ltr'>bonis</span> <span class='ocrx_word' id='word_1_302' title='bbox 184 1406 258 1443; x_wconf 83' lang='lat' dir='ltr'>operibus</span> <span class='ocrx_word' id='word_1_303' title='bbox 265 1406 313 1435; x_wconf 88' lang='lat' dir='ltr'>uitam</span> <span class='ocrx_word' id='word_1_304' title='bbox 320 1405 387 1435; x_wconf 78' lang='lat' dir='ltr'>feliciter</span> <span class='ocrx_word' id='word_1_305' title='bbox 394 1397 590 1436; x_wconf 75' lang='lat' dir='ltr'>consummarit-Locus</span> <span class='ocrx_word' id='word_1_306' title='bbox 597 1410 650 1435; x_wconf 85' lang='lat' dir='ltr'>autem</span> <span class='ocrx_word' id='word_1_307' title='bbox 655 1406 741 1444; x_wconf 81' lang='lat' dir='ltr'>purgatorii</span> 
     </span>
     <span class='ocr_line' id='line_1_28' title="bbox 37 1445 742 1492; baseline 0.003 -10"><span class='ocrx_word' id='word_1_308' title='bbox 37 1452 88 1482; x_wconf 89' lang='lat' dir='ltr'>sancti</span> <span class='ocrx_word' id='word_1_309' title='bbox 99 1452 163 1483; x_wconf 86' lang='lat' dir='ltr'>Patricii</span> <span class='ocrx_word' id='word_1_310' title='bbox 170 1452 226 1491; x_wconf 86' lang='lat' dir='ltr'>Regiis</span> <span class='ocrx_word' id='word_1_311' title='bbox 235 1453 333 1485; x_wconf 84' lang='lat' dir='ltr'>nominatur:</span> <span class='ocrx_word' id='word_1_312' title='bbox 347 1457 364 1483; x_wconf 91' lang='lat' dir='ltr'>et</span> <span class='ocrx_word' id='word_1_313' title='bbox 374 1456 411 1483; x_wconf 86' lang='lat' dir='ltr'>sunt</span> <span class='ocrx_word' id='word_1_314' title='bbox 421 1452 443 1482; x_wconf 89' lang='lat' dir='ltr'>ibi</span> <span class='ocrx_word' id='word_1_315' title='bbox 453 1452 525 1483; x_wconf 88' lang='lat' dir='ltr'>canonici</span> <span class='ocrx_word' id='word_1_316' title='bbox 535 1452 619 1492; x_wconf 77' lang='lat' dir='ltr'>regulares.</span> <span class='ocrx_word' id='word_1_317' title='bbox 662 1445 742 1484; x_wconf 79' lang='lat' dir='ltr'>Patricius</span> 
     </span>
     <span class='ocr_line' id='line_1_29' title="bbox 37 1500 741 1539; baseline 0 -10"><span class='ocrx_word' id='word_1_318' title='bbox 37 1504 96 1535; x_wconf 87' lang='lat' dir='ltr'>autem,</span> <span class='ocrx_word' id='word_1_319' title='bbox 105 1500 152 1539; x_wconf 87' lang='lat' dir='ltr'>(sicut</span> <span class='ocrx_word' id='word_1_320' title='bbox 163 1501 208 1538; x_wconf 85' lang='lat' dir='ltr'>dicit)</span> <span class='ocrx_word' id='word_1_321' title='bbox 219 1501 293 1531; x_wconf 86' lang='lat' dir='ltr'>Giraldus</span> <span class='ocrx_word' id='word_1_322' title='bbox 303 1501 320 1530; x_wconf 89' lang='lat' dir='ltr'>in</span> <span class='ocrx_word' id='word_1_323' title='bbox 330 1501 443 1538; x_wconf 84' lang='lat' dir='ltr'>Topographiu</span> <span class='ocrx_word' id='word_1_324' title='bbox 453 1500 536 1536; x_wconf 83' lang='lat' dir='ltr'>Hibernic,</span> <span class='ocrx_word' id='word_1_325' title='bbox 546 1500 589 1530; x_wconf 89' lang='lat' dir='ltr'>inter</span> <span class='ocrx_word' id='word_1_326' title='bbox 598 1505 651 1530; x_wconf 87' lang='lat' dir='ltr'>cetera</span> <span class='ocrx_word' id='word_1_327' title='bbox 660 1501 741 1536; x_wconf 85' lang='lat' dir='ltr'>signorum</span> 
     </span>
     <span class='ocr_line' id='line_1_30' title="bbox 37 1545 742 1585; baseline 0 -10"><span class='ocrx_word' id='word_1_328' title='bbox 37 1554 102 1576; x_wconf 85' lang='lat' dir='ltr'>suorum</span> <span class='ocrx_word' id='word_1_329' title='bbox 112 1555 160 1583; x_wconf 85' lang='lat' dir='ltr'>opera</span> <span class='ocrx_word' id='word_1_330' title='bbox 170 1547 220 1577; x_wconf 79' lang='lat' dir='ltr'>fertur</span> <span class='ocrx_word' id='word_1_331' title='bbox 230 1551 301 1585; x_wconf 83' lang='lat' dir='ltr'>patrasse</span> <span class='ocrx_word' id='word_1_332' title='bbox 311 1547 341 1577; x_wconf 88' lang='lat' dir='ltr'>tria</span> <span class='ocrx_word' id='word_1_333' title='bbox 351 1546 461 1577; x_wconf 84' lang='lat' dir='ltr'>memoranda:</span> <span class='ocrx_word' id='word_1_334' title='bbox 473 1545 531 1581; x_wconf 82' lang='lat' dir='ltr'>Vnum,</span> <span class='ocrx_word' id='word_1_335' title='bbox 542 1547 584 1583; x_wconf 91' lang='lat' dir='ltr'>quod</span> <span class='ocrx_word' id='word_1_336' title='bbox 594 1551 650 1576; x_wconf 85' lang='lat' dir='ltr'>cuncta</span> <span class='ocrx_word' id='word_1_337' title='bbox 660 1556 742 1576; x_wconf 82' lang='lat' dir='ltr'>uenenosa</span> 
     </span>
     <span class='ocr_line' id='line_1_31' title="bbox 37 1592 770 1635; baseline 0.004 -13"><span class='ocrx_word' id='word_1_338' title='bbox 37 1592 125 1623; x_wconf 78' lang='lat' dir='ltr'>animantia</span> <span class='ocrx_word' id='word_1_339' title='bbox 132 1602 167 1623; x_wconf 89' lang='lat' dir='ltr'>cum</span> <span class='ocrx_word' id='word_1_340' title='bbox 174 1593 230 1633; x_wconf 79' lang='lat' dir='ltr'>baculp</span> <span class='ocrx_word' id='word_1_341' title='bbox 236 1604 266 1624; x_wconf 87' lang='lat' dir='ltr'>suo</span> <span class='ocrx_word' id='word_1_342' title='bbox 273 1594 294 1624; x_wconf 91' lang='lat' dir='ltr'>de</span> <span class='ocrx_word' id='word_1_343' title='bbox 301 1600 343 1624; x_wconf 88' lang='lat' dir='ltr'>terra</span> <span class='ocrx_word' id='word_1_344' title='bbox 351 1593 428 1624; x_wconf 85' lang='lat' dir='ltr'>llibernie</span> <span class='ocrx_word' id='word_1_345' title='bbox 435 1594 504 1624; x_wconf 88' lang='lat' dir='ltr'>eiecerit.</span> <span class='ocrx_word' id='word_1_346' title='bbox 524 1593 577 1629; x_wconf 83' lang='lat' dir='ltr'>Aliud,</span> <span class='ocrx_word' id='word_1_347' title='bbox 585 1594 627 1631; x_wconf 90' lang='lat' dir='ltr'>quod</span> <span class='ocrx_word' id='word_1_348' title='bbox 634 1595 741 1632; x_wconf 86' lang='lat' dir='ltr'>purgatorium</span> <span class='ocrx_word' id='word_1_349' title='bbox 750 1604 770 1635; x_wconf 75' lang='lat'>³⁰</span> 
     </span>
     <span class='ocr_line' id='line_1_32' title="bbox 37 1640 742 1680; baseline 0.003 -10"><span class='ocrx_word' id='word_1_350' title='bbox 37 1648 83 1670; x_wconf 85' lang='lat' dir='ltr'>suum</span> <span class='ocrx_word' id='word_1_351' title='bbox 97 1640 154 1671; x_wconf 88' lang='lat' dir='ltr'>ibidem</span> <span class='ocrx_word' id='word_1_352' title='bbox 168 1641 258 1672; x_wconf 84' lang='lat' dir='ltr'>instituerit.</span> <span class='ocrx_word' id='word_1_353' title='bbox 285 1641 364 1678; x_wconf 84' lang='lat' dir='ltr'>Tercium,</span> <span class='ocrx_word' id='word_1_354' title='bbox 377 1641 450 1680; x_wconf 87' lang='lat' dir='ltr'>precibus</span> <span class='ocrx_word' id='word_1_355' title='bbox 463 1641 519 1671; x_wconf 80' lang='lat' dir='ltr'>suisa</span> <span class='ocrx_word' id='word_1_356' title='bbox 532 1642 563 1671; x_wconf 89' lang='lat' dir='ltr'>deo</span> <span class='ocrx_word' id='word_1_357' title='bbox 577 1642 644 1680; x_wconf 87' lang='lat' dir='ltr'>optinuit</span> <span class='ocrx_word' id='word_1_358' title='bbox 656 1646 673 1672; x_wconf 94' lang='lat' dir='ltr'>ut</span> <span class='ocrx_word' id='word_1_359' title='bbox 689 1642 742 1672; x_wconf 87' lang='lat' dir='ltr'>nullus</span> 
     </span>
     <span class='ocr_line' id='line_1_33' title="bbox 38 1683 742 1728; baseline 0.004 -11"><span class='ocrx_word' id='word_1_360' title='bbox 38 1688 135 1718; x_wconf 85' lang='lat' dir='ltr'>Hibernicus</span> <span class='ocrx_word' id='word_1_361' title='bbox 146 1689 231 1719; x_wconf 84' lang='lat' dir='ltr'>aduentum</span> <span class='ocrx_word' id='word_1_362' title='bbox 241 1689 336 1720; x_wconf 83' lang='lat' dir='ltr'>Antichristi</span> <span class='ocrx_word' id='word_1_363' title='bbox 346 1689 440 1728; x_wconf 84' lang='lat' dir='ltr'>expectabit.</span> <span class='ocrx_word' id='word_1_364' title='bbox 482 1683 526 1727; x_wconf 85' lang='lat' dir='ltr'>Legi</span> <span class='ocrx_word' id='word_1_365' title='bbox 536 1689 585 1719; x_wconf 79' lang='lat' dir='ltr'>eciam</span> <span class='ocrx_word' id='word_1_366' title='bbox 596 1689 613 1719; x_wconf 90' lang='lat' dir='ltr'>in</span> <span class='ocrx_word' id='word_1_367' title='bbox 623 1690 691 1727; x_wconf 82' lang='lat' dir='ltr'>quodam</span> <span class='ocrx_word' id='word_1_368' title='bbox 701 1689 742 1720; x_wconf 91' lang='lat' dir='ltr'>libro</span> 
     </span>
     <span class='ocr_line' id='line_1_34' title="bbox 37 1735 742 1775; baseline 0.004 -10"><span class='ocrx_word' id='word_1_369' title='bbox 37 1735 153 1774; x_wconf 87' lang='lat' dir='ltr'>antiquissimo,</span> <span class='ocrx_word' id='word_1_370' title='bbox 161 1741 206 1773; x_wconf 84' lang='lat' dir='ltr'>gesta</span> <span class='ocrx_word' id='word_1_371' title='bbox 216 1737 293 1767; x_wconf 86' lang='lat' dir='ltr'>nonnulla</span> <span class='ocrx_word' id='word_1_372' title='bbox 302 1737 353 1767; x_wconf 86' lang='lat' dir='ltr'>sancti</span> <span class='ocrx_word' id='word_1_373' title='bbox 360 1737 423 1767; x_wconf 86' lang='lat' dir='ltr'>Patricii</span> <span class='ocrx_word' id='word_1_374' title='bbox 433 1736 530 1774; x_wconf 79' lang='lat' dir='ltr'>continente,</span> <span class='ocrx_word' id='word_1_375' title='bbox 541 1738 583 1775; x_wconf 90' lang='lat' dir='ltr'>quod</span> <span class='ocrx_word' id='word_1_376' title='bbox 593 1742 657 1768; x_wconf 84' lang='lat' dir='ltr'>sanctus</span> <span class='ocrx_word' id='word_1_377' title='bbox 665 1737 742 1768; x_wconf 78' lang='lat' dir='ltr'>PatricIus</span> 
     </span>
     <span class='ocr_line' id='line_1_35' title="bbox 38 1782 742 1822; baseline 0.004 -10"><span class='ocrx_word' id='word_1_378' title='bbox 38 1782 109 1813; x_wconf 81' lang='lat' dir='ltr'>fundauit</span> <span class='ocrx_word' id='word_1_379' title='bbox 122 1784 197 1814; x_wconf 86' lang='lat' dir='ltr'>ecclesias</span> <span class='ocrx_word' id='word_1_380' title='bbox 210 1784 226 1814; x_wconf 91' lang='lat' dir='ltr'>ln</span> <span class='ocrx_word' id='word_1_381' title='bbox 241 1785 319 1815; x_wconf 83' lang='lat' dir='ltr'>Hibernia</span> <span class='ocrx_word' id='word_1_382' title='bbox 332 1789 412 1815; x_wconf 85' lang='lat' dir='ltr'>trecentas</span> <span class='ocrx_word' id='word_1_383' title='bbox 426 1785 510 1822; x_wconf 78' lang='lat' dir='ltr'>sexaginta</span> <span class='ocrx_word' id='word_1_384' title='bbox 523 1785 598 1822; x_wconf 87' lang='lat' dir='ltr'>quinque,</span> <span class='ocrx_word' id='word_1_385' title='bbox 614 1790 630 1814; x_wconf 82' lang='lat' dir='ltr'>et</span> <span class='ocrx_word' id='word_1_386' title='bbox 643 1786 742 1815; x_wconf 82' lang='lat' dir='ltr'>consecrauit</span> 
     </span>
     <span class='ocr_line' id='line_1_36' title="bbox 38 1830 769 1872; baseline 0.003 -12"><span class='ocrx_word' id='word_1_387' title='bbox 38 1830 122 1867; x_wconf 86' lang='lat' dir='ltr'>episcopos</span> <span class='ocrx_word' id='word_1_388' title='bbox 134 1834 214 1860; x_wconf 86' lang='lat' dir='ltr'>trecentos</span> <span class='ocrx_word' id='word_1_389' title='bbox 224 1832 308 1868; x_wconf 85' lang='lat' dir='ltr'>sexaginta</span> <span class='ocrx_word' id='word_1_390' title='bbox 318 1832 387 1869; x_wconf 90' lang='lat' dir='ltr'>quinque</span> <span class='ocrx_word' id='word_1_391' title='bbox 399 1835 416 1862; x_wconf 91' lang='lat' dir='ltr'>et</span> <span class='ocrx_word' id='word_1_392' title='bbox 425 1841 446 1861; x_wconf 86' lang='lat' dir='ltr'>eo</span> <span class='ocrx_word' id='word_1_393' title='bbox 456 1831 528 1869; x_wconf 85' lang='lat' dir='ltr'>amplius,</span> <span class='ocrx_word' id='word_1_394' title='bbox 537 1832 555 1861; x_wconf 91' lang='lat' dir='ltr'>in</span> <span class='ocrx_word' id='word_1_395' title='bbox 566 1832 623 1869; x_wconf 87' lang='lat' dir='ltr'>quibus</span> <span class='ocrx_word' id='word_1_396' title='bbox 633 1837 667 1862; x_wconf 81' lang='lat' dir='ltr'>erat</span> <span class='ocrx_word' id='word_1_397' title='bbox 677 1832 742 1870; x_wconf 86' lang='lat' dir='ltr'>spiritus</span> <span class='ocrx_word' id='word_1_398' title='bbox 750 1840 769 1872; x_wconf 77' lang='lat'>35</span> 
     </span>
     <span class='ocr_line' id='line_1_37' title="bbox 38 1874 742 1917; baseline 0.004 -10"><span class='ocrx_word' id='word_1_399' title='bbox 38 1877 73 1913; x_wconf 86' lang='lat' dir='ltr'>dei;</span> <span class='ocrx_word' id='word_1_400' title='bbox 83 1878 179 1915; x_wconf 86' lang='lat' dir='ltr'>presbiteros</span> <span class='ocrx_word' id='word_1_401' title='bbox 187 1883 239 1907; x_wconf 86' lang='lat' dir='ltr'>autem</span> <span class='ocrx_word' id='word_1_402' title='bbox 246 1879 326 1908; x_wconf 81' lang='lat' dir='ltr'>ordinauit</span> <span class='ocrx_word' id='word_1_403' title='bbox 332 1880 362 1908; x_wconf 86' lang='lat' dir='ltr'>tria</span> <span class='ocrx_word' id='word_1_404' title='bbox 368 1879 415 1908; x_wconf 84' lang='lat' dir='ltr'>milia.</span> <span class='ocrx_word' id='word_1_405' title='bbox 457 1874 504 1911; x_wconf 87' lang='lat' dir='ltr'>Dicit</span> <span class='ocrx_word' id='word_1_406' title='bbox 510 1879 675 1917; x_wconf 84' lang='lat' dir='ltr'>quoqueVincencius</span> <span class='ocrx_word' id='word_1_407' title='bbox 685 1880 701 1909; x_wconf 89' lang='lat' dir='ltr'>in</span> <span class='ocrx_word' id='word_1_408' title='bbox 712 1888 742 1910; x_wconf 89' lang='lat' dir='ltr'>suo</span> 
     </span>
     <span class='ocr_line' id='line_1_38' title="bbox 38 1924 741 1966; baseline 0.004 -11"><span class='ocrx_word' id='word_1_409' title='bbox 38 1924 741 1966; x_wconf 79' lang='lat' dir='ltr'>SpeculohistoriaiiquodhistoriadepurgatoriosanctiPatriciiamultisnonrecipitur,</span> 
     </span>
     <span class='ocr_line' id='line_1_39' title="bbox 39 1973 742 2012; baseline 0.003 -9"><span class='ocrx_word' id='word_1_410' title='bbox 39 1978 104 2010; x_wconf 87' lang='lat' dir='ltr'>propter</span> <span class='ocrx_word' id='word_1_411' title='bbox 114 1973 152 2003; x_wconf 89' lang='lat' dir='ltr'>illud</span> <span class='ocrx_word' id='word_1_412' title='bbox 162 1975 230 2004; x_wconf 83' lang='lat' dir='ltr'>maxime</span> <span class='ocrx_word' id='word_1_413' title='bbox 241 1975 283 2012; x_wconf 86' lang='lat' dir='ltr'>quod</span> <span class='ocrx_word' id='word_1_414' title='bbox 295 1974 317 2003; x_wconf 91' lang='lat' dir='ltr'>ibi</span> <span class='ocrx_word' id='word_1_415' title='bbox 328 1974 386 2004; x_wconf 87' lang='lat' dir='ltr'>dictum</span> <span class='ocrx_word' id='word_1_416' title='bbox 397 1979 422 2004; x_wconf 90' lang='lat' dir='ltr'>est</span> <span class='ocrx_word' id='word_1_417' title='bbox 433 1974 494 2004; x_wconf 82' lang='lat' dir='ltr'>animas</span> <span class='ocrx_word' id='word_1_418' title='bbox 504 1984 514 2003; x_wconf 83' lang='lat' dir='ltr'>a</span> <span class='ocrx_word' id='word_1_419' title='bbox 523 1975 615 2012; x_wconf 83' lang='lat' dir='ltr'>purgatorio</span> <span class='ocrx_word' id='word_1_420' title='bbox 624 1975 699 2005; x_wconf 86' lang='lat' dir='ltr'>liberatas</span> <span class='ocrx_word' id='word_1_421' title='bbox 709 1984 742 2005; x_wconf 91' lang='lat' dir='ltr'>non</span> 
     </span>
     <span class='ocr_line' id='line_1_40' title="bbox 38 2021 742 2061; baseline 0.004 -12"><span class='ocrx_word' id='word_1_422' title='bbox 38 2021 91 2050; x_wconf 86' lang='lat' dir='ltr'>statim</span> <span class='ocrx_word' id='word_1_423' title='bbox 98 2022 118 2051; x_wconf 90' lang='lat' dir='ltr'>ad</span> <span class='ocrx_word' id='word_1_424' title='bbox 126 2022 176 2051; x_wconf 90' lang='lat' dir='ltr'>celum</span> <span class='ocrx_word' id='word_1_425' title='bbox 181 2022 250 2056; x_wconf 89' lang='lat' dir='ltr'>euolare,</span> <span class='ocrx_word' id='word_1_426' title='bbox 254 2027 279 2052; x_wconf 89' lang='lat' dir='ltr'>set</span> <span class='ocrx_word' id='word_1_427' title='bbox 286 2022 302 2051; x_wconf 94' lang='lat' dir='ltr'>in</span> <span class='ocrx_word' id='word_1_428' title='bbox 310 2022 383 2059; x_wconf 88' lang='lat' dir='ltr'>paradiso</span> <span class='ocrx_word' id='word_1_429' title='bbox 389 2021 476 2061; x_wconf 71' lang='lat' dir='ltr'>terir]estri</span> <span class='ocrx_word' id='word_1_430' title='bbox 483 2025 557 2059; x_wconf 85' lang='lat' dir='ltr'>tanquam</span> <span class='ocrx_word' id='word_1_431' title='bbox 563 2021 580 2052; x_wconf 91' lang='lat' dir='ltr'>in</span> <span class='ocrx_word' id='word_1_432' title='bbox 587 2021 623 2052; x_wconf 89' lang='lat' dir='ltr'>loco</span> <span class='ocrx_word' id='word_1_433' title='bbox 630 2022 688 2061; x_wconf 82' lang='lat' dir='ltr'>quietis</span> <span class='ocrx_word' id='word_1_434' title='bbox 694 2023 742 2053; x_wconf 90' lang='lat' dir='ltr'>inter·</span> 
     </span>
     <span class='ocr_line' id='line_1_41' title="bbox 39 2068 771 2113; baseline 0.007 -16"><span class='ocrx_word' id='word_1_435' title='bbox 39 2068 91 2098; x_wconf 88' lang='lat' dir='ltr'>medio</span> <span class='ocrx_word' id='word_1_436' title='bbox 99 2070 205 2107; x_wconf 88' lang='lat' dir='ltr'>temporaliter</span> <span class='ocrx_word' id='word_1_437' title='bbox 215 2078 320 2105; x_wconf 86' lang='lat' dir='ltr'>commanere,</span> <span class='ocrx_word' id='word_1_438' title='bbox 327 2073 343 2099; x_wconf 90' lang='lat' dir='ltr'>et</span> <span class='ocrx_word' id='word_1_439' title='bbox 353 2068 391 2099; x_wconf 90' lang='lat' dir='ltr'>inde</span> <span class='ocrx_word' id='word_1_440' title='bbox 400 2073 460 2099; x_wconf 84' lang='lat' dir='ltr'>statuto</span> <span class='ocrx_word' id='word_1_441' title='bbox 471 2072 542 2107; x_wconf 86' lang='lat' dir='ltr'>tempore</span> <span class='ocrx_word' id='word_1_442' title='bbox 552 2069 572 2100; x_wconf 82' lang='lat' dir='ltr'>ad</span> <span class='ocrx_word' id='word_1_443' title='bbox 582 2069 612 2101; x_wconf 89' lang='lat' dir='ltr'>celi</span> <span class='ocrx_word' id='word_1_444' title='bbox 621 2069 682 2109; x_wconf 82' lang='lat' dir='ltr'>palatia</span> <span class='ocrx_word' id='word_1_445' title='bbox 691 2074 742 2101; x_wconf 81' lang='lat' dir='ltr'>trans·</span> <span class='ocrx_word' id='word_1_446' title='bbox 750 2082 771 2113; x_wconf 67' lang='grc' dir='ltr'>4ο</span> 
     </span>
     <span class='ocr_line' id='line_1_42' title="bbox 39 2116 742 2154; baseline 0.001 -9"><span class='ocrx_word' id='word_1_447' title='bbox 39 2126 97 2152; x_wconf 87' lang='lat' dir='ltr'>meare,</span> <span class='ocrx_word' id='word_1_448' title='bbox 104 2126 140 2146; x_wconf 88' lang='lat' dir='ltr'>cum</span> <span class='ocrx_word' id='word_1_449' title='bbox 150 2122 215 2147; x_wconf 84' lang='lat' dir='ltr'>econtra</span> <span class='ocrx_word' id='word_1_450' title='bbox 222 2118 274 2146; x_wconf 91' lang='lat' dir='ltr'>nullus</span> <span class='ocrx_word' id='word_1_451' title='bbox 285 2118 358 2146; x_wconf 87' lang='lat' dir='ltr'>credatur</span> <span class='ocrx_word' id='word_1_452' title='bbox 368 2125 404 2146; x_wconf 83' lang='lat' dir='ltr'>esse</span> <span class='ocrx_word' id='word_1_453' title='bbox 412 2116 457 2145; x_wconf 85' lang='lat' dir='ltr'>locus</span> <span class='ocrx_word' id='word_1_454' title='bbox 467 2117 529 2145; x_wconf 87' lang='lat' dir='ltr'>medius</span> <span class='ocrx_word' id='word_1_455' title='bbox 538 2118 625 2146; x_wconf 87' lang='lat' dir='ltr'>animarum</span> <span class='ocrx_word' id='word_1_456' title='bbox 634 2118 677 2147; x_wconf 90' lang='lat' dir='ltr'>inter</span> <span class='ocrx_word' id='word_1_457' title='bbox 686 2127 742 2154; x_wconf 87' lang='lat' dir='ltr'>purga·</span> 
     </span>
     <span class='ocr_line' id='line_1_43' title="bbox 40 2162 744 2201; baseline 0.004 -9"><span class='ocrx_word' id='word_1_458' title='bbox 40 2163 97 2193; x_wconf 89' lang='lat' dir='ltr'>torium</span> <span class='ocrx_word' id='word_1_459' title='bbox 104 2167 120 2193; x_wconf 86' lang='lat' dir='ltr'>et</span> <span class='ocrx_word' id='word_1_460' title='bbox 129 2163 189 2193; x_wconf 87' lang='lat' dir='ltr'>celeste</span> <span class='ocrx_word' id='word_1_461' title='bbox 196 2164 290 2201; x_wconf 88' lang='lat' dir='ltr'>paradisum.</span> <span class='ocrx_word' id='word_1_462' title='bbox 312 2162 354 2193; x_wconf 84' lang='lat' dir='ltr'>Huic</span> <span class='ocrx_word' id='word_1_463' title='bbox 361 2167 414 2193; x_wconf 89' lang='lat' dir='ltr'>tamen</span> <span class='ocrx_word' id='word_1_464' title='bbox 422 2163 494 2201; x_wconf 89' lang='lat' dir='ltr'>opinioni</span> <span class='ocrx_word' id='word_1_465' title='bbox 502 2162 584 2193; x_wconf 84' lang='lat' dir='ltr'>Vincencii</span> <span class='ocrx_word' id='word_1_466' title='bbox 593 2164 672 2195; x_wconf 83' lang='lat' dir='ltr'>contraria</span> <span class='ocrx_word' id='word_1_467' title='bbox 680 2164 744 2195; x_wconf 87' lang='lat' dir='ltr'>uidetur</span> 
     </span>
     <span class='ocr_line' id='line_1_44' title="bbox 39 2210 744 2252; baseline 0.004 -12"><span class='ocrx_word' id='word_1_468' title='bbox 39 2210 80 2247; x_wconf 86' lang='lat' dir='ltr'>uislo</span> <span class='ocrx_word' id='word_1_469' title='bbox 91 2210 117 2241; x_wconf 87' lang='lat' dir='ltr'>illa</span> <span class='ocrx_word' id='word_1_470' title='bbox 127 2220 174 2249; x_wconf 85' lang='lat' dir='ltr'>quam</span> <span class='ocrx_word' id='word_1_471' title='bbox 184 2211 239 2242; x_wconf 87' lang='lat' dir='ltr'>scribit</span> <span class='ocrx_word' id='word_1_472' title='bbox 249 2211 344 2241; x_wconf 86' lang='lat' dir='ltr'>uenerabilis</span> <span class='ocrx_word' id='word_1_473' title='bbox 355 2210 433 2248; x_wconf 84' lang='lat' dir='ltr'>presbiter</span> <span class='ocrx_word' id='word_1_474' title='bbox 443 2210 469 2240; x_wconf 87' lang='lat' dir='ltr'>De</span> <span class='ocrx_word' id='word_1_475' title='bbox 479 2211 529 2248; x_wconf 78' lang='lat' dir='ltr'>gestis</span> <span class='ocrx_word' id='word_1_476' title='bbox 539 2211 627 2249; x_wconf 73' lang='lat' dir='ltr'>Anglornm</span> <span class='ocrx_word' id='word_1_477' title='bbox 636 2213 677 2243; x_wconf 87' lang='lat' dir='ltr'>libro</span> <span class='ocrx_word' id='word_1_478' title='bbox 687 2214 744 2252; x_wconf 88' lang='lat' dir='ltr'>quinto</span> 
     </span>
     <span class='ocr_line' id='line_1_45' title="bbox 39 2257 669 2297; baseline 0.005 -9"><span class='ocrx_word' id='word_1_479' title='bbox 39 2258 107 2297; x_wconf 87' lang='lat' dir='ltr'>capitulo</span> <span class='ocrx_word' id='word_1_480' title='bbox 114 2258 213 2295; x_wconf 89' lang='lat' dir='ltr'>duodecimo,</span> <span class='ocrx_word' id='word_1_481' title='bbox 221 2263 238 2290; x_wconf 92' lang='lat' dir='ltr'>ut</span> <span class='ocrx_word' id='word_1_482' title='bbox 245 2259 311 2289; x_wconf 84' lang='lat' dir='ltr'>habetur</span> <span class='ocrx_word' id='word_1_483' title='bbox 317 2268 365 2297; x_wconf 84' lang='lat' dir='ltr'>supra</span> <span class='ocrx_word' id='word_1_484' title='bbox 371 2258 387 2288; x_wconf 89' lang='lat' dir='ltr'>in</span> <span class='ocrx_word' id='word_1_485' title='bbox 394 2257 426 2288; x_wconf 85' lang='lat' dir='ltr'>fine</span> <span class='ocrx_word' id='word_1_486' title='bbox 433 2259 466 2289; x_wconf 91' lang='lat' dir='ltr'>uite</span> <span class='ocrx_word' id='word_1_487' title='bbox 473 2259 524 2289; x_wconf 80' lang='lat' dir='ltr'>sancti</span> <span class='ocrx_word' id='word_1_488' title='bbox 531 2260 598 2290; x_wconf 83' lang='lat' dir='ltr'>Adriani</span> <span class='ocrx_word' id='word_1_489' title='bbox 604 2260 669 2292; x_wconf 82' lang='lat' dir='ltr'>abbatis.</span> 
     </span>
    </p>
   </div>
   <div class='ocr_carea' id='block_1_3' title="bbox 260 2369 517 2399">
    <p class='ocr_par' dir='ltr' id='par_1_4' title="bbox 260 2369 517 2399">
     <span class='ocr_line' id='line_1_46' title="bbox 260 2369 517 2399; baseline -0.004 0"><span class='ocrx_word' id='word_1_490' title='bbox 260 2379 274 2399; x_wconf 80' lang='lat' dir='ltr'>a.</span> <span class='ocrx_word' id='word_1_491' title='bbox 285 2370 311 2399; x_wconf 80' lang='lat' dir='ltr'>nc</span> <span class='ocrx_word' id='word_1_492' title='bbox 320 2377 417 2399; x_wconf 74' lang='lat' dir='ltr'>rrnrrrncra</span> <span class='ocrx_word' id='word_1_493' title='bbox 426 2369 503 2399; x_wconf 70' lang='lat' dir='ltr'>&#39;tunnam</span> <span class='ocrx_word' id='word_1_494' title='bbox 507 2369 517 2399; x_wconf 85' lang='lat'>¹.</span> 
     </span>
    </p>
   </div>
   <div class='ocr_carea' id='block_1_4' title="bbox 78 2425 770 2513">
    <p class='ocr_par' dir='ltr' id='par_1_5' title="bbox 78 2425 770 2513">
     <span class='ocr_line' id='line_1_47' title="bbox 78 2425 744 2466; baseline 0.006 -11"><span class='ocrx_word' id='word_1_495' title='bbox 78 2425 112 2455; x_wconf 86' lang='lat' dir='ltr'>lrca</span> <span class='ocrx_word' id='word_1_496' title='bbox 124 2434 182 2455; x_wconf 85' lang='lat' dir='ltr'>aunum</span> <span class='ocrx_word' id='word_1_497' title='bbox 194 2425 254 2455; x_wconf 86' lang='lat' dir='ltr'>domini</span> <span class='ocrx_word' id='word_1_498' title='bbox 267 2425 366 2455; x_wconf 88' lang='lat' dir='ltr'>millesimum</span> <span class='ocrx_word' id='word_1_499' title='bbox 377 2425 480 2455; x_wconf 75' lang='lat' dir='ltr'>centesimum</span> <span class='ocrx_word' id='word_1_500' title='bbox 492 2426 627 2465; x_wconf 76' lang='lat' dir='ltr'>quadragesimum</span> <span class='ocrx_word' id='word_1_501' title='bbox 639 2432 716 2466; x_wconf 77' lang='lat' dir='ltr'>octauum,</span> <span class='ocrx_word' id='word_1_502' title='bbox 727 2432 744 2459; x_wconf 88' lang='lat' dir='ltr'>et</span> 
     </span>
     <span class='ocr_line' id='line_1_48' title="bbox 97 2473 770 2513; baseline 0.006 -11"><span class='ocrx_word' id='word_1_503' title='bbox 97 2473 139 2510; x_wconf 81' lang='lat' dir='ltr'>regis</span> <span class='ocrx_word' id='word_1_504' title='bbox 145 2473 222 2511; x_wconf 85' lang='lat' dir='ltr'>Stephani</span> <span class='ocrx_word' id='word_1_505' title='bbox 228 2474 342 2511; x_wconf 84' lang='lat' dir='ltr'>duodecimum,</span> <span class='ocrx_word' id='word_1_506' title='bbox 348 2473 404 2504; x_wconf 85' lang='lat' dir='ltr'>accidit</span> <span class='ocrx_word' id='word_1_507' title='bbox 410 2473 507 2504; x_wconf 79' lang='lat' dir='ltr'>ilta&#39;t&#39;undali</span> <span class='ocrx_word' id='word_1_508' title='bbox 512 2473 553 2505; x_wconf 88' lang='lat' dir='ltr'>nisio</span> <span class='ocrx_word' id='word_1_509' title='bbox 558 2474 592 2506; x_wconf 78' lang='lat' dir='ltr'>siue</span> <span class='ocrx_word' id='word_1_510' title='bbox 596 2475 691 2513; x_wconf 83' lang='lat' dir='ltr'>penitentis,</span> <span class='ocrx_word' id='word_1_511' title='bbox 697 2475 743 2506; x_wconf 87' lang='lat' dir='ltr'>mira·</span> <span class='ocrx_word' id='word_1_512' title='bbox 750 2482 770 2513; x_wconf 79' lang='grc'>45</span> 
     </span>
    </p>
   </div>
   <div class='ocr_carea' id='block_1_5' title="bbox 61 2556 744 2601">
    <p class='ocr_par' dir='ltr' id='par_1_6' title="bbox 61 2556 744 2601">
     <span class='ocr_line' id='line_1_49' title="bbox 61 2556 744 2601; baseline 0.004 -12"><span class='ocrx_word' id='word_1_513' title='bbox 61 2556 67 2578; x_wconf 86' lang='lat'><em>¹</em></span> <span class='ocrx_word' id='word_1_514' title='bbox 77 2558 116 2589; x_wconf 86' lang='lat' dir='ltr'>This</span> <span class='ocrx_word' id='word_1_515' title='bbox 122 2559 136 2590; x_wconf 88' lang='lat' dir='ltr'>is</span> <span class='ocrx_word' id='word_1_516' title='bbox 143 2559 171 2589; x_wconf 91' lang='lat' dir='ltr'>the</span> <span class='ocrx_word' id='word_1_517' title='bbox 178 2558 241 2590; x_wconf 87' lang='lat' dir='ltr'>libellus</span> <span class='ocrx_word' id='word_1_518' title='bbox 247 2560 267 2590; x_wconf 89' lang='lat' dir='ltr'>de</span> <span class='ocrx_word' id='word_1_519' title='bbox 274 2563 319 2598; x_wconf 90' lang='lat' dir='ltr'>raptu</span> <span class='ocrx_word' id='word_1_520' title='bbox 326 2560 388 2590; x_wconf 87' lang='lat' dir='ltr'>animae</span> <span class='ocrx_word' id='word_1_521' title='bbox 394 2559 462 2590; x_wconf 87' lang='lat' dir='ltr'>Tundali</span> <span class='ocrx_word' id='word_1_522' title='bbox 469 2565 486 2591; x_wconf 90' lang='lat' dir='ltr'>et</span> <span class='ocrx_word' id='word_1_523' title='bbox 495 2560 529 2591; x_wconf 87' lang='lat' dir='ltr'>eius</span> <span class='ocrx_word' id='word_1_524' title='bbox 535 2561 602 2600; x_wconf 86' lang='lat' dir='ltr'>visione,</span> <span class='ocrx_word' id='word_1_525' title='bbox 609 2566 665 2592; x_wconf 84' lang='lat' dir='ltr'>extant</span> <span class='ocrx_word' id='word_1_526' title='bbox 672 2561 689 2592; x_wconf 90' lang='lat' dir='ltr'>in</span> <span class='ocrx_word' id='word_1_527' title='bbox 696 2570 744 2601; x_wconf 83' lang='lat' dir='ltr'>many</span> 
     </span>
    </p>
   </div>
   <div class='ocr_carea' id='block_1_6' title="bbox 0 0 890 2803">
    <p class='ocr_par' dir='ltr' id='par_1_7' title="bbox 0 0 890 2803">
     <span class='ocr_line' id='line_1_50' title="bbox 0 0 890 2803; baseline 0 0"><span class='ocrx_word' id='word_1_528' title='bbox 0 0 890 2803; x_wconf 95' lang='lat' dir='ltr'> </span> 
     </span>
    </p>
   </div>
  </div>
 </body>
</html>
