1762 2803
129 179 172 217 1'20
308 171 399 225 aaut
414 168 531 232 tertona
546 167 638 230 analio.

127 293 201 327 nomine
210 292 298 326 Morlren¹
306 293 359 334 adiit3
368 292 464 335 penuriam
472 303 547 326 suorum
555 291 655 333 insinuans,
663 295 682 325 vt
689 301 740 324 suam
749 290 828 333 inopiam

127 345 176 379 illius
187 345 302 387 abundantia,
315 345 365 379 iuxta
376 344 452 388 apostoli
464 345 537 386 monita,
549 343 675 377 subueniendo
687 343 782 386 suppleret
795 342 829 377 hu-

128 398 196 432 militer
207 399 263 442 petiit.
287 398 320 432 ille
327 408 371 432 vero
379 409 411 431 ore
421 398 528 441 blasphemo
536 396 611 441 yronice
619 396 664 429 dixit
673 397 696 429 ad
705 407 758 430 eum:
771 395 830 429 ‘lacta

128 463 191 488 euram
203 457 253 487 tuam
265 452 289 486 in·
297 451 376 494 domino,
389 455 407 485 et
422 450 462 495 ipse
475 455 493 485 te
506 449 590 492 enutriet,
606 449 692 493 quoniam
707 448 762 485 nichil
777 449 830 484 deest

112 518 120 547 5
128 504 235 539 timentibus
240 506 300 546 deum,
305 505 351 538 sicut
356 503 563 547 ceterosam[m]onere²
570 503 685 537 consueuisti.
697 503 726 536 Tu
732 513 781 545 uero,
788 514 829 536 cum

129 560 195 593 timeas
203 559 264 601 deum,
270 563 288 592 et
294 559 379 592 mandata
385 557 533 600 eiusobserues³,
539 556 624 591 omnibus
630 557 712 599 bonis,et
719 557 767 591 victu
775 556 829 591 etiam

130 611 235 646 necessario
250 612 327 654 indiges.
355 611 394 653 Ego
410 615 476 651 autern,
489 611 520 653 qui
534 621 568 644 nec
583 620 661 653 regnum
676 610 706 643 dei
721 620 783 653 quero,
796 620 830 644 nec

129 664 220 698 iusticiam
228 663 273 704 eius,
282 663 343 696 omnia
354 662 409 695 michi
420 673 510 705 prospera
522 668 540 696 et
551 672 613 695 rerum
625 662 717 696 affluentia
725 664 751 705 (vt
762 662 830 703 cernis)

130 716 227 751 arrident*¹
250 716 312 750 inanis
323 721 351 750 est
361 726 405 758 ergo
417 715 463 749 fides
474 720 510 756 tua,
518 720 536 749 et
544 714 590 749 falsa
601 714 700 758 predicatio
708 720 739 749 tua
747 725 830 758 compro·

103 779 122 801 ιο
130 771 193 805 batur?
221 769 247 803 At
257 769 286 804 vir
297 774 371 803 sanctus
384 778 436 801 sacre
449 768 539 812 scripture
552 767 656 801 testimonio
667 772 685 802 et
699 769 789 802 rationum
802 778 831 802 as·

130 823 241 858 sertionibus
252 828 270 857 et
282 822 377 867 exemplis,
388 822 455 855 multos
466 822 524 856 iustos
536 827 554 856 et
565 826 639 855 sanctos
650 827 731 865 egestate
742 827 759 856 et
771 821 800 855 siti
812 821 830 855 in

131 877 165 911 hoc
176 876 238 911 seculo
250 875 310 919 affligi,
318 875 407 920 reprobos
418 885 479 909 rerum
490 873 587 916 affluentia,
596 874 686 908 honorum
698 873 774 919 fastigiis
786 884 831 918 sepe

131 929 225 963 sublimari
233 929 348 970 asserebat⁵;
360 939 451 970 pauperes
459 939 504 961 vero
514 928 599 961 diuitibus
607 933 693 970 patronos
701 928 746 968 iore,
754 939 831 970 quorum

131 981 226 1017 beneficiis
241 986 371 1023 sustentantur,
384 981 486 1024 diuitesque
497 991 599 1025 pauperum
610 980 716 1024 patrocinio,
728 980 774 1015 sicut
784 980 832 1015 vites

104 1044 121 1075 15
131 1036 175 1069 vimi
189 1035 317 1076 sustentaculo,
329 1034 416 1077 indigere,
430 1035 525 1067 euidenter
538 1033 614 1067 edocuit.
636 1033 719 1067 Tandem
731 1044 764 1067 rex
775 1034 832 1068 verba

109 1128 111 1131 Α
132 1090 171 1123 eius
183 1099 221 1121 non
234 1088 301 1130 ferens,
314 1089 339 1121 sic
354 1087 459 1130 respondit:
477 1087 509 1120 ‘Si
524 1087 619 1120 confidens
634 1086 653 1119 in
666 1087 701 1120 deo
715 1092 751 1130 tuo,
763 1087 832 1131 absque

131 1142 211 1176 humano
224 1140 310 1183 suffragio
323 1139 384 1173 omnia
398 1140 452 1173 blada
463 1150 499 1183 que
514 1140 574 1173 cernis
589 1139 608 1172 in
622 1139 693 1173 horreis
705 1145 795 1181 contenta,
809 1141 832 1174 ad

131 1195 245 1228 mansionem
254 1198 303 1226 tuam
311 1192 410 1226 transferre
417 1192 491 1236 poteris,
498 1193 576 1226 libenter
582 1203 648 1235 annuo,
654 1197 672 1226 et
680 1192 832 1237 postulationibus

131 1247 167 1279 tuis
175 1247 198 1278 de
206 1250 268 1278 cetero
275 1246 352 1278 deuotus
360 1246 501 1286 obtemperabo)
524 1246 604 1278 Sanctus
614 1250 675 1277 autem
684 1245 718 1285 dei,
726 1246 803 1278 eleuatis
813 1246 831 1278 in

104 1299 190 1333 roceium
199 1297 255 1330 oculis
266 1302 284 1330 et
294 1297 384 1338 manibus¹
392 1297 493 1331 orationem
502 1308 543 1331 cum
554 1288 689 1332 lacrimis'sudit
699 1298 721 1332 ad
732 1297 832 1333 dominum.

132 1353 155 1386 Et
163 1361 206 1385 ecce
212 1351 277 1384 eadem
282 1351 327 1384 hora
333 1350 400 1383 ssuuius
405 1350 699 1392 Clud,subtusdecurrens,subito
705 1351 832 1394 intumescere,

132 1404 182 1448 ripas
190 1405 321 1438 transcendere
329 1403 382 1447 cepit,
391 1409 408 1437 et
417 1404 483 1437 horrea
492 1404 542 1448 regis
552 1403 623 1448 integra
634 1415 675 1438 cum
685 1405 733 1439 farre
740 1416 799 1448 vsque
810 1406 832 1439 ad

132 1458 191 1491 iocum
206 1458 237 1491 vbi
252 1462 326 1491 sanctus
341 1467 416 1491 manere
434 1457 509 1499 solebat,
525 1457 599 1491 nomine
615 1457 755 1502 Meilingdenor,
770 1468 832 1492 secum

132 1511 191 1544 traxit.
215 1510 242 1542 Ita
250 1510 302 1543 illesa
309 1511 332 1543 ab
340 1510 393 1553 aquis
401 1510 462 1543 omnia
469 1510 544 1544 inuenta
554 1516 602 1552 sunt,
609 1516 628 1544 vt
639 1522 673 1544 nec
683 1511 739 1545 arista
749 1512 833 1545 humecta
842 1527 845 1530 ⁴

106 1575 123 1604 ²5
133 1563 236 1605 apparebat.
282 1556 385 1605 instigante
396 1572 459 1604 regem
470 1562 489 1595 in
501 1563 562 1595 odium
574 1562 631 1596 sancti
641 1563 700 1596 amico
709 1564 748 1597 eius
759 1563 833 1596 nomine

133 1614 205 1650 Cathen
211 1614 222 1654 l,
231 1615 345 1649 contumeliis
351 1619 370 1648 et
376 1614 525 1648 conuitiisiurore
533 1619 634 1649 commotus
640 1615 679 1649 vice
686 1616 764 1659 quadam
772 1614 832 1659 ipsum

133 1667 198 1710 affecit,
206 1672 225 1700 et
232 1667 281 1701 calce
291 1678 400 1712 percussum
411 1668 434 1701 ad
445 1673 513 1701 terram
524 1668 627 1712 prostrauit.
650 1668 667 1702 A
676 1668 833 1703 circumstantibus

133 1725 207 1756 sanctus
218 1720 295 1763 leuatus,
307 1730 380 1755 omnem
392 1720 476 1754 iniuriam
487 1721 578 1764 patienter
588 1721 681 1755 tolerabat.
704 1721 775 1756 Cathen
785 1731 834 1762 vero,

133 1774 176 1808 mali
191 1773 245 1808 huius
260 1773 359 1816 incent0r⁷‚
372 1773 482 1807 cachinnans
494 1784 561 1818 equum
572 1774 664 1808 ascendit:
676 1780 694 1809 et
707 1781 750 1809 ante
761 1775 833 1809 ianuam

106 1829 156 1869 flode
172 1837 219 1869 equo
234 1837 328 1868 corruens,
344 1826 400 1859 fracta
415 1826 486 1859 ceruice
502 1827 596 1869 expirauit.
624 1827 682 1870 Regis
700 1829 758 1870 pedes
774 1833 834 1860 tumor

133 1878 205 1919 inuasit,
213 1877 280 1911 tumori
288 1878 340 1912 dolor
348 1877 441 1920 successit,
449 1889 536 1922 morsque
544 1878 626 1912 dolorem
634 1879 756 1924 subsequitur.
802 1872 834 1913 ln·

133 1937 253 1966 surrexerunt
263 1936 326 1965 contra
336 1936 419 1965 sanctum
429 1932 462 1964 filii
475 1932 531 1966 Belial
543 1933 566 1965 de
578 1932 685 1975 cognatione
694 1933 743 1977 regis
751 1933 834 1973 Morken,

133 1984 260 2028 conspirantes
271 1986 290 2016 in
302 1989 380 2017 mortem
392 1984 436 2017 eius.
460 1984 527 2018 Diuina
538 1984 593 2027 igitur
603 1985 714 2019 reuelatione
725 1986 833 2024 admonitus,

132 2047 199 2072 versus
205 2036 314 2079 Menenium,
319 2037 350 2071 vbi
357 2042 431 2071 sanctus
438 2037 498 2071 Dauid
503 2037 599 2071 virtutibus
606 2037 671 2080 floruit,
677 2038 711 2071 iter
719 2039 833 2082 aggreditur:

106 2106 124 2135 35
133 2091 183 2125 iuxta
191 2090 293 2124 caerleun⁸
302 2091 369 2124 multos
380 2091 403 2123 ad
414 2091 470 2124 fidem
482 2090 571 2125 conuertit
583 2095 601 2124 et
609 2091 705 2125 ecclesiam
714 2090 833 2130 construxit⁹;

134 2148 152 2178 et
162 2153 204 2177 curn
215 2147 278 2176 sancto
287 2142 347 2177 Dauid
355 2143 486 2187 aliquantisper
494 2154 564 2178 moram
572 2144 653 2186 trahens,
661 2155 672 2178 a
679 2155 723 2189 rege
731 2150 780 2179 terre
788 2143 835 2177 iliius

134 2195 253 2230 Cathwallain
258 2196 271 2214 ¹⁰
278 2196 338 2230 locum
343 2197 366 2230 ad
372 2198 515 2231 construendum
522 2197 652 2232 monasterium
657 2199 732 2242 accepit.
748 2197 835 2232 Edificato

134 2253 196 2283 autem
211 2249 259 2291 apud
276 2248 322 2292 Eigu
338 2249 418 2292 cenobio,
434 2251 498 2284 sedem
513 2251 638 2294 episcopalem
655 2251 723 2286 ibidem
739 2249 834 2286 constituit.
860 2282 863 2288 ,

135 2301 259 2342 Subregulum
267 2302 359 2343 quendam
369 2301 394 2334 illi
405 2302 464 2336 minas
474 2303 584 2337 inferentem
595 2309 612 2337 et
623 2305 646 2337 de
656 2305 696 2338 ioco
703 2305 734 2338 illo
742 2303 834 2346 expellere

106 2370 127 2403 40
135 2364 177 2387 cum
188 2352 254 2386 iniuria
266 2353 359 2394 nitentem,
370 2359 388 2387 et
399 2355 474 2389 cecitate
486 2366 496 2389 a
508 2357 542 2389 deo
554 2366 667 2400 percussum,
679 2367 734 2401 prece
746 2357 769 2391 ad
781 2355 835 2389 deum

134 2408 175 2440 fusa
182 2407 259 2447 sanauit,
267 2411 285 2439 et
295 2406 396 2440 adiutorem
405 2412 422 2440 et
430 2413 551 2451 protectorem
559 2409 578 2442 in
586 2414 681 2452 posterum
689 2411 757 2444 habere
765 2406 836 2441 meruit.

135 2452 249 2503 Congregati
255 2465 298 2493 sunt
303 2465 364 2494 autem
372 2459 391 2493 in
396 2462 506 2495 monasterio
513 2461 543 2496 illo
550 2463 614 2496 nonies
619 2462 631 2482 ¹¹
637 2468 711 2497 centum
718 2469 736 2498 et
742 2461 835 2504 sexaginta

154 2523 160 2541 ¹
170 2524 188 2553 T,
196 2523 270 2559 markeu3
281 2523 298 2553 tt.
306 2523 381 2560 markim;
391 2524 422 2554 Viti
430 2524 503 2555 Morken.
548 2526 554 2543 ²
565 2526 582 2556 Ελ
591 2537 669 2557 amouere.
714 2528 720 2545 ³
731 2527 749 2557 E.
756 2526 835 2555 obseruas.

134 2563 140 2580 ⁴
147 2563 178 2592 Vit.
184 2563 279 2592 omniamihi
284 2563 378 2592 adiiciuntur
383 2573 463 2601 prospera,
469 2566 538 2594 omnium
544 2575 596 2595 rerum
601 2567 659 2597 arridet
664 2568 749 2596 affluentia.
789 2564 795 2580 ⁵
805 2562 835 2591 Vil-

135 2603 218 2632 astruebat.
264 2602 372 2633 ⁶E.Catheu.
412 2602 446 2634 7Ε.
455 2604 528 2635 intentor.
568 2602 836 2643 '³T.caerleon;VitKarleolum·

134 2642 141 2660 ⁹
151 2643 171 2673 al.
178 2642 220 2672 Vita.
281 2642 293 2661 ¹⁰
303 2642 321 2673 E.
329 2642 438 2675 Cathwallam.
497 2644 509 2663 ¹¹
520 2645 537 2677 E.
546 2645 607 2677 nonies.
