1762 2803
90 149 92 154 ,
117 97 162 152 396
308 95 389 148 nota
403 93 519 157 toronos
535 93 628 157 annito.

117 216 229 260 inclinatum,
241 217 299 252 donec
311 223 475 260 consummaretur,
486 218 580 252 immobile
591 218 655 252 tenuit.
678 216 702 250 Et
715 215 741 251 sie
753 216 822 250 athleta

117 271 148 304 dei
163 274 227 313 quarto
243 269 278 304 lral.
294 269 373 304 Ianuarii
391 280 402 304 a
420 270 482 305 seculo
501 270 588 315 migrans,
603 269 662 304 victor
677 269 726 303 celos
741 269 822 304 intrauit.

119 316 217 358 Exeuntes
229 333 273 358 vero
286 322 358 366 milites,
371 334 433 368 equos,
446 335 511 360 aurum
524 329 542 360 et
558 329 660 369 argentum,
672 328 690 358 et
703 323 789 368 quicquid
802 323 822 358 in

118 377 185 421 palatio
203 376 335 421 archiepiscopi
354 383 448 421 repertum
465 383 499 421 est,
515 378 563 412 inter
578 388 598 412 se
615 377 722 412 diuiserunt.
750 376 823 420 Scripta

101 439 191 475 5quoque
203 434 222 465 et
233 429 329 474 priuilegia
341 429 440 475 Ranulpho
452 431 476 465 de
488 430 537 465 Brolc
548 430 614 466 tradita
625 435 668 465 sunt
679 430 702 465 ad
714 440 778 474 regem
789 430 823 464 de-

119 483 199 517 ferenda.
222 483 269 516 Cum
279 488 340 516 autem
348 484 384 517 duo
391 483 476 518 viderent
486 484 548 526 cilicia,
557 484 668 518 consternati
678 488 721 517 sunt
732 488 750 516 et
760 488 822 526 stupe·

118 533 166 576 facti,
174 535 223 578 quod
231 540 268 568 tam
277 535 354 569 euidens
364 536 472 569 obumbrare
482 537 577 580 religionis
585 540 681 570 cernerent
688 539 822 579 argumentum.

120 580 218 622 Exuentes
230 592 292 622 autem
303 589 389 623 monachi
402 595 485 624 sanctum
499 589 593 624 martirem
605 588 687 624 vestibus
700 587 744 630 suis,
755 597 822 631 corpus

119 641 159 677 eius
167 640 224 676 cilicio
232 640 340 685 inuolutum,
348 642 389 687 ipsa
397 643 451 678 etiam
460 641 555 678 femoralia
562 653 620 687 vsque
627 642 650 677 ad
658 641 737 687 poplites
747 641 823 683 cilicina,

93 706 112 728 ιο
119 694 239 739 habitumque
250 696 401 739 superinductum
413 696 545 738 monachalem,
557 697 654 731 stamiriam
666 696 751 730 videlicet
762 700 780 730 et
791 705 822 730 cu·

120 749 317 793 cullam‚repererunt¹.
330 749 399 784 Passus
404 755 497 785 estantem
503 760 552 784 anno
557 751 615 795 gratie
620 749 717 784 millesimo
722 749 822 785 centesimo

119 803 260 846 septuagesimo,
268 804 305 836 vite
312 813 356 837 vero
364 814 397 837 sue
404 813 453 836 anno
461 803 612 846 quinquagesimo
619 803 726 836 tercio.—

143 968 180 1013 (Ex
191 969 269 1013 legenda
280 969 415 1013 sanctorumV:
461 962 556 1006 Sacerdos
567 969 642 1014 quidam
654 970 677 1005 de
688 970 742 1005 beata
751 967 822 1013 virgine

121 1021 201 1066 quotidie
214 1022 322 1065 celebrabat,
340 1023 371 1067 qui
386 1023 523 1068 archiepiscopo
535 1029 635 1066 accusatus,
647 1023 670 1057 ab
682 1034 705 1057 eo
719 1022 824 1064 accersitur,

95 1089 112 1120 15
121 1079 139 1108 et
152 1081 239 1118 tanquam
251 1075 325 1118 ydiota³
335 1080 354 1110 et
365 1076 434 1110 inscius
446 1076 469 1109 ab
480 1075 540 1109 officio
551 1075 675 1120 suspenditur.
702 1075 749 1109 Cum
762 1079 823 1108 autem

120 1127 185 1161 beatus
198 1126 278 1161 Thomas
292 1127 369 1161 cilicium
383 1138 437 1161 suum
452 1138 506 1161 suere
521 1128 601 1170 deberet,
616 1133 635 1161 et
650 1128 684 1161 sub
700 1127 747 1161 lecto
762 1127 823 1172 ipsum

121 1179 247 1214 abscondisset
255 1180 286 1215 vt⁴
294 1182 317 1215 ad
325 1182 415 1215 suendum
424 1181 488 1215 horam
496 1187 577 1225 captaret
581 1182 593 1225 ⁶,
602 1183 654 1216 beata
664 1181 722 1216 Maria
733 1179 824 1215 sacerdoti

121 1232 211 1275 apparuit,
223 1232 296 1266 dicens:
310 1231 372 1266 ‘Vade
385 1232 408 1266 acl
422 1231 586 1275 archiepiscopum,
598 1232 652 1275 eique
668 1232 718 1266 dicas
731 1232 780 1275 quod
794 1230 824 1264 illa

121 1285 173 1318 cuius
186 1294 249 1318 amore
261 1284 328 1319 missas
340 1284 419 1328 dicebas
433 1284 472 1319 eius
485 1284 564 1320 cilicium
576 1285 625 1330 quod
638 1284 695 1330 [est]⁰
708 1284 727 1319 in
741 1283 773 1319 tali
784 1283 824 1318 loco

95 1355 114 1377 20
122 1337 197 1377 consuit,
206 1343 224 1372 et
232 1338 302 1372 setaml
310 1340 391 1381 rubeam,
401 1339 424 1373 de
432 1349 468 1382 qua
478 1338 521 1373 illud
530 1339 607 1381 consuit,
615 1338 683 1373 ibidem
691 1337 768 1382 reliquit.
791 1336 825 1371 llla

121 1391 176 1435 igitur
183 1392 258 1425 mandat
266 1391 300 1426 sibi
308 1392 357 1436 quod
363 1392 479 1427 interdictum
485 1393 534 1435 quod
542 1391 574 1426 tibi
582 1392 649 1427 lecerat
657 1392 722 1426 debeat
730 1390 826 1425 relaxare)

122 1445 176 1487 Quod
183 1443 213 1477 ille
221 1444 302 1486 audiens,
311 1449 329 1478 et
337 1445 361 1478 ita
369 1444 470 1486 inueniens,
479 1445 576 1489 obstupuit,
585 1450 603 1479 et
611 1445 727 1479 interdictum
738 1444 824 1478 relaxans

122 1498 236 1533 sacerdotem
249 1497 284 1531 hoc
297 1497 366 1531 habere
379 1502 470 1532 secretum
483 1499 571 1542 precepit.
615 1490 703 1543 Quedam
715 1498 790 1532 domina
801 1497 825 1533 cle

122 1549 189 1595 Anglia
196 1550 257 1584 varios
265 1551 327 1585 oculos
335 1552 408 1593 habere,
417 1552 440 1585 ob
448 1551 540 1586 lasciuiam
549 1556 567 1586 et
574 1551 663 1586 maiorem
670 1550 825 1595 pulchritudinem

95 1616 114 1646 25
123 1603 218 1639 affectabat
226 1616 230 1639 :
242 1614 299 1647 super
306 1615 342 1648 quo
349 1609 411 1650 votum
417 1614 493 1647 vouens,
500 1604 554 1639 nudis
561 1604 640 1649 pedibus
649 1604 768 1648 sepulchrum
776 1602 825 1639 beati

122 1658 195 1692 Thome
210 1656 295 1691 visitauit.
328 1657 368 1698 Que
384 1668 425 1690 cum
440 1657 459 1690 in
475 1657 556 1690 oratione
571 1662 662 1699 prostrata
677 1663 732 1698 esset,
747 1667 825 1700 surgens

123 1709 194 1743 inuenit
210 1719 231 1743 se
249 1709 322 1751 penitus
342 1714 452 1743 excecatam.
479 1709 581 1753 Statimque
596 1709 686 1752 penitens,
699 1708 746 1753 cepit
761 1720 826 1754 rogare

123 1764 197 1797 beatum
208 1761 300 1795 Thomam
311 1766 331 1796 vt
341 1761 378 1795 iam
389 1773 427 1795 non
438 1761 503 1805 varios,
512 1763 545 1796 sed
557 1762 621 1796 saltem
633 1772 676 1796 suos
688 1762 723 1796 sibi
734 1763 826 1798 redderet.

123 1815 177 1857 Quod
189 1815 264 1849 tandem
277 1825 319 1848 cum
334 1816 391 1849 multa
405 1815 509 1850 difficultate
522 1814 554 1850 vin
567 1814 623 1849 valuit
638 1814 726 1850 obtinere.
775 1808 826 1851 Auis

96 1880 116 1910 5⁰
122 1865 202 1912 quedam
210 1866 263 1900 docta
270 1865 325 1910 loqui,
332 1876 374 1901 cum
382 1866 433 1901 nisus
442 1876 482 1901 eam
490 1866 622 1911 insequeretur,
628 1866 675 1901 sicut
682 1865 770 1902 didicerat
778 1866 826 1912 cepit

123 1921 213 1956 clamare:
232 1920 310 1954 ‘Sancte
325 1919 401 1963 Thoma,
417 1920 483 1955 adiuua
498 1921 539 1954 me.’
570 1920 593 1954 Et
610 1915 672 1955 statim
691 1919 743 1955 nisus
762 1920 826 1956 cecidit

123 1979 211 2015 mortuus,
224 1978 242 2008 et
254 1973 285 2007 illa
299 1973 362 2007 euasit.
422 1966 505 2019 Quidam
518 1983 573 2017 quem
588 1979 662 2007 sanctus
677 1973 758 2007 Thomas
773 1974 827 2008 valde

123 2026 217 2067 dilexerat,
230 2035 272 2060 cum
284 2025 364 2070 grauiter
376 2025 505 2067 infirmaretur,
516 2025 549 2060 iuit
564 2026 587 2060 ad
603 2025 642 2060 eius
659 2025 741 2060 tumbam
758 2031 776 2061 et
793 2037 827 2070 pro

124 2078 193 2114 salute⁸
205 2078 286 2122 rogauit:
302 2084 321 2112 et
332 2079 355 2112 ad
366 2078 437 2112 libitum
447 2077 557 2122 impetrauit.
580 2078 618 2112 Sed
630 2079 674 2111 dum
686 2089 742 2112 sanus
753 2079 827 2121 rediret,

97 2142 116 2174 35
124 2131 174 2177 cepit
181 2130 271 2175 cogitaret
282 2131 332 2175 quod
343 2131 374 2166 illa
385 2131 454 2166 sanitas
465 2131 527 2166 anime
539 2141 572 2165 sue
583 2130 659 2165 forsitan
671 2141 708 2165 non
720 2132 826 2176 expediret:

126 2186 175 2220 vnde
190 2184 256 2218 iterum
271 2184 346 2219 rediens
360 2185 383 2218 ad
396 2184 519 2229 sepulchrum,
533 2183 591 2218 orauit
602 2188 627 2226 vt,
641 2183 656 2218 si
672 2194 709 2219 non
721 2189 772 2219 esset
783 2184 827 2220 vtile

125 2239 186 2273 anime
200 2248 238 2278 sue,
250 2237 336 2271 continuo
352 2237 449 2271 infirmitas
464 2238 505 2281 ipsa
520 2237 601 2271 rediret:
619 2237 716 2280 statimque
730 2238 828 2272 infirmitas

125 2291 179 2325 rediit
194 2289 241 2323 sicut
255 2288 310 2333 prius.
355 2282 379 2323 In
394 2289 434 2324 eius
449 2294 510 2324 autem
525 2288 651 2323 interfectores
666 2288 685 2323 in
700 2294 771 2324 tantum
783 2290 828 2325 vltio

125 2342 188 2378 diuina
199 2342 276 2384 deseuit,
287 2346 307 2375 vt
318 2341 348 2376 alii
359 2341 426 2387 digitos
439 2341 525 2376 dentibus
536 2341 626 2376 frustatim
631 2341 644 2362 ¹⁰
656 2342 787 2388 discerpentes,
798 2344 828 2379 alii

146 2435 151 2453 ¹
161 2434 179 2465 T.
187 2433 204 2465 E.
213 2432 327 2471 repperierunt.
368 2432 374 2450 ²
384 2432 409 2462 Ex
416 2432 447 2471 leg.
453 2436 543 2463 sauctorum
550 2442 580 2464 om.
586 2433 603 2463 in
610 2433 628 2464 T.
635 2443 639 2471 ς
649 2433 676 2464 Ta.
682 2433 760 2465 Narratio.
781 2434 829 2466 From

126 2474 231 2514 regnum,
238 2483 253 2512 p.
261 2474 286 2505 68.
351 2472 457 2511 ⁸E.ydeota
519 2473 552 2503 ⁴T.
560 2477 585 2509 et;
597 2474 614 2504 E.
622 2477 644 2505 vt.
705 2473 829 2513 “LAmptaret

125 2515 262 2584 :tss'friisffatim
274 2513 280 2531 ⁷
291 2513 309 2542 T.
317 2513 335 2542 E.
343 2517 398 2542 cetam.
449 2513 455 2529 ⁸
466 2511 498 2541 LA.
506 2512 574 2541 sanitate
580 2521 613 2542 sua.
663 2512 669 2530 ⁹
679 2512 698 2543 Ε.
705 2513 775 2550 cogitare
782 2513 829 2552 cepit.
