1762 2803
153 121 196 176 358
342 117 664 181 parabaptismata

153 245 258 276 secuturum
270 240 372 276 doctrinam
384 240 432 274 illius
445 240 476 284 qui
488 251 509 274 se
521 245 547 274 tot
559 252 580 275 ac
592 240 647 275 tantis
658 238 790 274 calamitatibus
802 250 857 283 crep-

152 300 197 336 tum,
205 296 228 328 ad
239 294 291 338 regni
301 294 372 337 apicem
383 294 500 336 proueheret.
523 293 564 335 Quo
573 298 648 337 accepto
656 302 752 336 responso,
760 291 857 327 confestim

152 348 169 382 is
184 347 215 391 qui
233 347 341 392 loquebatur
356 357 398 380 cum
413 357 440 389 eo,
458 345 545 391 imposuit
561 348 657 381 dexteram
673 356 726 380 suam
741 345 795 390 capiti
812 346 857 388 eius,

154 401 227 434 dicens:
240 401 298 434 ‘Cum
309 400 343 433 hoc
355 411 399 444 ergo
410 399 442 433 tibi
454 399 527 444 signum
538 400 638 443 aduenerit,
646 404 739 433 memento
749 400 803 433 huius
810 404 857 433 tem-

136 454 204 499 5poris
219 465 240 487 ac
256 454 328 497 loquele
343 458 412 496 nostre,
428 458 445 487 et
461 464 483 487 ea
497 464 533 497 que
549 464 597 487 nunc
612 454 703 497 promittis
718 452 820 496 adimplere
833 463 857 487 ne

153 506 238 541 differas!
274 506 309 540 His
325 506 383 545 dictis,
399 506 430 548 qui
445 507 480 538 hec
495 506 603 549 loquebatur
618 510 695 548 repente
710 505 803 548 disparuit.
834 504 858 538 Et

154 569 197 592 ecce
205 557 255 592 venit
266 559 289 592 ad
301 569 344 592 eum
354 557 437 602 prefatus
448 557 518 591 amicus
529 557 583 600 illius,
591 557 655 592 dicens
663 557 705 602 quia
716 561 806 592 mutatum
818 562 857 592 crat

154 623 185 645 cor
198 611 253 655 regis,
266 622 300 645 nec
313 611 348 644 sibi
361 611 428 654 aliquid
442 611 484 644 mali
497 611 563 652 facere,
572 612 605 645 sed
618 612 674 644 fidem
686 609 746 654 potius
759 610 857 653 pollicitam

154 674 229 699 seruare
237 664 331 707 disposuit.
354 663 396 697 Non
404 663 461 696 multo
469 668 512 707 post
520 663 634 698 Redtualdus
642 673 675 697 rex
683 667 794 707 congregato
806 673 858 697 exer-

128 732 146 753 10
154 717 191 752 citu
207 717 329 751 Ethelfridum
344 727 408 761 regem
423 716 488 751 occidit
505 717 524 751 in
543 717 611 751 finibus
627 718 686 761 gentis
706 716 816 750 Marciorum
835 717 858 750 ad

155 771 261 805 orientalem
270 771 342 814 plagam
351 770 410 804 amnis
418 770 452 803 del
461 769 505 809 idle,
514 776 532 804 et
541 770 638 804 Edwinum
648 771 671 803 ad
681 780 758 812 regnum
768 769 858 812 prouexit.

155 816 207 859 Cum
219 834 263 867 ergo
274 823 380 867 predicante
391 822 469 857 verbum
481 822 510 857 dei
521 822 597 857 Paulino
609 833 642 857 rex
654 823 730 856 credere
743 822 829 864 differret,
840 827 858 856 et

155 887 189 920 per
202 876 275 918 aliquod
288 882 362 919 tempus
374 876 424 909 horis
437 876 583 919 competentibus
596 875 686 909 solitarius
700 876 773 909 sederet
785 875 858 918 etquid

155 930 247 972 agendum
259 928 293 961 sibi
305 932 358 969 esset,
367 938 402 971 que
414 927 477 970 religio
486 928 585 970 sequenda,
593 927 667 961 sedulus
675 936 738 960 secum
749 926 858 966 reuolueret,

129 999 148 1029 ¹5
156 980 261 1024 ingrediens
273 980 296 1014 ad
308 990 351 1014 eum
363 980 442 1023 quadam
457 979 486 1013 dic
500 979 528 1013 vir
541 979 576 1021 dei,
591 978 678 1023 imposuit
693 979 789 1012 dexteram
804 978 858 1022 capiti

156 1033 201 1076 eius,
209 1039 228 1068 et
239 1044 262 1067 an
273 1034 307 1067 hoc
319 1033 391 1077 signum
403 1038 511 1076 agnosceret
522 1032 621 1076 requisiuit.
644 1032 680 1074 Qui
692 1042 733 1066 cum
744 1038 826 1066 tremens
836 1034 859 1066 ad

156 1088 214 1131 pedes
230 1086 269 1120 eius
284 1086 380 1130 procidere
395 1086 455 1128 vellet,
470 1086 537 1120 leuauit
553 1097 600 1128 eum,
616 1090 634 1120 et
649 1084 701 1130 quasi
716 1084 799 1120 familiari
814 1096 859 1121 voce

157 1140 232 1174 affatus:
247 1141 305 1181 ‘ecce,
317 1139 381 1182 inquit,
394 1139 473 1173 hostium
486 1149 552 1173 manus
565 1139 644 1182 emisisti,
657 1148 734 1182 regnum
750 1138 859 1182 percepisti:

157 1197 250 1227 memento
261 1197 281 1228 vt
292 1192 365 1227 tertium
374 1192 422 1235 quod
434 1191 534 1235 promisisti
545 1192 605 1226 facere
617 1204 640 1226 ne
652 1192 732 1233 differas,
743 1192 860 1235 suscipiendo

130 1260 149 1280 πο
158 1247 214 1280 fidem
222 1245 261 1280 eius
269 1250 288 1280 et
295 1250 382 1289 precepta
389 1245 486 1288 seruando,
491 1245 523 1288 qui
531 1250 549 1279 te
556 1257 567 1279 a
575 1245 705 1288 temporalibus
713 1244 766 1279 malis
773 1244 860 1289 eripiens,

158 1300 181 1332 ad
195 1298 247 1342 regni
261 1299 349 1332 honorem
362 1298 472 1339 sublimauit;
488 1303 506 1331 et
518 1297 533 1332 si
547 1298 635 1340 deinceps
646 1298 734 1331 voluntati
748 1298 793 1338 eius,
805 1308 859 1341 quam

157 1361 233 1394 perine
246 1350 279 1384 tibi
294 1350 381 1393 predicat,
397 1350 523 1383 obsecundare
536 1350 621 1392 volueris,
637 1361 647 1384 a
662 1350 756 1393 perpetuis
771 1350 860 1384 malorum

156 1402 252 1437 tormentis
265 1408 284 1436 te
299 1402 385 1445 liberans,
398 1402 457 1436 eterni
469 1413 532 1436 secum
544 1403 596 1447 regni
608 1403 627 1437 in
641 1404 685 1437 celis
698 1403 751 1438 saciet
765 1413 807 1438 csse
820 1413 860 1447 par·

157 1457 241 1501 ticipem.'
265 1456 336 1498 Quibus
354 1455 426 1498 auditis,
443 1466 476 1490 rex
495 1456 588 1500 suscipere
604 1456 678 1500 quidem
696 1467 716 1491 se
734 1456 790 1491 fidem
806 1468 861 1501 quam

132 1528 150 1557 ²5
158 1511 240 1550 docebat,
249 1515 267 1543 et
275 1510 322 1542 velle
334 1513 352 1542 et
363 1509 431 1542 debere
443 1509 570 1552 respondebat.
593 1509 663 1542 Verum
674 1510 733 1543 adhuc
744 1520 785 1543 cum
797 1509 861 1543 amicis

159 1562 213 1604 suis²‚
221 1562 334 1607 principibus
342 1566 360 1595 et
368 1561 476 1595 consiliariis
484 1562 507 1595 de
517 1562 551 1596 hoc
561 1562 667 1597 collaturum
677 1573 719 1597 esse
729 1562 804 1605 dicebat,
812 1569 837 1605 vt,
846 1563 861 1598 si

159 1621 177 1650 et
185 1615 211 1649 illi
218 1616 284 1649 eadem
292 1626 334 1649 cum
345 1625 366 1648 eo
378 1614 446 1648 sentire
453 1616 527 1656 vellent,
535 1626 600 1649 omnes
612 1615 680 1658 pariter
692 1617 768 1649 credere
779 1622 861 1659 possent.

159 1669 259 1702 Annuente
271 1667 353 1708 Paulino,
363 1673 382 1700 et
395 1667 456 1701 habito
469 1678 511 1700 cum
523 1667 636 1711 sapientibus
645 1667 726 1708 consilio,
737 1667 862 1703 sciscitabatur

160 1721 265 1764 singillatim
276 1721 298 1754 ab
310 1719 395 1754 omnibus
403 1720 462 1763 qualis
474 1719 508 1754 sibi
520 1720 601 1754 doctrina
613 1720 647 1754 hec
659 1725 735 1754 eatenus
746 1720 831 1762 inaudita,
843 1727 861 1755 et

133 1790 151 1818 30
160 1784 219 1807 nouus
234 1773 333 1806 diuinitatis
348 1773 379 1815 qui
395 1773 524 1815 predicabatur
542 1773 602 1806 cultus
616 1773 715 1807 videretur.
738 1774 772 1807 Cui
790 1774 861 1817 primus

159 1825 266 1870 pontificum
271 1825 329 1869 ipsius
335 1825 380 1860 Coifi
388 1825 472 1859 continuo
480 1827 584 1869 respondit:
598 1825 635 1860 ‘Tu
641 1825 689 1868 vide,
695 1837 734 1868 rex,
740 1827 794 1871 quale
799 1829 822 1861 sit
827 1827 862 1862 hoc

160 1879 208 1923 quod
218 1879 271 1913 nobis
281 1879 335 1912 modo
346 1878 460 1921 predicatur:
472 1890 506 1922 ego
517 1884 578 1913 autem
588 1879 620 1912 tibi
628 1879 724 1913 verissime
732 1881 781 1923 quod
792 1886 862 1914 certum

160 1931 214 1966 didici
225 1932 318 1976 profiteor,
326 1931 369 1975 quia
380 1931 436 1966 nichil
448 1931 522 1966 omnino
530 1931 600 1966 virtutis
609 1931 669 1973 habet,
678 1931 734 1965 nichil
741 1931 822 1967 utilitatis
833 1943 862 1968 re-

160 1986 202 2030 ligio
212 1986 305 2029 illaquam
317 1985 411 2028 hucusque
418 1984 515 2020 tenuimus.
539 1985 605 2020 Nullus
617 1985 666 2019 enirn
677 1990 750 2020 tuorum
762 1986 862 2020 studiosius

134 2056 153 2086 35
161 2049 216 2083 quam
227 2049 261 2081 ego
273 2039 342 2072 culture
354 2039 431 2072 deorum
442 2038 559 2072 nostrorum³
571 2049 591 2071 se
604 2037 689 2080 subdidit,
702 2043 720 2072 et
733 2039 862 2074 nichilominus

161 2091 213 2127 multi
227 2096 270 2125 sunt
282 2090 313 2135 qui
326 2091 414 2134 ampliora
426 2102 436 2125 a
449 2096 467 2125 te
479 2091 568 2125 beneficia
581 2102 635 2135 quam
649 2102 688 2135 ego,
701 2096 719 2125 et
731 2092 810 2126 maiores
822 2103 863 2137 per-

161 2144 241 2189 cipiunt*
253 2144 355 2188 dignitates,
367 2145 462 2189 magisque
473 2150 605 2189 prosperantur
617 2144 636 2178 in
648 2144 779 2189 omnibusque
792 2148 863 2190 agenda

161 2199 190 2233 vel
202 2198 313 2241 acquirenda
323 2199 427 2240 disponunt.
450 2197 470 2230 Si
482 2202 543 2231 autern
554 2197 579 2231 dii
591 2196 658 2240 aliquid
666 2197 753 2240 valerent,
762 2209 792 2232 me
803 2199 863 2241 potius

161 2251 225 2285 iuuare
236 2250 309 2291 vellent,
323 2249 354 2293 qui
369 2249 405 2282 illis
419 2249 521 2293 impensius
537 2249 606 2283 seruire
621 2248 688 2283 curaui.
711 2248 765 2284 Vnde
778 2255 834 2284 restat
844 2257 863 2285 vt

134 2321 155 2351 40
162 2303 178 2338 si
193 2314 215 2336 ea
230 2314 266 2346 que
281 2313 329 2335 nunc
344 2313 393 2336 noua
405 2302 457 2336 nobis
472 2302 594 2345 predicantur,
607 2301 682 2337 meliora
697 2314 739 2337 esse
753 2309 771 2337 et
784 2304 864 2347 fortiora,

162 2356 223 2391 habita
235 2356 370 2390 examinatione
381 2355 505 2399 perspexeris,
514 2357 583 2399 absque
594 2355 631 2391 ullo
643 2356 758 2390 cunctamine
770 2357 864 2401 suscipere

162 2409 193 2443 illa
204 2408 321 2443 festinemus.¹
344 2408 400 2443 Cuius
414 2408 494 2442 suasioni
507 2410 606 2453 verbisque
620 2410 741 2453 prudentibus
757 2410 803 2443 alius
818 2411 864 2454 opti·

163 2467 231 2497 matum
244 2463 293 2506 regis
304 2462 386 2496 tribuens
398 2473 500 2503 assensum,
513 2463 598 2497 continuo
612 2462 702 2497 subdidit:
722 2463 813 2497 ‘Domine
825 2474 864 2507 rex,

162 2516 199 2550 vita
212 2516 246 2549 hec
260 2514 356 2549 hominum
368 2516 392 2549 ad
404 2517 496 2549 modicum
508 2526 600 2560 apparens
612 2515 694 2557 elabitur,
706 2515 749 2559 quid
762 2522 823 2551 autern
835 2527 864 2551 se-

184 2583 423 2622 ¹r.dicti;Bed.quivocatur.
454 2584 527 2616 2alem.
557 2585 689 2615 ³E.vestrorum.
717 2583 863 2623 ‘Bedaccipiunt
