1762 2803
264 191 266 196 .
302 140 382 193 tuoto
398 138 515 203 litemus
530 138 622 203 antiit.

111 264 172 299 mabar
185 274 206 299 se
218 272 312 308 nunquam
323 262 420 298 sanitatem
430 270 567 309 percepturum,
579 275 613 299 nec
625 268 767 306 sacramentum,
778 262 814 298 nisi

112 317 235 363 Sampsonem
245 316 388 360 primogenitum
397 327 451 352 suum
459 318 535 360 videret,
544 328 578 362 per
587 328 642 361 quem
653 317 722 362 pariter
731 316 814 361 corporIs

111 378 130 406 et
145 371 206 404 anime
221 369 317 403 sanitatem
336 380 357 402 se
372 372 514 414 suscepturum¹
529 372 606 405 dicebat.
633 371 673 412 Quo
688 381 723 414 per
737 369 815 405 nuncios

112 422 179 466 audito,
194 420 318 467 ingemiscens
337 421 431 466 Sampson
449 422 507 459 dinitr
525 423 581 467 ‘lam,
597 422 632 458 nisi
651 423 708 466 fallor,
728 421 815 467 Egiptum

94 485 102 517 5
113 476 188 521 reliqui:
200 486 237 511 non
249 480 278 510 est
290 486 336 520 opus
348 485 378 510 me
390 475 409 511 in
420 477 480 521 ipsam
491 477 557 512 redire.
581 477 648 512 Potens
660 481 688 511 est
699 482 760 511 autem
769 477 815 510 deus

112 534 226 574 egrotantem
235 531 311 563 sanare)
335 530 369 563 Cui
378 530 518 565 Iltutuslabbas
526 531 561 565 ait:
574 531 645 573 ‘Quare
653 530 680 565 sie
688 529 738 571 dicis,
746 529 815 564 electe?

112 593 175 618 curam
190 588 208 617 te
224 587 296 626 oportet
313 582 382 617 habere
397 584 421 618 de
436 583 538 618 animarum
555 583 644 628 prosectu,
659 588 727 628 tuaque
743 593 815 617 merces

111 636 186 680 grandis
202 636 236 670 erit
250 646 291 670 cum
307 636 347 677 deo,
361 638 405 671 dum
419 637 451 671 vbi
466 637 545 672 carnalia
559 637 656 680 creuerint,
669 636 771 682 spiritualia
786 647 815 671 se-

112 689 225 723 minentur³.’
249 688 285 730 Qui
294 689 400 732 respondit:
413 689 497 723 ‘Vtinam
505 690 589 724 voluntas
599 690 628 724 dei
638 691 675 732 fiat,
685 700 729 723 nam
740 694 816 733 propter

86 753 105 774 10
113 741 168 776 deum
183 747 202 775 et
216 740 267 776 lucra
282 741 385 776 animarum
400 742 498 777 omnibus¹
512 747 587 787 paratus
605 743 657 777 sum!
680 742 763 787 Cumque
781 752 816 786 per

112 800 184 830 vastam
198 795 317 830 solitudinem
332 806 374 829 cum
388 806 425 829 vno
438 794 515 830 diacono
529 800 620 840 pergeret,
634 794 740 829 horribilem
751 805 815 829 vocem

113 848 165 883 iuxta
178 859 199 884 se
213 848 316 883 audierunt.
339 848 368 882 Ob
380 859 435 893 quam
446 859 510 884 vocem
525 849 632 893 perterritus
646 848 734 882 diaeonus
747 859 815 892 equum

113 901 182 936 dimisit
194 909 213 937 et
226 901 301 946 pallium
314 912 369 936 suum
381 901 486 946 proiiciens,
498 902 517 936 in
530 903 591 946 sugam
604 912 625 937 se
638 901 732 937 conuenit.
756 901 815 944 Quem

114 953 221 990 theomaca⁶
230 954 300 988 hirsuta
308 959 326 988 et
334 960 411 988 cornuta
418 966 460 988 cum
468 956 531 989 lancea
538 955 641 989 trisuleata⁶
649 965 684 997 per
689 960 749 988 vastas
759 954 816 988 siluas

88 1015 105 1045 ¹⁵
114 1007 172 1043 veloci
188 1018 243 1042 cursu
255 1006 308 1052 quasi
321 1007 417 1050 volitansl,
434 1007 546 1043 seminecem
561 1007 664 1051 prostrauit.
688 1007 756 1043 Beatus
771 1017 815 1043 vero

114 1061 207 1106 Sampson
221 1060 324 1104 intrepidus
335 1060 462 1104 progrediens,
472 1066 490 1095 et
500 1062 614 1095 theomaeam
627 1072 638 1095 a
649 1060 703 1105 longe
714 1060 815 1105 lugientem

113 1114 211 1158 aspiciens,
222 1114 326 1148 exclamare
338 1116 397 1158 cepit:
412 1114 472 1158 ‘Quid
483 1113 535 1159 fugis,
545 1113 622 1149 mulier?
631 1120 650 1149 et
660 1125 694 1159 ego
707 1114 762 1148 homo
774 1124 816 1148 sum

114 1168 161 1202 sicut
168 1167 199 1203 ille
206 1177 261 1212 quem
269 1167 372 1211 prostrasti.
396 1166 416 1201 Si
424 1167 443 1201 in
451 1172 541 1212 potestate
547 1172 577 1201 tua
582 1168 634 1201 datus
641 1178 687 1208 sum,
694 1178 737 1202 ecce
742 1169 815 1203 assum)

114 1221 139 1255 At
150 1221 181 1255 illa
191 1230 230 1255 non
242 1221 353 1263 attendente,
362 1221 395 1254 sed
407 1231 481 1264 semper
488 1221 551 1265 sugere
561 1221 636 1263 nitente,
644 1220 711 1255 iterum
719 1220 815 1255 clamauit:

87 1281 106 1301 ²0
115 1274 200 1317 ‘impero
212 1272 246 1306 tibi
256 1273 276 1306 in
287 1273 363 1306 nomine
371 1273 427 1307 ihesu
436 1273 509 1315 Christi,
518 1274 540 1307 ab
550 1284 571 1306 eo
583 1274 623 1307 loco
630 1273 649 1306 in
657 1284 693 1316 quo
704 1274 759 1308 modo
772 1279 816 1315 stas,

114 1327 173 1361 donec
184 1325 257 1361 veniam
273 1326 296 1359 ad
310 1330 328 1358 te
340 1326 408 1370 pedem
422 1336 446 1359 ne
460 1327 545 1359 mouens!
567 1326 619 1359 Tunc
635 1326 665 1359 illa
680 1330 776 1368 tremente,
788 1324 817 1360 vir

114 1385 188 1415 sanctus
196 1380 298 1414 adueniens
306 1378 342 1413 ait:
355 1379 406 1421 ‘Que
415 1389 441 1422 es,
449 1379 496 1413 mala
502 1380 513 1422 l,
521 1380 549 1414 vel
558 1380 639 1423 qualis?’
655 1380 689 1413 Illa
697 1389 739 1413 cnm
746 1379 816 1424 ingenti

115 1439 195 1467 tremore
205 1432 312 1477 respondit:
324 1432 450 1466 ‘⁹Theomaca
457 1442 504 1475 sum,
512 1432 563 1466 cuius
570 1438 634 1476 gentes
643 1432 737 1477 hucusque
745 1432 797 1467 uobis
803 1431 817 1452 ¹⁰

115 1486 266 1530 preuaricatrices
278 1485 382 1526 extiterunt,
391 1490 409 1520 et
418 1496 467 1520 nunc
477 1486 526 1520 nulla
538 1487 561 1521 de
572 1496 614 1521 meo
622 1496 690 1530 genere
698 1485 787 1521 remansit
797 1484 816 1521 in

89 1547 106 1577 ²5
116 1539 149 1573 hac
161 1539 208 1573 silua
219 1537 255 1572 nisi
266 1548 306 1581 ego.
329 1538 394 1572 Habeo
406 1539 455 1572 eninr
467 1543 507 1572 octo
519 1549 592 1572 sorores
604 1544 623 1573 et
635 1543 718 1580 matrem,
730 1549 766 1583 que
778 1549 816 1573 non

115 1597 159 1626 sunt
170 1593 205 1633 hie,
217 1592 251 1625 sed
264 1592 282 1625 in
296 1590 377 1625 ulteriori
389 1590 435 1625 silua
447 1591 519 1634 degunt.
543 1591 581 1634 Ego
593 1596 654 1626 autem
667 1591 732 1626 marito
748 1591 767 1626 in
782 1591 816 1626 hac

116 1645 192 1679 heremo
203 1643 269 1679 tradita
280 1654 327 1686 sum,
338 1654 397 1688 eoque
406 1643 443 1678 iam
455 1649 532 1686 mortuo,
541 1644 629 1679 recedere
641 1644 707 1679 dehac
720 1644 767 1678 silua
778 1654 816 1679 non

116 1699 203 1743 possum,y
226 1696 260 1731 Cui
272 1702 346 1730 sanetus
359 1696 394 1730 ait:
411 1696 509 1741 ‘Nunquid
521 1702 574 1741 potes
587 1697 661 1732 fratrem
674 1709 729 1742 quem
741 1708 817 1742 percus·

116 1751 156 1786 sisti
164 1749 267 1786 rediuiuum
275 1751 348 1784 tradere
354 1749 371 1793 ²¹,
377 1750 407 1784 vel
415 1755 464 1785 certe
473 1749 565 1785 sollicitari
573 1751 596 1785 de
604 1750 687 1795 profectu
695 1750 756 1785 anime
762 1755 793 1786 tue
800 1752 816 1785 l’

88 1814 107 1842 30
117 1804 140 1839 Et
149 1804 189 1838 illa:
202 1803 264 1845 ‘Nolo,
273 1814 306 1837 nee
316 1804 335 1837 in
343 1803 409 1837 melius
417 1802 499 1847 reparari
507 1814 594 1847 possum:
607 1804 677 1838 nullum
688 1804 737 1838 enim
748 1805 816 1838 bonum

115 1857 175 1891 facere
186 1865 268 1900 possum,
277 1856 310 1890 scd
322 1865 397 1899 semper
408 1856 431 1889 ab
439 1855 515 1889 infantia
523 1866 564 1889 mea
575 1856 669 1900 hucusque
677 1856 699 1889 ad
708 1857 755 1890 mala
763 1867 817 1890 exer-

115 1910 168 1946 citata
180 1910 232 1945 sum’
255 1908 308 1943 Tunc
319 1914 394 1943 sanctus
408 1909 444 1943 ait:
462 1908 533 1943 ‘Deum
545 1907 689 1952 omnipotentem
701 1908 779 1953 imploro
793 1920 817 1944 ne

115 1965 193 2009 amplius
205 1963 310 1998 hominibus
322 1973 395 2004 noceas,
405 1963 444 2005 sed,
453 1973 495 1996 cum
507 1962 533 1996 sis
544 1962 689 2006 irremediabilis,
701 1965 724 1997 ab
736 1963 770 1997 hae
780 1964 817 1998 vita

115 2017 167 2052 citius
179 2017 274 2052 discedas!
297 2016 349 2050 Tune
361 2016 391 2049 illa
402 2015 470 2050 saltum
481 2014 589 2059 precipitem
597 2014 616 2050 in
623 2015 680 2051 latere
688 2015 763 2051 sinistro
771 2017 817 2051 dans

88 2084 106 2113 35
115 2072 138 2104 ad
146 2076 214 2105 terram
222 2069 289 2103 corruit
297 2074 315 2103 et
323 2068 418 2112 expirauit.
430 2069 488 2105 Tunc
496 2069 519 2102 ad
528 2068 603 2102 fratrem
611 2069 702 2103 iacentem
707 2069 785 2104 veniens
789 2068 818 2103 vir

115 2121 248 2163 dei,etvitalem
254 2120 340 2155 ilatumin
346 2125 421 2164 pectore
427 2120 458 2155 vix
464 2125 570 2154 manentem
576 2121 679 2164 inueniens,
685 2132 719 2165 pro
725 2121 817 2156 eoorauit:

116 2183 134 2211 et
144 2174 217 2211 sanitati
224 2173 307 2209 restituit⁴
331 2173 433 2208 ”Veniente
443 2173 473 2208 illo
485 2174 508 2208 ad
518 2178 590 2218 patrem
598 2184 656 2216 suum,
664 2173 728 2209 ineius
737 2175 817 2209 aduentu

116 2229 191 2273 gauisus
208 2233 265 2271 pater,
281 2227 358 2271 capitale
376 2228 446 2262 crimen
461 2229 510 2272 quod
525 2238 583 2271 vsque
601 2234 644 2263 tunc
663 2229 754 2264 celauerat
772 2228 817 2274 pub·

116 2282 182 2324 licauit,
187 2288 205 2317 et
213 2287 268 2325 caput
274 2291 328 2315 suum
335 2282 418 2324 totondit,
425 2292 482 2316 uxore
490 2292 523 2316 sua
529 2281 609 2317 maxime
615 2281 632 2317 ei
640 2286 757 2328 suggerente,
762 2287 817 2327 atque

89 2350 108 2379 40
117 2337 199 2370 dicente:
212 2334 264 2367 ‘Non
276 2335 335 2367 solum
348 2346 382 2378 ego
392 2341 410 2369 et
417 2340 442 2377 tu,
450 2340 469 2368 vt
477 2336 530 2368 decet
539 2340 557 2369 et
568 2336 658 2379 conuenit,
667 2336 769 2371 seruiamus
776 2336 818 2377 deo,

116 2390 150 2425 sed
158 2395 177 2424 et
184 2393 241 2423 totam
249 2387 320 2431 prolem
328 2393 410 2422 nostram
420 2388 439 2423 in
450 2387 479 2423 dei
491 2387 566 2423 seruitio
574 2388 681 2434 iungamus!
704 2387 818 2424 Presentatis

136 2496 142 2513 ¹
152 2496 170 2525 T.
177 2499 296 2533 suscepturum
306 2493 324 2523 Ε.
332 2497 436 2532 recepturum.
514 2493 520 2512 ²
529 2493 548 2524 T.
556 2494 619 2532 eltutus,
626 2495 658 2525 Vit.
665 2494 707 2526 Piro.
783 2494 789 2513 ³
800 2493 818 2524 E.

116 2536 200 2566 seminent.
248 2534 254 2552 ⁴
265 2535 283 2564 E.
291 2534 399 2571 omnibusque.
444 2533 450 2552 ⁵
459 2547 473 2558 =
481 2543 524 2570 saga,
530 2535 605 2573 venefica,
613 2534 642 2565 ἀπὸ
648 2534 687 2572 μετὰ
694 2535 733 2564 Θεοῦ
739 2533 818 2572 μάχεσθαι.

117 2577 123 2593 ⁶
132 2586 151 2604 so
159 2576 192 2604 Lib.
200 2575 250 2605 Land.
321 2572 327 2590 ⁷
335 2574 352 2604 E.
360 2574 442 2609 volutans;
451 2573 484 2603 Vit.
491 2574 592 2605 volucritans.
661 2574 667 2593 ⁶
676 2574 708 2605 vit.
715 2575 756 2605 mala
764 2574 818 2605 forma.

117 2615 198 2647 ⁹0th
259 2613 296 2645 1⁰2
304 2613 355 2644 nobis.
415 2612 426 2631 ¹¹
437 2612 548 2645 Vitreddere.
