1762 2803
145 158 191 213 650
389 163 390 166 ’
414 155 539 216 apposuit
556 157 588 200 ll.

140 278 200 321 'tetigit
208 284 267 321 pectus
275 283 292 311 et
301 278 377 320 brachia,
384 284 402 312 et
411 279 503 312 subleuans
512 289 583 312 manum
593 278 680 312 sinistram
690 277 754 321 digitos
764 275 824 320 tetigit,
833 282 849 311 et

145 329 209 371 digitos
221 339 260 362 suos
273 328 329 371 posuit
343 329 387 362 inter
398 329 461 372 digitos
474 336 548 363 sanctos.
571 331 594 363 Et
606 330 707 373 procedens,
720 328 785 362 inuenit
796 328 849 370 pedes

145 380 199 421 rigide
208 386 279 419 erectos,
288 386 370 423 tanquam
380 380 455 413 hominis
466 380 519 413 bodie
530 380 602 421 mortui;
615 386 632 413 et
644 379 707 421 digitos
719 379 782 422 pedum
793 377 849 419 tetigit

146 436 163 461 et
175 430 275 462 numerauit.
297 430 397 472 Datumque
409 436 435 463 est
449 429 539 463 consilium
552 436 570 463 ut
582 429 634 462 ceteri
645 430 706 462 fratres
718 433 821 461 uocarentur
834 434 851 460 et

129 488 138 517 5
146 478 225 511 miranda
232 478 320 512 uiderent:
332 486 350 512 et
357 485 441 513 venerunt
448 490 479 514 sex
486 479 547 523 vocati,
555 485 572 513 et
583 491 613 513 sex
620 480 649 514 alii
659 479 720 514 fratres
728 477 813 519 cumillis,
822 478 850 521 qui

147 539 166 562 se
174 529 278 564 intruserunt
288 529 325 563 sine
335 541 407 564 assensu
417 532 495 573 abbatis;
508 537 524 564 et
536 541 597 574 corpus
607 537 686 564 sanctum
694 530 781 563 videbant.
804 529 850 571 Quo-

147 590 184 613 rum
197 590 241 612 vnus
254 580 323 613 nomine
336 581 444 615 Thurstanus
457 583 522 614 Paruus
535 581 581 614 solus
593 591 664 615 manum
677 580 756 622 apposuit
768 585 785 611 et
798 579 850 619 pedes

147 629 201 662 sancti
214 630 268 671 tetigit
280 636 297 662 et
307 641 368 671 genua.
390 632 414 664 Et
425 638 444 664 ut
453 636 499 664 esset
509 631 560 673 copia
571 631 645 670 testium,
654 629 755 673 disponente
762 628 851 662 Altissimo

148 690 191 713 vnus
201 691 222 713 ex
232 680 313 713 fratribus
324 680 393 723 nostris,
406 682 491 715 lohannes
503 681 525 714 de
537 681 586 721 Dice,
597 681 660 714 sedens
671 691 723 724 supra
734 680 851 714 testitudinem

121 729 224 773 mendesio,
238 741 278 765 cum
290 732 399 765 seruitoribus
412 732 434 765 de
448 731 533 772 uestiario‚
544 732 603 764 omnia
615 733 649 765 ista
663 731 751 765 euidenter
764 730 851 764 uidebant.

149 782 188 815 Hiis
200 781 259 815 laetis:
276 782 378 823 affigebatur
390 783 489 824 operculum
502 783 558 815 loculo
571 783 638 815 eisdem
650 782 703 816 clauis
716 787 733 815 et
746 780 823 823 totidem,
834 787 851 814 et

148 831 199 865 simili
210 832 267 874 mod0‚
279 838 297 865 vt
308 832 360 875 prius,
372 839 453 875 cooperto
463 833 532 866 martire
542 833 608 866 eisdem
619 834 681 875 pannis
693 833 782 865 eteoclem
793 831 852 864 ordine

148 882 192 915 sicut
200 883 246 924 prius
254 883 333 914 inuentus
341 882 377 915 suit.
399 884 423 915 Et
433 888 493 924 postea
502 883 595 916 collocatus
605 888 632 915 est
641 882 706 915 loculus
717 882 734 914 in
743 883 782 914 loco
792 880 851 920 soiito;

148 935 165 961 ct
173 929 238 970 positus
246 935 272 962 est
280 940 332 971 super
338 930 418 970 loculum,
426 930 472 963 iuxta
479 930 565 972 angelum,
570 930 634 964 iurulus
640 930 710 973 quidam
717 929 785 970 sericus,
794 928 811 961 in
818 939 852 971 quo

122 995 139 1025 15
149 979 222 1021 reposita
232 979 264 1012 luit
275 978 362 1022 s[c]edula
373 980 451 1023 anglice¹
462 981 531 1023 scripta,
543 981 632 1014 continens
644 981 728 1024 quasdam
740 979 853 1014 salutaciones

148 1029 227 1062 Aielwini
233 1030 313 1062 monachi
318 1036 335 1063 ut
342 1031 457 1073 crediturque
463 1030 549 1073 s[c]edula
554 1032 601 1073 prius
606 1030 638 1063 fuit
644 1031 714 1064 inuenta
720 1029 766 1063 iuxta
772 1029 852 1071 angelum

148 1089 219 1112 aureum
227 1080 295 1122 quando
303 1081 368 1114 loculus
378 1082 494 1122 detegebatur.
518 1082 541 1114 Et
551 1081 620 1114 iubente
630 1081 692 1114 abbate
702 1080 761 1114 statim
771 1080 853 1121 scripturn

148 1133 179 1165 fuit
187 1138 204 1165 et
211 1133 258 1165 aliud
266 1134 322 1172 breue,
330 1139 347 1165 et
358 1133 375 1165 in
383 1135 445 1167 eodem
455 1135 509 1167 furulo
520 1134 633 1175 reconditum,
641 1134 673 1166 sub
684 1133 717 1166 hac
728 1133 782 1165 forma
791 1132 852 1165 verbo-

149 1193 197 1215 rum:
214 1182 275 1215 ‘Anno
283 1183 305 1215 ab
314 1183 434 1217 incarnacione
442 1183 506 1217 domini
515 1184 549 1217 ΜΟ,
556 1185 584 1217 C0.
590 1182 642 1227 [lxxx]
648 1183 697 1227 xviij⁰
706 1184 760 1217 abbas
767 1184 854 1225 Sampson

123 1249 141 1271 20
149 1238 212 1267 tractus
223 1233 318 1267 deuocione
329 1244 390 1277 corpus
402 1234 457 1268 saneti
469 1235 558 1268 Edmundi
570 1235 613 1268 uidit
623 1241 640 1268 et
652 1234 707 1276 tetigit
717 1240 767 1268 nocte
778 1233 854 1276 proxima

149 1291 188 1326 post
200 1285 262 1318 festum
275 1290 334 1318 sancte
346 1285 433 1328 Katerine,
445 1285 478 1319 hiis
491 1286 563 1320 testibus
568 1286 612 1318 ¹—ct
624 1286 720 1327 subscripta
732 1291 771 1317 sunt
784 1284 854 1316 nomina

149 1336 272 1367 monachorum
279 1336 324 1378 xviij.
347 1336 458 1368 Inuoluerunt
465 1341 523 1368 autem
533 1335 594 1368 fratres
604 1336 678 1367 loculum
688 1345 745 1377 panno
756 1334 802 1366 lineo
812 1333 853 1366 satis

149 1390 195 1426 apto,
203 1390 220 1416 et
230 1390 322 1426 posuerunt
334 1385 408 1427 desuper
418 1395 495 1427 pannum
506 1385 579 1418 sericum
590 1384 688 1428 preciosum
697 1390 714 1417 et
724 1394 793 1423 nouum,
804 1393 854 1425 quern

150 1434 238 1468 Hubertus
243 1434 381 1477 archiepiscopus
387 1435 510 1467 cantuariensis
519 1435 580 1467 eodem
585 1445 631 1468 anno
636 1435 731 1475 obtulerat;
743 1439 760 1467 et
768 1433 855 1477 quendam

123 1501 141 1533 25
150 1494 225 1526 pannum
235 1484 299 1518 lineum
307 1485 426 1528 dupplicatum
436 1486 459 1518 ad
468 1485 592 1527 longitudinem
600 1485 651 1518 loculi
661 1484 757 1527 proximum
767 1484 825 1526 lapidi,
833 1494 855 1517 ne

150 1535 214 1567 loculus
225 1536 253 1568 vel
266 1536 341 1568 alueolus
353 1536 390 1569 eius
400 1541 459 1578 posset
471 1535 505 1569 ledi
518 1547 529 1569 a
542 1535 605 1578 lapide.
631 1536 655 1569 Et
667 1541 728 1578 postea
739 1534 802 1578 portati
816 1540 855 1567 sunt

150 1586 214 1627 panelli
225 1591 242 1618 et
252 1586 333 1618 decenter
343 1586 430 1620 coniuncti
440 1586 458 1618 in
469 1586 536 1618 feretro.
560 1587 604 1618 Cum
616 1593 674 1618 autem
685 1586 749 1618 veniret
761 1588 855 1618 conuentus

149 1637 172 1667 ad
180 1636 273 1667 matutinas
283 1636 383 1676 cantandas,
392 1640 409 1668 et
418 1635 451 1668 ista
459 1634 587 1677 perciperent²:
599 1635 690 1667 doluerunt
699 1644 759 1668 omnes
769 1634 798 1678 qui
805 1632 812 1651 ³
820 1633 853 1667 hec

150 1694 186 1716 non
195 1684 277 1727 viderant,
289 1684 333 1718 intra
344 1695 362 1719 se
371 1685 458 1719 dicentes:
472 1684 529 1719 ‘Male
540 1684 606 1719 seducti
618 1685 686 1719 sumus.5
710 1685 788 1719 Caritatis
799 1689 856 1718 autem

124 1746 144 1777 30
151 1735 240 1769 matutinis
251 1735 353 1769 conuocauit
364 1737 418 1768 abbas
431 1738 539 1769 Conuenturn
550 1743 590 1769 ante
603 1745 686 1778 magnum
697 1736 757 1777 altare,
767 1740 785 1768 et
797 1740 855 1769 osten-

151 1786 194 1819 dens
202 1784 226 1819 eis
234 1785 308 1819 breuiter
315 1796 351 1819 rem
357 1791 429 1829 gestam,
438 1787 523 1828 allegabat
530 1787 576 1830 quod
584 1797 619 1820 non
627 1786 686 1819 debuit
693 1797 726 1820 nec
733 1785 788 1829 potuit
796 1795 856 1819 omnes

151 1836 174 1869 ad
185 1835 226 1869 talia
238 1847 338 1870 conuocare.
361 1836 427 1879 Quibus
438 1836 512 1870 auditis:
525 1837 560 1870 ‘Te
571 1837 623 1870 deum
634 1837 733 1869 laudamus'
742 1836 856 1874 centenimus,

101 1916 102 1919 ,
151 1892 168 1919 et
176 1887 199 1918 ad
207 1897 300 1928 campanas
308 1887 325 1918 in
334 1886 500 1919 ehororesonandas
508 1885 642 1928 properauimus.
666 1885 731 1927 Quarto
739 1884 767 1917 die
775 1889 856 1928 sequente

152 1936 232 1968 custodes
239 1936 297 1969 feretri
305 1941 322 1968 et
333 1936 422 1970 custodem
432 1936 486 1970 sancti
497 1935 578 1979 Botulphi
588 1935 673 1978 deposuit,
681 1946 736 1969 nouos
746 1935 857 1976 substituens,

125 1993 143 2024 35
153 1992 169 2020 et
176 1988 223 2029 leges
231 1986 255 2020 eis
265 1998 363 2030 proponens
371 1993 390 2020 vt
400 1987 497 2020 sanctuaria
507 1986 595 2020 honestius
606 1993 623 2020 et
634 1986 735 2029 diligencius
747 1986 857 2020 custodirent.

100 2074 102 2080 y
153 2038 271 2081 Magnumque
280 2039 334 2071 altare
344 2038 391 2080 quod
403 2037 450 2080 prius
461 2048 555 2071 concauum
566 2036 645 2077 cratoni
656 2037 713 2079 sepius
723 2037 798 2079 quedam
809 2036 857 2069 inde-

153 2094 211 2120 center
220 2089 353 2129 reponebantur,
361 2094 378 2119 et
387 2089 465 2129 spacium
472 2087 514 2120 illud
524 2087 571 2131 quod
581 2092 618 2121 erat
626 2087 670 2120 inter
679 2086 760 2120 feretrum
770 2091 788 2120 et
799 2087 857 2124 altare,

153 2135 222 2170 solidari
235 2137 275 2170 tecit
286 2137 344 2179 lapide
357 2143 374 2170 et
386 2143 469 2179 cemento,
481 2148 504 2171 ne
515 2137 585 2180 aliquod
596 2137 640 2178 ignis
652 2135 745 2174 periculum
756 2135 791 2169 fieri
803 2136 858 2180 possit

154 2197 185 2228 per
197 2186 320 2229 necligenciam
333 2189 424 2221 custodum
434 2187 478 2221 sicut
490 2187 542 2231 prius,
554 2187 601 2221 iuxta
611 2186 677 2221 dictum
688 2186 781 2231 sapientis:
794 2187 858 2227 ‘Felirn

126 2249 147 2279 40
155 2247 205 2279 quem
212 2238 277 2271 faciunt
284 2238 341 2271 aliena
349 2238 424 2280 pericula
432 2239 535 2272 cautum!—

187 2296 278 2336 niripiunt
288 2296 374 2328 miracula
384 2298 463 2339 'excerpta
474 2297 495 2328 de
502 2299 561 2338 pomo
571 2296 646 2338 quodam
658 2295 730 2337 antiquo
741 2299 825 2338 quaterno

445 2349 470 2381 ad
474 2349 568 2391 feretrum.

328 2423 340 2454 ii
353 2423 384 2454 DE
395 2430 570 2457 NAUFRAGANTIBUS
581 2429 686 2456 LIBERATIS.

199 2487 228 2520 Ice
238 2486 279 2519 bina
289 2485 336 2527 bino,
348 2486 380 2519 etsi
391 2486 442 2528 longe
453 2485 528 2528 diuerso,
539 2486 624 2529 naufragii
635 2486 710 2530 periculo
722 2486 767 2521 inter
776 2486 859 2531 procellas

156 2562 158 2565 .
219 2536 301 2570 ductuum
318 2535 394 2571 marinas
412 2548 423 2570 a
439 2536 586 2570 Normanensium
602 2537 679 2581 parcium
694 2538 791 2571 confinibus
805 2546 860 2581 vsque

226 2607 232 2625 ¹
243 2607 276 2638 MS.
284 2608 357 2646 angelice.
457 2607 463 2624 ²
473 2608 494 2638 al.
501 2608 590 2648 perciperet.
692 2606 698 2625 ³
709 2607 742 2639 MS.
750 2608 790 2647 quia.
