1762 2803
250 94 296 150 Dc
311 92 413 147 &anta
428 94 584 157 ditaturae.
723 109 769 152 423

67 229 87 255 se
98 216 203 253 inferiorem
211 214 314 256 exhibebat,
322 224 365 259 erga
376 214 458 250 omnium
468 215 587 251 necessitates
598 214 690 251 charitatis
697 214 769 251 viscera

66 270 188 316 impendebat.
212 267 769 313 Mortuotandempatreeius,regeWlfero,successitEthel-

66 326 121 360 redus
127 324 183 358 frater
189 321 248 363 eius¹3
260 321 291 366 qui
297 320 379 356 omnium
385 321 537 356 monasteriorum
542 320 707 357 sanctimonialium
713 322 769 357 totius

66 378 118 422 regni
126 378 154 411 sul
162 375 179 410 ei
187 374 261 409 tradidit
268 373 396 419 principatum.
419 374 486 409 Sancta
493 377 555 420 ltaque
562 375 667 418 Werburga
674 384 718 419 erga
725 375 769 409 sub·

65 431 122 465 iectos
130 429 154 462 ita
160 431 199 462 erat
208 426 321 470 magistravt
327 427 387 471 potius
395 426 479 462 ministra
484 427 583 462 videretur.
602 428 673 462 Omnes
681 427 768 462 attentius
777 437 785 467 ⁵

66 481 151 526 exemplo
160 479 254 516 erudiebat
261 490 316 525 quam
325 479 408 525 imperio.
430 480 567 516 Abstinentiam
575 492 609 527 pro
616 479 689 524 delitiis,
696 479 768 526 vigilias

66 547 100 581 pro
110 533 234 578 solempnis',
242 534 315 569 labores
326 545 359 578 pro
369 534 466 578 voluptate,
474 534 562 570 lectiones
574 540 592 570 et
603 534 695 570 orationes
706 545 768 570 sacras

66 600 100 633 pro
107 587 167 632 epulis
175 587 258 621 habebat.
281 587 363 631 Corpore
372 587 391 622 in
399 587 459 629 terris,
467 587 528 622 animo
536 588 679 622 conuersabatur
689 587 707 621 in
718 587 767 622 celis.

66 636 117 677 Cum
132 646 192 674 autem
207 641 258 683 virgo
275 646 339 674 sancta
355 640 374 674 in
389 640 475 674 Wedune
490 641 592 683 mansione,
607 641 655 685 quod
670 646 699 674 est
716 641 768 674 iuxta

66 693 203 738 Hamptoniam‚
218 698 325 735 moraretur,
340 703 395 737 agros
410 693 450 727 eius
467 692 538 728 infinita
554 704 640 729 aucarum
655 692 766 727 siluestrium
776 704 795 726 ιο

65 748 209 791 depopulabatur
221 746 322 781 multitudo.
344 747 398 788 Quod
409 757 451 781 curn
463 748 537 791 quidam
548 747 565 781 ei
578 747 678 787 nunciaret,
689 746 767 791 precipit

64 807 83 836 vt
94 801 135 835 illuc
144 805 229 845 pergeret
237 805 255 834 et
262 810 328 834 ornnes
338 801 431 835 adducens
441 801 460 835 in
471 800 572 835 custodiam
582 801 690 835 recluderet.
712 800 766 842 Quod

65 864 106 888 cum
117 853 190 893 faceret,
202 852 251 887 nulla
262 853 286 887 de
297 858 347 887 tanto
359 858 399 888 cetu
411 864 492 898 pennam
504 854 527 888 ad
538 853 637 889 volandum
649 851 721 892 leuauit,
732 854 766 888 sed

64 907 116 950 quasi
130 906 229 950 implumes
241 906 271 939 vel
284 906 318 939 alis
331 906 399 940 excisis
411 908 493 950 pedestri
508 907 588 949 incessu,
601 906 699 940 submissis
713 906 765 940 collis

64 959 112 993 velut
123 969 157 1003 pro
169 958 275 992 confusione
286 963 348 993 reatus
359 959 388 993 sui
397 959 469 1003 trepide
480 960 504 994 ad
514 959 575 995 locum
582 959 659 1004 virginis
670 958 748 993 adducte
753 959 766 1002 ³,
775 969 793 1000 ¹5

64 1021 98 1055 per
109 1016 164 1046 totam
176 1016 249 1046 noctem
261 1011 379 1046 recluduntur
390 1012 466 1057 captiae.
490 1012 545 1048 Mane
557 1017 619 1047 autem
630 1012 677 1047 facto
689 1011 766 1047 eleuatis

63 1065 138 1099 vocibus
146 1070 284 1109 concrepantes,
291 1065 343 1110 quasi
350 1066 424 1100 veniam
435 1071 454 1100 et
464 1066 565 1112 emigrandi
576 1066 667 1101 licentiam
676 1064 765 1109 avirgine

64 1119 192 1162 deposcebant⁴
208 1118 235 1152 At
242 1118 278 1161 illa,
285 1129 328 1163 erga
336 1129 410 1153 omnem
418 1124 520 1154 creaturam
528 1120 666 1164 benignissima,
671 1119 764 1154 absolutas

63 1171 103 1204 illas
112 1170 178 1204 dimitti
189 1170 245 1213 iubet,
252 1170 374 1205 interminans
385 1181 409 1205 ne
416 1171 463 1205 vltra
474 1171 493 1205 in
504 1171 555 1205 illum
566 1172 626 1206 locum
637 1170 710 1215 regredi
721 1181 764 1215 pre-

63 1228 140 1258 sumant.
163 1222 186 1257 Et
198 1234 240 1258 cum
247 1234 302 1258 vnam
314 1223 384 1258 exiliis
396 1224 470 1269 quidam
481 1224 606 1259 ministrorum
617 1224 665 1259 furto
677 1223 763 1259 auferens
773 1239 791 1261 ro

63 1277 175 1319 occultasset,
183 1287 248 1312 omnes
259 1277 335 1312 eleuatis
344 1277 409 1322 pennis
419 1278 439 1313 in
449 1288 492 1313 aera
502 1289 523 1313 se
533 1278 646 1313 sustulerunt
658 1282 676 1312 et
686 1277 763 1313 circum-

62 1330 155 1375 spiciendo
170 1330 222 1375 quasi
237 1330 291 1366 sese⁴
305 1331 420 1376 requirentes
435 1331 535 1376 dampnum
550 1330 665 1366 contubernii
680 1330 712 1379 sui
726 1342 763 1366 vna

61 1384 137 1416 absente
151 1384 274 1427 perpendunt.
300 1383 323 1417 Et
338 1395 381 1417 ecce
396 1384 493 1418 confestim
509 1384 570 1418 omnis
584 1384 656 1418 illarum
671 1383 763 1417 exercitus

61 1445 117 1479 supra
130 1437 205 1469 domum
217 1435 293 1480 virginis
306 1441 431 1481 congregatus,
442 1436 511 1481 ingenti
523 1436 601 1482 strepitu
612 1435 697 1470 iniuriam
710 1446 762 1470 suam

61 1488 183 1533 conqueritur.
205 1488 290 1524 Audiens
297 1494 359 1524 autem
366 1490 418 1535 virgo
427 1494 490 1524 sancta
498 1489 587 1525 clamores
595 1489 668 1524 illarum
676 1493 695 1523 et
702 1488 763 1534 queri·
772 1505 790 1538 ²5

61 1542 145 1584 moniam,
157 1553 178 1577 ac
190 1553 264 1577 causam
276 1542 385 1587 intelligens,
396 1549 531 1587 perscrutatum
544 1544 627 1588 protinus
638 1543 706 1578 furtum
719 1553 763 1578 reus

60 1594 100 1639 ipse
113 1596 197 1640 publicat,
211 1601 342 1641 receptamque
355 1596 448 1632 volucrem
461 1597 555 1632 sodalibus
568 1597 656 1640 associat3
674 1601 692 1631 et
707 1596 762 1632 simul

60 1659 124 1683 omnes
139 1649 189 1683 abire
204 1648 235 1693 pia
247 1649 299 1693 virgo
314 1650 394 1685 mandat.
416 1650 455 1685 Nec
470 1661 527 1692 mora,
539 1650 598 1685 omnis
613 1650 644 1685 illa
659 1649 723 1684 concio
737 1649 762 1684 ita

59 1701 132 1736 auolare
140 1702 188 1746 cepit
195 1706 215 1735 vt
222 1701 273 1736 nulla
281 1702 335 1736 huius
342 1702 417 1746 generis
424 1702 495 1737 anicula
502 1702 521 1736 in
528 1702 570 1747 ipsa
577 1707 626 1737 terra
633 1701 680 1737 vltra
688 1707 762 1746 reperta

59 1752 87 1787 sit.
133 1747 180 1789 Erat
192 1759 253 1789 autem
265 1754 291 1789 illi
302 1755 424 1790 armentarius
434 1755 465 1801 pie
475 1755 620 1790 conuersationis
627 1755 661 1798 vir,
669 1754 762 1790 Alnothus
769 1772 789 1803 30

59 1809 143 1851 nomine3
158 1819 213 1853 quem
229 1819 271 1842 cum
286 1809 357 1843 villicus
372 1809 501 1844 cruentissimo
516 1810 593 1844 laniaret
603 1811 686 1850 verbere,
697 1813 716 1843 et
730 1809 761 1843 illc

59 1861 119 1895 omnia
126 1862 218 1905 patienter
225 1861 318 1903 toleraret,
325 1861 377 1905 virgo
384 1867 448 1896 sancta
458 1862 480 1896 ad
488 1863 547 1906 pedes
557 1862 597 1897 eius
607 1861 710 1906 procidens,
718 1872 760 1896 cum

59 1922 113 1955 prece
121 1913 201 1947 simulet
211 1913 341 1957 increpatione,
348 1919 367 1948 vt
375 1914 468 1948 innocenti
475 1920 559 1958 parceret
567 1914 682 1948 exclamauit.
700 1913 761 1955 Quam

59 1966 140 2002 camille
151 1977 185 2012 pre
195 1966 256 2000 furore
268 1971 286 2001 et
298 1967 385 2011 superbia
396 1978 433 2001 non
441 1967 542 2009 exaudiret,
550 1968 596 2002 dura
603 1966 689 2002 continuo
697 1966 760 2001 ceruix

59 2022 76 2052 et
86 2018 142 2055 facies
152 2025 204 2054 torua
215 2030 296 2064 superna
306 2019 429 2064 indignatione
439 2019 458 2054 in
468 2024 519 2064 terga
529 2020 555 2054 illi
565 2020 670 2055 reflectitur.
692 2018 760 2064 Sicque
769 2031 787 2061 ³5

58 2071 81 2105 ad
92 2074 150 2116 pedes
161 2072 238 2118 virginis
250 2073 357 2118 prouolutus
368 2074 441 2108 veniam
452 2084 494 2108 cum
505 2073 599 2108 lachrimis
610 2074 730 2119 deprecatur:
742 2079 761 2108 et

58 2122 192 2162 interueniente
208 2132 272 2161 sancta
284 2126 361 2172 virgine,
374 2126 393 2162 in
408 2126 506 2172 pristinum
519 2132 586 2163 statum
600 2132 702 2173 reparatur.
724 2126 760 2162 Ar·

58 2180 159 2215 mentarius
166 2181 241 2214 tandem
249 2180 280 2215 ille
287 2180 306 2215 in
314 2181 361 2215 silua
369 2182 447 2226 quadam
455 2181 597 2217 anachoriticam
605 2182 675 2217 ducens
682 2180 760 2224 vitama

58 2229 159 2267 latronibus
172 2233 298 2267 martirizatur.
342 2227 414 2269 Sancta
429 2234 490 2278 itaque
501 2234 606 2278 Werburga
621 2233 691 2268 obitum
705 2245 759 2268 suum

58 2291 177 2328 prenoscens,
183 2285 222 2320 suis
230 2285 315 2320 omnibus
322 2286 537 2332 precepitvtvbicunque
545 2298 569 2322 ex
577 2287 610 2322 hac
618 2286 659 2322 luce
666 2285 759 2331 migraret,
767 2300 788 2332 40

58 2337 106 2379 apud
119 2338 255 2383 hamburgense
270 2338 368 2375 cenobium
381 2351 449 2385 corpus
464 2339 504 2376 eius
516 2339 636 2376 transferrent
651 2344 670 2375 et
685 2340 760 2376 incunc-

57 2391 117 2425 tanter
125 2391 231 2437 sepelirent.
254 2391 277 2427 Et
287 2403 329 2428 curn
337 2392 390 2428 tertio
398 2404 456 2428 nonas
466 2393 552 2429 februarii
563 2393 660 2439 migrasset
670 2393 693 2428 ad
701 2392 756 2428 dorni-

55 2503 152 2583 sege'lt'iuqisqs
160 2508 213 2541 frater.
252 2507 285 2539 ²T.
294 2508 425 2548 solempniis;E.
433 2509 514 2548 sompniis.
550 2509 664 2541 'Rabannae
700 2507 758 2539 ⁴Boll.
