1762 2803
75 154 239 198 usmaitaza]
307 146 371 201 iiiia
381 146 417 202 Q.
428 147 541 207 &urbiam
734 161 776 209 711

75 267 147 301 cationis
155 279 253 312 aspergens,
263 280 333 304 omnem
343 271 397 304 abeo
407 276 509 314 potestatem
517 270 588 313 maligni
597 271 667 314 spiritus
677 271 778 306 exsufflabit.

74 319 160 353 Redditus
173 320 232 363 itaque
243 321 347 364 parentibus,
360 328 390 355 aut
401 322 459 364 potius
470 321 508 361 sibi,
521 322 554 356 deo
565 321 633 365 gracias
644 321 693 365 egit;
707 327 778 365 totoque

74 369 200 428 temporeluite
212 382 243 406 sue
255 382 325 406 securus
336 372 359 406 ab
372 372 448 407 omnium
461 371 550 416 spirituum
563 372 677 417 malignorum
688 373 778 407 uexatione

74 427 174 462 permansit.

136 550 168 581 DE
178 556 223 583 nato
235 555 349 582 nattoutnco
360 556 398 582 PER
409 556 488 583 BEATUM
500 550 624 586 Gutumcutt
635 558 718 587 cuanTo.

117 630 152 663 Rat
163 629 233 672 quidam
244 629 313 671 nobilis,
323 629 367 664 illius
380 629 433 664 exulis
445 631 554 666 Aethelbaldi
567 642 630 673 comes,
640 633 710 667 nomine
722 633 795 676 Eggms

139 680 168 722 qui
180 679 250 713 immani
262 680 368 722 grassatione
379 681 472 714 demonum
482 683 604 724 torquebatur:
621 684 669 716 cuius
680 684 778 727 propinqui,

76 728 98 762 de
111 729 174 762 Christi
187 728 303 763 misericordia
315 736 332 763 et
344 729 390 763 beati
402 731 482 763 Guthlaci
494 731 559 764 meritis
570 732 680 771 confidentes,
691 743 731 766 eum
742 734 778 766 uiro

76 780 104 813 dei
117 779 203 813 humiliter
214 785 231 814 et
244 780 307 814 deuote
319 786 423 825 presentant,
435 780 511 824 fletuque
523 786 541 814 et
555 780 620 822 gemitu
633 781 733 824 suffragium
748 792 779 816 sue

75 831 203 864 intercessionis
216 831 313 875 implorant.
336 831 414 865 Accinxit
426 842 465 865 eum
478 832 504 864 uir
516 832 543 865 dei
556 831 625 875 cingulo
635 843 678 866 suo:
692 839 709 866 et
720 833 778 866 statim

76 881 147 922 maligni
155 880 228 924 spiritus,
232 882 306 915 cessauit
317 882 413 925 quassacio.
436 884 475 925 lpse
483 892 524 915 uero
532 882 565 916 deo
572 882 640 925 gracias
649 884 730 923 reserens,
737 893 780 916 zona
788 895 807 917 ro

76 931 122 965 beati
137 931 168 965 uin'
182 937 219 965 toto
233 937 310 975 tempore
325 932 360 967 uite
374 943 405 967 sue
419 943 438 966 se
453 932 517 974 cinxit;
533 942 565 967 nec
578 942 618 967 eum
630 934 694 967 demon
709 933 779 968 ulterius

76 981 157 1016 infestare
168 982 276 1025 presumpsit.

88 1121 119 1153 Da
130 1128 207 1155 nunnus
217 1128 305 1155 ersmers
315 1128 415 1156 culusonrr
426 1128 509 1162 nnnnrrs,
521 1128 605 1160 oportun
615 1129 769 1156 ruarrruoruau

228 1189 302 1215 annuus
313 1181 432 1215 Gurnrrcus
443 1189 465 1214 ru
476 1188 554 1215 sartura
566 1188 627 1215 urorr.

114 1261 222 1295 Onsueuerat
229 1260 300 1305 quidam
311 1262 365 1295 abbas
375 1263 445 1296 beatum
456 1262 560 1296 Guthlacum
569 1261 676 1305 frequencius
683 1261 754 1295 uisitare
760 1268 780 1296 nt

135 1311 190 1345 abeo
205 1312 258 1345 uerba
269 1311 382 1346 edificationis
397 1311 487 1355 acciperet,
500 1322 552 1355 seque
564 1312 611 1346 beati
624 1312 655 1346 uiri
668 1312 747 1355 precibus
762 1318 779 1347 et

77 1363 142 1412 meritis
155 1362 303 1406 commendarem.
328 1363 408 1406 Quadam
421 1362 480 1407 itaque
493 1362 522 1397 die
535 1373 574 1397 cum
585 1363 640 1396 abbas
653 1362 700 1396 iuxta
711 1363 807 1403 solitmn15

77 1424 143 1447 morem
154 1415 186 1447 iter
196 1415 218 1447 ad
230 1424 269 1447 eum
279 1414 396 1456 proposuisset
407 1414 488 1457 arripere,
499 1414 533 1446 duo
545 1413 602 1447 clerici
613 1414 681 1447 abbatis
689 1413 779 1447 licenciam

77 1468 180 1506 acceperunt
187 1463 210 1496 ab
217 1473 243 1504 eo,
250 1463 350 1496 simulantes
357 1464 431 1507 quedam
438 1464 510 1505 negocia
518 1474 536 1496 se
543 1463 608 1496 habere
615 1464 678 1509 quibus
688 1465 779 1504 oportebat

77 1524 108 1547 eos
122 1513 219 1547 necessario
230 1514 357 1556 presencialiter
369 1514 456 1548 interesse.
477 1514 547 1548 Abbate
561 1514 612 1557 igitur
626 1514 744 1557 proficiscente
757 1514 780 1548 ad

78 1564 132 1598 uirum
140 1563 168 1598 dei
175 1564 289 1598 Guthlacum:
298 1565 321 1598 illi
332 1564 417 1609 ueni[unt]
428 1565 451 1598 ad
459 1565 529 1598 domum
537 1564 627 1599 cuiusdam
635 1564 712 1606 uiduc,et
720 1565 780 1598 horam

77 1614 196 1661 preuenientes
203 1614 274 1648 terciam
280 1613 291 1656 ¹,
299 1621 381 1658 ceperunt
392 1614 469 1648 ebrietati
481 1620 499 1648 et
509 1615 583 1657 crapule,
591 1613 676 1648 cubilibus
683 1625 752 1658 quoque
763 1620 780 1649 et
790 1624 809 1658 ³⁰

78 1665 197 1707 impudiciciis‚
205 1665 300 1708 ceterisque
310 1664 449 1699 extraordinariis
460 1664 576 1707 uoluptatibus
586 1664 663 1707 corporis
673 1664 782 1707 impudenter

77 1720 95 1748 et
106 1714 240 1756 dampnabiliter
250 1714 343 1757 indulgere.
367 1715 411 1748 Cum
423 1724 464 1748 uero
474 1720 545 1747 sanctus
557 1714 652 1747 Guthlacus
663 1720 680 1748 et
691 1715 747 1748 abbas
758 1715 781 1747 de

78 1765 131 1798 sacris
139 1766 161 1798 ad
169 1764 243 1798 inuicem
253 1765 350 1799 conferrent
359 1764 459 1808 colloquiis:
471 1763 497 1797 uir
507 1763 534 1798 dei
545 1763 667 1806 turpitudinem
675 1764 780 1804 clericorum,

78 1815 138 1858 spiritu
150 1822 212 1849 sancto
221 1815 309 1849 reuelante
322 1815 434 1859 conspiciens,
446 1820 463 1849 et
476 1814 529 1848 uerba
542 1820 559 1849 et
573 1813 686 1848 ora2'eorurn
698 1814 744 1857 cepit
756 1813 781 1849 ita

78 1866 154 1899 indicare
161 1865 225 1903 abbati,
231 1876 252 1898 ac
259 1866 273 1899 si
282 1866 334 1899 ambo
342 1865 389 1899 iuxta
397 1865 468 1898 clericos
478 1870 535 1898 essent
543 1862 622 1898 eminus³
629 1864 723 1898 constituti.
739 1866 780 1897 Per²
789 1877 808 1908 25

79 1917 132 1959 ceptis
143 1926 183 1958 ergo
194 1916 296 1950 salutaribus
307 1916 376 1950 monitis
387 1921 404 1949 et
414 1914 534 1948 benedictione
544 1920 622 1957 accepta,
632 1924 711 1948 reuersus
721 1921 747 1948 est
757 1914 780 1948 ad

78 1965 201 2000 monasterium
208 1975 258 1998 suum
267 1966 327 2000 abbas.
350 1965 382 2000 Cui
392 1974 431 1999 cum
442 1964 466 1997 illi
476 1964 510 1998 duo
520 1964 577 1998 clerici
587 1964 689 1998 salutatione
696 1964 781 2007 premissa

79 2022 192 2057 occurrerent,
200 2016 238 2049 illos
245 2026 303 2049 secum
309 2016 390 2056 retinens,
398 2015 441 2049 alios
446 2014 492 2049 exire
497 2014 579 2057 precepit.
595 2014 678 2058 Proponit
685 2014 711 2048 eis
718 2024 751 2058 que
758 2014 781 2048 de

79 2068 122 2111 ipsis
136 2067 218 2100 audierat.
242 2066 275 2109 Qui
291 2077 330 2100 cum
346 2064 375 2100 in⁴
386 2065 452 2099 inficias
467 2065 512 2099 irent
524 2076 577 2109 seque
592 2070 681 2108 tamquam
697 2064 781 2098 immunes

34 2114 36 2119 '
79 2128 90 2151 a
105 2119 160 2160 culpa,
173 2123 190 2151 et
205 2118 227 2150 ab
242 2117 313 2150 obiectis
328 2126 397 2160 prorsus
410 2116 494 2154 innoxios,
507 2115 603 2158 procaciter
616 2120 722 2154 excusarent,
736 2114 781 2156 cepit
789 2131 810 2161 3⁰

79 2168 134 2201 abbas
142 2173 158 2200 et
166 2178 229 2200 nornen
239 2167 290 2200 uidue
301 2167 400 2210 exprimere,
408 2172 425 2199 et
437 2167 493 2198 locum
503 2172 521 2198 et
529 2171 601 2206 tempus,
608 2170 626 2198 et
637 2165 691 2198 uerba
698 2172 715 2199 et
723 2175 781 2207 opera,

79 2224 96 2252 et
111 2217 188 2251 omnium
203 2223 272 2251 actuum
290 2216 429 2250 circumstancia's
444 2215 519 2249 seriatim
534 2221 551 2249 et
566 2215 614 2259 quasi
629 2214 723 2254 nisibiliter,
738 2213 782 2248 sicut

80 2280 90 2303 a
98 2270 149 2303 beato
157 2269 242 2303 Guthlaco
250 2268 338 2309 didicerat,
346 2266 431 2301 intimare.
446 2266 473 2299 llli
480 2277 522 2299 uero
530 2265 626 2299 certissima
634 2276 664 2299 sue
672 2264 782 2308 turpitudinis

80 2319 144 2354 indicia
158 2324 287 2362 cognoscentes,
302 2324 390 2362 tamquam
405 2317 479 2351 conuicti
493 2322 510 2351 et
525 2316 598 2351 confessi
613 2316 682 2351 ueniam
696 2316 782 2350 humiliter

80 2372 177 2413 postulant;
189 2369 326 2404 inestimabiliter
336 2369 442 2403 admirantes
453 2373 520 2403 tantam
531 2368 560 2402 dei
571 2368 648 2412 graciam
661 2367 678 2401 in
690 2366 781 2407 Guthtaco,
789 2378 808 2410 35

80 2430 131 2466 quem
139 2421 192 2453 uerba
199 2421 267 2453 occtdta
273 2426 291 2452 et
298 2425 364 2452 remota
371 2430 424 2462 opera
430 2429 466 2451 non
473 2419 555 2452 latebant.

140 2502 146 2521 ¹
156 2503 169 2533 F
170 2501 199 2534 el:
210 2503 247 2533 dnm
253 2512 284 2533 non
291 2503 341 2532 adhoc
348 2502 386 2532 horn
393 2500 439 2533 tercia
446 2505 490 2533 esset
603 2497 609 2516 ²
618 2498 637 2530 Τ.
646 2497 664 2529 E.
671 2506 722 2538 opera.

240 2542 247 2560 ³
256 2553 269 2575 r.
276 2543 371 2574 comminusl
550 2538 557 2558 ⁴
567 2548 595 2570 ont.
602 2548 623 2570 ru.
