1762 2803
88 154 90 160 .
116 103 162 147 680
367 99 490 161 duumuir
508 100 538 146 n.

115 222 170 265 potuit
184 226 254 255 mouere
269 228 299 255 aut
314 221 378 264 erigere
393 221 455 264 quouis
466 221 524 254 modo.
547 222 585 264 Que
600 221 670 254 veniens
686 221 709 255 ad
723 220 819 265 predictam

116 272 199 316 capellam
210 272 231 306 de
239 271 337 314 Wainflete,
345 271 403 316 ibique
411 284 442 316 per
448 271 483 315 xiiij
492 270 529 307 dics
538 272 614 306 oracioni
625 271 720 314 indulgens,
728 273 798 305 tandem
809 283 820 304 a

116 334 188 366 sompno
198 323 246 364 graui
259 329 342 365 preuenta
352 324 397 366 cepit
409 324 483 356 clamare
497 322 514 355 in
526 322 613 364 sompnis:
626 321 702 365 ‘Accipe
713 332 771 354 meum
781 322 819 354 bra·

116 373 178 413 chium,
187 373 245 415 accipe
253 383 311 406 meum
318 373 417 406 brachium)
436 373 470 405 Per
477 383 529 414 quam
537 383 596 404 vocem
604 371 711 404 subitaneam
720 371 819 404 assistentes

99 421 211 465 astupefactl
224 422 337 455 dormientem
348 421 430 455 seminam
441 421 464 454 ad
476 421 551 463 vigiliam
561 421 661 463 excitarunt,
674 430 728 463 eaque
739 429 819 463 experge-

115 473 166 512 facta,
175 471 252 513 protinus
260 471 346 514 inquirunt
354 471 396 514 quid
407 471 439 505 sibi
450 472 501 504 vellet
509 472 574 505 clamor
585 470 663 505 emissus.
686 471 710 504 At
721 469 760 503 illa:
773 468 820 510 ¹vn,

116 521 176 565 inquit⁷
184 521 228 554 mire
240 521 358 565 pulcritudinis
369 523 487 556 sanctissimus
498 521 557 556 martir
568 521 671 555 Edmundus
683 532 713 564 per
721 520 781 554 tibiam
792 530 820 553 me

116 572 179 612 traxit3
190 584 211 606 ac
224 580 243 607 ut
254 583 284 616 per
296 583 366 607 manum
378 584 406 606 me
418 574 516 612 attraheret,
529 572 585 615 ipsum
598 572 662 615 rogaui.
684 572 747 605 Nonne
761 576 778 604 ct
789 580 820 603 vos

116 625 190 657 eundem
203 623 291 657 vidistisi’
315 623 351 656 Illis
365 629 423 656 autem
435 623 555 663 exultantibus,
566 622 631 654 dictam
643 621 719 654 vetulam
731 624 820 653 erexerunt

90 679 133 708 ieet
148 671 208 706 tibiam
224 672 260 707 eius
275 672 323 716 prius
338 679 449 714 contractam,
465 678 542 706 sanatam
561 672 674 712 inuenerunt3
689 671 735 703 unde
750 676 767 703 et
780 679 820 702 mox
854 710 856 714 Α

116 723 153 757 sine
167 722 226 756 medio
240 722 305 756 viribus
321 723 394 765 propriis
409 729 444 755 tres
459 723 522 764 gradus
538 731 595 755 coram
613 720 694 770 ymagine
710 717 819 763 [ascendens]

116 772 224 806 oblacionem
234 784 282 807 suam
293 774 355 806 deuote
366 771 444 813 situanit3
458 782 479 804 ac
487 781 522 804 non
533 771 621 804 modicum
631 776 670 814 post
680 771 697 803 in
708 769 779 803 brachio
789 779 820 803 suo

116 823 174 866 magni
182 822 291 857 releuaminis
299 822 437 856 consolacionem
444 822 556 865 probabiliter
564 820 636 864 optinuit
644 826 661 855 et
669 820 738 863 recepit.

258 920 288 951 DE
300 927 385 952 INFANTE
396 927 497 953 SUBMERSO
508 927 554 952 VITE
565 925 678 953 RESTITUTO.

156 989 196 1021 Nnu
204 997 238 1030 quo
248 997 305 1030 snpra,
313 987 384 1031 quidam
393 987 448 1021 infans
456 987 478 1021 de
488 986 557 1022 ciuitate
564 986 664 1021 eboracensi
672 987 760 1026 oriundus,
769 985 819 1020 etatis

90 1050 95 1071 ι
100 1051 108 1081 5
177 1037 216 1080 xviij
225 1038 364 1080 septimanarum,
373 1039 471 1071 submersus
479 1038 510 1071 suit
518 1037 536 1070 in
543 1038 619 1080 quodam
628 1048 669 1070 vase
680 1047 726 1080 aqua
736 1038 791 1079 pleno,
804 1041 821 1069 et

116 1089 165 1132 quasi
176 1093 253 1121 mortuus
266 1088 346 1121 omnibus
358 1087 453 1122 astantibus
465 1087 547 1131 apparuit.
567 1088 618 1121 Vnde
628 1094 684 1122 mater
695 1088 731 1121 eius
744 1093 791 1121 stans
803 1092 821 1120 et

116 1139 188 1181 eiulans,
197 1144 214 1171 et
224 1139 294 1171 omnino
303 1140 325 1172 de
338 1138 374 1171 vita
388 1138 440 1181 ipsius
451 1138 550 1179 desperans,
561 1138 636 1170 vouebat
646 1143 705 1170 tamen
716 1137 821 1170 confidenter

116 1189 186 1223 visitare
202 1188 285 1229 capellam
304 1187 359 1221 sancti
374 1187 462 1220 Edmundi
480 1187 527 1228 apud
542 1187 644 1229 Waynfleet,
659 1197 712 1220 vnum
731 1186 821 1219 denarium

116 1239 207 1272 incuruans
215 1247 267 1279 super
274 1238 331 1280 capud
338 1236 367 1270 filii
375 1237 412 1271 sui:
425 1242 442 1270 et
452 1236 510 1271 statim
518 1237 578 1271 reuixit
587 1244 603 1272 et
611 1247 663 1272 sanus
671 1238 742 1271 effectus
750 1242 781 1271 est.

175 1333 206 1367 DE
217 1340 300 1372 QUODAM
311 1341 356 1368 nLlo
367 1341 433 1368 PUERO
444 1340 545 1368 SUBMERSO
557 1341 581 1367 ET
593 1341 638 1367 VITE
649 1342 763 1368 RESTITUTO.

90 1414 108 1435 το
117 1403 197 1477 ΑΝηο
209 1402 312 1444 supradicto,
324 1402 394 1444 quidam
407 1412 449 1444 puer
461 1402 483 1435 de
496 1407 556 1435 sancto
568 1401 654 1444 Botulpho
665 1401 750 1445 proiectus
759 1401 791 1435 suit
803 1402 821 1434 in

177 1457 245 1495 portum
260 1451 325 1484 ibidem
341 1452 363 1484 de
375 1451 454 1485 Withum
466 1451 556 1485 casualiter
571 1452 593 1485 de
605 1463 639 1485 vno
653 1463 710 1495 porco,
724 1458 741 1486 et
756 1452 821 1485 ibidem

116 1501 182 1535 diucius
191 1501 208 1533 in
217 1511 261 1542 aqua
269 1501 344 1535 existens
352 1501 376 1535 sic
384 1502 430 1545 quod
438 1501 529 1536 videbatur
536 1509 617 1537 mortuus.
637 1504 718 1537 Parentes
726 1514 767 1537 vero
775 1503 820 1537 eius-

117 1552 156 1585 dem
164 1562 244 1594 supereo
252 1552 334 1593 dolentes,
343 1553 364 1586 de
372 1552 443 1585 consilio
451 1553 545 1586 vicinorum
553 1554 638 1587 vouebant
649 1565 688 1587 eum
696 1554 718 1588 ad
726 1553 821 1596 predictam

117 1603 201 1644 capellam
209 1611 213 1634 ε
225 1607 242 1635 et
250 1613 290 1634 mox
296 1601 361 1644 integre
368 1603 457 1635 restitutus
465 1608 491 1636 est
498 1602 572 1635 sanitati.

171 1697 202 1729 Da
213 1703 234 1734 vr
246 1688 363 1729 ranacnnus
375 1704 396 1729 uc
409 1698 505 1730 Hrsenrun
515 1705 528 1731 Α
539 1704 631 1731 orncums
642 1706 667 1731 nu
678 1706 766 1732 caucana

416 1752 521 1779 crncnnurs.

90 1818 108 1849 ²5
121 1806 215 1881 EOdem
230 1813 282 1846 anuo,
295 1811 379 1838 venerunt
394 1817 424 1839 sex
439 1805 523 1849 peregrini
538 1807 606 1849 anglici,
619 1807 683 1841 scilicet
697 1808 776 1841 dominus
792 1810 820 1841 lo-

179 1856 245 1887 hannes
260 1855 282 1887 de
298 1856 350 1888 Brum
366 1857 465 1898 capellanus
478 1862 496 1889 et
511 1856 539 1889 alii
555 1857 634 1899 quinque,
648 1857 670 1890 de
686 1859 751 1890 Bartor'r
766 1866 783 1891 et
799 1859 821 1891 de

117 1905 190 1937 Beuerle
202 1904 274 1944 oriundi,
286 1905 308 1936 de
319 1911 378 1937 sancto
388 1906 451 1937 Iacobo
463 1905 480 1937 iu
489 1907 608 1948 Compostellis
617 1916 676 1940 versus
685 1906 765 1949 Angliam
776 1906 820 1952 [ten-

116 1952 184 1995 dentes]
198 1962 252 1995 usque
263 1953 286 1986 ad
302 1953 388 1988 ciuitatem
400 1965 433 1997 que
447 1962 517 1989 vocatur
530 1957 588 1999 Butes,
603 1956 619 1988 in
633 1957 741 2002 Hlspannia:
758 1958 821 2003 inqua

116 2004 186 2049 quidem
197 2003 266 2038 ciuitate
277 2004 323 2048 capti
334 2004 402 2040 fuerunt
409 2010 492 2049 tanquam
500 2006 570 2048 inimici,
578 2014 595 2040 et
603 2008 703 2042 incarcerati
714 2016 731 2042 et
743 2009 760 2042 in
774 2020 820 2043 com·

89 2070 108 2098 30
116 2056 189 2097 pedibus
199 2054 265 2087 fortiter
275 2055 327 2096 positi
333 2061 350 2088 et
361 2056 409 2097 ligati
417 2067 447 2098 per
454 2068 477 2089 xv
484 2057 595 2100 septimanas,
603 2064 620 2091 et
632 2064 695 2092 statuta
706 2066 742 2092 erat
754 2060 791 2093 dies
803 2059 820 2092 in

116 2116 151 2147 qua
164 2104 263 2138 debuissent
276 2104 362 2138 decollari.
389 2107 439 2139 Tunc
454 2113 523 2139 sanctus
538 2107 642 2140 Edmundus
657 2109 735 2151 apparuit
754 2109 787 2142 illis
802 2109 820 2142 in

116 2165 185 2187 carcere
196 2154 266 2187 reclusis
278 2160 328 2188 nocte
340 2156 447 2197 precedente,
455 2157 540 2189 mandans
553 2157 578 2189 eis
589 2164 607 2189 vt
619 2164 708 2199 surgerent
719 2165 735 2191 et
749 2169 821 2201 peregre

116 2205 263 2245 proficiscerentur
274 2205 296 2237 ad
308 2205 391 2247 capellam
403 2216 452 2239 suam
463 2205 481 2239 in
493 2206 578 2241 Wainflet.
602 2208 636 2249 Qui
647 2207 699 2242 motis
708 2209 788 2242 manibus
800 2220 821 2242 ac

116 2254 195 2296 pedibus,
210 2265 287 2296 voceque
303 2255 353 2288 huius
368 2257 427 2289 audita
442 2256 501 2290 statim
518 2268 529 2290 a
545 2258 623 2292 cathenis
641 2258 696 2301 soluti,
711 2264 820 2293 surrexerunt

89 2318 108 2349 35
117 2304 214 2348 ostiumque
221 2304 294 2338 carceris
302 2312 380 2347 apertum
388 2306 495 2349 inuenerunt,
502 2319 541 2341 cum
549 2308 628 2342 omnibus
636 2309 677 2348 suis,
682 2309 761 2342 videlicet
769 2308 820 2350 peris,

116 2355 187 2396 baculis,
199 2355 276 2388 vestibus
287 2361 304 2388 et
315 2355 424 2397 huiusmodi3
440 2363 457 2389 et
469 2357 563 2390 incolumes
575 2358 640 2401 absque
654 2358 778 2393 molestacione
791 2368 820 2392 seu

115 2405 216 2449 grauamine
226 2404 307 2447 Angliam
319 2405 423 2448 introierunt,
432 2407 529 2451 dictamque
541 2409 624 2451 capellam
632 2410 695 2443 deuote
702 2410 820 2448 visitauerunt‚

115 2462 133 2490 et
143 2467 195 2489 unam
206 2467 269 2489 nauem
281 2467 348 2489 ceream
359 2467 397 2489 cum
405 2468 439 2489 vno
450 2468 500 2490 cereo
510 2458 568 2500 magni
580 2459 665 2501 ponderis,
677 2460 700 2493 ad
711 2459 820 2502 agnicionem

116 2505 166 2539 liuius
178 2506 256 2539 miraculi
269 2507 292 2540 ad
305 2506 388 2540 honorem
403 2506 431 2542 dei
447 2513 463 2541 et
479 2508 533 2542 sancti
547 2508 621 2543 martiris
633 2510 721 2544 Edmundi
733 2510 821 2543 humiliter

87 2570 107 2600 4⁰
115 2557 217 2599 optulerunt.
