1762 2803
118 99 163 155 mc
179 97 279 151 &auctu
295 96 426 150 willelma
441 106 517 159 nuuc
533 101 557 150 rt
572 102 689 161 matuta.
720 113 765 158 453

66 221 191 267 reprimerent,
206 230 218 255 a
233 219 292 265 capite
305 220 392 254 deorsum
407 219 561 255 feruentissimam
576 230 642 265 aquam
657 220 767 257 infuderunt.

65 277 132 320 Sicque
140 274 204 309 martir
211 274 306 317 gloriosus,
314 274 393 318 septimo
401 274 472 308 decimo
483 274 570 308 kalendas
579 273 622 308 Maii
629 274 640 317 ¹,
648 274 732 318 migrauit
743 275 766 309 ad

65 328 164 364 dominum.
191 326 226 360 Die
238 337 311 370 quoque
323 326 392 370 pasche
407 336 474 370 corpus
489 326 508 360 in
523 336 577 360 sacco
591 326 670 370 ponitur,
683 332 702 360 vt
716 332 767 361 extra

64 381 125 417 villam
137 380 160 414 ad
175 378 240 413 siluam
255 378 360 420 deductum,
373 378 462 414 secretius
477 378 495 413 in
510 388 532 414 ea
547 378 661 423 sepeliretur.
684 378 767 424 Cumque

65 434 129 470 siluam
144 432 239 474 intrarent,
255 431 335 467 obuiauit
350 431 377 467 eis
392 432 490 477 burgensis
508 431 582 477 quidam
598 431 678 467 Norwici
693 432 784 471 nomine5

65 487 168 528 Eiluerdus,
182 485 213 529 qui
225 484 320 529 paulisper
331 486 409 529 gradum
422 486 510 520 continuit
516 486 527 528 ²,
541 496 578 530 quo
590 486 688 521 tenderent
700 485 767 530 quidue

65 540 156 576 deferrent
175 538 280 583 inquisiuit3
304 543 322 573 et
343 538 420 584 propius
439 540 535 582 accedens,
554 550 657 584 manusque
677 539 767 583 inliciens,

65 594 164 628 humanum
172 601 214 626 esse
225 601 292 635 corpus
302 591 427 636 deprehendit.
451 591 478 626 Illi
485 602 529 627 vero
540 602 562 627 se
573 592 699 637 deprehensos
710 602 767 637 expa-

65 651 165 688 nascentes,
170 650 189 678 et
196 655 230 690 pre
238 645 303 679 timore
311 644 355 678 nihil
363 645 452 679 habentes
460 645 503 690 quid
511 646 597 689 dicerent,
604 646 650 680 silue
656 646 766 680 densitatem

65 700 149 744 fugiendo
154 699 234 742 ingressi
240 704 288 741 sunt,
293 709 397 743 corpusque
403 699 451 733 linea
457 700 537 733 cordella
543 699 659 743 [in]³arbore
664 700 767 744 suspende·
777 711 796 734 ro

65 759 111 788 runt.
127 753 214 786 Ineuntes
222 758 284 786 autem
292 752 344 787 Iudei
353 752 449 787 consilium
457 753 583 787 vicecomitem
594 754 667 794 adeunt,
674 759 692 787 et
704 754 720 788 si
731 764 767 797 ope

65 816 98 839 sua
109 804 182 838 liberari
194 815 205 837 a
215 810 266 837 tanto
276 805 358 848 periculo
369 811 452 849 possent,
463 811 537 839 centurn
548 816 620 839 marcas
631 807 702 849 argenti
713 806 767 849 polli-

65 862 132 893 centur.
161 856 258 892 Eiluerdus
277 857 373 893 confestim
397 857 513 901 accersitus⁴,
533 857 606 893 iubente
624 857 730 894 vicecomite
749 864 766 894 et

65 916 146 955 cogente,
153 910 190 944 fide
198 915 217 944 et
228 909 330 945 iuramento
337 910 468 955 constringitur
475 911 524 955 quod
531 910 568 945 vita
579 910 645 945 comite
654 910 721 945 ludeos
729 922 767 946 non

64 964 159 998 infamaret
170 968 188 998 et
197 975 255 1008 vsquc
266 964 289 998 ad
301 969 404 998 extremum
414 965 451 999 vite
462 976 496 999 sue
507 965 556 999 diem
567 965 607 999 visa
618 976 656 999 non
668 965 766 1009 detegeret.
777 977 794 1008 ¹⁵

66 1016 147 1052 Euolutls
161 1016 229 1051 etenim
241 1016 296 1052 annis
309 1017 390 1061 quinque
406 1017 504 1053 Eiluerdus
519 1019 542 1053 ad
557 1023 660 1053 extremum
672 1019 709 1053 vite
725 1029 766 1063 per-

65 1069 141 1104 ueniens
148 1070 171 1103 ab
183 1069 224 1113 ipso
237 1079 289 1103 sacro
299 1080 357 1113 puero
365 1070 459 1104 Willelmo
471 1071 571 1113 pervisum
583 1071 693 1105 admonetur
699 1076 719 1105 vt
730 1081 766 1114 que

64 1122 132 1157 viderat
140 1122 206 1167 quibus
214 1122 270 1157 vellet
278 1122 360 1157 reuelare
367 1134 405 1157 non
413 1123 490 1166 timeret,
496 1122 601 1168 laetumque
608 1128 637 1158 est
644 1123 673 1158 ita.
719 1115 766 1159 Hiis

65 1177 111 1210 intra
116 1177 180 1210 vrbem
185 1177 247 1221 gestis,
252 1187 295 1210 ecce
303 1177 357 1221 ignea
364 1178 387 1210 de
395 1177 434 1211 celo
442 1178 474 1211 lux
482 1178 542 1211 subito
549 1178 628 1219 emicuit,
634 1188 670 1222 que
677 1188 735 1222 vsque
742 1179 765 1212 ad

65 1228 150 1273 martyris
163 1229 223 1263 locum
235 1229 319 1264 tractim⁶
330 1240 351 1264 se
358 1230 461 1274 porrigens,
473 1230 531 1265 oculis
544 1231 643 1265 multorum
656 1230 735 1266 diuersis
746 1231 765 1266 in
775 1242 794 1264 ao

64 1282 108 1316 locis
120 1282 192 1316 effulsit.
214 1282 315 1317 Videbatur
327 1288 388 1316 autern
401 1283 433 1317 lux
444 1283 475 1316 illa
486 1283 505 1316 in
517 1284 563 1317 duos
574 1283 634 1317 diuisa
644 1283 705 1317 radios
717 1285 766 1318 scale

65 1333 169 1377 longissime
174 1339 238 1368 tenere
244 1334 328 1377 sormam,
334 1335 357 1368 ab
362 1335 399 1368 imo
406 1336 425 1368 in
433 1335 490 1368 altum
497 1346 518 1369 se
525 1335 635 1379 porrigentis
642 1335 665 1368 ad
671 1335 766 1371 orientem.

65 1386 144 1421 Sabbato
151 1387 202 1422 enim
210 1393 274 1422 sancto
284 1387 358 1433 pasche,
367 1388 451 1422 monialis
462 1388 541 1433 quedam
553 1399 594 1423 cum
606 1388 715 1434 quibusdam
726 1389 766 1424 aliis

65 1445 106 1475 ante
119 1441 163 1475 solis
174 1447 234 1476 ortum
245 1442 281 1476 iter
291 1441 381 1486 arripiens
387 1442 434 1476 silue
446 1442 555 1477 densitatem
566 1443 632 1477 deuota
643 1443 765 1486 ingreditur⁶2

64 1492 173 1538 intuensque
181 1495 254 1528 eminus
261 1496 285 1528 ad
294 1495 374 1528 radicem
381 1505 460 1538 quercus
468 1496 558 1530 iacentem
569 1506 653 1539 puerum,
661 1496 766 1538 tunicatum,
775 1507 794 1539 ²5

65 1545 163 1588 calciatum,
168 1547 228 1591 capite
235 1557 302 1589 rasum,
311 1552 329 1582 et
337 1547 416 1582 femineo
424 1553 508 1593 correpta
515 1547 586 1590 timore,
594 1547 671 1593 propius
678 1549 766 1583 accedere

64 1607 100 1632 non
116 1601 233 1643 presumpsit.
261 1599 340 1644 Aspexit
355 1605 417 1635 autem
429 1611 486 1644 super
500 1600 551 1635 illum
563 1611 629 1635 coruos
642 1601 694 1643 duos,
709 1601 767 1645 [qui]³

65 1652 167 1687 voracitatis
174 1652 244 1688 rabiem
253 1653 328 1698 explere
335 1653 442 1698 gestientes,
450 1659 510 1688 rostro
517 1665 559 1689 eum
568 1654 674 1699 discerpere
684 1655 766 1690 certatim

67 1707 209 1750 attemptabant;
221 1707 254 1741 sed
266 1707 370 1741 nullatenus
381 1712 463 1751 tangere,
470 1718 531 1752 neque
542 1718 563 1742 se
574 1709 667 1742 sustinere
678 1708 766 1751 valentes,

65 1756 105 1790 hinc
116 1763 134 1791 et
143 1758 187 1793 inde
198 1770 209 1792 a
218 1759 275 1793 latere
285 1760 379 1794 cadebant.
402 1760 444 1794 Hiis
454 1760 499 1795 visis
508 1760 574 1794 mulier
584 1761 619 1794 deo
630 1761 697 1804 gratias
708 1771 766 1805 agens
774 1769 794 1799 30

64 1810 86 1842 ad
100 1811 174 1845 domum
187 1822 279 1856 regressa,
292 1823 328 1856 que
340 1812 412 1847 viderat
426 1813 487 1857 palam
500 1813 570 1847 cunctis
584 1814 681 1848 enarravit.
703 1813 766 1848 Turba

64 1860 117 1904 igitur
125 1864 231 1898 cateruatim
238 1865 261 1899 ad
269 1865 335 1900 siluam
343 1871 435 1910 properat,
443 1876 569 1911 penarumque
581 1866 639 1911 signis
650 1877 671 1900 ae
683 1876 704 1901 re
713 1872 765 1910 gesta

65 1915 158 1951 euidenter
172 1918 296 1961 consideratis,
311 1918 378 1952 ludeos
392 1930 403 1952 a
415 1924 466 1952 reatu
481 1930 518 1952 non
531 1919 624 1952 immunes
638 1919 735 1961 affirmant,
746 1926 765 1953 et

64 1977 129 2012 corpus
137 1971 248 2015 (sanctumll
256 1971 350 2016 sepulture
357 1982 399 2006 curn
407 1973 473 2016 gaudio
480 1972 559 2006 tradunt.
595 1964 685 2006 Monachi
690 1973 765 2017 quidam

64 2024 186 2057 ramusculum
197 2024 229 2068 qui
237 2029 320 2069 tempore
330 2025 390 2059 estiuo
400 2025 419 2058 in
427 2025 506 2058 claustro
517 2025 592 2059 floribus
602 2025 672 2059 roseis³
679 2036 765 2069 vernans,
774 2036 793 2067 35

65 2071 100 2107 iam
109 2075 217 2120 effloruerat,
225 2078 248 2112 ad
257 2082 311 2122 caput
321 2077 413 2122 sepulchri
422 2079 479 2113 sancti
488 2077 567 2113 martiris
575 2077 623 2113 circa
631 2077 699 2113 festum
707 2079 765 2114 sancti

65 2123 158 2163 Michaelis
168 2130 335 2175 transplantarunt:
348 2130 404 2176 ((ῃιὶ)7
414 2130 501 2166 continuo
510 2136 559 2166 terre
569 2130 655 2167 radicitus
666 2131 737 2167 adhesit
747 2138 766 2169 et

65 2179 218 2217 reuirescentibus
229 2184 276 2218 soliis
288 2195 325 2218 non
336 2184 377 2219 sine
387 2195 453 2229 magna
461 2185 543 2219 omnium
551 2185 671 2220 admiratione
678 2186 765 2229 refloruit,

64 2230 153 2269 vniuersis
170 2236 246 2272 ssorlbus
261 2248 319 2282 vsque
331 2238 355 2272 ad
368 2237 434 2272 festum
448 2238 505 2273 sancti
521 2238 614 2273 Edmundi
628 2238 647 2273 in
662 2240 766 2274 ramusculo

64 2290 229 2330 perseuerantibus,
242 2294 322 2334 tuncque
336 2292 437 2326 vehemens
452 2292 550 2325 imbrium⁹
561 2296 579 2326 et
592 2296 689 2326 ventorum
702 2298 766 2327 exorta
774 2302 794 2332 40

64 2338 142 2377 procella
154 2351 219 2376 omnes
230 2348 293 2387 preter
303 2354 360 2378 vnum
371 2344 456 2384 excussit.
469 2345 499 2389 qui
511 2355 569 2390 vsque
584 2344 607 2379 ad
622 2344 716 2389 natale(m)
723 2344 737 2366 ¹⁰
747 2345 765 2380 in

64 2393 161 2427 ramusculi
169 2396 274 2431 summitate
282 2408 348 2432 recens
355 2398 466 2443 perdurauit.

84 2450 89 2467 ¹
99 2451 137 2483 This
144 2454 157 2484 is
165 2456 193 2486 the
200 2457 232 2495 day
238 2458 257 2488 oi
261 2458 286 2489 his
293 2459 396 2495 translation3
406 2460 426 2491 he
433 2460 471 2491 died
478 2470 499 2491 on
506 2469 526 2498 25
533 2460 593 2492 March.
615 2460 639 2491 Ci.
645 2460 680 2492 Act.
687 2460 717 2492 SS.
724 2460 765 2492 Boll.

64 2487 118 2521 March
126 2493 156 2524 lll.
164 2504 179 2532 p.
187 2497 222 2533 486.
289 2498 296 2516 ²
306 2499 323 2529 T.
331 2499 349 2530 E.
357 2500 436 2530 conticuit
510 2500 516 2518 ¹
527 2510 558 2531 om.
629 2500 635 2519 ¹
646 2501 664 2530 E.
672 2500 765 2532 accercitus.

64 2525 176 2602 Ῐυξὶὶἶῖἓῑὲη.
216 2534 328 2569 ³E.intrauit.
368 2537 464 2571 1ωτιίιιΤ.
505 2539 603 2571 ¹E.eoseis.
643 2539 764 2578 'hymettum
