1762 2803
125 90 128 95 ’
145 100 171 140 14
331 84 411 137 tanta
426 82 543 146 termut
558 80 652 146 anolo

142 205 846 249 stirpeprogenitam3hocidemsentitAmbrosius‚sicinquiensintracet'er'a:

142 259 200 292 ‘bona
208 257 311 298 stabularia,
317 268 372 301 quam
378 257 462 292 Christus
470 260 493 292 de
500 264 581 293 stercore
589 258 655 292 leuauit
662 259 685 291 ad
693 258 781 301 regnum!
804 256 844 299 Ego

141 322 186 345 vero
201 310 251 344 illam
265 321 381 354 nequaquam
400 311 504 345 existimem
520 312 576 346 fuisse
595 311 716 351 stabulariam,
732 311 767 344 nisi
782 309 844 344 forsan

142 363 253 408 tropologice
265 364 356 407 loquendo
368 364 417 398 illius
427 364 507 399 imitator
515 371 564 399 esset
574 363 667 399 stabularii
679 364 706 397 cui
718 363 737 397 in
749 362 844 406 euangelio

125 416 269 458 5Samaritanus
284 416 314 450 ille
326 427 348 450 ac
360 416 444 450 omnium
457 417 544 451 dominus
558 418 673 452 vulneratum
689 416 741 449 illum
754 415 785 460 qui
797 414 845 448 inter

143 469 260 505 Hierusalem
269 475 287 504 et
295 469 353 505 lerico
358 468 421 504 incidit
427 470 446 504 in
453 471 538 513 latrones,
544 471 617 506 fidelius
623 469 695 505 tradidit
703 469 844 504 custodiendum

142 529 197 568 atque
209 523 388 557 curandum—talem
400 535 480 568 namque
491 535 512 558 se
523 524 580 558 fuisse
592 523 709 558 stabulariam
720 522 845 568 indigentibus

142 576 206 610 sedule
218 576 345 618 ministrando,
353 587 434 619 sequens
443 578 466 610 ad
477 577 553 621 plenum
562 588 596 611 nos
604 576 675 611 docebit
686 575 766 610 historia.
790 574 844 608 Illam

142 629 219 673 insuper
227 634 244 663 et
252 629 358 673 opinionem
366 640 402 673 qua
414 630 465 664 multi
477 641 518 665 eam
530 631 576 664 clam
588 630 665 675 patriam
673 628 742 673 fugisse
753 629 845 663 affirmant

117 693 164 717 roae
179 687 250 726 raptam
265 683 314 726 apud
326 682 405 716 Romam
420 683 443 716 ab
457 683 572 727 imperatore,
582 689 613 717 aut
627 682 686 726 aliqua
700 681 743 716 talia
754 680 844 725 sompniis

144 736 215 777 similia,
224 734 273 778 mihi,
281 741 300 769 vt
308 746 354 777 rear,
362 735 423 769 minus
432 736 510 779 placent,
519 747 560 770 cum
571 737 611 771 talis
623 735 684 780 opinio
696 746 733 769 non
741 740 778 769 tam
786 732 845 777 ipsius

143 794 181 823 tam
188 793 251 823 sancte
255 788 322 823 femine
328 787 431 832 denigraret
436 788 508 831 famam,
512 800 566 833 quam
572 786 845 833 ipsumquoquenobilissimum

144 841 284 876 Constantinum
290 842 373 885 spurium
382 852 403 875 ac
411 848 463 876 extra
470 843 563 886 sponsalia
568 843 650 886 genitum
655 842 782 885 comprobaret
790 851 794 881 ς
803 850 845 873 cum

144 900 205 929 tamen
225 894 286 937 ipsum
305 895 344 928 iure
363 894 472 929 hereditario
491 894 563 929 culmen
583 894 689 929 ascendisse
707 892 844 937 imperatorium

119 960 136 990 15
145 947 237 982 neminem
249 947 308 981 lateat.
331 947 369 981 Sed
381 946 427 989 ipsis
438 947 500 981 forsan
512 947 543 990 qui
551 947 585 981 ista
593 947 713 991 scripserunt,
720 947 762 980 talia
773 946 845 990 placue-

146 1005 188 1034 runt
199 999 241 1044 quia
252 998 322 1043 potiora
333 1005 351 1033 et
359 998 431 1032 veriora
442 999 525 1033 inuenire
536 1000 612 1033 minime
624 1004 727 1044 potuerunt.
751 999 790 1032 Nos
801 1009 846 1033 vero

145 1054 229 1097 antiquas
241 1053 357 1087 reuoluentes
370 1052 459 1095 historias,
468 1065 490 1088 ea
497 1064 533 1097 que
541 1052 690 1087 conuenientiora
700 1057 743 1086 sunt
751 1051 846 1096 magisque

145 1105 239 1147 autentica,
253 1106 347 1146 (resecatis
362 1105 467 1148 superfluis)
481 1106 566 1149 potestati
582 1106 684 1140 obediendo
700 1106 718 1139 in
733 1106 820 1147 medium,
827 1109 848 1138 v‘t

145 1164 209 1203 postea
215 1158 288 1201 patebit,
295 1158 347 1192 salua
358 1158 433 1192 meliore
441 1158 478 1192 fide
486 1158 568 1202 proferre
576 1158 686 1192 curauimus.

328 1253 385 1296 ttDe
396 1271 468 1295 sanem
480 1253 564 1295 Hrcrrm
576 1272 650 1295 ursina.

119 1332 137 1352 20
194 1323 386 1358 Elenarsanctissima
401 1324 474 1368 femina,
490 1324 588 1359 christiane
605 1324 698 1368 religionis
714 1324 763 1359 basis
779 1323 847 1358 firmis-

216 1377 272 1419 sima;
289 1388 313 1411 ex
325 1377 389 1412 marito
401 1378 514 1422 imperatrix,
527 1389 551 1412 ex
562 1384 614 1422 patre
627 1378 701 1421 regina3
714 1378 782 1411 Cloelis
795 1377 847 1421 regis

147 1429 242 1465 Britannie
249 1429 302 1465 vnica
310 1430 343 1465 fuit
351 1430 393 1464 filia.
416 1431 467 1466 Gens
475 1430 543 1475 quippe
551 1431 656 1471 britannica,
665 1431 719 1474 longo
728 1436 811 1474 tempore
819 1429 848 1464 in-

146 1483 228 1519 numeris
235 1484 328 1519 erroribus
334 1484 426 1528 implicata
432 1496 453 1519 ac
461 1484 515 1519 idolis
521 1485 606 1519 seruiens
611 1484 672 1520 surdis
679 1490 697 1518 et
702 1485 762 1527 mutis,
769 1489 847 1518 tartaree

146 1536 231 1580 potestati
242 1537 314 1570 subdita
324 1537 378 1580 paulo
389 1543 431 1571 ante
443 1538 477 1572 hec
488 1544 583 1580 tempora:
595 1539 618 1571 ad
627 1548 691 1572 veram
702 1538 777 1570 tandem
789 1536 847 1569 chris-

120 1598 138 1628 25
147 1588 195 1622 tiane
205 1587 248 1622 fidei
262 1587 369 1632 religionem
381 1594 465 1633 tempore
478 1589 529 1623 Lucii
545 1589 595 1634 regis
610 1591 644 1623 deo
657 1594 746 1633 operante
759 1587 851 1633 peruenit..

147 1643 177 1676 ¹Is
188 1642 278 1684 siquidem
287 1643 359 1684 Lucius,
370 1653 394 1676 ex
405 1649 457 1686 patre
466 1643 523 1677 Coillo
533 1643 601 1687 optime
613 1643 679 1677 indolis
687 1654 738 1686 puer,
747 1642 765 1675 in
773 1641 848 1675 iuuenili

147 1701 194 1730 etate
202 1694 278 1730 senilem
287 1696 348 1730 animo
356 1695 443 1730 caniciem
452 1696 533 1730 moribus
541 1696 649 1740 preferebat.
673 1695 708 1738 Qui
714 1706 756 1729 cum
762 1694 848 1729 defuncto

147 1754 198 1793 patre
207 1748 259 1791 regni
267 1748 370 1783 diademate
378 1748 475 1792 insignitus
483 1750 553 1791 suisset,
559 1749 629 1784 exitum
637 1760 690 1784 suum
701 1748 778 1792 preferri
783 1748 848 1782 volens

147 1801 243 1846 principio,
251 1812 261 1835 a
269 1802 335 1845 spiritu
343 1807 406 1836 sancto
413 1803 488 1837 edoctus
493 1803 581 1846 epistolas
588 1802 695 1837 Eleutherio
700 1814 748 1846 pape
756 1800 849 1835 humiliter

121 1867 140 1896 30
148 1855 219 1897 direxit,
234 1861 300 1898 petens
312 1861 332 1890 vt
350 1856 373 1888 ab
392 1866 414 1889 eo
429 1856 486 1890 fidem
502 1856 620 1890 christianam
639 1855 722 1899 recipere
740 1859 850 1889 mereretur.

149 1909 216 1943 Beatus
231 1919 275 1951 ergo
287 1909 369 1951 pontifex
385 1909 421 1950 ille,
439 1914 532 1952 comperta
544 1909 584 1942 eius
596 1909 676 1942 maxima
688 1908 790 1948 deuotione,
802 1909 849 1941 duos

148 1960 294 2003 religiosissimos
309 1961 364 2002 viros,
377 1960 476 2003 Fugacium
488 1960 574 1995 videlicet
589 1966 607 1994 et
621 1960 747 2001 Damianuml,
759 1961 782 1993 ad
797 1959 849 1993 illum

148 2013 197 2047 misit
205 2025 208 2048 :
221 2013 252 2056 qui
261 2024 305 2047 mox
312 2013 363 2048 verbi
371 2014 400 2047 dei
411 2014 570 2057 incarnatione[m]
579 2014 650 2048 dulcius
658 2013 779 2056 predicantes,
787 2012 848 2056 ipsum

148 2076 200 2100 sacro
208 2065 316 2108 baptismate
324 2066 421 2100 abluerunt
429 2072 447 2101 et
455 2068 478 2101 ad
486 2066 580 2101 Christum
588 2071 724 2101 conuerterunt.
748 2066 786 2100 Nec
798 2075 850 2099 mora

121 2130 139 2160 35
149 2124 279 2153 concurrentes
292 2119 372 2162 vndique
387 2119 442 2153 totius
457 2119 536 2154 nationis
547 2119 609 2163 populi
621 2119 670 2162 regis
680 2119 787 2162 exemplum
800 2118 849 2153 inse-

149 2176 233 2216 quuntur,
247 2172 348 2215 eodemque
361 2172 435 2206 salutari
447 2172 532 2207 lauachro
544 2172 632 2215 mundati,
646 2171 710 2206 celesti
725 2182 783 2215 regno
798 2171 850 2206 resti·

149 2229 234 2266 tuuntur;
246 2224 380 2268 destructisque
390 2225 471 2270 vndique
481 2225 555 2269 templis
563 2225 696 2268 demoniorum,
705 2230 723 2259 et
735 2235 798 2259 eorum
810 2224 850 2259 loco

149 2275 854 2323 ecclesiisvbiqueerectis³ditissimequedotatis,intotorcgnofidesvigebat,

149 2328 242 2365 catholica.
265 2329 307 2372 Ipso
315 2329 394 2373 denique
400 2342 444 2375 rege
452 2331 508 2366 Lucio
516 2331 578 2365 infide
586 2330 674 2365 catholica
678 2330 754 2365 feliciter
759 2329 850 2372 defuncto,

121 2396 141 2425 40
149 2389 211 2418 tamen
223 2381 264 2416 sine
275 2383 337 2417 sobole
349 2394 385 2426 que
396 2384 431 2417 sibi
442 2385 554 2426 succederet,
562 2384 609 2418 illico
621 2389 663 2428 post
674 2383 714 2417 eius
725 2388 804 2416 mortem
813 2382 851 2417 dis-

149 2437 216 2471 sidium
225 2441 285 2470 ortum
293 2441 321 2470 est
328 2436 465 2472 interBritones
472 2450 476 2481 ς
484 2437 546 2472 multis
554 2437 633 2482 denique
639 2437 657 2471 vi
665 2448 742 2481 regnum
748 2436 793 2471 illud
799 2435 851 2470 inua-

148 2505 211 2577 nu¹mEx
218 2504 366 2576 Gallunsslillqpppislv.
373 2514 400 2546 195
408 2506 432 2545 V.,
437 2507 477 2538 with
484 2507 569 2538 additions.
610 2507 616 2525 ²
626 2507 645 2538 G.
654 2507 674 2536 ll.
683 2506 762 2545 Faganum
770 2509 786 2536 et
793 2505 851 2535 Duria·
