1762 2803
243 122 289 178 Ut
304 119 404 173 sancto
420 118 536 182 ebroino.
697 131 740 178 373

40 247 118 287 nomine,
134 245 214 289 quadam
227 243 257 277 die
272 242 302 275 ¹in
315 241 403 276 interiora
418 241 464 276 silue
479 252 590 285 progressus
605 247 633 276 est
639 241 649 282 ¹,
665 248 682 276 et
698 251 741 275 ecce

38 302 108 338 astabat
120 298 138 332 in
150 299 190 331 loco
201 297 281 340 quodam
291 294 343 338 virgo
354 294 433 338 quedam
447 306 488 329 cum
503 295 543 329 aliis
558 295 630 329 duabus
640 294 742 339 virginibus

37 350 177 400 preclarissima‚
190 349 277 383 ¹omnem
291 349 403 382 mundanam
416 347 570 391 pulchritudinem
583 347 612 382 et¹
625 347 683 392 ipsius
697 347 741 382 solis

37 408 126 451 fulgorem
146 403 174 438 sui
190 402 290 447 splendore
305 406 323 435 et
338 400 395 445 gloria
413 401 519 442 deuincens,
535 401 602 436 librum
618 401 637 435 in
656 401 741 436 manibus

37 467 102 495 tenens
113 461 131 490 et
142 466 183 490 cum
194 454 252 488 sacris
262 453 362 497 virginibus
374 453 448 487 celestia
460 454 529 487 cantica
541 455 628 498 psallens.
650 453 759 497 ¹Expauit5

37 513 65 548 vir
72 512 102 545 ille
113 514 149 543 tam
160 517 237 542 corusca
246 506 317 540 visione
329 506 417 547 ebetatus,
427 517 461 541 nec
472 506 533 541 ferens
545 507 619 542 celestia
628 508 741 551 conspicere,

37 566 101 601 tacitus
118 573 139 597 ac
154 567 237 596 tremens
256 561 331 594 domurn
347 559 422 594 rediit¹:
439 571 475 616 que
489 560 560 595 viderat
575 567 638 596 sancto
653 560 740 606 episcopo

37 619 120 654 intimare
139 614 214 650 curauit.
241 613 275 647 Vir
293 619 354 647 autent
374 614 403 648 dei
422 614 475 648 tacite
495 625 534 648 rem
553 615 678 657 considerans,
697 619 740 659 post

37 670 103 706 ieiunia
118 674 136 703 et
149 677 215 712 preces
228 668 307 710 quadam
323 666 353 701 die
368 677 409 700 cum
424 667 482 701 tribus
498 666 557 709 sociis,
572 674 591 702 et
606 678 647 701 curn
662 667 740 712 psalmis

37 731 55 759 et
68 722 178 758 orationibus
192 720 269 762 deuotis,
283 720 344 754 nudus
358 721 417 764 pedes
431 722 454 755 ad
467 721 528 754 locum
543 720 659 765 designatum
673 720 739 765 pergit,
748 727 768 750 10

37 777 144 816 eminusque
160 773 228 807 relictis
243 774 298 807 sociis
313 772 353 814 ipse
368 773 446 806 interius
460 773 555 816 processit,
571 774 675 817 diutiusque
690 779 739 807 terre

37 828 126 863 accubans
144 836 186 860 cum
201 825 270 870 gemitu
285 830 303 858 et
318 825 411 859 lachrimis
426 826 535 870 implorabat
550 830 654 870 respectum
670 825 739 860 miseri-

38 881 98 916 cordie
113 879 243 923 redemptoris.
266 879 357 922 Surgente
372 879 404 912 illo
419 879 442 912 ab
457 880 544 919 oratione,
558 885 597 913 tres
608 879 690 922 virgines
702 890 739 913 non

37 932 112 968 minoris
125 931 229 977 splendoris
243 937 261 966 et
273 931 330 976 glorie
344 942 398 975 quarn
413 930 469 975 prius,
483 941 598 976 apparuere:
614 941 691 975 quarum
704 942 740 976 que

37 987 96 1021 media
110 991 154 1027 erat,
166 984 266 1029 precelsior
279 990 297 1019 et
308 984 358 1018 omni
371 985 431 1018 nitore
443 983 556 1029 splendidior
567 984 686 1029 prefulgebat,
698 985 767 1024 liliis15

37 1039 134 1081 candidior,
148 1038 195 1072 rosis
210 1037 322 1079 vernantior,
337 1038 393 1072 odore
408 1037 525 1073 inestimabili
541 1037 656 1083 fragrantior,
673 1038 739 1073 librum

38 1103 109 1137 quoque
128 1092 213 1125 manibus
233 1092 330 1135 preferens
349 1097 367 1125 et
386 1102 459 1125 crucem
478 1102 552 1125 auream
572 1092 613 1125 luce
633 1092 740 1126 radiantem.

38 1146 120 1188 Cumque
136 1145 224 1188 cogitaret
239 1145 286 1179 hanc
300 1145 369 1178 domini
385 1145 497 1188 genetricem
513 1155 561 1186 esse,
574 1146 625 1189 virgo
638 1146 740 1189 precellen-

37 1199 113 1239 tissima,
132 1198 184 1241 quasi
203 1197 268 1231 fauens
286 1202 324 1231 tam
343 1198 374 1241 pie
393 1198 508 1239 estimationi,
527 1198 633 1232 adorantem
652 1203 739 1242 pretensa

39 1253 100 1294 (quam
113 1251 194 1293 tenebat)
207 1261 261 1285 cruce
277 1250 377 1292 benedixit,
389 1255 407 1284 et
420 1260 461 1284 curn
473 1250 503 1284 tali
513 1249 632 1285 valefactione
644 1251 739 1296 disparuit.
748 1262 767 1284 ao

39 1303 115 1337 Gauisus
134 1303 196 1347 itaque
213 1303 242 1336 vir
256 1308 331 1337 sanctus
346 1308 364 1337 et
378 1302 446 1346 gratias
461 1304 496 1337 deo
510 1314 573 1346 agens,
588 1303 678 1338 intellexit
697 1315 739 1338 esse

38 1356 98 1390 diuine
117 1356 214 1390 voluntatis
232 1362 252 1390 vt
270 1356 320 1390 locus
338 1356 379 1400 ipse
396 1355 426 1390 dei
443 1355 554 1390 cultoribns²
567 1362 706 1391 consecraretur
720 1362 739 1392 et

39 1410 91 1442 beate
102 1409 132 1442 dei
143 1409 226 1453 genitrici
238 1410 358 1443 dedicaretur.
381 1409 461 1443 Vouerat
472 1409 521 1443 enirn
534 1409 582 1443 inter
591 1411 651 1444 varias
662 1416 738 1454 tempta·

37 1462 106 1496 tionum
120 1463 219 1507 angustias,
231 1463 246 1496 si
259 1462 344 1496 dominns
355 1473 466 1507 prosperum
477 1462 545 1496 faceret
556 1462 667 1497 desiderium
679 1475 739 1506 suum,

38 1516 163 1550 edificaturum
177 1516 252 1550 domino
267 1517 362 1559 templum.
386 1515 454 1549 Locum
470 1515 527 1559 ergo³
542 1516 625 1559 protinus
639 1517 739 1559 mundanit,
748 1528 766 1559 ²5

38 1578 83 1611 opus
102 1568 200 1611 inchoauit,
216 1573 234 1603 et
250 1569 273 1603 ad
289 1569 346 1603 finem
365 1568 467 1613 perduxit⁴.
489 1567 575 1613 ,Scripsit
593 1579 666 1613 quoque
689 1569 739 1604 idem

38 1626 110 1655 sanctus
129 1628 148 1655 et
166 1622 228 1666 palam
247 1621 332 1655 omnibus
351 1621 392 1656 lecit
411 1621 516 1656 monasterii
538 1621 677 1665 edificationem,
696 1628 739 1657 tunc

38 1673 111 1708 nomine
131 1673 212 1709 Homme
230 1673 306 1716 vocarit,
322 1675 357 1708 sub
373 1673 408 1708 hiis
421 1674 493 1708 verbis:
511 1667 565 1719 ‘Ego
584 1674 672 1719 nginns
689 1675 739 1710 Wie-

38 1726 106 1760 ciorum
119 1727 193 1762 humilis
206 1728 310 1772 episcopus,
321 1728 363 1762 volo
374 1727 491 1762 manifestare
503 1729 588 1762 omnibus
600 1728 684 1763 fidelibus
697 1728 739 1763 dei8

37 1780 115 1821 qualiter
125 1792 160 1825 ego
171 1781 251 1825 primum
261 1792 296 1825 per
304 1781 379 1824 spiritus
391 1782 449 1814 sancti
460 1780 598 1824 inspirationem
610 1781 665 1815 istum
677 1782 738 1815 locum
746 1788 766 1817 30

37 1831 83 1874 elegi
95 1837 113 1865 et
124 1833 256 1868 monasterium
267 1833 351 1868 edificaui
362 1834 381 1866 in
392 1833 490 1873 Homme⁷‚
497 1833 516 1865 in
526 1833 596 1866 honore
607 1834 738 1877 omnipotentis

37 1883 96 1917 delet
110 1891 172 1919 sancte
186 1885 244 1919 Nlarie
257 1889 347 1930 perpetue
359 1884 440 1928 virginis.
463 1884 543 1928 Contigit
556 1886 634 1928 quodam
648 1891 737 1930 ternpore,

37 1945 73 1968 non
82 1937 122 1971 sine
130 1939 261 1982 omnipotentis
269 1937 395 1981 dispositione,
403 1939 451 1980 quod
463 1948 497 1980 ego
507 1938 525 1969 in
536 1938 628 1970 laboribus
638 1939 737 1971 multarum

37 1992 55 2020 et
62 1998 171 2032 magnarum
178 1990 271 2025 visionum
282 1991 348 2025 ductus
360 1990 390 2025 sui.
413 1989 454 2031 Qua
464 1990 487 2023 de
497 1999 518 2023 re
528 1990 572 2024 arsit
583 1989 638 2023 mihi⁸
647 1990 666 2024 in
674 1989 736 2024 animo

37 2050 70 2081 per
83 2042 158 2086 spiritus
173 2043 231 2077 sancti
245 2043 389 2088 inspirationem,
403 2043 451 2087 quod
465 2054 499 2086 ego
510 2054 566 2076 vnum
578 2042 637 2076 locum
651 2042 736 2076 edificare
745 2049 764 2079 35

37 2091 123 2128 deberem
137 2097 160 2130 ad
174 2096 248 2131 laudern
262 2101 281 2131 et
295 2095 372 2139 gloriam
384 2094 515 2139 omnipotentis
528 2095 558 2129 dei
570 2100 588 2129 et
600 2099 663 2130 sancte
677 2095 736 2129 Marie

37 2149 54 2176 et
69 2149 150 2183 omnium
163 2150 263 2183 electorum
279 2148 353 2190 Christi,
366 2153 384 2182 et
399 2149 453 2181 etiam
469 2147 514 2181 mihi
527 2148 550 2181 ad
562 2154 645 2182 eternam
658 2148 737 2181 retribu-

36 2196 109 2240 tionem,
119 2207 216 2246 antequam
227 2202 250 2235 ab
262 2202 296 2235 ista
306 2201 389 2235 mutabili
398 2201 435 2234 vita
446 2201 565 2234 discederem.
573 2226 577 2234 .
585 2225 601 2234 ..
624 2200 670 2234 Cum
682 2200 737 2243 igitur

37 2250 115 2285 maxime
128 2253 214 2288 florerem
228 2255 247 2287 in
262 2254 327 2287 diebus
340 2252 435 2287 Ethelredi
448 2253 497 2296 regis
510 2252 626 2294 Merciorum,
639 2253 680 2296 cepi
693 2263 736 2286 eum

36 2300 114 2347 benigne
123 2305 218 2350 deprecari
225 2311 244 2341 vt
252 2306 297 2341 mihi
307 2306 410 2341 concedere
421 2305 527 2350 dignaretur
534 2305 628 2349 antiquum
639 2305 736 2339 cenobium
744 2315 765 2346 40

37 2356 84 2395 quod
99 2357 260 2393 ‘Fledanburch¹⁹
275 2365 396 2402 nuncupatur.
423 2358 472 2391 Satis
487 2357 517 2391 ille
532 2357 596 2391 libenti
611 2356 672 2391 animo
687 2359 737 2401 quod

36 2409 134 2448 poscebam
142 2412 237 2447 concessit.
246 2437 250 2447 .
258 2437 275 2447 ..
295 2413 393 2456 Regnante
402 2415 443 2455 post
452 2410 502 2444 illurn
511 2421 554 2454 rege
563 2410 655 2454 Kenredo,
661 2411 737 2445 contulit

37 2458 70 2493 deo
79 2467 96 2495 et
104 2463 154 2508 mihi,
162 2470 201 2499 turn
211 2475 245 2509 pro
255 2476 317 2499 amore
327 2465 362 2507 dei,
371 2471 409 2499 turn
420 2474 454 2507 pro
463 2463 558 2498 affectione
568 2463 646 2498 carnalis
658 2464 737 2499 amicitie

35 2522 78 2576 ⁰¹⁴
88 2534 118 2555 om.
126 2527 142 2557 in
150 2529 171 2559 R.
201 2528 316 2559 ²alenltibus.
346 2527 442 2558 ⁸0m.inT.
470 2526 566 2558 *nuuxttt
593 2526 737 2558 ³T.E.vocatam.

51 2561 163 2599 BollChn'sti.
194 2567 305 2600 'Ebomine
336 2567 440 2598 ‘llolimem
470 2566 504 2597 tT.
512 2566 626 2606 Sledanburgb,
635 2567 653 2598 cl.
662 2568 710 2599 Nero.
