1762 2803
240 97 285 154 tir
300 96 401 150 &auctu
417 99 577 158 euenturum.
723 113 765 154 199

61 222 107 252 tates
116 216 173 252 seculi
181 222 318 263 contempnere,
329 217 398 251 monita
408 217 467 252 sancti
478 216 550 251 Patricii
562 216 636 252 assidua
647 215 763 251 meditatione

61 271 162 313 reuoluere,
169 282 202 305 cor
208 271 305 316 (quoque)¹
314 282 367 305 suum
376 276 393 304 et
401 277 452 305 actus
460 281 504 305 suos
512 271 562 305 omni
570 270 652 305 custodia
660 271 764 312 obseruare,

61 325 138 359 orationi
151 335 193 359 cum
208 324 301 359 lachrimis
316 330 334 359 et
349 324 433 369 suspiriis
448 325 555 369 frequenter
569 325 681 367 incumbere,
696 335 763 369 corpus

60 378 133 412 ieiuniis
142 383 242 421 attenuare,
249 378 316 423 vigiliis
328 378 414 423 affligere,
422 383 459 413 tota
467 378 533 418 anima,
542 383 579 414 tota
586 379 652 413 virtute
660 379 715 413 deum
723 377 764 412 dili·

60 443 109 476 gere‚
120 431 178 466 amori
190 432 258 466 Christi
270 431 315 465 nihil
326 442 435 476 preponere,
448 438 522 466 terrena
535 431 597 466 omnia
608 437 627 466 vt
639 432 706 466 caduca
717 441 781 475 puras

61 490 123 518 mente
131 485 206 526 calcare,
215 485 238 517 ad
245 484 329 518 brauium
339 484 411 518 celestis
421 485 473 528 regni
484 484 527 518 totis
539 485 609 518 nisibus
618 484 697 525 anelare,
705 494 763 528 penas

60 537 126 571 inserui
135 537 210 571 horrore
218 536 274 571 nimio
282 546 412 581 expauescere,
421 537 444 571 ad
454 536 525 582 premia
534 536 571 572 vite
583 541 647 571 eterne
658 535 763 581 infatigabili

60 591 152 625 desiderio
160 591 258 634 suspirare.
282 590 303 624 In
312 595 383 624 tantum
395 591 444 624 enirn
453 591 471 624 in
480 600 501 624 ea
510 590 602 624 conualuit
610 600 691 635 superna
700 590 763 634 gratia,

59 649 78 678 vt
86 643 142 678 frater
149 644 189 678 eius
198 644 292 683 Ronanus,
298 643 404 688 exemplum
413 643 452 678 eius
460 642 546 685 imitatus,
555 643 637 678 seculum
645 653 700 677 omne
707 642 762 677 relin-

60 702 132 741 queret;
144 701 162 732 et
170 696 188 731 in
197 696 265 731 Christi
273 696 359 731 miliciam
367 696 401 731 sibi
409 697 516 738 associatus,
521 702 586 741 postea
592 696 688 741 religIosus
693 695 762 740 episco-
772 706 792 731 ro

59 760 95 793 pus
101 750 158 783 sactus
164 754 196 783 est.
216 750 271 783 Pater
276 760 365 792 quoquea
371 749 478 783 criminibus
484 760 505 783 se
511 749 629 793 compescuit,
635 755 653 783 et
661 754 720 782 mater
727 759 761 792 per

60 813 118 837 annos
130 801 234 847 quindecim
248 812 321 836 summe
332 801 416 846 religioni
427 802 493 846 dedita,
505 802 561 837 finem
572 801 609 838 vite
620 812 654 838 sue
667 801 685 837 in
699 806 762 837 sancta

60 855 198 890 conuersatione
213 857 352 890 consummauit.
404 848 451 890 Post
465 856 498 890 hec
511 856 562 899 virgo
574 855 641 890 Christi
653 854 761 899 parentibus

60 908 128 952 orbata,
136 909 158 943 ad
169 908 233 944 altiora
243 909 375 944 transcendere
386 908 524 955 concupiscens,
535 909 595 944 audita
606 908 654 944 fama
666 908 760 944 cuiusdam

59 962 117 996 sancti
126 962 207 1006 episcopi
218 961 292 997 nomine
304 962 368 1006 Hibar,
376 962 407 1007 qui
419 962 437 997 in
446 962 512 998 insulis
521 962 606 998 occeani²
613 974 655 997 curn
666 961 761 1007 discipulis
771 973 789 1003 ¹5

59 1016 97 1049 suis
108 1017 164 1049 vitam
172 1015 282 1049 artissimam
294 1016 376 1057 ducebat,
384 1017 407 1049 ad
421 1027 463 1050 eum
475 1016 582 1060 quantocius
593 1027 635 1050 curn
644 1015 707 1060 paucis
718 1027 761 1059 pro·

59 1069 134 1111 perauit.
158 1068 181 1101 Et
189 1069 308 1103 considerans
316 1069 397 1103 laborem
405 1079 492 1103 manuum
500 1068 545 1109 eius,
553 1068 662 1103 abstinentie
672 1068 758 1112 rigorem,

59 1121 168 1156 affabilitatis
183 1121 317 1164 iocunditatem,
332 1123 369 1157 vite
384 1122 473 1164 meritum,
488 1121 612 1166 virtutumque
627 1121 718 1163 miracula,
735 1122 759 1156 ab

59 1185 81 1207 eo
96 1174 175 1218 benigne
188 1174 276 1208 instructa
287 1175 393 1218 regreditur.
438 1168 551 1210 Constructo
564 1174 582 1208 in
595 1175 674 1218 quodam
686 1174 760 1208 monte³

59 1227 140 1268 cenobio,
149 1226 217 1271 [cum]⁴
227 1227 288 1261 Athea
299 1231 318 1261 et
330 1227 408 1261 Ronano
420 1226 476 1262 fratre
487 1237 521 1261 suo
533 1226 630 1267 habitauit:
642 1226 687 1262 solis
698 1227 759 1261 crudis
769 1237 789 1260 πο

58 1290 103 1324 sepe
122 1285 222 1314 sustentata
241 1279 337 1322 radicibus,
356 1279 468 1314 orationibus
487 1279 566 1314 assiduis
583 1280 671 1322 vacabat;
688 1279 758 1314 nemini

59 1343 137 1367 onerosa
148 1334 236 1375 existens,
248 1333 316 1367 nullius
328 1333 447 1368 elemosinam
458 1337 530 1378 petens,
539 1334 563 1367 de
574 1332 661 1376 operibus
672 1343 759 1367 manuum

58 1396 133 1420 suarum
151 1386 186 1420 sibi
204 1386 279 1430 suisque
294 1386 362 1420 victum
381 1396 466 1429 querens,
484 1386 555 1420 virilem
574 1385 656 1420 animum
675 1386 694 1419 in
712 1396 759 1419 sexu

58 1438 138 1472 femineo
157 1439 266 1482 preferebat.
289 1438 419 1472 Proscindebat
438 1445 505 1472 terram
524 1438 590 1482 ligone,
608 1438 683 1482 propria
703 1449 759 1471 manu

59 1500 123 1524 semen
138 1491 221 1533 iactabat,
234 1490 299 1525 rastris
314 1491 358 1525 illud
373 1491 458 1535 operiens
473 1495 491 1525 et
506 1491 577 1526 sarculo
592 1501 656 1535 agrum
671 1501 757 1536 purgans.
769 1499 788 1532 ²5

59 1543 179 1578 Confluebant
193 1545 216 1578 ad
231 1554 272 1578 eam
288 1549 370 1578 matrone
385 1544 460 1585 nobiles,
476 1543 539 1587 regine
554 1554 626 1588 quoque
641 1549 659 1579 et
674 1543 760 1587 virgines,

58 1597 135 1631 verbum
151 1596 180 1632 dei
193 1598 216 1631 ab
229 1608 251 1631 ea
263 1596 363 1631 audientes.
386 1596 409 1630 Et
424 1597 507 1631 adiuncte
523 1603 565 1631 sunt
580 1597 596 1631 ei
611 1596 692 1641 virgines
707 1602 759 1631 octo:

57 1649 105 1683 inter
115 1649 173 1695 quasl
184 1651 256 1684 suerunt
266 1655 329 1684 sancta
341 1650 414 1694 Brigida
423 1656 441 1684 et
452 1650 520 1685 Orbila.
542 1650 589 1684 Cum
601 1650 636 1684 hiis
647 1656 686 1684 erat
696 1655 714 1684 et
723 1661 760 1685 vna

56 1703 117 1745 vidua,
125 1705 195 1738 habens
202 1704 310 1738 infantulum
318 1704 392 1738 nomine
398 1704 470 1747 Luger:
483 1715 538 1748 quern
546 1714 624 1738 cernens
631 1704 679 1738 bone
686 1703 760 1746 indolis,

58 1756 151 1799 adoptauit
159 1767 201 1790 eum
209 1756 228 1790 in
236 1757 299 1796 filium,
310 1762 328 1790 et
340 1767 412 1790 summo
424 1758 483 1790 studio
495 1757 594 1795 enutriens,
602 1757 639 1790 fide
649 1762 667 1790 et
678 1756 760 1790 moribus
768 1764 788 1793 30

58 1808 137 1842 reddidit
150 1808 246 1843 eruditum.
291 1800 330 1842 Iste
346 1808 407 1853 Luger
422 1809 451 1843 die
466 1809 545 1854 quadarn
556 1819 630 1843 vaccam
646 1819 687 1843 cum
702 1807 759 1842 vitulo

58 1862 159 1904 custodiuit,
175 1873 230 1906 quern
242 1861 320 1897 veniens
335 1863 389 1907 lupus
402 1863 462 1896 subito
475 1862 536 1906 rapuit
547 1868 565 1896 et
577 1872 638 1896 coram
651 1862 709 1896 oculis
720 1862 759 1896 suis

57 1915 156 1950 deuorauit.
179 1916 232 1957 Quod
248 1925 290 1949 cum
307 1916 380 1949 domIne
396 1926 430 1949 sue
449 1915 559 1955 nunciasset,
575 1915 606 1949 illa
624 1916 659 1949 ait:
677 1915 758 1958 ‘Accipe

56 1968 141 2003 baculum
149 1979 216 2010 meum,
226 1968 252 2002 fili
263 1967 293 2008 mi,
304 1973 322 2001 et
333 1969 379 2002 vade
390 1968 413 2001 ad
425 1978 473 2010 eum,
486 1973 503 2001 et
514 1967 543 2002 dic
554 1967 571 2002 ei
580 1972 600 2001 vt
609 1967 671 2002 veniat
682 1968 705 2001 ad
717 1969 758 2001 me!

58 2021 93 2062 Qui
103 2022 166 2065 lupum
177 2021 236 2055 adhuc
248 2031 290 2054 cum
299 2020 356 2054 vitulo
367 2020 469 2062 inueniens‚
479 2020 537 2063 tetigit
549 2030 591 2054 eum
602 2020 672 2062 baculo,
683 2020 758 2055 dicens:
767 2028 787 2058 ³5

58 2073 146 2108 ‘Domina
156 2084 198 2107 mea
209 2072 298 2117 precipit⁶
306 2078 325 2106 vt
335 2072 398 2107 venias
409 2072 432 2106 ad
445 2074 496 2106 eam!
519 2071 555 2114 Qui
566 2071 627 2106 statim
639 2083 759 2116 consurgens,

56 2126 75 2160 in
83 2128 158 2162 modum
166 2126 260 2161 domestici
272 2125 321 2161 canis
332 2126 442 2171 sequebatur
450 2136 498 2168 eum,
507 2131 525 2160 et
534 2131 637 2171 prostratus
647 2132 690 2161 ante
699 2127 758 2171 pedes

57 2180 137 2225 virginis,
153 2180 202 2214 omni
218 2180 288 2214 feritate
303 2180 391 2224 deposita,
406 2179 458 2224 quasi
472 2178 526 2224 culpe
541 2178 625 2214 conscius
640 2184 658 2214 et
673 2178 759 2225 penitens

56 2234 129 2269 veniam
145 2233 248 2279 postulauit.
270 2233 300 2267 Ad
315 2244 370 2278 quem
385 2232 416 2268 illa
430 2232 467 2269 ait:
484 2233 555 2276 ‘Quare
572 2232 664 2269 deuorasti
681 2232 758 2269 vitulum

57 2292 152 2323 nostrum?
175 2288 222 2322 Ecce
230 2287 313 2333 precipio
320 2287 352 2321 tibi
362 2287 381 2321 in
391 2287 464 2321 nomine
475 2287 531 2321 Ihesu
542 2287 615 2329 Christi,
622 2292 642 2321 vt
652 2288 675 2321 ad
683 2297 758 2321 vaccam
766 2294 787 2325 40

58 2342 109 2375 cuius
120 2341 197 2376 vitulum
209 2340 300 2375 deuorasti
311 2351 379 2384 pergas
391 2346 408 2374 et
420 2340 469 2376 illam
481 2351 492 2374 a
503 2340 567 2375 bestiis
579 2340 676 2383 custodias,
688 2341 758 2375 ducens

58 2393 80 2427 ad
91 2405 160 2438 pascua
171 2398 190 2427 et
199 2394 299 2435 reducens,
311 2394 334 2427 de
345 2393 461 2427 siluestribus
471 2392 519 2434 viue,
531 2393 628 2437 quicquam
637 2392 757 2427 domesticum

76 2506 81 2525 ¹
92 2518 122 2539 om,
130 2508 146 2539 in
154 2508 172 2538 T.
224 2507 230 2526 ¹
239 2508 271 2539 Vit.
279 2507 381 2539 occidentalis
389 2518 404 2538 o.
454 2508 461 2527 ³
471 2507 503 2539 Vit.
511 2508 526 2539 in
534 2514 588 2540 monte
596 2509 621 2547 qui
629 2509 686 2540 dicitur
693 2508 758 2540 Focard.

56 2546 216 2586 ¹soT.;om.inE.
266 2548 343 2587 ’uque
394 2548 512 2588 ‘Eprecepit
