1762 2803
258 110 304 167 bc
319 108 419 163 sautu
435 110 549 163 uoutoo.
713 127 758 173 359

54 242 119 281 quatur
131 233 199 277 quidue
210 231 325 276 precesserit,
338 243 415 276 prorsus
429 232 541 277 ignoramus.
563 233 618 268 Vnde
632 234 648 269 si
661 234 695 268 hec
708 246 757 270 noua

54 287 135 323 doctrina
146 285 214 320 certius
225 285 293 329 aliquid
304 284 368 327 attulit,
380 285 445 319 merito
456 296 499 320 esse
510 287 606 330 sequenda
616 286 698 321 videtur!
721 287 757 322 His

54 341 119 377 similia
130 344 148 373 et
160 339 215 373 ceteri
227 339 306 372 maiores
318 344 361 372 natu
373 349 394 373 ac
405 339 455 383 regis
466 340 564 374 consiliarii
572 340 660 375 diuinitus
670 340 758 375 admoniti

53 394 215 440 prosequebantur.
237 391 311 425 Adiecit
323 398 384 426 autem
399 392 444 426 Coiti
460 394 502 436 quia
514 394 570 428 vellet
585 395 645 438 ipsum
661 394 757 429 Paulinum

53 446 157 491 diligentius
167 446 230 479 audire
238 445 261 479 de
269 445 304 479 deo
312 455 367 489 quem
376 445 482 489 predicabat
489 446 566 481 verbum
578 446 681 481 facientem.
703 447 757 489 Quod
766 462 775 492 5

53 510 94 534 cum
112 499 186 531 iubente
205 508 249 539 rege
267 497 342 537 faceret,
358 498 472 538 exclamauit,
489 499 556 532 auditis
575 500 615 533 eius
634 500 757 540 sermonibus,

53 552 126 588 dicens:
142 550 191 584 ‘lam
202 549 246 584 olim
260 549 388 585 intellexeram
401 550 457 586 nichil
469 562 511 587 esse
523 552 572 597 quod
585 552 702 587 colebamus:
714 551 757 597 quia

52 604 141 644 videlicet,
154 607 222 646 quanto
237 603 336 637 studiosius
348 602 367 637 in
381 614 403 637 eo
416 604 464 638 cultu
477 604 572 639 veritatem
586 606 692 649 querebam,
706 611 757 639 tanto

53 657 113 692 minus
124 654 247 690 inueniebam.
270 654 323 689 Nunc
334 660 395 690 autem
407 661 470 701 aperte
483 656 571 702 profiteor
581 657 623 702 quia
635 657 654 692 in
667 657 700 692 hac
714 668 756 703 pre-

52 710 140 745 dicatione
152 708 220 743 veritas
232 708 299 743 claret¹
312 709 343 743 illa
355 719 391 754 que
405 710 459 744 nobis
471 710 513 752 vite,
525 710 589 746 salutis
604 716 623 746 et
637 711 755 747 beatitudinis
765 725 784 748 ro

52 769 115 798 eterne
131 763 179 796 dona
193 762 264 796 valeat²
278 761 364 796 tribuere.
394 762 448 797 Vnde
465 774 549 807 suggero,
564 774 604 805 rex,
618 768 638 798 vt
652 765 722 809 templa
736 770 755 800 et

52 816 114 850 altaria
129 825 165 858 que
179 814 220 849 sine
235 814 294 848 fructu
310 814 390 849 vtttitatis
405 815 524 856 sacrauimus,
540 816 590 851 ocius
609 817 720 851 anathemati
737 823 756 852 et

52 868 89 911 igni
99 868 237 902 contradamus.¹
260 866 308 908 Quid
319 868 385 911 plural
399 868 472 911 prebuit
484 869 545 912 palam
557 869 666 903 assensum³
676 880 756 913 euange-

51 919 123 953 lizanti⁴
132 920 185 952 beato
194 918 271 952 Paulino
281 929 320 961 rex,
328 924 346 953 et
355 919 486 953 abrenunciata
497 920 585 959 idolatria,
593 921 649 955 fidem
658 931 679 955 se
688 921 755 956 Christi

52 972 145 1017 suscipere
155 970 251 1006 confessus
262 977 296 1006 est.
319 972 402 1016 Cumque
413 971 505 1016 apreiato
514 972 601 1016 pontifice
610 984 705 1007 sacrorum
714 985 755 1008 suo·
766 989 783 1018 ¹5

51 1036 91 1059 rum
101 1024 199 1068 quereret⁶
207 1025 248 1068 quis
260 1036 302 1059 aras
313 1031 332 1059 et
343 1025 405 1069 phana
416 1025 506 1060 idolomm
514 1036 556 1060 cum
564 1026 622 1071 septis
628 1026 694 1070 quibus
703 1034 755 1062 erant

52 1079 166 1120 circumdata,
174 1077 245 1122 primus
257 1077 374 1123 prophanare
382 1078 463 1121 deberet,
471 1078 502 1114 ille
513 1079 619 1124 respondit:
632 1079 686 1124 ‘Ego
709 1079 755 1123 Quis

51 1132 99 1166 enim
110 1142 132 1166 ea
140 1142 176 1176 que
188 1142 222 1175 per
229 1131 324 1166 stultitiam
335 1131 388 1174 colui,
396 1142 446 1166 nunc
457 1133 480 1166 ad
489 1132 596 1176 exemplum
605 1133 686 1166 omnium
695 1135 755 1178 aptius

51 1195 105 1228 quam
117 1185 157 1228 ipse
169 1185 269 1224 destruam,
281 1196 316 1229 per
328 1184 437 1228 sapientiam
450 1185 506 1219 michi
518 1196 528 1218 a
543 1186 578 1219 deo
590 1196 635 1220 vero
648 1186 754 1220 donatami'

52 1238 158 1281 Statimque,
170 1237 240 1272 abiecta
253 1238 382 1282 superstitione
394 1238 484 1280 vanitatis,
496 1238 567 1282 rogauit
580 1238 614 1273 sibi
628 1249 691 1283 regem
703 1250 754 1274 arma
763 1255 783 1275 20

51 1291 94 1324 dare
106 1296 124 1323 et
137 1301 204 1334 equum
217 1290 338 1332 emissarium,
350 1301 405 1334 quem
420 1292 529 1330 ascendens,
541 1291 564 1324 ad
579 1290 628 1325 idola
641 1293 754 1327 destruenda

50 1342 126 1377 veniret.
149 1344 190 1376 Non
203 1344 252 1377 enim
264 1343 329 1376 licebat
339 1343 446 1386 pontificem
458 1353 552 1377 sacrorum
559 1344 589 1377 vel
598 1354 650 1377 arma
661 1344 715 1382 serre,
723 1344 753 1378 vel

50 1395 141 1439 preteriri
153 1406 201 1439 equa
212 1395 299 1440 equitare.
322 1395 420 1430 Accinetus
432 1406 477 1440 ergo
488 1396 549 1441 gladio
560 1396 630 1441 accepit
640 1396 722 1431 lanceam
734 1397 753 1433 in

51 1459 110 1488 manu,
126 1454 144 1483 et
159 1450 262 1484 ascendens
277 1448 392 1484 emissarium
408 1449 463 1494 regis,
478 1450 566 1494 pergebat
581 1450 604 1484 ad
619 1448 672 1484 idola.
700 1450 753 1493 Quod

51 1501 141 1545 aspiciens
152 1502 224 1545 vulgus,
235 1502 327 1536 estimauit
339 1513 382 1536 eum
394 1502 479 1536 insanire.
503 1502 586 1546 Cumque
597 1502 753 1547 appropinquaret
762 1516 781 1546 25

51 1555 73 1588 ad
84 1555 171 1598 phanum,
178 1555 313 1600 prophanauitt
322 1556 373 1599 illud,
381 1555 411 1590 et⁷
420 1556 487 1590 iniecta
496 1555 515 1589 in
527 1567 549 1591 eo
559 1555 628 1597 lancea,
636 1554 688 1590 iussit
699 1557 754 1592 sociis

50 1607 144 1642 destruere
156 1620 177 1642 ac
188 1610 301 1643 succendere
313 1610 394 1653 phanum
406 1619 448 1643 cum
459 1609 545 1643 omnibus
555 1610 612 1652 septis
620 1609 664 1643 suis.
687 1609 754 1644 Osten-

51 1659 98 1694 ditur
106 1665 167 1695 autem
179 1661 231 1696 locus
242 1661 273 1697 ille
281 1662 373 1705 quondam
385 1661 476 1695 idolorum
488 1671 525 1695 non
537 1661 591 1704 longe
603 1661 625 1695 ab
637 1660 719 1696 Eboraco
730 1663 753 1697 ad

50 1711 145 1754 orientem,
150 1714 211 1748 iuxta⁸
217 1726 291 1749 amnem
298 1714 454 1756 Dorwentionem‚
459 1714 594 1757 vocabaturque
603 1713 753 1759 Godmundinga-

51 1764 97 1800 ham.
142 1760 188 1801 Rex
201 1767 256 1811 igitur
267 1768 356 1800 Edwinus
370 1778 411 1800 cum
425 1767 495 1801 cunctis
508 1767 568 1810 gentis
582 1777 615 1800 sue
629 1767 719 1801 nobilibus
732 1778 753 1802 ac
762 1781 782 1809 30

50 1818 103 1861 plebe
114 1821 172 1854 multa
183 1820 239 1855 fidem
250 1820 319 1855 Christi
330 1826 349 1855 et
361 1820 454 1855 lauacrum
465 1819 546 1863 suscepit
557 1830 606 1853 anno
618 1819 671 1863 regni
683 1821 711 1854 sui
719 1831 753 1854 vn-

50 1871 125 1913 decimo,
133 1879 151 1907 et
162 1873 292 1907 incarnationis
303 1873 394 1907 dominice
406 1873 541 1906 sexcentesimo
548 1872 721 1916 vicesimoseptimo,
729 1874 753 1906 ab

50 1923 129 1959 aduentu
147 1926 251 1971 Anglorum
268 1926 287 1960 in
306 1925 420 1960 Britanniam
437 1936 485 1959 anno
501 1924 572 1960 circiter
587 1924 688 1959 centesimo
703 1931 752 1959 octo-

50 1977 124 2019 gesimo.
147 1980 252 2024 Baptizatus
267 1986 295 2015 est
308 1986 369 2014 autem
383 1979 477 2013 Eboraco⁹
488 1979 517 2013 die
530 1984 593 2013 sancto
605 1979 679 2022 pasche,
692 1980 752 2023 pridie

49 2028 90 2063 idus
101 2032 169 2076 aprilis,
177 2033 195 2066 in
207 2033 285 2068 ecclesia
295 2033 353 2067 sancti
366 2032 415 2067 Petri
427 2032 509 2076 apostoli,
521 2043 576 2076 quam
588 2032 655 2066 ibidem
667 2032 691 2066 de
702 2032 752 2076 ligno
760 2046 778 2075 ³⁵

49 2083 79 2116 vbi
94 2085 267 2121 cathechizaretur¹⁰
281 2092 300 2121 et
317 2088 445 2131 baptizaretur,
451 2085 514 2120 ‘citato
529 2096 586 2130 opere
601 2084 713 2127 construxit5
732 2086 750 2120 in

49 2146 84 2179 qua
90 2137 100 2156 ¹¹
113 2139 182 2174 doctori
197 2151 231 2175 suo
248 2140 324 2175 Paulino
340 2142 403 2175 sedem
419 2139 536 2184 episcopatus
550 2138 628 2174 donauit.
651 2139 696 2173 Mox
709 2146 751 2184 post

49 2188 160 2231 baptismum
173 2193 192 2225 in
207 2194 272 2226 eodem
285 2194 361 2227 loco-de
376 2193 437 2236 lapide
452 2192 548 2226 ecelesiam
564 2192 651 2225 fabricare
666 2192 720 2235 cepit,
732 2192 751 2227 in

50 2240 100 2276 cuius
108 2245 169 2277 medio
176 2244 275 2279 oratorium
286 2246 337 2289 prius
347 2245 414 2279 sactum
422 2244 550 2279 includeretur.
573 2243 681 2286 Priusquam
689 2248 751 2279 tamen

49 2294 124 2330 altitudo
132 2298 207 2340 parietis
216 2305 266 2333 esset
274 2305 405 2339 consummata,
413 2309 446 2333 rex
454 2298 525 2331 occisus
535 2308 582 2341 opus
593 2297 637 2331 illud
648 2298 751 2332 successori
759 2313 779 2342 40

50 2356 83 2380 suo
95 2349 182 2384 Oswaldo
193 2351 326 2395 perficiendum
338 2351 417 2396 reliquit.
447 2350 536 2395 Baptizati
547 2355 589 2384 sunt
600 2349 655 2384 etiam
665 2349 751 2386 Osiridus

49 2404 67 2432 et
76 2400 162 2438 Ediridus
172 2404 205 2438 filii
216 2405 265 2449 regis
273 2405 351 2446 Edwini,
359 2405 390 2450 qui
398 2405 415 2438 ei
423 2404 473 2439 exuli
482 2404 520 2438 nati
532 2408 575 2438 sunt
585 2404 608 2437 de
620 2403 751 2449 Quenburga¹²

68 2492 73 2509 ¹
83 2494 101 2524 T.
109 2496 127 2525 E.
134 2498 183 2528 daret
236 2499 243 2517 ²
253 2500 273 2529 ul.
281 2499 328 2529 valet.
379 2499 385 2516 ³
396 2498 414 2528 E.
421 2507 508 2528 ascensum.
557 2496 563 2515 ⁴
573 2497 591 2529 Τ.
600 2498 618 2528 E.
626 2498 750 2536 euangelizante.

49 2531 55 2549 ⁵
65 2532 82 2563 E.
89 2543 184 2572 quereretur.
225 2540 231 2557 θ
242 2539 259 2569 E.
268 2539 357 2577 prophanit.
399 2537 405 2555 ⁷
416 2539 436 2568 al.
444 2547 475 2568 om.
516 2537 522 2554 ⁸
533 2537 553 2568 al.
560 2537 605 2568 vltra.
647 2539 653 2557 ⁰
663 2549 676 2569 r.
683 2539 750 2569 eboraci.

49 2570 61 2588 ¹⁰
70 2572 88 2603 T.
95 2576 113 2606 E.
120 2578 247 2610 cathezizaretur.
300 2579 311 2596 ¹¹
321 2579 361 2609 Bed.
369 2579 385 2607 in
393 2587 424 2616 qua
431 2578 478 2608 ctiam
485 2578 553 2608 ciuitate.
601 2577 613 2596 ¹²
623 2577 641 2608 T.
647 2581 750 2618 quenburga
