1762 2803
79 114 123 156 230
147 139 149 143 -
270 100 349 152 moto
364 97 480 159 mnam
495 96 588 158 analio.

78 222 174 255 transferri
179 221 194 255 ¹.¹
218 221 290 254 Rursus
298 221 338 254 illa:
351 220 391 253 ‘De
399 231 435 263 quo
443 219 482 253 loco
490 224 584 263 assumpta
592 224 620 253 est
626 219 639 253 Γ
664 218 778 262 Respondit:

80 274 119 307 ‘De
128 280 159 308 tuo
167 275 288 308 monasterio'
310 273 383 307 Adiecit
391 283 459 306 nomen
467 271 564 316 inquirere.
587 272 610 306 Et
619 271 660 306 ille:
673 272 710 305 ‘Tu
718 272 779 313 michi,

79 328 143 371 inquit,
153 328 182 361 die
194 327 272 360 crastina
283 326 358 359 missam
372 325 472 359 celebranti
485 335 553 359 nomen
566 324 605 358 eius
617 325 715 366 indicabis.¹
739 325 780 375 llec

80 381 156 414 audiens
164 380 199 422 illa,
207 379 303 413 confestim
312 379 361 412 misit
369 379 392 412 ad
400 379 459 412 maius
467 389 520 412 suum
528 379 671 413 monasterium:
684 377 713 412 etl
719 378 781 412 didicit

62 449 70 477 5
80 434 122 476 quia
134 433 207 476 quidam
218 432 240 465 de
250 432 358 475 pastoribus
368 432 416 465 bone
428 432 504 466 actionis
517 432 549 474 vir,
562 431 651 465 incautius
664 432 683 465 in
697 432 780 465 arborem

80 486 182 520 ascendens
191 484 282 518 deciderat
290 484 382 526 deorsum,
391 488 409 517 et
416 484 494 517 contrito
502 494 583 527 corpore,
591 484 631 527 ipsa
642 484 687 518 hora
697 484 781 527 spiritum

80 537 159 571 exalauit
171 547 207 579 qua
221 536 270 569 hunc
282 536 310 569 vir
323 536 391 569 domini
406 537 429 569 ad
443 537 517 570 celestia
529 537 603 570 ductum
615 537 693 571 videbat.
716 537 739 571 Et
754 537 781 570 in-

80 601 144 636 gressa
152 590 175 625 ad
183 589 289 634 episcopum
295 589 332 623 iam
339 593 383 623 tunc
391 588 487 623 ecclesiam
496 589 615 633 dedicantem,
621 594 695 634 stupore
703 588 782 624 femineo

80 644 133 688 quasi
141 653 209 677 nouum
217 643 284 686 aliquid
294 642 405 683 nunciatura,
414 643 471 676 dixitr
484 644 489 661 ‘
494 643 566 685 Precor,
575 644 648 677 domine
657 645 681 677 mi
689 644 781 687 episcope,

54 711 72 732 ιο
82 696 188 730 memineris
199 696 222 729 ad
233 695 299 729 missas
311 695 408 729 Hadwaldi
420 696 523 729 mei'-hoc
534 696 584 729 enim
594 697 633 730 viro
644 701 682 730 erat
693 706 783 730 nomen-

82 750 122 793 ‘qui
130 750 170 784 heri
178 750 260 783 cadendo
268 750 291 783 de
302 750 367 783 arbore
379 747 475 783 defunctus
486 749 525 784 est)
571 742 594 784 ln
603 750 714 784 monasterio
722 754 783 784 autem

82 803 131 846 quod
139 813 176 836 non
184 802 238 844 longe
246 802 269 835 ab
277 801 336 835 hostio
344 800 391 834 Tine
402 800 482 834 fluminis
491 801 545 834 situm
553 806 586 843 est,
595 802 618 835 ab
626 802 717 835 abbatissa
724 801 784 835 Verca

82 856 110 890 vir
122 856 151 889 dei
161 855 258 899 magnifice
269 860 371 898 susceptus,
382 865 453 897 aquam,
464 858 484 887 vt
495 853 570 896 biberet,
578 866 589 887 a
600 854 688 889 ministris
699 854 733 889 sibi
745 853 784 888 dari

83 909 139 953 petiit.
162 909 198 951 Qui
209 909 294 942 haustam
308 910 331 942 de
345 908 394 941 sonte
406 918 472 951 aquam
487 908 590 941 obtulerunt
606 908 627 942 ei.
655 907 681 941 At
694 908 730 950 illc,
743 909 784 941 data

58 973 75 1003 15
84 961 217 1004 benedictione,
227 972 268 995 cum
278 961 373 1005 paululum
383 965 479 1004 gustasset,
488 960 537 994 dedit
546 960 629 994 ministro
641 971 686 995 suo:
699 961 785 1003 Quicum

84 1015 165 1057 bibisset,
173 1014 213 1048 visa
220 1020 248 1048 est
256 1014 273 1048 ei
281 1025 328 1059 aqua
336 1014 388 1058 quasi
395 1014 414 1047 in
423 1024 508 1058 saporem
516 1014 553 1048 vini
561 1025 654 1048 conuersa.
704 1008 785 1049 Duobus

85 1067 139 1111 igitur
150 1067 203 1101 annis
214 1067 233 1100 in
245 1067 334 1110 regimine
346 1067 446 1110 episcopali
458 1067 560 1108 transactis,
574 1068 640 1101 abiecit
654 1069 727 1110 pondus
742 1078 785 1102 cure

84 1119 186 1164 pastoralis
194 1125 213 1153 et
223 1121 246 1153 ad
258 1119 336 1153 insulam
349 1118 538 1163 Farne³properauit
562 1120 585 1153 Et
596 1131 637 1153 cum
649 1120 715 1154 fratres
724 1119 788 1165 ipsum>

84 1173 186 1208 visitantes*
193 1177 236 1206 ante
249 1183 355 1216 regressum
369 1172 442 1205 illorum
455 1182 519 1206 aucam
532 1173 624 1215 quandam
638 1174 733 1208 comedere
747 1185 785 1207 mo-

57 1237 76 1258 ao
85 1225 161 1267 nuisset,
169 1224 209 1268 ipso
219 1225 242 1258 ad
251 1225 316 1258 cellam
325 1235 377 1258 suam
387 1230 452 1266 eunte;
465 1224 507 1267 quia
516 1224 560 1258 cibis
569 1236 614 1268 quos
624 1226 721 1259 attulerant
730 1227 786 1260 abun-

85 1277 158 1317 dabant,
172 1287 236 1311 aucam
249 1282 325 1321 tangere
336 1287 373 1310 non
389 1277 481 1310 curabant.
507 1276 532 1309 At
548 1287 589 1311 cum
606 1277 669 1311 resecti
684 1278 786 1312 nauiculam

85 1332 154 1365 vellent
169 1332 276 1373 ascendere,
290 1336 354 1364 exorta
368 1330 428 1364 subito
442 1336 542 1374 tempestas
557 1342 632 1364 omnem
647 1331 674 1365 eis
689 1331 787 1375 nauigandi

85 1385 159 1418 abstulit
171 1383 279 1418 facultatem.
303 1384 415 1427 Factumque
426 1388 454 1418 est
462 1387 481 1418 vt
491 1388 564 1427 septem
574 1384 638 1418 diebus
649 1384 731 1419 feruente
739 1386 787 1420 vnda

87 1437 172 1479 conclusi,
182 1437 245 1471 tristes
256 1436 345 1471 ininsula
356 1435 474 1470 residerent*¹
497 1435 580 1479 Septima
591 1436 621 1471 die
633 1437 713 1479 domum,
721 1437 740 1472 in
752 1449 788 1482 qua

59 1502 78 1532 ²5
87 1492 190 1531 manebant,
202 1500 235 1524 eos
246 1491 372 1523 consolaturus
383 1490 478 1532 ingressus
487 1489 515 1523 vir
524 1490 558 1529 dei,
570 1495 588 1523 et
598 1490 663 1524 videns
675 1501 738 1524 aucam
750 1502 787 1524 non

87 1542 144 1576 fuisse
160 1547 265 1583 comestam,
280 1542 352 1585 placido
366 1542 417 1576 vultu
433 1547 451 1576 et
468 1541 504 1576 leto
519 1542 580 1585 potius
595 1552 680 1577 sermone
696 1544 788 1587 redarguit

88 1605 153 1630 eorum
164 1594 318 1629 inobedientiam:
337 1595 418 1637 ‘Nonne
431 1593 521 1639 inquiens,
535 1594 636 1629 incomesta
649 1596 707 1630 adhuc
720 1597 788 1640 pendet

89 1653 146 1683 auca?
169 1648 192 1681 Et
200 1647 244 1691 quid
255 1648 323 1681 mirum
333 1648 349 1681 si
360 1659 410 1682 mare
420 1659 454 1682 vos
463 1659 501 1681 non
510 1647 552 1681 sinit
560 1648 622 1682 abire?
645 1648 737 1684 Citissime
745 1661 789 1693 ergo

89 1702 160 1745 coquite
172 1700 222 1734 illam
235 1706 253 1735 et
266 1701 362 1743 comedite,
371 1705 390 1735 vt
402 1701 461 1744 possit
472 1710 523 1733 mare
533 1701 627 1743 quiescere
640 1706 658 1734 et
669 1712 702 1735 vos
714 1703 789 1735 domum

61 1768 81 1796 30
89 1755 192 1788 remittere!
215 1753 269 1795 Quod
281 1765 322 1787 cum
335 1754 426 1795 fecissent,
437 1752 497 1787 ventis
509 1752 624 1787 cessantibus
635 1754 683 1788 vnda
695 1765 706 1788 a
717 1754 789 1789 feruore

89 1818 122 1841 suo
135 1807 208 1852 quieuit,
217 1812 235 1840 et
245 1807 330 1841 secundis
342 1807 414 1840 ssatibus
425 1817 467 1840 cum
475 1805 541 1849 gaudio
549 1806 603 1839 simul
612 1812 629 1840 et
636 1808 707 1850 pudore
715 1808 789 1841 domum

88 1866 199 1895 remearunt.
254 1853 341 1905 Cumque
353 1862 410 1895 multo
422 1866 509 1895 consuete
521 1859 638 1894 districtionis
651 1859 711 1905 rigore
723 1872 789 1906 corpus

89 1920 206 1958 mentemque
222 1913 360 1957 constringeret,
373 1919 458 1957 arreptus
473 1912 579 1947 infirmitate
594 1913 658 1954 subita,
673 1914 732 1947 tribus
747 1926 790 1948 con-

89 1966 144 2001 tinuis
159 1967 267 2011 septimanis
281 1964 446 2000 morbo'decoctus
461 1972 495 1999 est.
517 1966 542 1999 At
555 1976 597 1999 cum
609 1966 683 2010 quidam
699 1967 755 2001 frater
767 1968 791 2001 ad

62 2033 80 2063 35
89 2020 190 2054 fenestram
205 2019 250 2053 celle
265 2030 297 2053 sue
313 2020 473 2064 appropinquaret,
489 2019 530 2053 dato
549 2018 600 2053 iuxta
619 2030 690 2053 morem
705 2019 757 2063 signo
773 2025 791 2054 et

90 2072 175 2107 salutanti
187 2083 213 2112 se,
225 2072 324 2115 suspirium
335 2083 370 2115 pro
383 2083 474 2114 responso
487 2072 570 2105 reddidit.
593 2072 715 2113 Quilfrater:
732 2074 791 2115 ‘Quid

90 2125 152 2166 habes,
162 2124 225 2168 inquit,
234 2124 307 2159 domine
319 2124 344 2158 mi
356 2125 454 2169 episcope?
465 2135 489 2159 an
501 2125 547 2158 forte
558 2129 612 2159 nocte
624 2126 657 2159 hac
669 2130 711 2160 tuus
723 2130 741 2161 te
752 2126 791 2160 lan-

90 2191 136 2223 guor
143 2177 222 2223 tetigitt’
247 2178 269 2212 Et
277 2178 318 2214 ille:
332 2178 407 2220 ‘Etiam
415 2177 480 2223 inquit,
488 2179 565 2222 languor
573 2189 603 2212 me
615 2177 673 2222 tetigit
682 2183 735 2214 nocte
747 2179 791 2214 hac!

91 2232 172 2267 Credidit
184 2237 245 2266 autem
255 2232 311 2266 frater
319 2232 360 2276 quia
368 2234 391 2266 de
398 2231 456 2267 veteri
465 2243 497 2266 sua
508 2231 619 2275 intirmitate,
628 2231 679 2266 cuius
687 2233 792 2275 quotidiana

63 2302 83 2334 40
91 2298 139 2330 pene
151 2285 234 2320 molestia
246 2290 366 2319 consueuerat
377 2285 460 2330 excoqui,
471 2296 509 2320 non
522 2291 583 2320 autem
595 2286 619 2319 de
631 2296 678 2319 noua
691 2290 708 2319 et
720 2285 792 2321 insolita

91 2340 165 2373 diceret.
188 2339 211 2372 Et
219 2338 323 2373 subiunxit:
336 2339 393 2372 ‘Cum
401 2345 462 2373 autem
473 2340 519 2373 deus
526 2339 629 2382 susceperit
637 2337 716 2371 animam
726 2350 792 2381 meam,

92 2391 168 2434 sepelite
180 2401 210 2424 me
221 2390 240 2423 in
252 2391 285 2424 hac
297 2390 393 2425 mansione
403 2391 454 2425 iuxta
464 2391 564 2425 oratorium
575 2391 647 2424 meum'
672 2390 739 2432 Quinto
750 2397 792 2435 post

92 2443 126 2478 hec
141 2444 170 2478 die
184 2443 302 2478 redeuntibus
317 2443 407 2487 iratribus,
422 2444 472 2479 idem
486 2444 543 2478 frater
558 2442 666 2478 calefaciens
681 2455 747 2488 aquam
762 2444 792 2479 ab*

112 2523 118 2541 ¹
129 2525 146 2554 E.
155 2524 236 2560 transferi;
247 2525 286 2554 Bed.
293 2524 334 2555 ferri.
401 2524 407 2542 ²
418 2522 448 2555 om.
455 2525 471 2554 in
478 2525 496 2556 T.
566 2524 572 2542 ³
582 2525 600 2554 E.
608 2524 664 2554 Ferne.
733 2525 739 2544 ¹
750 2525 768 2556 E.
775 2526 793 2556 T.

93 2564 187 2594 residerunt.
248 2565 254 2583 ⁶
264 2564 303 2593 Bed.
312 2564 345 2594 Cui.
