1762 2803
237 128 283 184 bt
298 126 399 180 &aucto
414 126 588 180 willibrordo.
719 141 762 185 451

63 250 147 286 viderunt
154 259 195 283 eam
204 259 246 283 esse
254 247 300 283 mire
307 247 448 293 pulchritudinis
456 253 475 282 et
481 247 594 282 incredibilis
602 247 711 292 splendoris,
717 253 735 283 et
747 249 765 282 in

63 315 84 339 ea
95 303 181 336 thronum
192 302 238 336 nrire
248 301 384 345 magnitudinis.
406 301 458 335 Tunc
469 302 534 336 ductor
544 300 615 335 itineris
626 301 663 336 ait:
675 301 726 335 ‘Hec
737 307 766 335 est

64 356 134 391 mansio
146 359 244 398 preparata
257 354 355 388 Rathbodo
369 353 420 388 duci?
443 354 473 388 Ad
486 354 520 388 hec
533 355 621 388 diaconus
635 355 767 397 obstupescens

64 407 118 442 dixit:
132 406 163 441 ‘Si
172 407 225 440 adeo
233 406 280 440 lacta
290 411 333 440 sunt
343 405 383 446 ista,
391 411 481 449 perpetuo
490 411 587 440 maneant:
599 405 615 440 si
625 416 636 439 a
647 406 724 448 diabolo,
732 406 767 440 cito

64 460 179 506 dispereant!
203 458 226 493 Et
235 470 277 494 cum
289 458 342 505 signo
354 464 418 494 sancte
429 458 489 495 crucis
500 470 521 494 se
532 458 619 505 signaret,
627 458 727 495 conductor
737 458 785 503 ille5

64 514 134 549 transiit
142 514 160 548 in
169 513 266 555 diabolum,
275 519 292 548 et
303 515 369 548 domus
376 524 432 548 aurea
439 513 458 547 in
466 513 534 548 lutum:
547 514 671 558 remansitque
679 514 767 548 diaconus

64 573 82 601 et
95 567 147 600 Friso
162 567 181 599 in
197 567 258 600 medio
271 566 352 600 iocorum
364 565 480 610 palustrium,
491 576 527 609 que
541 565 597 610 plena
612 572 665 600 erant
679 565 768 611 virgultis.

64 620 132 654 Triduo
143 629 187 663 ergo
198 618 310 653 immensunr
322 618 393 653 itineris
405 618 529 661 conficientes,
541 618 612 654 reuersi
624 624 667 653 sunt
679 620 702 653 ad
715 619 768 663 oppi-

64 671 128 707 duru¹:
148 676 166 705 et
185 672 251 706 ducem
270 682 280 706 a
299 672 377 707 demone
396 670 514 714 ludificatum,
531 670 601 706 subital
618 677 677 706 morte
695 671 767 716 perisse

65 724 169 766 inueniunt,
185 730 203 759 et
216 736 252 768 que
263 724 347 759 viderant
359 730 422 759 sancto
434 723 531 759 Wlsranno
544 730 646 766 narrantes,
659 725 712 759 Friso
724 736 768 759 con·
778 738 797 759 ro

65 777 125 811 testim
140 777 248 821 baptizatur.
296 770 389 822 ³Pipinus
404 778 453 811 enirn
469 788 524 822 quem
542 784 616 813 sanctus
631 778 768 813 Willebrordus

66 830 159 873 baptizans
167 841 254 874 magnum
262 830 342 865 futurum
350 830 440 874 predixit:
452 830 472 863 in
479 831 568 874 regimine
576 831 642 864 domus
653 831 703 875 regie
711 830 726 865 F
726 841 768 865 ran-

65 893 126 915 corum
135 882 181 926 patri
189 893 223 916 suo
229 883 294 916 Carolo
301 883 388 917 successit
395 894 400 924 3
411 883 444 917 sed
452 893 494 917 cum
502 893 535 916 rex
544 883 655 918 Francorum
663 883 769 918 Hildericus

66 940 114 970 esset
125 934 194 969 inutilis
205 940 224 969 et
235 935 330 976 remissus,
342 935 423 980 nihilque
434 935 458 969 de
469 947 526 981 regno
537 941 599 980 preter
609 936 658 980 regis
669 948 738 971 nornen
750 943 768 972 et

64 989 132 1022 victum
145 988 254 1033 perciperet,
266 989 359 1034 inquisiuit
374 989 451 1034 Pipinus
463 999 497 1034 per
511 990 581 1034 legatos
592 1001 603 1024 a
616 990 705 1024 Zacharia
719 1001 768 1036 papa
777 1003 795 1034 ¹⁵

65 1048 125 1076 vtrum
133 1043 164 1076 ille
172 1043 247 1077 deberet
255 1053 297 1078 esse
305 1053 338 1077 rex
349 1043 427 1077 Francie
434 1045 465 1087 qui
473 1043 513 1078 solo
522 1043 574 1088 regio
585 1043 659 1078 nomine
671 1049 768 1079 contentus

66 1096 104 1128 ocio
119 1095 191 1129 deditus
206 1101 251 1129 erat.
281 1095 315 1129 Cui
330 1095 412 1138 pontifex
431 1096 532 1139 rescripsit,
547 1096 598 1129 illurn
617 1097 685 1129 debere
703 1108 767 1139 regem

66 1147 154 1191 appellari
165 1152 183 1181 et
195 1158 237 1182 esse
249 1147 280 1192 qui
291 1148 339 1181 bene
349 1147 481 1191 rempublicam
494 1152 572 1191 regeret.
595 1148 636 1190 Qua
646 1148 768 1192 responsione

67 1199 130 1234 Franci
143 1200 223 1244 animati,
236 1200 331 1236 Hilderico
343 1212 387 1246 rege
399 1200 418 1236 in
431 1202 563 1237 monasterium
576 1201 651 1236 detruso
664 1207 683 1236 et
696 1202 715 1237 in
727 1212 767 1237 mo·

66 1254 144 1288 nachum
158 1259 257 1297 tonsorato,
273 1254 358 1298 Pipinum
373 1260 477 1290 erexerunt.
527 1247 622 1291 ⁴Carolus
637 1254 692 1289 huius
707 1254 768 1299 Pipini
777 1267 797 1290 ro

67 1312 118 1348 pater
130 1317 154 1341 ex
167 1307 268 1341 concubina
280 1308 358 1350 genitus,
370 1318 412 1341 cunr
424 1307 526 1341 sarracenis
537 1319 561 1342 ex
572 1307 641 1341 Allrica
652 1308 768 1343 venientibus

66 1364 140 1392 strenue
147 1360 239 1403 pugnauit,
248 1369 316 1402 cogens
323 1370 356 1393 eos
363 1359 382 1393 in
390 1370 426 1393 vno
434 1359 482 1393 bello
490 1360 539 1403 apud
547 1359 652 1401 Pictauiam‚
658 1364 677 1394 et
684 1360 703 1394 in
710 1359 769 1394 altero

67 1411 115 1453 apud
124 1411 234 1453 Narbonem,
243 1412 358 1446 retrocedere
366 1412 389 1445 ad
398 1411 513 1456 Hispaniam.
536 1412 558 1445 ln
570 1411 636 1456 quibus
648 1412 701 1446 bellis
712 1414 770 1458 quad·

66 1464 148 1507 ringenta
156 1465 251 1509 sexaginta
258 1465 340 1510 quinque
347 1465 397 1499 milia
404 1475 542 1499 sarracenorum
549 1470 592 1499 sunt
600 1465 664 1500 occisa.
678 1465 769 1511 Pugnauit

67 1518 120 1552 etiam
129 1523 192 1553 contra
204 1516 288 1553 Saxones
298 1525 317 1554 et
326 1518 422 1562 Bauanos,
431 1530 472 1553 curn
485 1518 561 1553 Eudone
569 1518 681 1563 Aquitannie
688 1520 741 1560 duce,
751 1527 770 1555 et
778 1531 796 1562 ¹5

67 1570 172 1605 Ransred0⁶
187 1572 253 1606 comite
267 1572 381 1616 Andegauie.
404 1571 442 1607 Istc
461 1571 538 1607 Carolus
552 1578 629 1617 propter
642 1572 768 1609 assiduitatem

66 1623 155 1657 bellorum
161 1625 167 1643 ὓ
174 1625 297 1669 ingruentium
307 1624 380 1657 tradidit
389 1624 439 1658 laicis
447 1635 478 1658 res
485 1624 569 1659 ecclesie.
592 1625 652 1667 Quam
660 1625 684 1659 ob
695 1636 769 1660 causam

67 1681 139 1710 sanctus
150 1677 268 1721 Eucher[i]us
278 1677 411 1711 aurelianensis
422 1677 519 1721 episcopus
529 1676 548 1711 in
556 1677 638 1712 oratione
646 1677 717 1722 positus
724 1678 769 1713 vidit

67 1727 127 1771 ipsum
136 1730 221 1765 Carolum
232 1730 251 1764 in
262 1730 323 1764 anima
336 1735 355 1764 et
366 1740 442 1774 corpore
453 1729 502 1774 apud
514 1729 606 1765 insemum
617 1729 721 1766 inferiorern
732 1736 770 1766 tor-

67 1781 122 1824 queri.
144 1783 229 1828 Angelus
243 1789 304 1818 autem
320 1783 351 1828 qui
367 1785 432 1817 ductor
447 1789 486 1817 erat
501 1784 583 1828 episcopi
598 1784 620 1818 ad
636 1784 671 1819 ista
685 1785 798 1829 videnda,3o

68 1836 144 1870 asseruit
159 1836 194 1871 hoc
209 1847 251 1871 esse
265 1836 352 1871 iudicium
367 1836 448 1870 omnium
463 1837 536 1870 illorum
549 1837 580 1880 qui
592 1847 623 1871 res
634 1847 736 1880 pauperum
751 1844 769 1872 et

68 1887 144 1920 ecclesie
155 1890 240 1932 rapiunt:
252 1898 330 1932 quorum
341 1898 372 1922 res
383 1898 416 1922 rex
428 1888 463 1922 iste
474 1888 540 1932 rapuit.
566 1887 621 1922 Vnde
634 1890 657 1923 ad
669 1889 769 1923 denuncia-

67 1937 135 1975 tionem
142 1941 225 1986 episcopi
233 1940 296 1976 Sancti
306 1940 385 1976 Dionisii
395 1941 452 1975 abbas
461 1946 480 1975 et
490 1941 596 1985 capellanus
605 1941 666 1985 Pipini
673 1942 696 1976 ad
707 1943 770 1987 sepul-

68 1991 131 2027 chrum
140 1994 200 2029 Caroli
208 2001 336 2029 accesserunt:
349 1999 367 2029 et
377 1994 459 2029 reuoluto
467 1994 586 2038 sarcophago,
593 1995 706 2030 drachonem
717 1996 769 2031 exire

67 2044 156 2090 viderunt,
168 2048 219 2082 nullo
231 2058 308 2093 corpore
323 2053 428 2092 apparente.
456 2048 492 2083 Hic
508 2047 584 2082 Carolus
598 2048 632 2082 luit
646 2059 693 2084 auus
707 2049 768 2085 Caroli
778 2063 797 2094 35

67 2106 133 2141 magni.

69 2182 197 2227 fii-opidum.
255 2187 354 2219 ²E.subito.
415 2186 672 2228 ³cr‚vinc.nett.xxn1.154.
730 2188 771 2222 ⁴Cl.

68 2222 130 2263 ¹b⁴149·
196 2228 202 2247 ⁵
212 2228 230 2259 T.
238 2228 256 2260 E.
265 2228 350 2259 Raulredo.
410 2229 416 2247 ⁸
427 2228 444 2258 E.
453 2228 529 2259 belorurn.
