1762 2803
124 165 152 206 92
226 180 229 190 „
316 150 395 203 11111
411 148 527 210 beamus
542 147 635 210 analo.

125 281 177 305 suam
188 270 275 314 fugiendo
287 269 390 314 relinquere
402 269 497 314 disposuit,
507 275 525 304 et
535 270 588 314 signo
599 270 659 304 crucis
671 280 692 304 se
703 268 793 310 muniens,
804 269 827 302 ad

125 329 199 369 portum
211 324 303 368 quendam
319 323 353 357 iter
366 324 436 358 direxit.
459 323 625 368 Appropinquante
641 328 701 357 autem
715 335 737 358 eo
750 321 829 365 septima

126 378 156 412 die
168 376 240 411 stationi
251 376 329 419 nauium,
339 377 445 421 quesierunt
455 378 477 410 ab
488 387 510 410 eo
521 382 575 410 naute
586 387 622 420 qno
633 378 722 410 tenderet.
745 376 829 418 Cumque

127 440 238 474 responsum
252 430 297 474 ‘quo
311 430 396 463 dominus
411 440 454 463 eum
467 440 532 464 vocare
546 428 656 473 dignaretur,
668 441 688 463 se
701 429 788 473 pergere’
801 427 828 461 eis

109 483 214 525 5dedisset,
233 482 326 517 adiunxit:
343 482 374 516 ‘Si
390 481 421 526 qui
436 487 518 516 vestrum
533 483 556 515 ad
571 492 650 525 presens
665 482 783 515 transfretare
798 481 829 514 de-

127 537 215 577 siderant,
229 546 296 578 precor
308 541 328 569 vt
342 534 361 569 in
374 536 449 569 nomine
463 535 531 568 domini
547 545 613 569 cursus
628 535 713 569 comitem
728 539 746 568 et
761 533 829 568 laboris

127 587 235 633 participem
254 598 284 621 me
302 587 400 630 recipiant)
428 586 462 620 Cui
477 586 574 622 dixerunt:
592 587 643 622 ‘Nisi
660 593 744 621 nostrum
763 591 830 621 ventus

127 641 226 685 impediret
241 650 320 682 cursum,
333 640 369 674 iam
383 641 413 674 diu
428 640 519 673 Minorem
534 639 687 683 applicuissemus
703 638 829 673 Britanniam:

128 700 146 729 et
159 694 175 729 si
188 693 230 728 illuc
245 694 321 732 tendere
337 694 393 737 cupis,
409 704 504 738 quousque
520 694 543 727 ad
557 698 621 727 votum
634 692 722 727 afflauerit
736 703 785 734 aura,
798 691 830 725 tibi

102 762 120 781 1ο
128 748 232 781 necessaria
250 745 404 781 ministrabimus)
434 746 474 788 Quo
493 746 559 788 audito,
578 747 606 780 vir
625 752 700 781 sanctus
718 745 831 780 benedicens

128 799 228 841 dominum,
241 798 291 833 vultu
303 798 382 832 leticiam
393 799 475 843 prodens
486 798 522 833 ait:
536 798 685 832 ‘Descendamus
697 809 747 841 ergo,
759 798 831 839 fratres,

129 858 190 895 etque
202 851 306 885 necessaria
318 856 360 885 sunt
372 853 504 895 preparemus)
528 851 604 885 Etcum
616 851 676 885 subito
683 857 750 885 ventus
759 850 831 885 deside÷

129 910 179 937 ratus
186 903 244 944 fieret,
254 908 272 936 et
283 904 370 946 nauigare
378 904 486 947 inciperent,
494 909 534 936 orta
541 909 651 945 tempestate
659 903 768 946 grauissima
776 908 831 936 naute

129 957 256 999 desperantes,
268 955 339 999 palmas
350 956 374 989 ad
386 956 446 990 celum
458 957 535 989 tendere
547 960 565 989 et
577 955 664 989 auxilium
673 967 683 989 a
692 957 726 989 deo
738 955 832 999 postulare

103 1023 120 1052 15
130 1014 223 1052 ceperunt.
252 1007 346 1042 Excitatus
363 1009 438 1042 tandem
455 1008 483 1042 vir
499 1008 529 1042 dei
545 1008 611 1049 Ywius,
626 1009 657 1052 qui
672 1008 750 1052 sopore¹
766 1017 833 1051 corpus

130 1061 212 1096 fessum²
225 1061 319 1102 recreauit,
333 1072 398 1105 preces
411 1062 434 1095 ad
447 1061 503 1095 deum
517 1061 574 1096 sudit:
587 1066 605 1095 et
618 1065 655 1095 tota
667 1061 723 1095 maris
735 1060 833 1095 commotio

130 1114 227 1149 confestim
238 1114 347 1158 conquieuit.
393 1106 503 1149 Paraliticus
511 1114 590 1158 quidam,
599 1113 634 1148 nisi
642 1114 701 1149 aliena
709 1124 764 1148 manu
772 1112 832 1147 cibum

131 1177 196 1211 capere
208 1178 245 1200 non
257 1167 326 1209 valens,
338 1168 377 1201 suis
391 1168 447 1201 sacris
459 1168 544 1211 precibus
558 1167 654 1201 sanitatem
667 1166 749 1211 recipere
761 1167 833 1200 meruit,

131 1221 204 1254 Interea
210 1229 255 1253 vero
263 1219 293 1253 dei
301 1220 380 1254 famulus
387 1219 454 1263 vigiliis
462 1219 571 1263 ieiuniisque
582 1219 661 1253 assiduis
669 1230 736 1263 corpus
743 1220 833 1262 affligens,

104 1286 123 1307 1ο
131 1271 238 1304 humilitatis
251 1276 269 1304 et
280 1282 358 1314 operum
371 1272 442 1305 virtutis
455 1278 473 1305 et
486 1272 541 1305 totius
554 1273 656 1306 honestatis
669 1273 755 1305 omnibus
770 1282 833 1305 exem-

131 1324 183 1368 plum
198 1334 218 1357 se
233 1323 316 1367 prebuit:
333 1330 351 1357 et
366 1323 425 1368 pridie
442 1323 505 1357 Nonas
521 1323 605 1366 octobris,
621 1323 640 1357 in
657 1322 723 1357 Minori
739 1322 833 1357 Britannia

132 1377 209 1411 feliciter
219 1377 241 1410 ad
251 1377 317 1419 gaudia
328 1378 347 1410 iu
359 1383 444 1411 eternum
452 1387 539 1410 mansura
549 1377 639 1420 migrauit.
661 1376 717 1420 Apud
725 1375 832 1410 Wiltoniam

132 1430 197 1464 diebus
205 1429 273 1463 nostris
281 1440 348 1473 corpus
360 1430 399 1464 eius
411 1435 494 1464 sanctum
502 1429 600 1473 quiescens
611 1429 630 1463 in
642 1440 709 1474 magua
716 1429 834 1464 veneratione

132 1485 215 1518 habetur.

154 1598 202 1643 [MS.
209 1599 231 1633 T.
239 1599 294 1633 adds:
423 1590 437 1627 ti
448 1588 550 1625 Narrattot

106 1688 125 1716 ²5
154 1664 222 1706 Annas
240 1672 306 1705 Zenon
325 1683 366 1706 cum
384 1673 458 1707 sederet
476 1673 527 1707 iuxta
545 1673 697 1715 cucumerarium,
714 1673 802 1708 suadebat
819 1670 835 1706 ei

133 1725 206 1758 animus
222 1734 266 1758 suus
280 1724 369 1758 dicendo:
382 1724 444 1758 ‘Tolle
457 1724 489 1759 tibi
502 1736 560 1758 unum
573 1736 690 1760 cucumerem
704 1731 722 1759 et
735 1726 836 1759 manduca!

134 1776 170 1818 Qui
180 1776 275 1819 respondit
287 1776 393 1819 cogitacioni
405 1787 448 1812 sue:
461 1777 529 1811 ‘Fures
544 1779 568 1811 ad
579 1783 670 1812 tormenta
683 1779 763 1812 uadunt:
779 1778 836 1821 proba

134 1840 178 1873 ergo
193 1830 273 1872 teipsum
288 1830 304 1862 si
319 1835 372 1872 potes
388 1829 436 1864 ferre
451 1832 554 1865 tormenta!
585 1830 608 1865 Et
623 1841 737 1875 consurgens
753 1830 803 1865 stetit
818 1831 836 1863 111

134 1893 199 1917 cauma
206 1881 287 1926 quinque
295 1883 364 1923 diebus,
373 1887 391 1916 et
399 1882 471 1917 dicebat
479 1883 531 1927 qnasi
539 1884 611 1918 animus
621 1883 662 1918 eius
671 1884 694 1918 ad
702 1883 763 1928 ipsum
772 1895 775 1918 :
784 1885 788 1902 ⁴
796 1883 837 1917 Non

107 1953 127 1982 30
134 1945 210 1980 possum
226 1940 299 1979 portare
314 1937 414 1969 tormenta.¹
442 1936 464 1969 Et
479 1937 510 1970 ille
525 1937 631 1980 respondit:
649 1937 708 1981 ‘Ergo
724 1947 761 1970 non
776 1936 837 1980 rapias

136 1988 165 2024 et⁴
173 1990 284 2022 manduces!
328 1981 409 2023 ⁵Frater
416 1989 490 2034 quidam
500 2001 523 2024 ex
534 1990 591 2024 nimia
602 1990 716 2024 abstinencia
725 1991 810 2024 infirmus
820 1994 838 2022 et

135 2042 216 2076 tussiens
228 2043 324 2075 excreabat
336 2042 408 2076 sseuma.
431 2043 472 2084 Quo
483 2044 562 2084 nolente,
571 2045 594 2077 de
603 2050 657 2087 sputo
669 2044 709 2077 eius
720 2043 771 2078 uenit
782 2052 838 2086 super

136 2095 191 2128 alium
199 2094 279 2128 fratrem.
302 2094 390 2135 Quicum
401 2106 412 2128 a
424 2095 534 2138 cogitatione
547 2107 580 2130 sua
591 2097 733 2139 compelleretur
741 2096 802 2130 dicere
810 2095 837 2129 ei:

136 2148 220 2190 ‘quiesce
230 2146 266 2179 iam
279 2152 297 2180 et
310 2158 347 2180 non
359 2148 447 2182 exerees⁰
455 2159 512 2191 super
523 2150 569 2184 me’:
581 2154 600 2183 ut
612 2154 707 2192 superaret
717 2149 838 2193 cogitaciones

110 2216 128 2245 35
137 2209 186 2239 suas,
198 2199 237 2231 tulit
249 2200 297 2240 quod
309 2206 433 2241 excreauerat,
445 2206 463 2233 et
474 2201 549 2234 mittens
562 2201 580 2234 in
595 2212 627 2235 ore
640 2213 674 2235 suo
688 2201 748 2235 statim
760 2199 839 2235 comedit

137 2250 187 2284 illud.
210 2249 233 2284 Et
241 2255 284 2284 tunc
295 2250 343 2294 cepit
354 2252 377 2285 ad
388 2250 471 2295 seipsum
483 2252 554 2286 dicere:
567 2252 614 2287 ‘Aut
624 2264 660 2287 non
672 2253 722 2287 dicas
732 2253 782 2287 fratri
790 2251 837 2296 quod

138 2314 181 2338 eum
190 2302 289 2345 contristet,
298 2310 328 2338 aut
336 2304 425 2338 manduca
433 2305 481 2348 quod
489 2298 585 2350 11111153]ἵ

157 2398 191 2428 ¹E.
199 2400 256 2438 sopori.
314 2399 482 2439 ²T.fessumcorpus,
536 2400 708 2433 3(ῐ1.1711.Ρ1111.866.
765 2401 839 2431 *vaut-

80 2478 82 2483 ‚
136 2438 352 2470 tctthe.ssoil.XV.aa.
394 2441 509 2471 βΤ.111111115.
550 2441 685 2474 τΕο]1111111Τ,;

158 2478 196 2513 Tua
207 2493 254 2521 prece
266 2494 295 2512 nos
307 2486 375 2513 emunda
385 2489 433 2520 atque
444 2486 475 2513 deo
486 2495 515 2513 nos
528 2487 625 2522 commenda,
637 2487 651 2517 0
662 2487 718 2518 Ywie:
730 2487 788 2524 Calpas
799 2484 839 2516 dele,

138 2534 185 2564 opem
192 2524 239 2553 nobis
245 2525 270 2553 fer
276 2524 343 2553 medele.
363 2523 382 2553 V.
393 2524 426 2553 Ora
432 2534 462 2561 pro
469 2524 519 2553 nobis.

159 2565 207 2601 Dens
214 2569 240 2606 qui
248 2568 335 2607 preclarum
342 2569 449 2598 consessorem
457 2573 499 2598 tunm
505 2569 567 2599 Ywium
575 2575 629 2600 eterne
636 2571 738 2601 beatitudinis
745 2565 840 2601 excellencia

138 2609 230 2645 sublimasti,
241 2609 298 2646 quique
309 2608 414 2646 deposicionis
425 2618 453 2639 sue
464 2609 553 2639 celebritate
564 2609 657 2640 hodiernam
668 2611 709 2640 diem
720 2610 766 2640 nobis
776 2615 839 2639 uenera-
