1762 2803
130 95 174 149 498
218 163 219 166 Ἴ
323 92 403 146 aaut
419 88 535 154 tarmus
551 91 644 154 anate.

131 214 221 249 curiosius
236 214 332 248 insistente
346 218 366 248 vt
380 224 417 257 que
434 214 515 248 scribere
531 219 594 258 posset
611 215 696 255 ediceret,
712 215 738 249 sic
756 215 785 250 vir
803 212 833 250 dei

131 266 236 311 respondit:
253 266 323 301 ‘Vitam
335 265 409 301 Godrici
420 267 475 300 talem
487 276 530 301 esse
543 277 655 311 cognoscas:
672 266 762 302 Godrieus
773 268 833 313 primo

131 320 216 360 rusticus,
222 319 300 363 pinguis,
308 318 412 361 fornicator,
420 319 531 362 immundus,
539 319 636 363 fenerator,
645 320 734 363 falsarius,
741 322 834 365 deceptor,

131 373 222 418 periurus,
238 372 325 413 adulator,
340 372 451 416 discurrens,
466 373 551 417 petulans
566 377 585 408 et
599 373 684 418 gulosus:
705 375 760 409 modo
776 374 834 419 pulex

114 436 123 466 5
132 433 219 468 mortuus,
228 427 279 461 canis
289 426 361 468 fetidus,
368 426 411 461 vilis
418 427 535 470 vermiculus,
545 438 582 461 non
593 427 688 470 heremita,
696 429 730 463 sed
740 428 833 472 ypocrita;

131 491 169 514 non
181 479 277 521 solitarius,
290 481 323 513 sed
334 484 397 514 mente
409 479 498 524 diffusus3
514 480 612 514 deuorator
624 479 772 523 elemosinarum,
783 480 834 515 fasti·

132 533 194 567 diosus
206 531 317 574 deliciarum,
328 533 407 576 cupidus
419 537 437 567 et
448 533 550 577 negligens,
562 533 635 567 ociosus
647 538 665 567 et
677 538 763 576 stertens,
776 532 834 567 ambi·

132 586 192 620 ciosus
201 590 219 619 et
226 585 319 630 prodigus,
328 585 384 629 etqui
392 596 430 620 non
441 591 490 621 esset
498 586 564 629 dignus
575 586 615 619 aliis
626 586 701 626 seruire,
710 586 791 629 quotidie
799 585 834 619 sibi

132 640 257 673 ministrantes
265 639 349 673 verberat
357 642 376 672 et
383 637 471 682 obiurgat.
492 638 533 672 Hec
542 637 596 672 ethis
604 637 668 683 peiora
676 638 757 673 scribere
765 638 834 683 poteris

105 699 124 721 10
132 693 155 726 de
169 690 257 726 Godrico.’
281 690 317 726 His
329 690 386 734 dictis,
398 692 448 727 velut
460 691 565 736 indignatus
578 691 659 734 obticuit,
673 697 692 727 ct
703 691 780 727 clericus
792 702 834 727 eum

132 745 239 780 confusione
251 744 341 779 discessit.
364 744 466 779 interiectis
480 744 549 788 aliquot
561 744 620 786 annis,
631 744 660 779 vir
672 744 702 778 dei
714 744 762 778 illius
774 744 834 778 clerici

132 798 224 838 misertus,
228 797 275 832 vltro
283 797 332 841 cepit
340 807 434 841 exponere
442 797 560 842 quevolebat.
576 797 658 840 Librum,
664 808 720 842 quem
728 798 834 842 scripserat,

132 851 246 896 profecturus
260 850 341 895 armauit,
353 855 371 884 et
384 855 450 884 tenens
462 861 505 885 eum
518 861 579 892 manu,
591 851 614 884 ad
627 852 684 884 sancti
695 861 756 894 genua
767 861 835 894 prouo-

132 905 182 940 lutus
190 903 247 939 dixit:
259 903 357 945 ‘Obsecro
365 909 422 948 pater,
430 909 449 939 vt
456 904 480 938 ad
488 904 518 938 dei
525 904 616 938 honorem
623 910 642 938 et
649 904 731 939 fidelium
738 904 834 939 utilitatem

106 966 124 997 15
134 958 182 992 hunc
194 957 277 991 libellum
289 956 398 990 benedicere
410 961 429 990 et
440 957 476 990 deo
489 958 619 990 commendare
631 956 723 1000 digneris)
745 957 797 990 Tunc
809 958 833 990 ad

133 1010 185 1045 illum
197 1018 298 1044 conuersus
309 1008 344 1043 ait:
357 1008 417 1050 ‘Fili¹,
429 1008 514 1052 quisnam
525 1007 573 1042 liber
584 1013 613 1042 est
624 1007 682 1043 istet'
706 1009 729 1043 Et
740 1009 781 1045 ille:
794 1009 835 1044 ‘De

76 1077 78 1081 ¹
133 1063 191 1107 gestis
201 1062 296 1096 cuiusdam
307 1061 387 1107 religiosi
397 1061 483 1105 hominis,
491 1062 521 1107 qui
531 1063 588 1097 multa
597 1073 631 1107 pro
643 1063 678 1097 deo
689 1062 763 1107 pertulit
772 1062 791 1097 in
800 1062 834 1098 hac

132 1117 180 1151 vita:
192 1116 253 1159 ipsum
261 1126 305 1150 vera
312 1115 417 1150 narratione
425 1115 530 1159 composui!
552 1116 629 1159 Cunque
638 1116 720 1151 libellum
731 1116 834 1161 aliquantu-

133 1170 171 1204 lum
180 1173 316 1210 contrectasset,
323 1173 390 1203 tenens
397 1179 440 1202 eum
447 1168 495 1202 inter
502 1179 568 1202 manus
576 1175 651 1211 erectas,
660 1174 678 1203 et
688 1170 750 1204 oculos
758 1170 834 1204 eleuans

106 1230 125 1251 ²0
133 1221 152 1255 in
160 1222 225 1261 celum,
233 1221 269 1255 ait:
281 1221 346 1255 ‘Pater
356 1220 477 1264 omnipotens
485 1225 503 1254 et
513 1226 532 1254 tu
542 1220 567 1254 mi
577 1220 651 1255 domine
661 1220 716 1256 ihesu
728 1220 807 1263 Christe,
816 1228 834 1257 et

100 1296 101 1299 =
133 1280 152 1308 tu
164 1280 227 1309 sancte
236 1273 311 1318 spiritus
320 1274 403 1308 omnium
413 1273 520 1315 consolator,
529 1278 547 1307 et
558 1278 577 1308 tu
588 1273 672 1317 piissima
683 1273 713 1308 dei
724 1274 804 1319 genitrix
816 1281 835 1309 et

132 1327 184 1372 virgo
192 1331 285 1372 perpetua,
294 1332 312 1362 et
319 1331 339 1361 tu
347 1331 409 1361 sancte
418 1326 509 1360 lohannes
518 1326 605 1370 Baptista,
612 1338 655 1361 cum
665 1327 751 1362 omnibus
759 1328 834 1371 sanetis,

132 1381 209 1415 obsecro
220 1385 240 1415 vt
252 1380 361 1416 benedicere
372 1379 473 1424 dignemini
484 1380 532 1414 hunc
544 1378 630 1422 libellum,
642 1379 727 1425 quatinus
738 1380 791 1416 vobis
803 1380 835 1415 fiat

133 1440 219 1478 acceptus
231 1440 249 1468 et
260 1434 339 1479 posteris
350 1434 466 1478 profuturus.y
489 1433 512 1467 Et
523 1433 575 1477 signo
587 1433 647 1468 crucis
658 1433 710 1468 illum
723 1444 834 1468 consecrans

106 1501 124 1531 ²5
133 1487 232 1529 benedixit,
241 1492 259 1521 et
266 1487 392 1522 deosculatum
399 1486 465 1520 clerico
472 1485 551 1527 tradidit,
559 1485 633 1520 dicens:
646 1486 726 1520 ‘Adiuro
733 1491 756 1528 te,
763 1486 793 1529 fili,
800 1497 834 1531 per

133 1550 201 1574 nomen
213 1539 269 1574 lhesu
281 1539 349 1574 Christi
360 1544 378 1573 et
390 1549 424 1583 per
437 1539 552 1573 dilectionem
565 1550 601 1582 qua
613 1538 669 1573 michi
681 1539 803 1583 coniungeris,
814 1544 834 1573 vt

134 1592 203 1627 nemini
213 1603 243 1626 me
253 1593 327 1626 uiuente
337 1592 372 1625 hoc
382 1592 464 1634 detegas,
472 1602 507 1624 nec
515 1592 606 1633 scriptum
617 1592 666 1624 istud
677 1592 769 1625 ostendas.
792 1592 834 1634 Seio

134 1644 185 1678 enim
198 1649 216 1678 te
228 1649 304 1688 propter
317 1644 366 1677 hunc
378 1643 445 1677 librum
458 1652 524 1686 aspera
537 1647 556 1676 et
567 1653 630 1676 amara
641 1653 684 1677 esse
697 1654 796 1687 passurum
811 1645 834 1678 ab

134 1697 210 1731 emulis:
223 1701 241 1731 tu
250 1707 293 1732 vero
302 1695 430 1738 nemouearis,
438 1694 480 1740 quia
487 1695 554 1730 veritas
562 1695 645 1730 liberabit
652 1691 692 1749 tel)
717 1689 768 1733 Cum
776 1707 835 1732 annos

106 1760 126 1790 30
134 1752 229 1794 sexaginta
244 1750 263 1783 in
278 1751 354 1784 heremo
369 1749 477 1794 peregisset,
491 1754 553 1783 tantus
568 1749 633 1783 faeiem
648 1748 707 1794 ipsius
720 1754 738 1784 et
751 1751 835 1785 membra

133 1808 194 1838 tumor
209 1803 286 1847 obsedit,
301 1808 320 1838 vt
334 1802 366 1837 vix
381 1803 440 1838 forme
457 1802 514 1847 priori
533 1801 598 1837 similis
613 1808 716 1847 appareret.
746 1803 834 1839 Dolorem

133 1857 210 1891 nimium
229 1857 305 1891 interius
324 1855 419 1898 sentiebat,
439 1860 526 1899 tanquam
544 1865 618 1890 vermes
636 1855 675 1890 viui
693 1855 835 1900 circumquaque

133 1909 258 1944 discurrerent
276 1915 294 1943 et
313 1909 418 1943 medullitus
437 1914 502 1942 cuncta
520 1913 656 1943 consumerent.
682 1909 755 1953 Agebat
773 1914 835 1945 autern

133 1961 200 2006 gratias
212 1962 253 2004 deo,
266 1963 314 2005 quod
328 1972 370 1996 eum
384 1961 410 1996 sic
423 1971 434 1995 a
447 1960 527 2004 peccatis
540 1962 630 1995 mundare
643 1961 756 2005 dignaretur,
769 1968 787 1996 et
799 1962 835 1997 ait:

105 2021 124 2052 35
134 2014 223 2049 ‘Vermes
238 2014 268 2049 isti
284 2020 333 2048 recte
349 2024 416 2057 eorpus
432 2015 531 2047 comedunt
545 2013 564 2046 in
579 2014 613 2047 hac
628 2013 671 2055 vita,
686 2019 706 2048 vt
720 2014 789 2048 vermis
804 2015 835 2049 ille

134 2073 234 2111 perpetuus
246 2066 326 2101 animam
337 2077 375 2101 non
384 2066 451 2100 laceret
461 2064 481 2099 in
492 2065 582 2099 iehenna.'
605 2065 642 2100 Per
651 2077 710 2101 annos
720 2067 758 2101 fere
766 2072 807 2102 octo
815 2068 835 2102 in

133 2120 180 2154 lecto
195 2119 292 2165 languidus
307 2119 397 2160 decubuit,
412 2129 542 2164 necunquam
557 2118 593 2154 nisi
607 2119 667 2155 aliene
684 2130 750 2155 manus
768 2120 835 2155 auxilio

133 2176 239 2217 exurgebat.
285 2166 360 2208 interea
372 2178 462 2207 venerunt
477 2173 513 2206 duo
525 2172 584 2207 zabuli
597 2172 701 2208 deferentes
713 2173 804 2215 lectulum,
817 2179 836 2209 et

133 2226 226 2261 dicentes:
244 2226 297 2260 ‘Huc
309 2225 393 2261 venimus
405 2231 424 2260 vt
436 2231 455 2259 te
468 2226 491 2259 ad
504 2225 573 2260 inferos
584 2226 707 2269 deportemus,
721 2225 763 2271 quia
777 2237 835 2262 senex

105 2293 125 2322 40
134 2279 202 2314 delirus
214 2290 240 2322 es,
248 2285 266 2313 et
277 2280 300 2314 de
312 2279 396 2323 sapiente
405 2278 463 2313 sactus
474 2278 575 2322 insipiens)
599 2279 632 2312 Ille
643 2279 702 2313 crucis
713 2279 806 2322 signaculo
814 2291 835 2315 se

134 2332 217 2376 muniuit,
230 2337 248 2366 et
261 2343 316 2366 orans
331 2332 420 2366 demones
435 2332 519 2375 protinus
534 2330 626 2376 effugauit.
678 2324 747 2367 Postea
761 2332 836 2368 folliculi

133 2385 192 2430 ipsius
207 2386 332 2420 intumuerunt
346 2385 405 2420 instar
418 2385 533 2420 muliebrium
550 2385 676 2427 mamillarum,
688 2390 706 2421 et
718 2396 742 2420 ex
755 2385 783 2420 eis
797 2385 836 2422 sere

134 2440 184 2475 omni
190 2441 219 2476 die
225 2439 276 2484 quasi
282 2450 387 2473 venenosus
394 2439 462 2472 humor
469 2438 606 2483 exprimebatur
614 2439 698 2473 manibus
705 2439 836 2474 ministrorum.

401 2551 407 2570 ¹
418 2552 436 2582 E.
443 2552 505 2590 Sterili3
517 2552 535 2582 T.
543 2552 569 2583 fili.
