1762 2803
140 105 186 159 m
200 102 300 156 &anno
316 102 432 163 nolanae
446 108 476 155 uc
490 102 636 156 tumulato.
711 116 739 162 59

44 242 59 279 ll
71 234 105 275 Da
116 251 187 274 seuero
200 233 287 275 Ionnaria
299 251 323 274 on
336 232 453 274 Baunamco
465 249 552 275 calscoro
564 250 587 275 nr
598 250 715 275 conrcssonc
721 240 733 274 ¹.

42 313 184 391 BEatissimus
196 314 246 349 enim
255 314 347 349 Iohannes
357 313 506 358 archiepiscopus
515 314 638 355 eboracensis,
645 314 693 348 intra
701 314 740 348 An·

100 367 171 410 glorum
180 368 259 401 confinia
267 373 320 401 natus
326 372 344 400 et
349 367 442 410 educatus,
448 377 489 400 cum
495 367 554 401 adhuc
559 367 624 412 puerili
630 367 740 412 pubesceret

38 430 78 461 cuo,
89 420 187 455 Theodoro
201 421 323 455 cantuariensi
335 420 473 464 archiepiscopo
484 421 603 455 instruendus
615 421 739 455 committitur.

38 473 73 517 Qui
81 473 132 506 illum
140 474 189 506 omni
198 474 293 517 probitatis
302 484 353 506 more
361 473 452 514 instruxit,
460 478 514 516 atque
525 477 630 506 sanctarum
642 472 740 517 prudentia

38 524 169 569 scripturarum
189 525 265 560 edocuit,
296 525 379 571 Cumque
400 524 436 560 iam
456 525 504 561 bene
524 526 605 561 imbutus
624 526 757 570 diuersorum5

38 578 124 614 librorum
141 585 191 615 esset
205 580 276 623 litteris,
291 590 334 614 rura
352 579 421 624 passim
436 579 517 624 regionis
536 581 640 624 peragrauit
656 580 740 625 plurima,

38 633 114 667 verbum
121 633 151 667 dei
158 633 208 677 plebi
216 633 316 668 seminans.
339 633 438 677 Postquam
446 632 496 667 enim
505 632 603 677 episcopus
610 633 656 668 Eata
663 644 740 668 venera·

39 686 80 720 bilis
92 696 166 720 cursum
178 686 258 721 humane
266 686 302 721 vite
314 686 418 730 compleuit,
425 686 460 720 deo
470 686 580 730 disponente
591 692 609 721 et
617 687 688 721 Alfrido
696 698 740 730 rege

38 745 131 773 annuente
145 740 248 783 presulatus
262 740 343 782 suscepit
357 740 446 772 honorem
460 737 509 772 idem
523 739 616 773 lohannes
627 738 645 772 in
658 738 697 772 loco
709 738 740 783 qui

40 791 216 834 Heghstoldisham2
225 796 306 834 vocatur,
316 791 363 826 Tina
374 790 430 825 ssuuio
438 801 449 825 a
456 795 508 835 parte
518 791 592 825 australi
604 791 669 825 subtus
677 791 740 827 decur-
750 804 769 825 ro

40 850 98 879 rente.
126 844 195 879 Multos
207 850 269 880 autem
279 845 385 879 diaconatus
397 844 467 885 ordine,
475 849 494 878 et
504 844 609 888 presbiterii
621 845 740 879 sanctificauit

40 898 120 940 honore3
132 898 156 932 de
164 908 242 942 quorum
254 897 329 942 collegio
340 897 426 931 sanctus³
438 897 489 932 Beda
500 896 565 941 extitit,
576 897 606 942 qui
618 897 675 932 multa
685 909 740 943 apos·

39 950 91 984 tolice
98 950 141 985 fidei
147 952 246 986 cultoribus
252 951 326 995 scripsit
331 950 435 987 utilia—⁴
440 950 469 985 De
474 956 537 985 sancto
543 950 592 985 enim
601 950 683 986 Iohanne
688 952 741 996 plura

40 1004 127 1038 virtutum
140 1005 227 1038 miracula
239 1005 270 1048 qui
284 1015 326 1038 cum
339 1004 452 1039 familiariter
465 1010 557 1038 nonerunt
574 1003 636 1038 dicere
647 1005 712 1046 solent,
722 1010 740 1039 et

39 1056 119 1091 maxime
126 1057 155 1092 vir
166 1057 328 1092 reuerentissimus
336 1056 447 1098 Berthunus,
455 1056 542 1091 diaconus
550 1058 642 1100 quondam
654 1056 699 1097 eius,
706 1058 740 1092 sed
750 1065 768 1096 15

39 1115 103 1154 postea
121 1111 178 1145 abbas
198 1111 304 1145 monasterii
323 1110 371 1154 quod
390 1114 465 1144 vocatur
480 1110 584 1151 Dcirwode‚
601 1110 620 1144 id
636 1116 664 1144 est
679 1110 741 1145 ‘Silua

40 1162 191 1203 Deirorum-‚'
204 1165 309 1197 modovero
321 1162 432 1197 Beuerlacus
443 1162 556 1207 appellatum
571 1161 669 1207 dequibus
680 1162 740 1207 aliqua

41 1216 129 1249 memorie
137 1217 210 1250 tradere
218 1216 261 1250 vtile
269 1216 318 1249 duxi.
353 1208 389 1250 Est
397 1219 458 1250 autem
467 1215 530 1250 locust
538 1215 612 1260 quidam
620 1226 657 1250 vno
663 1215 740 1251 miliario

40 1273 57 1302 et
65 1267 140 1303 dimidio
148 1269 171 1303 ab
180 1268 325 1313 Hagustaldensi
336 1269 418 1311 ecelesia,
426 1269 543 1304 interfluente
551 1270 598 1304 Tine
604 1280 659 1304 amne
667 1280 740 1314 separa·

38 1327 72 1363 tus,
84 1322 155 1357 habens
170 1322 268 1357 oratorium
283 1322 341 1356 sancti
355 1322 455 1364 Michaelis,
467 1323 486 1357 in
499 1333 535 1366 quo
548 1322 577 1358 vir
591 1323 621 1357 dei
637 1323 706 1368 sepius,
722 1328 740 1357 et
750 1332 769 1352 πο

41 1374 121 1410 maxime
132 1377 151 1409 in
163 1376 309 1419 quadragesima,
322 1385 398 1409 manere
412 1386 453 1408 curn
466 1376 535 1419 paucis,
545 1376 622 1408 orationi
634 1386 654 1409 ac
667 1375 740 1409 lectioni

28 1453 29 1456 η
39 1437 106 1462 vacans
114 1427 120 1446 ⁸
129 1438 205 1472 operam
217 1428 262 1463 dare
275 1433 401 1463 consueuerat.
424 1428 470 1463 Cum
484 1433 546 1463 autem
556 1427 655 1473 incipiente
662 1429 740 1472 quadra-

39 1480 109 1522 gesima
122 1480 190 1514 ibidem
204 1492 303 1516 mansurus
316 1482 415 1522 adueniret,
429 1481 482 1515 iussit
495 1481 534 1515 suis
548 1491 625 1526 querere
637 1492 740 1526 pauperem

39 1532 118 1577 aliquem
130 1534 194 1568 maiori
205 1534 311 1569 infirmitate
319 1534 349 1569 uel
360 1534 421 1579 inopia
432 1539 534 1578 grauatum,
543 1534 572 1569 cui
583 1534 618 1569 illis
627 1534 692 1569 diebus
705 1535 740 1569 ele·

39 1588 128 1623 mosinam
142 1588 202 1623 facere
216 1588 333 1633 posset-sic
347 1589 396 1622 enim
408 1598 484 1632 semper
492 1588 552 1622 facere
565 1588 639 1622 solebat.
662 1587 699 1630 Qui
710 1588 740 1622 ad·
749 1595 768 1624 ²5

39 1640 739 1685 duxerunteiadolescentemquendammutumanatiuitate‚sedetscabiem

40 1699 58 1740 et
66 1694 146 1729 furfures
154 1694 254 1729 habentem
262 1694 280 1728 in
288 1695 353 1738 capite,
360 1699 380 1730 vt
392 1694 417 1728 nil
426 1693 533 1738 capillorum
543 1694 594 1728 nasci
601 1694 676 1729 valeret.
699 1694 741 1737 Quo

41 1745 129 1790 ingresso,
141 1747 263 1791 apprehendit
275 1758 318 1781 eurn
331 1752 349 1782 et
362 1747 436 1790 signum
448 1753 511 1781 sancte
519 1747 578 1781 crucis
586 1747 648 1790 lingue
659 1747 740 1781 eiusim-

40 1800 127 1842 primens,
134 1800 225 1843 loquelam
233 1799 314 1843 perfecte
322 1799 400 1833 restituit
406 1800 423 1833 ei
429 1800 441 1840 ⁷,
447 1799 556 1844 medicoque
562 1798 625 1843 capitis
632 1798 672 1834 eius
678 1809 740 1834 curam

40 1852 135 1887 commisit.
163 1852 187 1887 Et
196 1852 294 1887 adiuuante
305 1851 433 1887 benedictione
444 1863 465 1887 ac
476 1864 531 1897 prece
542 1852 628 1888 antistitis
633 1852 646 1894 ³,
658 1858 701 1887 nata
712 1859 740 1887 est
750 1859 769 1889 3⁰

40 1915 81 1940 curn
98 1907 176 1940 sanitate
195 1906 247 1949 eutis,
262 1913 340 1941 venusta
359 1907 432 1950 species
448 1906 561 1951 capillorum.
589 1906 693 1951 Factusque
712 1912 741 1941 est

40 1956 111 1994 iuuenis
127 1959 214 2003 limpidus
229 1960 279 1993 vultu
296 1965 314 1993 et
327 1959 399 2003 loquela
414 1965 516 2004 promptus,
533 1960 603 2003 capillis
618 1960 740 2004 pulcherrime

40 2011 110 2056 crispis,
121 2013 153 2056 qui
168 2017 210 2046 ante
222 2012 280 2046 fuerat
293 2012 386 2054 deformis,
398 2023 474 2056 pauper,
489 2017 507 2046 et
523 2017 590 2046 mutus.
613 2006 664 2048 Cum
679 2018 741 2047 autem

41 2065 123 2099 monialis
131 2066 210 2109 quedam
222 2064 240 2098 in
249 2065 361 2099 monasterio
368 2064 470 2106 veranum,
479 2064 509 2098 cui
516 2070 560 2098 tunc
569 2064 679 2109 Hereburga
686 2066 740 2099 abba-

40 2116 84 2151 tissa
95 2118 168 2162 prefuit,
180 2118 198 2151 in
214 2116 308 2161 prouincia
321 2117 428 2152 eboracensi
441 2117 507 2162 posito,
519 2118 647 2152 fleubotomata
661 2124 711 2152 esset
721 2117 740 2152 in
750 2129 768 2159 35

40 2168 119 2213 brachio,
127 2176 175 2205 tacta
182 2175 211 2204 est
222 2170 327 2204 infirmitate
337 2171 405 2204 doloris
415 2171 512 2214 repentini,
520 2182 557 2215 quo
565 2181 607 2205 mox
616 2177 741 2212 excrescente,

40 2223 84 2258 adeo
92 2223 186 2258 brachium
194 2224 213 2258 in
221 2228 312 2258 tumorem
319 2234 393 2258 versum
404 2229 438 2266 est,
446 2229 465 2258 vt
472 2224 504 2259 vix
515 2224 586 2259 duabus
596 2224 680 2259 manibus
692 2236 740 2260 com·

41 2275 94 2317 plecti
101 2284 169 2323 posset,
176 2284 194 2312 et
201 2279 238 2312 iam
244 2277 296 2321 quasi
304 2277 391 2311 moritura
397 2277 496 2312 videretur.
518 2278 565 2312 Cum
573 2282 634 2313 autem
643 2278 740 2324 episcopus

41 2328 103 2366 horam
117 2331 223 2366 minutionis
235 2333 356 2375 cognouisset,
367 2332 402 2365 ait:
415 2331 502 2365 ‘Multum
514 2331 623 2374 insipienter
635 2337 653 2364 et
667 2331 740 2366 indocte

59 2389 64 2406 ¹
75 2391 156 2428 Abrfdged
168 2391 207 2421 from
221 2391 270 2426 Beda,
277 2390 296 2420 V.
307 2400 317 2419 a
327 2391 350 2425 ff„
357 2390 388 2419 and
399 2391 426 2419 the
435 2390 462 2418 life
473 2390 490 2419 in
501 2389 548 2419 MSS.
556 2389 604 2427 Corp.
612 2390 650 2420 Chr.
657 2391 696 2420 Coll.
704 2391 740 2420 Chr.

42 2428 73 2464 161,
80 2430 114 2459 Tib.
122 2431 137 2459 D
145 2431 175 2466 111,
181 2430 240 2470 (which
251 2430 279 2459 life
290 2430 303 2460 is
316 2429 394 2467 compiled
405 2429 445 2458 from
453 2429 497 2458 Beda
506 2429 537 2458 and
548 2428 627 2459 Folcard’s
636 2429 672 2459 Vita
679 2430 695 2459 in
706 2430 741 2461 MS.

42 2463 114 2499 Faustina
124 2470 137 2499 B
146 2470 186 2508 lV);
196 2470 236 2500 with
249 2470 328 2499 additions
341 2469 381 2499 from
393 2469 420 2498 the
433 2468 508 2497 Miracula
516 2469 533 2497 in
544 2469 594 2498 A.SS.
605 2469 662 2505 Boll.7
673 2470 711 2507 lllay
719 2469 740 2505 11,

41 2512 55 2539 Ρ·
63 2516 96 2545 179.
137 2509 309 2548 “Ehegstoldisham
340 2508 457 2539 ⁸T.sanctum.
487 2507 584 2539 ⁴Cchda.
612 2508 741 2541 'Bedmansio

41 2543 93 2579 ”Bed
101 2549 168 2588 quietus.
208 2549 355 2589 ⁷T.eiperf.rest.
396 2549 505 2580 ⁸E.antistis.
546 2549 666 2581 ⁹E.Vetadim.
