1762 2803
108 124 148 165 192
297 110 376 163 annua
392 107 508 171 branta
525 107 616 170 unalia.

105 241 153 274 pape
166 230 285 265 deserendam
296 241 331 273 per
341 230 441 264 Colsridum
451 231 563 271 transmisit3
581 231 633 264 cuius
643 235 697 264 tenor
706 230 747 264 talis
757 235 806 264 erat:

106 277 201 318 ‘Domino
209 283 227 317 in
236 283 309 317 domino
317 284 432 317 dominorum
440 284 558 318 dilectissimo
569 288 633 327 terque
643 282 749 318 beatissimo
759 294 807 327 pape

106 336 200 381 Gregorio,
205 336 312 370 Wetbertus
318 335 391 369 humilis
397 347 463 370 seruus
468 342 536 379 vester,
544 337 600 371 abbas
608 336 678 370 cenobii
688 336 796 379 [beatorum]
803 335 808 354 ¹

106 389 229 432 apostolorum
240 388 290 423 Petri
300 394 318 422 et
330 389 386 430 Pauli,
397 394 505 433 perpetuam
516 390 534 423 in
544 389 617 423 domino
628 388 712 423 salutem.
735 388 807 422 Gratias

89 454 97 483 5
107 453 161 485 agere
172 452 209 475 non
221 452 274 474 cesso
286 440 418 484 dispensationi
429 443 504 485 superni
517 441 613 484 examinis,
623 451 660 475 vna
669 451 710 475 cum
721 440 807 474 fratribus

106 493 137 536 qui
152 503 224 527 mecum
238 492 257 526 in
274 493 303 526 his
318 492 362 527 locis
378 494 401 531 ad
416 493 547 528 inueniendam
562 495 645 537 requiem
659 494 754 527 animabus
770 493 808 526 suis

106 544 236 580 suauissimum
245 544 313 578 Christi
322 545 384 589 iugum
393 550 467 589 portare
477 545 588 588 desiderant,
597 546 645 589 quod
656 551 674 580 te
685 546 753 579 nostris
762 550 808 579 tem-

107 600 181 642 poribus
188 603 224 632 tam
231 598 332 642 glorificum
337 598 431 632 electionis
436 609 469 633 vas
478 598 562 643 regimini
567 599 621 633 totius
628 599 705 633 ecclesie
711 598 810 643 preficere²

107 651 192 694 dignatus
203 656 236 692 est,
245 650 330 694 quatinus
341 662 375 694 per
386 651 421 684 hoc
433 662 469 694 quo
480 652 521 695 ipse
532 652 614 694 impleris
626 652 688 685 lumen
698 652 780 685 veritatis
792 657 810 685 et

80 716 98 738 ro
107 704 154 747 fidei,
165 703 220 739 etiam
230 703 311 737 minores
321 714 404 748 quosque
416 702 484 738 affatim
495 703 557 738 iubare
568 715 601 739 sue
613 704 686 748 pietatis
698 708 809 748 aspergeret

107 757 262 790 Commendamus
275 761 336 791 antem
345 762 376 790 tue
387 761 449 791 sancte
458 756 570 800 benignitati,
578 756 697 791 dilectissime
706 756 725 790 in
736 757 810 792 Christo

107 815 160 854 pater
167 814 185 844 et
193 809 272 852 domine,
281 810 407 844 venerabiles³
415 809 472 854 patris
481 810 539 844 nostri
547 809 659 844 dilectissimi
668 820 729 852 canos,
736 809 811 844 Collridi

107 863 191 898 videlicet
205 863 281 905 abbatis,
295 874 316 897 ac
330 863 423 897 nutritoris
435 864 537 907 tutorisque
549 868 612 897 nostre
626 862 725 906 spiritualis
740 863 759 897 in
772 874 810 896 mo-

108 916 178 950 nastica
186 916 247 959 quiete
255 915 343 949 libertatis
352 921 370 950 et
378 915 434 959 pacis.
457 915 480 949 Et
489 917 569 960 primum
579 915 653 960 quidem
663 915 730 960 gratias
740 915 810 960 agimus

82 979 100 1010 15
109 974 172 1003 sancte
183 973 201 1002 et
210 968 304 1002 indiuidue
315 968 390 1002 trinitati
400 969 449 1013 quod
458 968 504 1012 ipse,
512 968 547 1003 etsi
556 979 594 1002 non
605 968 645 1002 sine
657 968 736 1002 maximo
748 973 811 1002 nostro

109 1023 177 1063 dolore,
188 1023 262 1064 gemitu,
273 1023 322 1056 luctu
332 1034 353 1056 ac
362 1022 490 1065 prosecutione
502 1022 637 1065 lachrymarum
647 1021 720 1056 anobis
731 1021 779 1064 abiit,
787 1021 811 1055 ad

109 1085 143 1109 sue
151 1079 212 1108 tamen
220 1074 251 1108 diu
259 1073 361 1108 desiderate
369 1074 435 1117 quietis
443 1075 509 1118 gaudia
517 1079 580 1108 sancta
590 1074 680 1118 peruenit,
689 1075 732 1107 dum
743 1084 765 1108 ea
775 1084 811 1117 que

109 1126 195 1161 iuuenem
207 1136 228 1159 se
239 1126 305 1168 adisse,
316 1126 385 1160 vidisse
395 1132 450 1170 atque
462 1127 554 1168 adorasse,
566 1137 640 1170 semper
651 1127 749 1160 recordans
760 1126 811 1159 exul-

109 1180 162 1222 tabat,
176 1178 231 1212 etiam
246 1178 298 1213 senio
311 1179 395 1213 defessus
408 1180 503 1213 beatorum
517 1180 641 1223 apostolorum
658 1180 735 1213 deuotus
748 1179 811 1214 limina

82 1247 101 1267 ιο
110 1231 187 1275 repetiit.
211 1231 233 1265 Et
249 1237 292 1275 post
308 1232 374 1275 longos
394 1232 474 1275 amplius
494 1232 614 1276 quadraginta
632 1243 722 1265 annorum
739 1232 811 1265 labores

110 1295 199 1329 curasque
212 1284 307 1318 continuas
320 1284 386 1328 quibus
398 1282 515 1319 monasteriis
528 1284 615 1328 regendis
627 1284 764 1328 incomparabili
776 1284 813 1318 vir-

109 1339 153 1371 tutis
168 1348 231 1371 amore
245 1337 318 1381 prefuit,
334 1337 386 1380 quasi
402 1347 463 1380 nuper
477 1338 500 1370 ad
515 1337 674 1371 conuersationem
689 1337 726 1371 vite
739 1338 812 1371 celestis

110 1390 183 1432 accitus,
191 1389 254 1424 vltima
261 1389 355 1424 conlectus
363 1394 411 1424 etate
419 1395 437 1424 et
447 1400 506 1434 prope
517 1390 553 1423 iam
562 1390 667 1432 moriturus,
675 1399 739 1423 rursus
750 1388 813 1433 incipit

110 1442 224 1488 peregrinari
231 1454 266 1487 pro
274 1442 352 1485 Christo,
360 1454 396 1486 quo
404 1442 479 1476 liberius
486 1444 547 1487 prisca
555 1442 696 1476 sollicitudinum
704 1443 813 1476 secularium

84 1511 102 1540 25
111 1497 188 1537 spineta,
204 1497 275 1528 camino
294 1495 382 1537 spirituali
399 1496 474 1528 feruens
494 1495 639 1537 compunctionis
657 1496 706 1538 ignis
725 1495 814 1529 absumat.

112 1547 184 1581 Deinde
196 1547 250 1580 etiam
263 1548 366 1591 paternitati
379 1552 441 1581 vestre
456 1547 580 1591 supplicamus
593 1551 618 1587 vt,
632 1547 681 1589 quod
693 1545 739 1579 nos‘
752 1547 813 1580 facere

112 1611 149 1634 non
157 1600 263 1641 meruimus,
268 1610 302 1634 vos
310 1611 354 1643 erga
361 1600 412 1633 illum
419 1600 483 1634 vltime
491 1599 563 1643 pietatis
572 1599 631 1633 seduli
639 1609 706 1633 munus
714 1600 813 1643 expleatis;

112 1664 146 1697 pro
158 1657 208 1687 certo
219 1653 299 1686 scientes
311 1653 358 1696 quia,
367 1654 401 1685 etsi
411 1663 444 1686 vos
454 1662 520 1696 corpus
530 1652 601 1686 hahetis
610 1652 674 1694 ipsius,
682 1657 700 1685 et
709 1662 744 1685 nos
752 1657 814 1686 tamen

113 1711 131 1739 et
142 1716 176 1740 vos
188 1705 222 1738 deo
234 1706 321 1738 deuotum
333 1705 372 1738 eius
386 1705 475 1748 spiritum,
489 1705 529 1738 siue
542 1704 561 1737 in
573 1715 650 1748 corpore
662 1709 767 1739 manentem
780 1715 813 1738 seu

85 1777 105 1806 30
113 1758 184 1792 carneis
197 1758 274 1791 vinculis
289 1757 398 1798 absolutum,
412 1768 499 1800 magnum
513 1767 547 1801 pro
560 1759 628 1791 nostris
644 1757 751 1791 excessibus
766 1758 815 1800 apud

113 1821 212 1855 supernam
219 1811 306 1853 pietatem
313 1810 455 1843 intercessorem
463 1809 553 1843 habemus
561 1815 578 1843 et
587 1815 684 1853 patronum
692 1810 731 1843 etc!
769 1803 815 1844 Col·
842 1836 844 1842 ,

112 1862 170 1898 fridus
182 1868 244 1897 autern
255 1863 274 1896 in
285 1862 350 1897 itinere
361 1873 427 1897 versus
442 1862 527 1905 Romam,
540 1863 589 1906 apud
603 1862 696 1906 Lingonas
707 1863 727 1895 in
739 1863 816 1896 ecclesia

112 1917 208 1951 beatorum
215 1915 334 1949 Geminorum
340 1920 442 1958 martyrum
449 1915 549 1949 honorifice
557 1915 640 1959 sepultus
645 1920 678 1949 est.
698 1915 742 1948 Erat
747 1921 813 1957 autem,

113 1969 186 2013 quando
192 1968 240 2011 obiit,
247 1979 337 2002 annorum
344 1969 541 2012 septuagintaquatuor‚
548 1968 618 2002 abbatis
624 1967 703 2003 officium
710 1968 816 2003 ministrans

87 2038 104 2068 35
113 2023 166 2056 annis
178 2021 337 2065 trigintaquinque.
361 2021 394 2055 Cui
407 2021 443 2055 ne⁵
456 2022 511 2065 prisci
523 2031 594 2056 morem
605 2022 670 2065 rigoris
681 2021 711 2056 vel
724 2021 776 2056 etatis
787 2021 817 2056 vel

113 2075 223 2108 infirmitatis
240 2074 270 2108 vel
285 2074 355 2107 itineris
368 2085 449 2118 vnquam
464 2076 555 2107 minueret
570 2075 646 2116 occasio,
660 2086 684 2109 ex
699 2074 728 2107 die
743 2075 817 2117 quode

113 2127 224 2161 monasterio
237 2137 271 2160 suo
285 2126 379 2170 profectus
394 2127 437 2161 abiit
449 2137 508 2171 vsque
523 2127 546 2160 ad
560 2127 658 2170 diemque
672 2126 770 2161 defunctus
783 2132 817 2169 est,

114 2181 196 2223 exceptis
210 2179 303 2212 canonicis
316 2180 371 2220 horis,
384 2180 464 2221 quotidie
477 2180 505 2212 bis
518 2180 625 2222 psalterium
638 2190 662 2213 ex
674 2181 738 2213 ordine
752 2181 817 2213 decan-

114 2234 168 2275 tauit3
182 2232 236 2265 etiam
247 2241 289 2265 cum
301 2231 367 2265 adhoc
378 2242 412 2275 per
419 2232 545 2266 infirmitatem
557 2231 652 2266 deueniret
659 2237 679 2266 vt
691 2232 772 2275 equitare
780 2242 817 2266 non

87 2301 107 2331 40
114 2285 178 2319 valens
190 2283 257 2318 feretro
268 2284 365 2317 caballario
376 2285 479 2326 veheretur,
489 2284 571 2328 quotidie
583 2285 641 2318 missa
651 2289 723 2318 cantata
735 2285 819 2319 salutaris

115 2338 174 2372 hostie
184 2337 218 2371 deo
229 2347 296 2371 munus
307 2336 386 2379 offerret,
395 2342 472 2381 excepto
481 2348 517 2372 uno
531 2348 567 2381 quo
579 2347 678 2370 occeanum
690 2337 792 2380 nauigabat,
800 2341 819 2371 et

115 2391 173 2424 tribus
183 2395 226 2423 ante
234 2391 303 2424 exitum
315 2400 369 2423 suum
380 2390 449 2424 diebus.
473 2389 523 2424 Obiit
535 2394 597 2424 autem
606 2389 685 2432 septimo
693 2389 727 2423 kal.
735 2391 820 2432 octobris,

116 2453 163 2477 anno
172 2443 240 2477 domini
248 2443 412 2487 septingentesimo
420 2444 551 2478 sextodecimo.
589 2442 595 2461 ⁰
603 2435 643 2475 Illis
651 2443 716 2476 diebus
724 2433 819 2486 Naiianus,

136 2520 246 2554 ¹soT.;om.
254 2521 271 2549 in
279 2521 297 2551 E.
338 2521 372 2550 ²E.
381 2522 463 2557 proficere.
508 2520 650 2552 ³E.venerabilis.
692 2520 763 2552 ⁴E.nos
771 2522 818 2562 quod.

117 2559 123 2579 ⁶
132 2558 150 2590 T,
159 2559 177 2589 E.
186 2568 220 2589 nec.
260 2560 266 2578 ὓ
276 2560 301 2589 Ex
308 2560 353 2590 Beda
360 2560 402 2590 Hist.
410 2561 447 2592 eccl.
455 2560 474 2591 V.
482 2570 506 2592 21.
