1762 2803
153 124 199 180 Ut
214 122 314 176 eonon
331 122 456 174 etberto
473 120 630 176 donttstott.
700 136 743 181 ³47

42 247 70 283 vis
78 246 158 290 quedam
166 244 235 279 occulta
243 244 302 278 subito
310 254 378 278 neruos
386 243 473 286 extendit,
480 244 498 277 in
506 243 607 278 naturalem
616 248 683 278 statum
692 254 745 278 crura

42 301 136 345 pedesque
151 303 249 341 retorquet,
264 297 369 341 euulsisque
385 308 395 330 a
410 308 465 331 carne
482 296 561 331 articulis
575 297 650 340 sanguis
666 296 745 356 profluit,

43 353 166 406 paulatimque
175 361 229 384 succo
240 356 341 422 resumpto,
348 349 399 384 arida
409 351 460 394 prius
472 361 514 384 ossa
526 349 623 394 pristinum
635 349 691 383 robur
702 349 745 384 reci-

43 405 100 464 piupt.
145 396 187 438 Sex
199 403 259 437 enim¹
271 403 314 443 ceci,
326 413 382 436 vnum
395 404 511 437 monoculum
522 403 585 444 secuti,
593 403 616 435 ad
628 401 745 446 sepulchrum

43 458 92 501 regis
99 461 227 500 properantes,
235 466 277 490 cum
285 456 330 490 alter
338 456 361 490 ab
370 456 427 490 altero
438 455 547 498 traheretur,
554 460 573 490 et
583 466 631 490 vnus
643 455 762 500 precedens:
756 471 763 488 a

43 511 106 544 oculus
113 510 157 542 viris
165 514 237 551 septem
243 509 328 542 ducatum
335 508 425 551 preberet,
431 515 494 542 sancto
500 519 541 542 curn
547 509 646 552 lachrymis
653 508 746 542 miseriam

44 566 142 606 exponunt,
151 571 205 603 opem
214 560 300 604 flagitant,
306 566 369 595 contra
377 562 462 595 diuturne
470 561 552 604 caliginis
559 561 627 594 tedium
636 559 747 594 sanctissimi

44 615 92 658 regis
99 614 201 657 deposcunt
209 612 301 648 auxilium.
325 614 363 648 Nec
368 624 425 655 mora,
433 614 480 648 beati
489 614 558 648 meritis
566 619 584 648 et
593 614 678 657 precibus
686 613 746 648 visum

44 668 174 710 oculorumque
186 665 287 701 claritatem
299 666 395 711 percipere
408 671 520 702 meruerunt.
565 658 640 702 Interea
653 666 747 701 Haraldus

45 721 92 755 filius
103 719 191 762 (leduini,
199 729 276 764 regnum
286 731 319 754 nec
330 720 377 754 sibi-¹
388 720 427 755 iure
437 720 517 755 debitum
529 731 562 755 nec
574 725 638 755 natura
649 730 746 764 usurpans,
757 731 775 753 ro

45 774 112 808 malum
124 774 172 817 quod
181 774 246 816 Anglis
255 775 356 808 secundum
367 773 416 818 regis
425 773 596 808 sancti³oraculum
608 773 693 807 dominus
704 783 747 817 pre-

45 831 146 870 parauerat,
157 826 303 869 transgressione
316 826 364 870 pacti
376 837 417 860 cnm
430 828 476 859 duce
487 826 581 860 Willelmo
592 832 610 859 et
622 826 665 859 fidei
677 826 747 860 lesione

45 877 156 911 accelerauit.
179 878 203 911 Vt
211 884 272 911 autem
284 879 382 912 attenuatis
390 878 459 911 viribus
469 878 539 912 facilius
548 879 571 911 ab
583 878 612 911 his
623 888 669 921 quos
681 878 748 911 iniuste

45 935 176 975 prouocauerat
185 929 268 964 hostibus
275 931 384 971 vinceretur,
392 930 486 964 suscitauit
494 931 510 963 ei
518 930 564 964 deus
574 941 585 964 a
594 935 646 974 parte
657 929 748 973 aquilonis

46 982 132 1024 inimicos,
141 982 178 1016 scil.
188 983 290 1017 Haraldum
300 993 364 1027 regem
375 983 477 1027 Norwegie,
486 988 504 1016 et
512 983 596 1016 Tostium
604 982 680 1015 fratrem
688 993 748 1024 suum,
758 996 776 1025 15

46 1045 100 1078 quem
112 1036 135 1068 de
144 1034 213 1079 Anglia
222 1036 318 1079 expulerat
328 1036 373 1079 ipse,
382 1035 411 1070 et'
419 1040 503 1078 ternpore
511 1036 561 1078 regis
569 1035 655 1069 Edwardi
664 1035 748 1069 exulabat

46 1088 63 1120 in
73 1088 87 1120 F
88 1088 163 1121 landria.
179 1087 204 1121 Hi
212 1099 254 1122 curn
262 1099 328 1132 magna
336 1088 395 1122 classe
401 1099 435 1131 per
440 1087 591 1123 Humbriamlad
596 1087 699 1122 Eboracum
706 1097 749 1131 pro·

46 1145 137 1185 perantes,
146 1151 188 1174 cum
196 1141 297 1175 exercitum
306 1140 491 1175 Northumbrensium
499 1141 556 1185 prelio
566 1141 688 1184 excepissent,
697 1140 748 1185 potiti

46 1194 119 1228 victoria
130 1205 216 1239 magnam
231 1196 254 1229 de
268 1196 381 1230 obstantibus
395 1200 475 1239 stragem
488 1195 584 1230 dederunt.
615 1194 651 1229 His
667 1194 749 1229 Haraldo

47 1247 141 1289 nunciatis,
156 1248 256 1282 exercitum
270 1248 364 1291 copiosum
376 1259 400 1281 ex
413 1247 498 1281 omnibus
510 1248 577 1281 finibus
590 1248 658 1292 Anglie
671 1248 749 1291 collegit.
758 1263 777 1284 ιο

47 1299 136 1343 Apparuit
147 1306 208 1334 autem
218 1307 261 1335 tunc
272 1306 346 1335 sanctus
355 1300 457 1334 Edwardus
464 1300 536 1334 cuidam
544 1300 605 1342 Alexi,
612 1300 672 1334 abbati
681 1301 749 1334 Rame-

47 1353 90 1394 seie,
103 1355 142 1386 viro
155 1354 245 1397 religioso,
257 1355 331 1388 dicens:
345 1353 407 1388 ‘Vade
420 1360 439 1388 et
453 1353 482 1388 dic
495 1353 577 1387 Haraldo
589 1359 609 1387 vt
623 1354 707 1388 homines
718 1353 749 1397 qui

47 1406 144 1439 contraius
152 1410 171 1439 et
178 1406 205 1440 sas
213 1408 265 1450 regni
273 1407 326 1441 huius
334 1407 381 1441 fines
389 1407 483 1447 inuadunt,
491 1407 607 1450 aggrediatur
616 1417 686 1441 secure.
709 1406 749 1451 Ego

48 1457 96 1491 enim
108 1468 140 1492 ero
151 1458 189 1492 dux
200 1464 218 1492 et
230 1464 323 1502 protector
334 1459 431 1502 exercitus,
442 1459 528 1503 quoniam
540 1460 610 1493 iusticie
621 1460 681 1503 gentis
696 1460 750 1493 huius

47 1509 113 1543 deesse
128 1522 165 1543 non
181 1522 262 1555 possum.
291 1512 327 1545 Per
341 1523 371 1545 me
387 1512 437 1545 enim
450 1512 550 1556 reportabit
562 1511 602 1546 vice
615 1511 648 1545 hac
661 1512 685 1546 de
697 1511 750 1546 hoste
759 1525 777 1555 ²5

48 1564 165 1608 triumphum.
189 1565 211 1598 Et
222 1576 246 1599 ne
257 1566 318 1600 verbis
328 1566 364 1600 tuis
375 1565 430 1599 fidem
441 1565 522 1609 deroget,
530 1570 621 1599 secretum
630 1564 646 1599 ei
654 1565 682 1599 sui
691 1565 751 1599 cordis

48 1617 128 1658 ostende,
134 1623 154 1651 vt
160 1629 201 1651 curn
206 1619 269 1663 ei,que
275 1619 324 1652 nullo
330 1619 414 1653 consciofl
421 1624 483 1653 mente
487 1619 577 1660 voluebat,
582 1619 668 1658 edixeris,
673 1628 710 1653 non
717 1618 751 1653 hec

48 1673 78 1702 tue
89 1670 219 1711 adinuentioni,
226 1672 259 1705 sed
272 1682 313 1705 mee
324 1672 442 1716 promissioni
452 1671 536 1705 ascribat.
559 1671 617 1705 Nocte
627 1672 701 1715 quidem
709 1681 751 1714 pre·

48 1722 100 1755 terita
110 1733 152 1756 cum
163 1724 225 1758 dolore
234 1724 308 1758 semoris
317 1730 437 1768 torqueretur,
446 1724 488 1759 licet
499 1734 541 1759 eum
553 1734 589 1758 non
601 1734 666 1768 parum
677 1729 751 1767 urgeret

48 1773 147 1809 imminens
162 1776 251 1817 molestia,
263 1777 312 1810 siluit
326 1782 394 1818 tamen,
409 1782 497 1820 reputans
511 1776 560 1820 apud
576 1787 602 1818 se,
617 1776 633 1810 si
652 1776 752 1820 publicaret
761 1787 781 1816 32

48 1826 160 1870 languorem,
174 1830 222 1872 quod
236 1829 265 1862 et⁷
277 1829 316 1863 suis
331 1833 391 1863 esset*
404 1829 522 1872 contemptui,
535 1834 553 1862 et
569 1828 652 1862 hostibus
667 1829 751 1863 irrisioni.

48 1877 117 1914 Verum
128 1880 170 1925 quia
179 1892 228 1916 nunc
237 1882 260 1916 ab
269 1882 299 1916 illa
311 1888 363 1926 peste
374 1881 469 1923 conualuit,
478 1882 501 1915 de
512 1891 553 1915 meo
562 1892 673 1925 presumens
684 1881 752 1915 auxillo

49 1939 111 1967 contra
122 1935 211 1969 barbaros
222 1935 290 1969 iustum
301 1936 370 1969 bellum
384 1934 476 1979 suscipiat,
488 1940 506 1969 et
519 1935 542 1969 ab
554 1934 657 1969 imminenti
670 1935 752 1978 periculo

50 1995 93 2019 suos
101 1988 175 2032 eripiat?
198 1989 251 2030 Quod
259 1999 300 2022 cum
308 1990 364 2023 abbas
371 1989 452 2022 Haraldo
460 1994 566 2029 reserasset,
573 2000 597 2022 ex
604 1989 666 2022 celesti
674 1988 752 2032 promis-

50 2037 100 2073 sione
112 2040 170 2075 lactus
182 2041 272 2084 audacior,
283 2041 301 2076 in
313 2041 374 2077 valida
385 2051 440 2076 manu
451 2041 577 2086 progrediens,
589 2042 638 2086 apud
650 2041 752 2076 Stamlord·
761 2050 779 2081 35

50 2090 275 2135 briglhostibusoccurrit.
284 2095 410 2139 Consertoque
415 2094 495 2139 ¹⁰preho,
501 2095 538 2129 dux
544 2099 620 2138 vterque
625 2094 753 2139 prosternitur,

50 2143 87 2177 scil.
99 2155 132 2178 rex
145 2146 247 2190 Norwegie,
259 2154 277 2181 et
288 2147 344 2181 frater
355 2147 432 2181 Haraldi
444 2147 524 2188 Tostius,
534 2152 553 2181 et
566 2157 614 2190 pene
627 2153 676 2181 totus
689 2157 753 2181 eorum

50 2196 141 2231 exercitus
149 2198 220 2232 deletus
229 2204 262 2233 est.
305 2191 364 2234 Anno
375 2199 465 2244 siquidem
471 2199 483 2219 ¹¹
491 2198 636 2233 tricesimosexto
643 2204 685 2242 post
695 2198 753 2233 sancti

51 2246 135 2284 Edwardi
151 2252 225 2294 obitum,
241 2262 282 2286 curn
298 2263 364 2297 corpus
378 2253 417 2286 eius
433 2253 456 2287 de
470 2258 520 2287 terra
535 2253 643 2293 eleuaretur,
655 2252 754 2295 integrum,

50 2297 180 2347 incorruptum,
187 2310 205 2339 et
213 2304 293 2339 flexibile
299 2316 340 2339 cum
346 2305 429 2340 vestibus
435 2304 539 2340 recentibus
545 2309 638 2349 repertum
644 2308 677 2338 est.
700 2304 754 2347 Quod
762 2316 783 2346 4ο

50 2352 115 2389 videns
123 2357 220 2401 episcopus
228 2358 314 2393 roffensis
322 2359 378 2403 pilum
383 2369 445 2400 vnum,
451 2358 553 2392 deuotionis
562 2357 653 2392 desiderio
659 2368 754 2401 accensus,

51 2408 147 2443 extrahere
156 2411 228 2454 sibique
237 2421 312 2445 seruare
323 2416 409 2445 conatur:
421 2411 454 2445 sed
465 2410 495 2445 ille
507 2410 578 2444 firmius
588 2410 661 2451 herens,
669 2411 755 2446 effectum

70 2464 75 2482 ¹
86 2466 102 2495 S
107 2476 174 2506 quoque
208 2469 214 2486 ²
224 2470 257 2500 Tw.
262 2470 291 2500 sibi
296 2479 335 2505 nee
346 2470 363 2499 S
370 2469 645 2500 neciureneenaturasibldebitunr.
680 2470 686 2487 ³
696 2470 732 2501 Tw
737 2472 753 2502 S.

51 2505 100 2533 sancti
109 2515 155 2544 regis
209 2508 293 2541 ⁴⁵0qu
304 2509 321 2538 S.
328 2509 390 2546 quique
448 2509 498 2538 6Την,
504 2509 596 2538 Humbram.
651 2509 755 2540 ⁸E.conci0.

50 2540 111 2578 E.a;
122 2555 152 2576 orn.
161 2547 201 2579 inS.
259 2548 431 2577 ¹⁵Tw.tuturusesset.
486 2547 662 2586 ‘xstantorth-brtg,
714 2548 726 2566 ¹⁰
736 2551 755 2580 E.

51 2580 165 2623 Concertoque.
228 2587 238 2604 ¹
249 2596 278 2617 om⁴
287 2588 303 2616 in
311 2587 327 2618 S.
