1762 2803
333 158 412 209 mora
428 148 544 216 tuamor
559 150 652 215 unalia

140 278 207 312 mentis
213 277 293 322 episcopi
301 282 319 311 ct
324 277 436 310 voluntatem
443 275 561 311 defraudauit.
608 269 678 310 Mulier
686 275 764 320 quedam
772 273 843 308 infesto

141 332 226 366 Eduardi
235 330 291 365 sancti
302 331 307 350 ¹
316 331 402 374 operibus
410 341 483 372 uacans,
491 329 575 374 paralisis
584 331 647 363 morbo
656 335 744 373 correpta,
752 329 775 362 ad
783 327 843 371 sepul-

140 386 205 417 chrum
215 385 272 417 sancti
283 383 382 423 deducitur,
391 388 408 415 et
420 383 517 416 sanitatem
529 383 624 424 pristinam
637 394 657 415 se
669 382 762 425 recepisse
773 381 844 413 letatur.

140 437 187 470 Tres
199 436 244 470 viri²
255 436 306 469 febre
320 440 408 478 quartana
420 435 498 478 vexatil,
510 434 581 468 visitato
593 436 651 469 sancti
665 434 778 479 sarcophago
793 432 844 477 quasi

124 502 132 530 5
140 490 158 523 in
167 494 260 522 momento
268 488 324 522 curati
332 493 380 521 sunt.

374 574 387 610 h
397 572 483 606 Narratio
494 576 509 607 el
516 573 610 616 prophetia.

163 624 259 675 ⁸Quidam
270 631 299 665 vir
308 631 337 663 dei
349 631 368 664 in
381 631 446 664 diebus
457 631 493 664 illis
502 631 583 675 predixit
591 631 657 674 Anglis
665 632 713 674 quod
722 641 745 664 ex
753 630 843 663 scelerum

142 694 217 718 suorum
231 682 350 725 immanitate,
359 684 401 726 quia
413 694 450 716 non
464 684 523 717 solum
537 683 577 716 cedi
591 690 609 717 et
621 683 719 727 proditioni
731 681 845 723 insistebant,

141 738 175 771 sed
189 737 271 771 ebrietati
287 742 305 769 et
319 736 431 780 negligentie
443 737 509 770 domus
521 736 551 769 dei
563 736 618 770 dediti
630 742 686 777 erant,
694 736 809 780 insperatum
817 734 844 768 eis

141 801 151 822 a
164 789 241 822 Francia
252 790 375 821 aduenturum
387 789 494 830 dominium,
505 790 553 831 quod
566 794 584 821 et
596 800 660 822 eorum
673 788 801 822 excellentiam
813 788 845 820 de-

115 854 134 876 10
142 841 231 886 primeret
242 842 384 885 imperpetuum,
393 847 411 875 et
422 841 511 875 honorem
522 841 563 875 sine
571 841 649 875 termino
660 840 779 876 restitutionis
790 851 846 874 euen-

142 895 206 929 tilaret.
230 894 312 928 Predixit
328 894 382 928 etiam
395 896 444 938 quod
460 906 497 929 non
510 895 569 927 solum
584 906 605 928 ea
620 905 671 939 gens,
684 896 716 929 sed
731 894 785 927 etiarn
799 904 846 937 gens

142 949 245 990 Scotorum,
250 959 297 992 quos
305 947 361 991 Angli
369 947 479 983 vilissimos⁴
487 947 578 989 estimant,
584 949 607 982 ad
615 948 711 983 emeritam
719 947 845 982 confusionem

143 1002 209 1045 Anglis
228 1002 358 1035 dominaretur.
389 1001 470 1035 Predixit
489 1001 543 1035 etiarn
563 1001 692 1035 nichilominus
711 1001 756 1035 adeo
774 1000 845 1033 varium

143 1055 225 1088 seculum
238 1055 360 1087 aduenturum
371 1059 391 1087 vt
401 1054 480 1087 varietas
494 1053 560 1096 quein
572 1054 665 1087 mentibus
677 1054 771 1086 hominum
783 1052 846 1085 latebit

116 1112 161 1145 15et
176 1105 195 1139 in
211 1105 281 1139 actibus
296 1105 370 1148 patebit,
386 1105 493 1139 multimoda
508 1105 587 1138 vestium
600 1105 700 1139 variatione
714 1105 847 1148 designaretur.

143 1152 196 1193 Β11113
205 1159 270 1192 diebus
278 1159 375 1202 imperauit
383 1159 474 1192 Henricus
483 1158 562 1201 [tertius]
568 1159 579 1200 ⁰,
588 1159 618 1202 qui
626 1159 645 1192 in
653 1159 731 1202 pueritia
739 1169 772 1191 sua
780 1169 790 1191 a
802 1169 846 1201 quo-

143 1214 185 1246 dam
198 1212 264 1246 clerico
278 1212 358 1246 fistulam
372 1212 438 1246 tulerat
451 1217 558 1255 argenteam
571 1223 607 1255 qua
618 1212 671 1255 pueri
682 1212 767 1246 ludentes
780 1221 846 1254 aquam

144 1265 250 1307 iaculantur,
257 1269 321 1309 pactus
329 1264 346 1299 ei
354 1264 480 1309 episcopatum
489 1267 533 1300 dare
539 1265 545 1284 ⁷
551 1275 593 1299 cum
599 1265 646 1299 soret
651 1265 756 1309 imperator.
767 1264 848 1298 Adultus

144 1324 205 1353 autem
217 1318 308 1362 repetenti
320 1318 420 1361 pollicitum
431 1318 511 1362 impigre
522 1318 578 1351 dedit.
607 1319 648 1352 Non
660 1319 717 1352 multo
729 1324 771 1361 post
781 1329 848 1362 aspero

118 1384 136 1405 zo
144 1372 208 1406 morbo
220 1376 316 1415 correptus
330 1371 422 1412 decubuit,
434 1377 452 1405 et
466 1371 530 1405 morbo
544 1377 644 1413 crescente,
656 1372 716 1405 triduo
730 1371 815 1405 exsensis
830 1377 848 1404 et

144 1431 205 1460 mutus
217 1425 276 1458 iacuit.
300 1424 387 1466 Episcopi
399 1430 501 1467 presentes,
509 1424 594 1457 triduano
604 1424 672 1458 indicto
684 1423 757 1463 ieiunio,
769 1434 803 1466 pro
812 1424 848 1457 vita

145 1476 184 1511 eius
197 1476 271 1510 domino
284 1475 417 1520 supplicabant.
441 1476 576 1510 Conualescens
588 1476 665 1510 accitum
677 1476 784 1520 episcopum
793 1486 847 1519 quern

145 1540 179 1573 pro
191 1530 252 1562 fistula
263 1530 336 1570 fecerat,
346 1529 437 1562 sententia
448 1528 518 1562 concilii
528 1529 618 1571 deposuit.
642 1530 743 1563 Confessus
752 1534 780 1561 est
787 1534 848 1561 autem

146 1593 167 1616 se
178 1587 216 1615 toto
227 1582 257 1615 illo
269 1581 329 1615 triduo
339 1582 428 1615 demones
440 1582 516 1615 infestos
528 1581 561 1615 sibi
569 1581 643 1624 vidisse,
651 1582 744 1616 flammam
756 1582 774 1615 in
785 1592 806 1616 se
815 1592 849 1626 per

120 1646 138 1676 ²5
147 1636 226 1669 fistulam
242 1635 347 1677 iaculantes,
362 1636 393 1668 vt²⁴
407 1640 470 1668 noster
485 1634 532 1678 ignis
547 1641 632 1677 respectu
645 1635 694 1669 illius
707 1636 758 1668 iocus
771 1640 849 1678 putetur.

148 1687 225 1722 Interim
235 1699 281 1721 uero
292 1686 379 1720 iuuenem
391 1688 538 1721 semiustulatum
549 1688 665 1728 aduentasse,
673 1688 762 1721 serentem
775 1687 849 1721 calicem

149 1751 227 1775 aureum
244 1739 335 1773 immense
354 1740 485 1784 magnitudinis
504 1751 551 1783 aqua
569 1740 655 1784 plenum:
675 1740 726 1775 cuius
740 1740 816 1782 visione,
832 1746 850 1775 et

147 1793 205 1827 laticis
217 1793 321 1836 aspergine,
333 1794 409 1826 ardores
421 1793 461 1826 illos
473 1793 536 1827 euasit.
566 1793 601 1827 Hic
613 1799 652 1826 erat
662 1795 726 1827 beatus
735 1793 850 1834 Laurentius,

147 1845 198 1880 cuius
211 1846 307 1879 ecclesiam
319 1845 443 1888 reparauerat,
451 1851 469 1879 et
480 1850 542 1889 preter
551 1844 586 1879 alia
597 1856 674 1879 munera
686 1845 741 1880 calice
752 1856 808 1879 aureo
819 1846 850 1879 de-

120 1909 139 1937 50
147 1904 222 1933 corarat.
267 1891 309 1932 ⁹Eo
321 1905 405 1942 tempore
417 1899 436 1932 in
449 1898 528 1932 confinio
541 1898 654 1933 Normannie
670 1905 687 1933 et
700 1898 794 1933 Britannie
808 1911 850 1942 por-

147 1957 218 1985 tentum
225 1951 286 1985 visum
298 1957 326 1984 est
337 1951 356 1984 in
364 1962 404 1992 vna,
413 1953 443 1985 vel
454 1952 514 1995 potius
526 1952 597 1984 duabus
609 1952 721 1986 mulieribus.
747 1952 787 1984 Duo
799 1957 851 1985 erant

147 2003 212 2048 capita,
220 2009 239 2038 et
247 2010 325 2048 quatuor
333 2004 413 2047 brachia,
421 2010 482 2039 cetera
493 2003 567 2049 gemina
574 2004 635 2038 omnia
642 2015 701 2048 vsque
709 2004 731 2039 ad
739 2004 851 2047 umbilicum,

147 2058 225 2092 inferius
237 2058 310 2101 singula
320 2058 387 2092 onmia.
411 2058 496 2099 Ridebat,
504 2058 617 2098 comedebat,
626 2058 733 2100 loquebatur
740 2069 782 2100 vna,
790 2058 851 2100 flebat,

148 2110 245 2152 esuriebat,
253 2111 325 2144 tacebat
337 2111 399 2145 altera.
423 2111 461 2145 Ore
471 2110 545 2156 gemino
555 2111 694 2154 manducabant,
703 2111 780 2144 seduno
790 2117 851 2145 meatu

121 2173 139 2203 35
149 2165 252 2207 egerebant.
275 2164 317 2197 Vna
328 2164 418 2207 defuncta,
427 2164 529 2208 superuixit
540 2165 602 2205 altera,
611 2175 659 2208 pene
671 2165 750 2198 triennio
762 2170 851 2198 mortuam

148 2222 229 2262 portans,
238 2218 297 2250 donec
305 2222 323 2250 et
331 2218 412 2261 pondere
420 2218 474 2252 molis
482 2223 500 2252 et
508 2217 566 2251 fetore
574 2217 669 2252 cadaueris
677 2217 748 2252 defecit.
766 2218 851 2252 Putatum

148 2275 177 2305 est
188 2281 199 2303 a
211 2270 325 2314 quibusdam,
337 2276 355 2304 et
366 2270 430 2304 litteris
442 2271 533 2313 traditum,
542 2271 590 2315 quod
603 2271 626 2305 he
638 2271 724 2305 mulieres
736 2270 821 2315 Angliam
834 2277 852 2305 et

150 2323 283 2357 Normanniam
295 2322 424 2366 significarent,
436 2334 477 2366 que,
489 2323 547 2358 diuise
559 2323 601 2357 licet
613 2323 685 2364 fuerint,
698 2329 759 2357 tamen
771 2324 805 2357 sub
816 2334 852 2357 vno

149 2374 223 2409 domino
235 2381 279 2409 sunt
290 2374 345 2409 vnite.
374 2375 405 2409 He
417 2375 502 2420 quicquid
514 2376 634 2420 pecuniarum
646 2375 705 2409 auidis
719 2375 801 2409 saucibus
813 2388 853 2410 sor-

121 2441 141 2471 4o
149 2431 232 2471 buerant,
243 2429 262 2463 in
273 2439 329 2464 unam
341 2429 435 2463 lasciuiam
447 2430 516 2472 defluit,
524 2430 578 2474 111111ιῦ
586 2435 614 2464 est
625 2430 655 2464 vel
664 2429 768 2474 principum
778 2429 853 2464 auaritia

169 2488 349 2518 ¹S.sanctiEdwardi.
401 2488 624 2519 ΖΤ.Ε.1111οε...11ε11111(1ε.
678 2488 853 2525 ”ExChuBromtom

150 2538 164 2566 p.
173 2537 207 2565 909·
241 2527 246 2545 ⁴
257 2528 275 2558 T.
283 2528 301 2557 E.
307 2528 396 2558 vilissimas.
431 2528 437 2545 ³
448 2529 470 2559 Cf.
479 2529 524 2558 Vinc.
533 2528 573 2558 Bell.
581 2528 632 2558 XXV.
642 2537 670 2565 19¹,
681 2528 718 2557 Chr.
727 2527 786 2558 Bromt.
795 2538 851 2566 11933.

149 2569 155 2586 ⁰
165 2568 183 2597 T.
191 2568 210 2599 E.
217 2569 301 2598 secundus.
345 2567 351 2585 ⁷
362 2578 393 2599 om.
400 2568 416 2597 in
423 2568 458 2599 VB.
502 2569 507 2586 ⁵
517 2568 552 2599 VB.
559 2569 631 2599 tlamman
638 2568 674 2598 dico
681 2568 722 2598 adeo
729 2568 826 2605 pertinacem
831 2573 853 2599 vt.

150 2608 156 2626 ⁹
176 2608 221 2638 Vinc.
230 2608 269 2637 Bell.
277 2607 328 2637 XXV.
336 2609 360 2644 38.
401 2609 412 2625 ¹⁰
423 2608 440 2638 E.
448 2608 478 2645 qui.
