1762 2803
78 160 80 166 η
129 121 172 179 382
320 124 400 175 mooe
416 121 534 184 terente
549 122 642 184 tortio.

128 249 207 288 paratos.
229 243 298 278 Verum
314 244 399 279 omnibus
413 243 466 279 vohis
482 244 500 279 in
513 244 579 280 virtute
592 242 701 285 obedientie,
713 243 748 278 sub
761 241 831 278 ordinis

128 297 186 332 vestri
195 298 280 342 periculo,
293 297 327 332 hoe
340 297 414 331 inhibeo
427 308 450 332 ne
464 298 553 342 deinceps
565 296 653 332 intersitis
666 296 729 332 iuditio
741 308 777 342 quo
789 307 831 331 mea

128 361 209 396 persona
216 351 310 384 iudicetur.
333 349 386 392 Quod
398 350 453 385 etiam
465 362 489 385 ne
500 350 573 392 faciatis,
582 361 676 385 romanam
687 356 765 385 matrem
774 350 831 384 ecele-

129 403 175 437 siam
190 403 268 447 appello.
292 403 315 435 Et
331 403 346 436 si
362 404 455 437 seculares
468 414 534 437 manus
548 403 643 437 iniecerint
655 402 674 437 in
687 413 723 445 rne,
735 402 753 437 in
764 402 831 437 virtute

112 456 232 496 5obedientie
242 455 324 501 precipio
332 461 352 491 vt
360 467 395 501 pro
405 463 458 501 patre
465 463 527 492 vestro
539 462 557 491 et
568 455 698 500 archipresule,
706 468 761 500 quam
772 457 831 498 decet,

129 509 270 544 ecelesiasticam
276 510 379 544 exerceatis
385 521 488 544 censuram.
501 510 563 543 Vnum
570 514 631 544 autem
637 510 698 544 sciatis
706 511 760 553 quod,
766 509 832 543 fremat

129 563 216 606 mundus,
229 567 296 597 tremat
311 573 384 608 corpus,
397 574 439 599 caro
455 563 532 604 infirma,
545 575 580 607 ego
596 569 656 598 autem
670 563 744 598 fauente
757 562 831 597 domino

129 628 163 651 nec
178 616 256 661 turpiter
270 618 340 658 cedam,
356 628 390 652 nee
405 617 494 651 creditum
508 616 552 650 mihi
567 627 643 660 gregem
656 617 766 651 enormiter¹
779 617 832 650 dere-

130 669 220 713 linquam.¹
243 669 320 713 Citoque
331 671 406 704 intrauit
413 670 514 711 ecclesiam,
522 675 540 703 et
548 670 623 704 missam
631 670 655 704 de
665 674 728 704 sancto
736 669 831 713 Stephano

103 733 121 754 ιο
129 721 234 765 celebrauit,
246 728 309 767 preter
320 733 392 757 morem
405 734 446 757 curn
460 723 519 766 pallio.
542 723 582 763 Qua
595 728 674 766 peracta,
686 722 760 756 indutus
774 721 832 756 saeris

129 775 217 818 vestibus,
231 786 277 818 capa
292 775 370 810 clericali
384 776 501 820 superlectal,
514 776 604 820 processit
617 777 640 810 ad
654 776 723 810 curiam
736 777 796 820 regis;
814 779 832 809 et

129 827 216 874 quoniam
224 828 300 863 timebat
307 835 327 864 vt
335 830 395 873 homo,
403 830 450 864 clam
460 828 587 864 eucharistiam
595 839 659 864 secum
671 829 779 872 deportauit.
801 828 832 862 Ad

130 882 197 916 ostium
210 893 254 917 vero
266 893 339 917 camere
351 883 400 926 regis
412 892 486 917 crucem
499 883 518 916 in
533 893 588 915 manu
602 881 700 926 accipiens,
712 882 833 926 sequentibus

130 934 228 980 episeopis,
246 935 337 970 baiulauit.
360 936 384 970 Et
402 946 444 970 cum
460 935 591 969 Herfordensis
610 935 660 968 illam
676 935 748 969 deferre
766 935 832 969 vellet:

104 999 123 1028 15
132 988 207 1022 ‘iustius
215 992 248 1029 est,
255 987 284 1030 ait,
292 988 390 1031 meipsam
398 988 475 1028 deferre,
483 989 517 1021 sub
525 988 576 1020 cuius
583 987 696 1031 protectione
704 993 753 1021 tutus
761 998 833 1027 maneo,

131 1047 150 1075 et
166 1041 206 1074 eius
220 1041 260 1074 viso
274 1040 341 1075 vexillo
357 1051 394 1076 non
411 1046 439 1076 est
454 1039 498 1075 mihi
513 1039 632 1074 dubitandum
648 1041 682 1074 sub
698 1052 734 1085 quo
749 1040 833 1085 principe

131 1089 217 1129 militem)
258 1087 309 1128 Cum
318 1099 379 1128 autem
387 1104 421 1128 rex
429 1095 452 1127 de
457 1093 496 1127 viro
504 1093 533 1127 dei
541 1104 616 1137 grauem
624 1093 741 1138 deposuisset
748 1093 833 1127 omnibus

131 1147 270 1191 querimoniam,
289 1157 355 1182 omnes
373 1146 443 1191 passim
461 1146 572 1191 proditorem
592 1157 633 1181 eum
652 1148 783 1189 acclamabant,
802 1148 833 1191 qui

131 1201 206 1235 domino
216 1212 250 1234 suo
262 1200 366 1244 regiaque
375 1204 401 1234 tot
409 1204 427 1234 et
434 1205 484 1234 tanta
491 1200 540 1234 bona
547 1205 647 1244 acceperat,
654 1210 691 1234 non
699 1199 736 1234 iam
744 1200 833 1234 honorem

105 1264 124 1284 20
131 1260 232 1293 terrenum,
238 1253 389 1294 sicut-iurauerat,
397 1258 501 1287 seruasset:
513 1258 531 1286 et
538 1258 637 1296 propterea
645 1252 663 1287 in
671 1263 713 1287 eum
721 1257 807 1297 tanquam
815 1253 834 1286 in

132 1305 181 1352 regis
189 1306 283 1350 periurum
292 1312 310 1340 et
318 1305 430 1350 proditorem
437 1305 625 1340 animaduertendum.
640 1306 687 1339 Cum
695 1311 757 1339 autern
765 1305 834 1339 ostiarii

132 1369 174 1395 cum
181 1359 239 1402 virgis
247 1364 265 1392 et
276 1358 345 1392 baculis
353 1359 377 1392 de
387 1358 472 1392 cenaculo
480 1358 499 1391 in
506 1369 542 1402 quo
551 1369 584 1392 rex
592 1363 631 1392 erat
639 1369 681 1393 eum
688 1369 756 1403 magno
764 1358 834 1402 impetu

132 1411 273 1448 descendissent
288 1417 306 1446 et
318 1412 369 1446 vultu
383 1411 449 1446 minaci
462 1417 479 1446 et
492 1411 553 1456 digitis
568 1413 650 1446 extensis
665 1422 730 1446 versus
744 1412 834 1457 archiepi-

133 1476 210 1509 scopum
222 1465 355 1509 respexissent,
362 1466 391 1499 vir
402 1465 432 1500 dei
443 1465 527 1500 inclinato
539 1466 598 1509 capite
610 1466 683 1500 sedenti
695 1466 718 1499 ad
729 1467 787 1510 pedes
798 1467 835 1500 dis-

107 1518 193 1562 25cipulo
205 1516 240 1550 ait:
257 1516 331 1549 ‘Timeo
341 1515 377 1549 iam
387 1515 425 1550 tibi.
447 1515 591 1559 Verumptamen
603 1521 622 1549 tu
634 1527 671 1549 non
683 1516 760 1550 timeas:
775 1516 835 1550 adhuc

134 1569 184 1604 enim
196 1579 263 1602 corone
275 1579 316 1601 mee
327 1568 419 1611 particeps
431 1568 477 1601 eris!
499 1569 533 1602 Cui
543 1569 584 1602 ille:
596 1569 645 1601 ‘Nec
653 1568 690 1610 tibi,
699 1568 761 1612 inquit,
769 1569 835 1603 timen-

134 1623 183 1662 dum,
197 1631 231 1654 nec
244 1620 300 1654 mihi:
319 1619 399 1654 Erexisti
412 1620 461 1653 enim
475 1621 535 1654 nobile
548 1621 592 1654 illud
605 1626 623 1655 et
634 1621 745 1665 triumphale
756 1621 836 1665 signum,

134 1673 185 1708 omni
196 1674 283 1717 potestati
294 1678 378 1706 sanctum
389 1678 407 1707 et
420 1673 505 1714 terribile,
517 1674 535 1707 in
549 1684 585 1718 quo
596 1673 648 1708 multi
660 1674 717 1709 multa
728 1673 776 1708 bella
787 1673 835 1709 vice-

80 1735 81 1738 ’
135 1728 187 1762 runt.¹
212 1726 261 1760 Dum
275 1727 308 1761 hec
323 1727 447 1771 loquerentur,
460 1727 537 1771 procidit
549 1727 655 1762 exoniensis
668 1728 766 1772 episcopus
780 1739 801 1762 se
812 1729 836 1762 ad

105 1794 127 1829 '30
134 1781 193 1826 pedes
201 1780 263 1822 sancti,
269 1785 287 1813 et
295 1779 329 1814 ait:
342 1779 412 1821 ‘Paten
417 1779 505 1814 miserere
514 1780 539 1813 tui
547 1786 564 1814 et
572 1779 630 1814 nostri
638 1792 642 1814 :
651 1791 716 1814 omnes
723 1781 773 1814 enim
781 1781 836 1814 hodie

134 1838 211 1878 propter
221 1837 239 1866 te
251 1832 338 1876 perimus.
362 1832 411 1865 Exiit
422 1842 501 1876 namque
514 1833 592 1866 edictum
605 1843 615 1867 a
628 1843 672 1876 rege
683 1837 702 1867 vt
713 1832 744 1877 qui
757 1832 836 1877 amplius

134 1892 195 1921 tecum
203 1885 279 1928 steterit,
287 1885 382 1930 publicus³
390 1885 448 1920 hostis
459 1885 552 1926 iudicetur,
561 1886 579 1919 in
591 1886 649 1929 capite
661 1886 771 1930 puniendus.
794 1887 837 1921 Die·

134 1947 210 1984 tumque
226 1945 254 1974 est
266 1940 315 1984 quod
327 1937 470 1974 saresboriensis
483 1944 501 1972 et
514 1938 633 1974 norwicensis
647 1939 729 1984 episcopi
739 1940 800 1974 statim
814 1942 837 1975 ad

135 1993 245 2039 supplicium
253 1993 353 2034 trahentur,
361 1994 380 2026 in
388 1992 478 2026 membris
487 1992 593 2026 mutilandi)
616 1993 692 2027 intuens
700 1994 718 2027 in
727 2004 769 2027 eum
778 1993 837 2028 archi-

108 2058 126 2089 35
135 2048 239 2092 episcopus,
247 2047 281 2082 ait:
290 2049 295 2065 ‘
303 2047 364 2090 Fuge:
373 2046 415 2090 quia
423 2056 460 2079 non
468 2045 518 2088 sapis
525 2046 573 2088 [ea]⁴
581 2057 616 2090 quc
625 2047 654 2080 dei
662 2048 715 2081 sunt.⁵
751 2040 836 2081 Demum

135 2100 179 2134 inito
187 2101 210 2132 ab
218 2098 309 2142 episcopis
318 2099 397 2137 consilio,
403 2103 466 2132 contra
474 2098 631 2141 archiepiscopum
639 2099 661 2132 ad
670 2108 764 2133 romanam
772 2099 837 2133 sedem

136 2154 159 2186 de
171 2151 246 2197 periurii
257 2151 333 2185 crimine
343 2151 464 2195 appellarunt,
473 2155 491 2185 et
503 2150 569 2194 [regi]⁶
576 2150 595 2185 in
606 2150 657 2185 verbi
669 2151 750 2186 veritatis
758 2151 838 2196 promis-

137 2206 189 2240 sione
200 2216 221 2239 se
233 2205 335 2248 obligarunt
346 2215 421 2239 omnem
433 2215 509 2249 operam
523 2204 545 2238 ad
557 2204 688 2250 archiepiscopi
701 2205 835 2250 depositionem

136 2270 170 2304 pro
178 2257 247 2292 viribus
256 2258 374 2301 adhibituros,
382 2258 397 2292 si
408 2269 442 2292 rex
448 2269 480 2292 eos
488 2258 553 2292 abhoc
561 2260 609 2301 quod
615 2264 657 2293 tunc
665 2258 770 2293 immineret
778 2259 837 2294 archi·

109 2324 129 2353 40
136 2312 212 2358 presuli,
223 2311 327 2345 absolueret
338 2311 409 2345 iudicio.
433 2311 456 2345 Et
466 2317 583 2346 accesserunt
594 2312 617 2346 ad
628 2312 687 2347 virum
699 2311 734 2355 dei,
744 2312 837 2348 dicentes:

137 2365 245 2409 ‘Quondam
256 2364 306 2398 fuisti
316 2370 380 2398 noster
391 2364 547 2408 archiepiscopus,
558 2369 576 2398 et
585 2366 695 2399 tenebamur
706 2366 738 2399 tibi
751 2365 838 2401 obedire:

136 2420 170 2453 sed
181 2417 225 2461 quia
235 2416 309 2450 domino
317 2417 356 2460 regi
368 2417 431 2450 iurasti
443 2417 554 2459 fidelitatem,
566 2417 600 2451 hoc
612 2423 640 2452 est
651 2418 713 2461 vitam,
723 2419 809 2453 membra
820 2424 839 2454 et

136 2477 231 2506 terrenum
242 2470 336 2513 honorem,
344 2475 363 2504 et
374 2469 516 2504 consuetudines
528 2480 571 2504 suas
581 2471 710 2515 obseruandas,
718 2476 736 2506 et
743 2476 763 2506 tu
774 2470 838 2507 niteris

156 2585 191 2617 ¹1³.
199 2585 297 2618 enormitam,
337 2584 372 2616 1Ε,
380 2584 456 2617 subiecta.
497 2584 611 2624 ³E.publicis.
650 2585 698 2617 lom.
706 2587 722 2617 in
730 2586 749 2617 E.
768 2585 816 2616 5οιη.
