1762 2803
94 133 138 176 ·24
299 118 379 172 mona
394 115 510 179 launna
525 116 618 179 anate.

108 238 195 274 diuinitus
203 240 279 274 edoctus
286 238 350 275 videre
361 244 379 273 et
389 238 485 283 predicere
495 238 594 273 consueuit.
640 228 723 282 Contigit
734 237 783 272 enim
791 243 810 271 vt

108 293 209 327 monachus
219 293 279 327 insule
289 298 355 333 custos,
366 291 464 326 oratorium
475 291 515 324 eius
525 291 625 334 ingressus,
634 302 695 325 coram
706 291 757 325 altari
767 301 810 325 eum

108 345 224 380 amarissime
236 346 381 390 lachrymantem
393 343 488 389 reperiret.
511 343 595 388 Cumque
610 354 683 379 causam
696 344 742 378 tanti
756 343 811 378 fletus

109 400 215 444 inquireret,
225 400 260 434 ait:
273 399 386 433 ‘Germanus
397 403 415 432 et
427 397 518 431 uterinus¹
530 408 583 432 meus
596 397 735 441 malignantium
746 397 811 431 seuitia

92 454 128 493 5in
140 453 179 485 solo
190 452 248 495 patrio
260 452 382 493 interemptus
394 456 428 492 est,
440 451 566 493 indultumque
578 455 607 483 est
618 449 673 483 michi
685 460 696 483 a
707 450 781 483 domino
792 454 812 483 vt

109 515 143 549 pro
159 503 198 538 eius
213 504 274 538 anima
288 502 344 537 michi
359 502 412 537 liceat
427 502 515 546 penitere.
539 501 607 537 iccirco
622 512 657 546 per
669 507 693 542 te,
707 502 773 537 dilecte
786 501 811 536 mi

110 557 189 600 domine,
208 556 298 601 religiosis
316 561 334 590 et
353 556 404 591 laicis
423 555 507 590 interitus
526 555 587 591 fratris
608 555 645 590 mei
665 556 773 598 innotescat,
792 561 811 590 vt

110 611 252 646 elemosinarum
267 615 285 644 et
300 609 403 644 orationum
418 609 510 653 suffragiis
525 609 602 652 adiutus,
617 621 628 643 a
643 620 691 654 pena
706 614 724 644 et
742 609 812 653 peccati
830 621 832 624 ·

110 664 180 709 laqueis
195 664 309 698 absoluatur!
362 656 413 698 Cum
433 663 483 697 enim
499 663 529 696 die
546 663 625 707 quadam
643 674 701 697 naues
720 663 812 697 mercibus

84 730 102 751 1o
111 721 186 751 onustas
197 716 255 751 veloci
268 716 347 749 transire
360 727 414 749 cursu
429 716 549 758 conspiceret,
560 715 580 748 in
593 716 677 758 proximo
690 716 732 748 illis
740 716 812 748 naufra-

110 769 159 812 gium
177 768 280 810 imminere,
295 768 397 802 astantibus
411 768 497 811 predixit.
527 767 630 811 ‘Numquid
647 767 734 811 aspicitis,
748 767 812 812 inquit,

110 826 213 856 monstrum
228 820 272 855 illud
287 822 337 864 quod
352 820 460 865 nauigantes
475 820 598 864 insequitur?’
629 820 657 854 llli
671 832 716 854 vero
731 821 812 856 mulieris

55 881 57 884 “
110 874 191 917 effigiem
205 880 248 917 post
263 885 321 907 naues
336 885 392 917 supra
411 884 461 907 mare
479 874 592 907 eminentem
611 884 632 908 se
647 874 710 908 videre
728 874 813 908 latentur.

110 927 163 969 ‘ista
176 927 239 972 inquit,
253 927 272 962 in
285 927 370 972 proximo
383 938 434 961 mare
448 926 559 970 concutiens,
571 932 700 972 tempestatem
713 928 813 962 maximam

84 994 102 1024 15
111 982 198 1023 excitans,
207 992 271 1022 naues,
279 992 325 1025 quas
335 981 422 1025 aspicitis,
430 980 493 1024 paucis
504 981 625 1014 euadentibus
636 981 751 1025 submerget!
774 980 813 1015 Nee

111 1045 167 1075 mora,
178 1034 227 1067 venti
237 1033 297 1068 subito
307 1034 426 1077 concitantur,
436 1034 457 1066 tit
467 1033 528 1077 fragor
537 1035 633 1074 vndarum,
643 1039 743 1077 tempestas
753 1033 813 1069 valida

110 1087 215 1128 inualescit3
233 1087 285 1120 cuius
298 1087 369 1130 impetu
382 1097 440 1120 naues
453 1086 517 1120 sabulo
531 1091 549 1120 et
560 1087 640 1130 scopulis
652 1086 699 1121 illise
711 1092 729 1120 et
741 1087 813 1130 penitus

111 1140 208 1181 confracte,
216 1151 258 1173 curn
266 1139 295 1173 his
302 1150 339 1182 que
347 1141 449 1182 gestabant,
457 1149 492 1181 per
499 1139 559 1172 littora
567 1139 684 1181 dissipantur.
730 1132 813 1174 Contulit

111 1191 128 1224 ei
139 1191 213 1235 quidam
223 1190 352 1235 manitergium
360 1201 422 1232 vnum,
431 1196 450 1225 et
460 1190 528 1234 elapsis
538 1190 605 1234 aliquot
616 1190 680 1224 diebus
689 1191 814 1225 iterumvenit

84 1258 103 1280 ao
111 1246 133 1279 ad
142 1254 190 1279 eum.
207 1243 240 1278 Cui
251 1249 269 1278 et
280 1243 314 1278 ait:
329 1243 389 1277 ‘Num
400 1243 464 1286 adhuc,
475 1243 539 1287 inquit,
550 1244 619 1278 sedasti
627 1244 673 1278 iram
683 1244 766 1288 coniugis
777 1251 814 1286 tue,

111 1309 147 1341 que
159 1296 192 1331 tibi
205 1308 239 1340 pro
252 1298 361 1331 munusculo
376 1297 432 1331 michi
446 1298 509 1331 collato
523 1298 601 1331 molesta
615 1297 660 1332 fuiti
684 1297 731 1332 Ecce
747 1308 814 1332 munus

111 1350 172 1395 ipsum
180 1350 246 1385 habeat
254 1351 294 1393 sibi,
302 1351 401 1385 dummodo
409 1350 441 1384 tibi
449 1349 468 1384 in
475 1355 570 1394 posterum
578 1349 639 1394 quieta
647 1351 688 1385 fiet.¹
741 1343 814 1385 Multos

111 1415 123 1438 a
134 1403 211 1438 remotis
223 1404 306 1448 partibus
319 1404 342 1437 ad
354 1404 416 1447 ipsum
429 1404 543 1445 accedentes,
555 1404 616 1437 abdita
628 1414 661 1437 sua
674 1410 692 1439 et
705 1405 774 1438 occulta
788 1404 815 1438 eis

112 1456 206 1498 obiiciens,
218 1462 305 1499 tanquam
320 1457 378 1490 oculis
391 1456 484 1500 corporeis
497 1456 593 1490 euidenter
604 1457 736 1500 perspexisset,
749 1456 815 1491 acriter

86 1523 104 1551 ²5
113 1520 190 1553 arguere
204 1509 305 1543 consueuit.
351 1502 467 1543 Monachum
480 1510 572 1553 quendam
585 1511 608 1544 de
619 1510 815 1553 Tynemutha²visira-

113 1562 168 1596 tionis
179 1562 237 1604 gratia
248 1563 271 1595 ad
282 1562 333 1595 illum
344 1563 468 1605 accedentem,
476 1572 553 1605 arguere
564 1563 612 1606 cepit
622 1562 698 1597 dicens:
709 1564 714 1581 ‘
720 1562 770 1597 Caue
777 1562 815 1605 tibi,

113 1615 174 1655 frater,
179 1620 199 1648 vt
204 1615 354 1658 circumspectius
360 1620 378 1648 et
384 1614 443 1657 magis
449 1615 509 1648 sobrie
515 1620 576 1648 tecum
582 1625 631 1658 agas.
646 1615 693 1648 Vide
700 1620 816 1658 negrauetur

114 1677 145 1701 eor
155 1671 206 1701 tuum
215 1666 233 1700 in
242 1666 315 1709 crapula
323 1671 342 1701 et
352 1666 445 1710 ebrietate,
456 1672 474 1701 et
482 1667 537 1701 deum
544 1672 596 1701 tuum
604 1667 692 1711 offendas,
702 1668 748 1702 sicut
756 1678 816 1712 nuper

113 1719 226 1753 temulentus
241 1719 345 1754 offendisti!
376 1720 520 1764 Designauitque
536 1720 552 1753 ei
565 1720 625 1754 locum
642 1725 660 1755 et
675 1720 735 1754 noctis
751 1721 815 1754 horam

87 1781 107 1812 30
115 1773 187 1817 quando
199 1772 302 1816 crapulatus
314 1783 324 1806 a
336 1778 380 1817 potu
394 1773 471 1818 turpiter
484 1785 504 1808 se
515 1773 578 1817 gessit.
624 1766 675 1809 Cum
687 1775 736 1808 enim
748 1775 816 1809 doloris

114 1825 254 1869 ingrauescente
260 1826 344 1861 molestia
350 1832 445 1871 egrotaret,
452 1828 501 1861 solus
507 1828 526 1861 in
533 1827 604 1862 edicula
610 1838 648 1870 sua,
655 1828 723 1861 nullius
728 1828 816 1872 requisito

114 1878 208 1920 adiutorio,
220 1879 255 1913 diei
267 1880 347 1924 algorem
360 1885 377 1913 et
387 1880 445 1915 noctis
454 1880 526 1925 prolixe
537 1880 641 1915 fastidium³
653 1880 770 1925 transigebat.
793 1881 817 1916 Et

114 1943 156 1966 cum
167 1932 231 1967 mortis
242 1933 287 1966 hora
296 1934 458 1977 appropinquaret,
466 1934 567 1968 armoniam
577 1934 623 1967 mire
635 1934 737 1968 dulcedinis
745 1945 816 1976 vocum,

114 1987 143 2018 ‘te
151 1986 206 2019 deum
214 1985 320 2019 laudamus'
329 1986 464 2029 alternantium,
472 1986 500 2020 vir
510 1986 583 2029 quidam
595 1986 613 2020 in
623 1997 665 2020 aere
675 1986 749 2026 audiuit,
759 1987 817 2021 donec

88 2050 106 2079 55
115 2037 179 2080 hymni
187 2037 245 2071 series
254 2037 328 2080 penitus
339 2039 467 2082 compleretur.
491 2038 567 2073 Interim
577 2040 678 2072 monachus
686 2038 747 2072 sonitu
755 2038 817 2073 tintin-

115 2088 176 2123 nabuli
187 2088 248 2123 audito
259 2101 361 2134 accurrens,
373 2091 474 2127 funiculum
486 2103 529 2127 eum
539 2097 637 2132 tenentem,
646 2097 664 2126 et
672 2103 729 2136 super
736 2092 817 2137 lapidem

115 2143 227 2177 residentem
233 2142 307 2184 inuenit,
313 2149 331 2177 et
339 2145 440 2188 candelam,
446 2156 502 2189 quam
510 2145 550 2189 ipse
558 2156 627 2188 expers
633 2145 681 2189 ignis
689 2151 731 2179 ante
739 2151 817 2180 mortem

115 2195 201 2229 diuinitus
213 2197 326 2237 accenderat,
338 2198 433 2232 ardentem
444 2198 494 2232 vidit.
522 2199 606 2243 Cumque
617 2203 701 2233 mortuus
713 2199 817 2243 deprehen·

115 2249 194 2290 deretur,
203 2254 257 2282 exuto
265 2260 301 2293 quo
311 2251 420 2285 induebatur
428 2251 491 2294 cilicio,
500 2257 518 2285 et
529 2254 606 2295 corpore
617 2252 729 2286 avermibus
737 2257 755 2285 et
763 2253 818 2286 sorde

87 2314 107 2342 qo
116 2313 163 2345 aqua
170 2302 263 2342 mundate,
268 2303 327 2336 subito
335 2303 393 2337 instar
400 2304 448 2338 niuis
456 2305 576 2349 resplenduit,
582 2314 616 2339 nec
625 2303 714 2338 cicatricis
720 2304 818 2349 vestigium

115 2363 150 2387 nec
157 2350 235 2396 pristine
243 2352 350 2396 egritudinis
355 2355 374 2388 in
381 2354 441 2390 camis
447 2356 546 2400 superficie
555 2355 668 2400 deprehendi
676 2355 740 2399 potuit.
759 2355 818 2390 Taute

115 2405 216 2441 venustatis
225 2410 243 2438 et
250 2406 354 2450 splendoris
362 2414 401 2442 erat
410 2409 467 2443 facies
477 2410 523 2451 eius,
531 2414 550 2444 vt
558 2408 611 2452 quasi
622 2409 698 2442 alterata
707 2419 745 2442 non
755 2413 819 2452 posset

115 2457 200 2501 agnosci3
213 2462 231 2490 et
240 2458 336 2491 dormienti
347 2460 405 2503 magis
415 2471 471 2504 quarn
482 2465 554 2494 mortuo
562 2461 619 2494 multo
628 2460 705 2494 similior
713 2460 819 2504 apparebat.

118 2606 120 2608 Ι
152 2568 158 2585 1
169 2567 187 2597 E.
194 2567 260 2598 vtrinus.
395 2568 401 2588 ²
412 2568 430 2599 E.
437 2571 536 2607 tynemutha.
668 2569 674 2588 ³
683 2569 702 2600 T.
710 2569 777 2600 sastium.
815 2600 817 2604 ,
