1762 2803
167 106 214 160 De
228 104 328 157 &anno
344 102 446 161 choma
461 103 644 165 archiepiscopo.
712 115 755 160 401

56 227 154 274 episcopus
170 225 248 262 defuerit
263 224 281 261 in
297 224 368 261 iusticia
382 224 492 268 exhibenda,
505 230 599 271 postremo
613 226 636 261 ad
651 235 714 271 regem
728 224 757 259 est

55 280 206 326 perueniendum,
214 284 234 314 ut
242 284 329 324 precepto
337 277 394 323 ipsius
403 278 422 313 in
433 278 483 314 curia
491 279 624 325 archiepiscopi
632 277 757 314 controuersia

56 332 169 375 terminetur,
181 331 206 367 ita
216 332 265 377 quod
278 342 315 366 non
329 331 384 366 debet
396 332 472 367 ulterius
483 333 584 376 procedere
595 333 665 377 absque
680 340 758 366 assensu

56 386 110 431 regis.
166 384 289 428 Dotnpnooit:
305 376 329 420 Si
344 383 447 429 calumpnia
464 384 560 420 emerserit
575 384 623 420 inter
637 384 725 420 clericum
739 387 758 418 et

55 439 127 481 laicum,
139 437 170 472 uel
185 448 290 480 econuerso,
306 439 330 472 de
346 438 382 472 ullo
395 443 507 480 tenemento,
522 438 571 483 quod
586 437 663 473 clericus
676 436 720 473 uelit
735 436 776 476 ads

56 491 175 529 elemosinam
190 491 269 532 trahere,
284 491 341 525 laicus
355 500 400 525 uero
415 491 438 525 ad
454 490 520 526 laicum
535 490 615 534 feodum,
630 490 758 536 recognitione

56 544 152 580 duodecim
164 544 252 589 legalium
263 544 359 579 hominum
375 554 410 588 per
423 543 505 588 capitalis
523 543 594 579 iusticie
612 544 662 589 regis
680 554 758 579 consue·

56 597 138 632 tudinem
151 597 182 632 uel
195 596 363 632 consideracionem
377 596 504 632 terminabitur
516 602 578 632 utrum
592 602 719 633 tenementum
734 596 758 632 sit

56 651 151 695 pertinens
162 650 186 684 ad
196 650 316 684 elemosinam
327 649 367 684 siue
377 651 400 684 ad
410 651 476 684 laicum
486 650 560 685 feodum
571 660 632 685 coram
640 650 681 695 ipsa
688 649 758 684 iusticia

56 702 110 747 regis.
133 701 156 736 Et
168 701 185 736 si
197 702 312 746 recognitum
324 702 378 737 fuerit
391 703 414 738 ad
428 702 549 739 elemosinam
560 702 659 748 pertinere,
671 702 758 748 placitum
768 707 787 732 ¹0

56 756 90 792 erit
100 755 119 792 in
131 755 181 792 curia
188 756 316 793 ecclesiastica.
339 756 359 791 Si
370 766 415 791 uero
426 757 449 792 ad
461 755 526 793 laicum
538 755 617 799 feodum,
625 756 660 792 nisi
670 758 725 793 ambo
735 758 759 793 de

56 810 121 845 ecdem
129 809 216 855 episcopo
223 810 253 845 uel
262 810 331 844 barone
340 810 475 853 aduocauerint,
482 810 502 845 in
510 810 560 845 curia
567 811 617 855 regis
625 810 659 845 erit
666 810 759 855 placitum.

57 864 89 898 Set
100 863 116 898 si
129 864 184 898 ambo
198 863 327 898 aduocauerint
338 864 362 898 de
374 863 428 898 feodo
439 863 471 898 illo
484 864 507 898 ad
520 863 600 899 eundem
610 864 717 907 episcopum
728 863 759 898 uel

56 917 150 958 baronem,
157 915 192 950 erit
200 916 286 960 placitum
294 916 313 950 in
324 916 373 951 curia
384 915 448 960 ipsius.
471 916 499 950 lta
507 917 556 960 quod
565 921 642 961 propter
652 915 718 951 factam
729 927 759 951 re·

56 968 181 1013 cognicionem
189 968 276 1004 saisinam
284 979 321 1004 non
329 969 399 1004 amittat
406 968 438 1013 qui
446 969 497 1013 prius
505 968 578 1004 saisitus
585 969 649 1011 fuerat,
657 970 716 1004 donec
723 980 759 1014 per
768 978 786 1010 ¹⁵

56 1022 141 1065 placitum
153 1021 295 1057 disracionatum
305 1021 364 1057 fuerit.
407 1021 520 1067 Dompnauii
528 1021 543 1058 ¹:
560 1015 599 1069 Qui
611 1023 635 1058 de
643 1022 716 1058 ciuitate
728 1022 759 1059 uei

56 1075 131 1110 castello
143 1075 173 1110 uel
188 1076 246 1120 burgo
259 1077 290 1111 uel
302 1076 393 1110 dominico
406 1076 488 1111 manerio
499 1077 548 1121 regis
560 1076 620 1119 fuerit,
633 1077 649 1111 si
664 1077 688 1111 ab
699 1076 758 1112 archi-

56 1127 133 1162 diacono
143 1128 173 1163 uel
184 1127 271 1173 episcopo
281 1129 305 1164 de
315 1129 375 1174 aliquo
382 1129 448 1165 delicto
457 1129 522 1165 citatus
533 1129 586 1165 fuerit
597 1130 646 1165 unde
654 1130 720 1165 debeat
730 1129 758 1164 eis

56 1181 175 1225 respondere,
186 1187 204 1217 et
216 1182 239 1217 ad
248 1181 354 1217 citacionem
366 1193 429 1217 eorum
440 1182 545 1218 satisfacere
557 1182 643 1225 noluerit,
653 1183 701 1217 bene
716 1182 758 1217 licet

56 1243 97 1268 eum
106 1235 140 1268 sub
148 1233 244 1270 interdicto
251 1245 327 1279 ponere,
334 1240 363 1270 set
368 1246 405 1269 non
413 1236 468 1270 debet
476 1235 643 1271 excommunicari'
650 1235 757 1281 priusquam
767 1242 786 1266 ²0

56 1286 138 1331 capitalis
150 1287 235 1323 minister
247 1289 296 1334 regis
308 1289 342 1324 loci
357 1289 406 1324 illius
419 1289 538 1325 conueniatur
549 1293 569 1324 ut
579 1288 666 1325 iustificet
679 1299 722 1324 eum
735 1288 758 1324 ad

57 1340 202 1377 satisfaccionem
210 1342 278 1377 uenire.
301 1343 325 1377 Et
334 1343 350 1377 si
361 1342 446 1378 minister
457 1342 506 1386 regis
518 1342 561 1378 inde
572 1342 665 1385 defecerit,
673 1341 713 1387 ipse
724 1341 759 1377 erit

56 1392 75 1426 in
86 1393 211 1431 misericordia
222 1396 276 1440 regis,
284 1401 303 1430 et
314 1395 381 1431 exinde
391 1396 458 1440 poterit
469 1395 567 1440 episcopus
580 1395 641 1440 ipsum
653 1401 759 1430 accusatum

57 1446 180 1482 ecclesiastica
194 1447 265 1482 iusticia
278 1449 381 1482 cohercere.
437 1448 542 1483 Tollerouit:
557 1441 707 1493 Archiepiscopi‚
720 1447 759 1491 epi-

57 1498 108 1542 scopi
116 1505 134 1533 et
141 1500 229 1535 uniuerso
240 1511 320 1547 persone
327 1500 380 1546 regni
388 1501 419 1546 qui
427 1502 451 1536 de
462 1511 506 1546 rege
514 1505 578 1536 tenent
585 1501 604 1535 in
612 1500 672 1546 capite
680 1500 759 1536 habeant
768 1511 787 1542 ²5

57 1554 186 1595 possessiones
202 1564 245 1590 suas
261 1555 284 1589 de
302 1565 346 1599 rege
363 1554 410 1590 sicut
424 1554 525 1598 baroniam,
540 1560 558 1589 et
575 1554 619 1590 inde
635 1555 760 1600 respondeant

57 1606 133 1642 iusticiis
145 1606 194 1653 regis
206 1613 224 1643 et
235 1607 324 1644 ministris
334 1613 352 1643 et
362 1614 464 1653 sequantur
474 1613 492 1643 et
504 1607 572 1643 saciant
584 1620 650 1643 omncs
662 1613 760 1644 consuetu·

57 1659 110 1694 dines
117 1660 178 1705 regias
185 1666 204 1696 et
211 1661 335 1704 rectitudines,
344 1667 362 1696 et
371 1662 418 1696 sicut
426 1662 481 1696 ceteri
489 1663 568 1697 barones
576 1662 645 1696 debent
652 1661 703 1695 esse’
714 1661 760 1704 [in]¹

57 1711 128 1746 iudiciis
140 1714 189 1747 curie
200 1714 250 1758 regis
262 1724 304 1749 cum
313 1714 418 1756 baronibus,
428 1723 524 1759 quousque
533 1714 652 1758 pemenIatur
662 1712 681 1748 in
693 1712 760 1748 iudicio

58 1766 80 1800 ad
89 1765 231 1803 diminucionem
241 1767 365 1803 membrorum
375 1772 394 1802 et
404 1771 488 1802 mortem.
531 1765 655 1812 Dampnonit:
666 1759 717 1803 Cum
728 1777 760 1803 ua·
768 1776 788 1807 30

59 1820 127 1855 canerit
137 1819 305 1866 archiepiscopatus
312 1820 343 1855 uel
354 1821 471 1865 episcopatus
479 1821 509 1854 uel
517 1819 592 1854 abbacia
599 1820 630 1855 uel
637 1820 729 1864 prioratus
736 1821 760 1855 de

58 1872 138 1908 dominio
150 1873 205 1919 regis,
217 1873 272 1909 debet
285 1884 327 1909 esse
342 1873 361 1908 in
375 1884 430 1909 manu
445 1872 495 1917 regis
507 1878 525 1908 et
537 1873 581 1908 inde
593 1872 682 1917 percipiet
694 1883 760 1908 omnes

58 1926 118 1961 exitus
130 1933 149 1961 et
157 1927 240 1962 redditus
251 1928 297 1962 sicut
309 1926 416 1960 dominicos.
439 1925 462 1960 Et
474 1936 516 1960 cum
527 1930 604 1959 uentum
614 1925 668 1959 fuerit
681 1925 704 1959 ad
716 1936 760 1960 con·

58 1978 156 2013 sulendum
168 1978 250 2020 ecclesie,
260 1979 315 2012 debet
327 1977 412 2012 dominus
426 1988 459 2011 rex
472 1978 561 2012 mandare
574 1977 659 2021 pociores
669 1987 761 2023 personas

59 2030 141 2074 ecclesie,
148 2036 167 2067 et
177 2030 197 2066 in
208 2031 278 2075 capella
286 2041 319 2066 sua
326 2032 381 2065 debet
391 2030 456 2064 electio
463 2029 504 2065 heri
513 2041 591 2065 assensu
599 2032 648 2075 regis
656 2036 674 2066 et
684 2031 760 2067 consilio
769 2038 788 2072 35

58 2092 180 2128 personarum
185 2085 238 2130 regni
244 2096 290 2130 quas
298 2084 321 2120 ad
329 2084 364 2119 hoc
370 2083 473 2119 faciendum
479 2085 578 2119 uocauerit.
601 2085 624 2120 Et
631 2085 699 2120 ibidem
708 2086 762 2121 faciet

59 2136 128 2173 electus
138 2138 244 2183 homagium
254 2144 272 2174 et
280 2138 387 2174 fidelitatem
398 2137 472 2172 domino
482 2138 522 2182 regi
532 2137 579 2173 sicut
589 2137 632 2183 ligio
642 2137 716 2173 domino
727 2149 762 2174 suo

60 2190 83 2223 de
92 2190 129 2225 uita
141 2202 175 2227 sua
185 2197 204 2227 et
214 2191 303 2227 membris
312 2196 331 2226 et
343 2192 366 2226 de
374 2191 445 2225 honore
452 2200 486 2225 suo
496 2195 576 2234 terreno,
584 2190 636 2225 saluo
646 2191 711 2226 ordine
722 2202 762 2233 suo,

59 2243 165 2288 priusquam
174 2244 197 2280 sit
204 2249 326 2280 consecratus.
378 2243 430 2287 [Tell.
437 2256 442 2277 .·
448 2242 462 2287 ⁶]
475 2235 549 2289 Siquis
558 2244 582 2277 de
591 2243 699 2289 proceribus
709 2244 761 2289 regni

59 2294 186 2332 deforciauerit
197 2296 336 2343 archiepiscopo
347 2297 376 2333 uel
386 2298 473 2342 episcopo
485 2297 515 2332 uel
526 2297 655 2332 archidiacono
666 2297 690 2332 de
701 2308 722 2332 se
731 2297 762 2331 uel
770 2310 791 2340 4⁰

60 2349 83 2383 de
95 2351 134 2386 suis
144 2351 235 2387 iusticiam
246 2351 340 2395 exhibere,
350 2361 384 2386 rex
394 2350 449 2386 debet
460 2349 558 2386 iusticiare.
580 2350 604 2385 Et
615 2350 631 2386 si
640 2350 687 2386 forte
696 2350 763 2396 aliquis

60 2402 187 2440 deforciauerit
198 2403 272 2440 domino
282 2404 321 2448 regi
333 2404 461 2439 rectitudinem
473 2415 531 2447 suam,
539 2404 671 2449 archiepiscopi
680 2404 762 2449 episcopi

60 2455 182 2493 archidiaconi
197 2457 266 2494 debent
280 2468 323 2493 eum
336 2456 434 2493 iustificare
447 2462 468 2491 ut
479 2456 518 2502 regi
531 2456 635 2492 satisfaciat.
691 2456 717 2501 [T
715 2457 743 2492 oli.
749 2456 762 2501 :J

71 2519 220 2585 I¹Ta.Tollerauit.
260 2520 329 2551 ¹T.Ta.
338 2521 478 2552 excommunicare.
519 2520 646 2552 'adintercsse
686 2518 761 2555 tesia.

60 2566 116 2590 mom.
174 2570 205 2592 om.

103 2619 143 2645 voc.
151 2621 171 2647 rr.
377 2610 405 2646 od
