<?xml version="1.0" encoding="UTF-8"?>
<!DOCTYPE html PUBLIC "-//W3C//DTD XHTML 1.0 Transitional//EN"
    "http://www.w3.org/TR/xhtml1/DTD/xhtml1-transitional.dtd">
<html xmlns="http://www.w3.org/1999/xhtml" xml:lang="en" lang="en">
 <head>
  <title>
</title>
<meta http-equiv="Content-Type" content="text/html;charset=utf-8" />
  <meta name='ocr-system' content='tesseract 3.04.00' />
  <meta name='ocr-capabilities' content='ocr_page ocr_carea ocr_par ocr_line ocrx_word'/>
</head>
<body>
  <div class='ocr_page' id='page_1' title='image "./MN5111ucmf_0/MN5111ucmf_0_0529.png"; bbox 0 0 1762 2803; ppageno 0'>
   <div class='ocr_carea' id='block_1_1' title="bbox 279 185 765 247">
    <p class='ocr_par' dir='ltr' id='par_1_1' title="bbox 279 185 765 247">
     <span class='ocr_line' id='line_1_1' title="bbox 279 185 765 247; baseline 0.012 -8"><span class='ocrx_word' id='word_1_1' title='bbox 279 187 325 243; x_wconf 61' lang='lat' dir='ltr'>Ua</span> <span class='ocrx_word' id='word_1_2' title='bbox 340 185 441 240; x_wconf 53' lang='lat' dir='ltr'>&amp;cotto</span> <span class='ocrx_word' id='word_1_3' title='bbox 457 186 545 247; x_wconf 68' lang='lat' dir='ltr'>attica.</span> <span class='ocrx_word' id='word_1_4' title='bbox 719 203 765 247; x_wconf 86' lang='lat'>439</span> 
     </span>
    </p>
   </div>
   <div class='ocr_carea' id='block_1_2' title="bbox 160 339 668 383">
    <p class='ocr_par' dir='ltr' id='par_1_2' title="bbox 160 339 668 383">
     <span class='ocr_line' id='line_1_2' title="bbox 160 339 668 383; baseline -0.006 0"><span class='ocrx_word' id='word_1_5' title='bbox 160 347 175 383; x_wconf 78' lang='lat' dir='ltr'>ll</span> <span class='ocrx_word' id='word_1_6' title='bbox 188 339 222 380; x_wconf 80' lang='lat' dir='ltr'>Da</span> <span class='ocrx_word' id='word_1_7' title='bbox 233 356 304 380; x_wconf 81' lang='lat' dir='ltr'>snucro</span> <span class='ocrx_word' id='word_1_8' title='bbox 317 339 389 381; x_wconf 75' lang='lat' dir='ltr'>Ferrea</span> <span class='ocrx_word' id='word_1_9' title='bbox 400 358 488 382; x_wconf 80' lang='lat' dir='ltr'>ariscoro</span> <span class='ocrx_word' id='word_1_10' title='bbox 500 358 522 382; x_wconf 80' lang='lat' dir='ltr'>ur</span> <span class='ocrx_word' id='word_1_11' title='bbox 533 356 652 382; x_wconf 69' lang='lat' dir='ltr'>consessores</span> <span class='ocrx_word' id='word_1_12' title='bbox 657 345 668 380; x_wconf 84' lang='lat'>¹.</span> 
     </span>
    </p>
   </div>
   <div class='ocr_carea' id='block_1_3' title="bbox 62 427 796 2606">
    <p class='ocr_par' dir='ltr' id='par_1_3' title="bbox 62 427 796 2606">
     <span class='ocr_line' id='line_1_3' title="bbox 67 427 765 508; baseline 0 -47"><span class='ocrx_word' id='word_1_13' title='bbox 67 427 256 508; x_wconf 83' lang='lat' dir='ltr'>Hlstoriographus</span> <span class='ocrx_word' id='word_1_14' title='bbox 274 427 334 471; x_wconf 86' lang='lat' dir='ltr'>gentis</span> <span class='ocrx_word' id='word_1_15' title='bbox 353 427 457 472; x_wconf 87' lang='lat' dir='ltr'>Anglorum</span> <span class='ocrx_word' id='word_1_16' title='bbox 477 428 528 463; x_wconf 87' lang='lat' dir='ltr'>Beda</span> <span class='ocrx_word' id='word_1_17' title='bbox 546 427 658 464; x_wconf 87' lang='lat' dir='ltr'>venerabilis</span> <span class='ocrx_word' id='word_1_18' title='bbox 678 427 765 462; x_wconf 83' lang='lat' dir='ltr'>sacerdos</span> 
     </span>
     <span class='ocr_line' id='line_1_4' title="bbox 128 480 766 526; baseline 0 -12"><span class='ocrx_word' id='word_1_19' title='bbox 128 480 241 515; x_wconf 87' lang='lat' dir='ltr'>mentionem</span> <span class='ocrx_word' id='word_1_20' title='bbox 253 481 343 515; x_wconf 84' lang='lat' dir='ltr'>memoria</span> <span class='ocrx_word' id='word_1_21' title='bbox 354 481 428 526; x_wconf 86' lang='lat' dir='ltr'>dignam</span> <span class='ocrx_word' id='word_1_22' title='bbox 440 482 463 516; x_wconf 89' lang='lat' dir='ltr'>dc</span> <span class='ocrx_word' id='word_1_23' title='bbox 477 487 540 516; x_wconf 90' lang='lat' dir='ltr'>sancto</span> <span class='ocrx_word' id='word_1_24' title='bbox 550 481 610 516; x_wconf 85' lang='lat' dir='ltr'>Felice</span> <span class='ocrx_word' id='word_1_25' title='bbox 618 481 706 526; x_wconf 87' lang='lat' dir='ltr'>episcopo</span> <span class='ocrx_word' id='word_1_26' title='bbox 718 480 766 515; x_wconf 84' lang='lat' dir='ltr'>iacit.</span> 
     </span>
     <span class='ocr_line' id='line_1_5' title="bbox 65 533 766 579; baseline -0.003 -10"><span class='ocrx_word' id='word_1_27' title='bbox 65 534 154 569; x_wconf 89' lang='lat' dir='ltr'>lndecens</span> <span class='ocrx_word' id='word_1_28' title='bbox 169 533 238 578; x_wconf 88' lang='lat' dir='ltr'>quippe</span> <span class='ocrx_word' id='word_1_29' title='bbox 253 540 304 569; x_wconf 86' lang='lat' dir='ltr'>essct</span> <span class='ocrx_word' id='word_1_30' title='bbox 318 540 338 569; x_wconf 93' lang='lat' dir='ltr'>vt</span> <span class='ocrx_word' id='word_1_31' title='bbox 352 540 390 569; x_wconf 89' lang='lat' dir='ltr'>tam</span> <span class='ocrx_word' id='word_1_32' title='bbox 406 534 464 569; x_wconf 89' lang='lat' dir='ltr'>sancti</span> <span class='ocrx_word' id='word_1_33' title='bbox 479 534 513 570; x_wconf 90' lang='lat' dir='ltr'>viri</span> <span class='ocrx_word' id='word_1_34' title='bbox 526 534 632 579; x_wconf 86' lang='lat' dir='ltr'>opinionem</span> <span class='ocrx_word' id='word_1_35' title='bbox 644 535 679 569; x_wconf 90' lang='lat' dir='ltr'>sub</span> <span class='ocrx_word' id='word_1_36' title='bbox 693 533 766 569; x_wconf 85' lang='lat' dir='ltr'>silentio</span> 
     </span>
     <span class='ocr_line' id='line_1_6' title="bbox 63 586 766 630; baseline -0.001 -10"><span class='ocrx_word' id='word_1_37' title='bbox 63 587 142 620; x_wconf 87' lang='lat' dir='ltr'>transire</span> <span class='ocrx_word' id='word_1_38' title='bbox 150 587 249 619; x_wconf 84' lang='lat' dir='ltr'>debuisset.</span> <span class='ocrx_word' id='word_1_39' title='bbox 273 586 314 619; x_wconf 89' lang='lat' dir='ltr'>Fuit</span> <span class='ocrx_word' id='word_1_40' title='bbox 322 587 372 620; x_wconf 91' lang='lat' dir='ltr'>enim</span> <span class='ocrx_word' id='word_1_41' title='bbox 379 588 479 620; x_wconf 80' lang='lat' dir='ltr'>admodum</span> <span class='ocrx_word' id='word_1_42' title='bbox 489 589 559 626; x_wconf 88' lang='lat' dir='ltr'>doctus,</span> <span class='ocrx_word' id='word_1_43' title='bbox 567 593 585 621; x_wconf 89' lang='lat' dir='ltr'>et</span> <span class='ocrx_word' id='word_1_44' title='bbox 593 597 629 630; x_wconf 86' lang='lat' dir='ltr'>que</span> <span class='ocrx_word' id='word_1_45' title='bbox 637 587 704 627; x_wconf 92' lang='lat' dir='ltr'>docuit,</span> <span class='ocrx_word' id='word_1_46' title='bbox 712 587 766 619; x_wconf 91' lang='lat' dir='ltr'>bonis</span> 
     </span>
     <span class='ocr_line' id='line_1_7' title="bbox 63 637 784 682; baseline 0 -10"><span class='ocrx_word' id='word_1_47' title='bbox 63 638 150 682; x_wconf 89' lang='lat' dir='ltr'>operibus</span> <span class='ocrx_word' id='word_1_48' title='bbox 158 637 232 671; x_wconf 79' lang='lat' dir='ltr'>assidue</span> <span class='ocrx_word' id='word_1_49' title='bbox 243 644 332 672; x_wconf 85' lang='lat' dir='ltr'>executus</span> <span class='ocrx_word' id='word_1_50' title='bbox 343 644 376 672; x_wconf 88' lang='lat' dir='ltr'>est.</span> <span class='ocrx_word' id='word_1_51' title='bbox 399 639 445 673; x_wconf 90' lang='lat' dir='ltr'>Cum</span> <span class='ocrx_word' id='word_1_52' title='bbox 455 638 505 672; x_wconf 90' lang='lat' dir='ltr'>omni</span> <span class='ocrx_word' id='word_1_53' title='bbox 516 639 617 673; x_wconf 83' lang='lat' dir='ltr'>dulcedinis</span> <span class='ocrx_word' id='word_1_54' title='bbox 628 638 719 672; x_wconf 88' lang='lat' dir='ltr'>suauitate</span> <span class='ocrx_word' id='word_1_55' title='bbox 729 649 766 682; x_wconf 89' lang='lat' dir='ltr'>que</span> <span class='ocrx_word' id='word_1_56' title='bbox 775 651 784 679; x_wconf 85' lang='lat'>5</span> 
     </span>
     <span class='ocr_line' id='line_1_8' title="bbox 64 691 766 735; baseline 0.001 -11"><span class='ocrx_word' id='word_1_57' title='bbox 64 692 140 725; x_wconf 86' lang='lat' dir='ltr'>docebat</span> <span class='ocrx_word' id='word_1_58' title='bbox 154 691 238 735; x_wconf 85' lang='lat' dir='ltr'>proferre</span> <span class='ocrx_word' id='word_1_59' title='bbox 253 691 328 734; x_wconf 83' lang='lat' dir='ltr'>solebat,</span> <span class='ocrx_word' id='word_1_60' title='bbox 340 697 360 725; x_wconf 92' lang='lat' dir='ltr'>vt</span> <span class='ocrx_word' id='word_1_61' title='bbox 372 703 394 726; x_wconf 89' lang='lat' dir='ltr'>eo</span> <span class='ocrx_word' id='word_1_62' title='bbox 407 692 466 726; x_wconf 90' lang='lat' dir='ltr'>leuius</span> <span class='ocrx_word' id='word_1_63' title='bbox 478 692 520 735; x_wconf 87' lang='lat' dir='ltr'>iugo</span> <span class='ocrx_word' id='word_1_64' title='bbox 534 692 601 726; x_wconf 85' lang='lat' dir='ltr'>Christi</span> <span class='ocrx_word' id='word_1_65' title='bbox 615 702 658 726; x_wconf 90' lang='lat' dir='ltr'>suos</span> <span class='ocrx_word' id='word_1_66' title='bbox 673 692 766 726; x_wconf 81' lang='lat' dir='ltr'>auditores</span> 
     </span>
     <span class='ocr_line' id='line_1_9' title="bbox 64 743 766 789; baseline 0.001 -12"><span class='ocrx_word' id='word_1_67' title='bbox 64 748 126 788; x_wconf 88' lang='lat' dir='ltr'>posset</span> <span class='ocrx_word' id='word_1_68' title='bbox 134 743 238 787; x_wconf 86' lang='lat' dir='ltr'>subiugare.</span> <span class='ocrx_word' id='word_1_69' title='bbox 261 743 306 777; x_wconf 85' lang='lat' dir='ltr'>Erat</span> <span class='ocrx_word' id='word_1_70' title='bbox 314 744 363 778; x_wconf 91' lang='lat' dir='ltr'>enirn</span> <span class='ocrx_word' id='word_1_71' title='bbox 373 749 429 785; x_wconf 89' lang='lat' dir='ltr'>ortus,</span> <span class='ocrx_word' id='word_1_72' title='bbox 437 749 455 778; x_wconf 90' lang='lat' dir='ltr'>et</span> <span class='ocrx_word' id='word_1_73' title='bbox 465 745 557 786; x_wconf 85' lang='lat' dir='ltr'>educatus,</span> <span class='ocrx_word' id='word_1_74' title='bbox 565 749 619 789; x_wconf 81' lang='lat' dir='ltr'>atque</span> <span class='ocrx_word' id='word_1_75' title='bbox 627 744 685 788; x_wconf 89' lang='lat' dir='ltr'>apicis</span> <span class='ocrx_word' id='word_1_76' title='bbox 692 743 766 788; x_wconf 87' lang='lat' dir='ltr'>pontifi·</span> 
     </span>
     <span class='ocr_line' id='line_1_10' title="bbox 63 796 765 840; baseline 0 -10"><span class='ocrx_word' id='word_1_77' title='bbox 63 796 107 831; x_wconf 86' lang='lat' dir='ltr'>calis</span> <span class='ocrx_word' id='word_1_78' title='bbox 114 796 172 829; x_wconf 87' lang='lat' dir='ltr'>insula</span> <span class='ocrx_word' id='word_1_79' title='bbox 179 797 293 837; x_wconf 86' lang='lat' dir='ltr'>sublimatus,</span> <span class='ocrx_word' id='word_1_80' title='bbox 301 797 320 830; x_wconf 94' lang='lat' dir='ltr'>in</span> <span class='ocrx_word' id='word_1_81' title='bbox 329 797 435 840; x_wconf 85' lang='lat' dir='ltr'>Burgundie</span> <span class='ocrx_word' id='word_1_82' title='bbox 441 797 534 840; x_wconf 84' lang='lat' dir='ltr'>partibus:</span> <span class='ocrx_word' id='word_1_83' title='bbox 544 803 562 831; x_wconf 87' lang='lat' dir='ltr'>et</span> <span class='ocrx_word' id='word_1_84' title='bbox 571 797 644 831; x_wconf 88' lang='lat' dir='ltr'>domino</span> <span class='ocrx_word' id='word_1_85' title='bbox 652 798 736 837; x_wconf 83' lang='lat' dir='ltr'>ducente,</span> <span class='ocrx_word' id='word_1_86' title='bbox 742 798 765 830; x_wconf 84' lang='lat' dir='ltr'>ad</span> 
     </span>
     <span class='ocr_line' id='line_1_11' title="bbox 63 848 766 894; baseline 0 -10"><span class='ocrx_word' id='word_1_87' title='bbox 63 848 130 893; x_wconf 82' lang='lat' dir='ltr'>Anglie</span> <span class='ocrx_word' id='word_1_88' title='bbox 141 854 204 893; x_wconf 90' lang='lat' dir='ltr'>partes</span> <span class='ocrx_word' id='word_1_89' title='bbox 214 854 297 893; x_wconf 86' lang='lat' dir='ltr'>tempore</span> <span class='ocrx_word' id='word_1_90' title='bbox 307 849 384 884; x_wconf 83' lang='lat' dir='ltr'>Honorii</span> <span class='ocrx_word' id='word_1_91' title='bbox 395 860 444 894; x_wconf 88' lang='lat' dir='ltr'>pape</span> <span class='ocrx_word' id='word_1_92' title='bbox 452 849 566 894; x_wconf 90' lang='lat' dir='ltr'>Honoriique</span> <span class='ocrx_word' id='word_1_93' title='bbox 577 849 709 894; x_wconf 90' lang='lat' dir='ltr'>archiepiscopi</span> <span class='ocrx_word' id='word_1_94' title='bbox 717 849 766 884; x_wconf 88' lang='lat' dir='ltr'>Can-</span> 
     </span>
     <span class='ocr_line' id='line_1_12' title="bbox 63 901 796 945; baseline 0 -9"><span class='ocrx_word' id='word_1_95' title='bbox 63 902 121 937; x_wconf 88' lang='lat' dir='ltr'>tuarie</span> <span class='ocrx_word' id='word_1_96' title='bbox 128 902 218 945; x_wconf 90' lang='lat' dir='ltr'>peruenit.</span> <span class='ocrx_word' id='word_1_97' title='bbox 241 901 288 937; x_wconf 90' lang='lat' dir='ltr'>Cum</span> <span class='ocrx_word' id='word_1_98' title='bbox 301 902 351 937; x_wconf 90' lang='lat' dir='ltr'>enim</span> <span class='ocrx_word' id='word_1_99' title='bbox 361 902 380 937; x_wconf 90' lang='lat' dir='ltr'>in</span> <span class='ocrx_word' id='word_1_100' title='bbox 392 907 440 937; x_wconf 93' lang='lat' dir='ltr'>terra</span> <span class='ocrx_word' id='word_1_101' title='bbox 450 913 489 945; x_wconf 89' lang='lat' dir='ltr'>sua,</span> <span class='ocrx_word' id='word_1_102' title='bbox 497 902 564 937; x_wconf 86' lang='lat' dir='ltr'>nullius</span> <span class='ocrx_word' id='word_1_103' title='bbox 576 908 678 937; x_wconf 88' lang='lat' dir='ltr'>commotus</span> <span class='ocrx_word' id='word_1_104' title='bbox 688 901 766 944; x_wconf 89' lang='lat' dir='ltr'>turbine,</span> <span class='ocrx_word' id='word_1_105' title='bbox 775 915 796 936; x_wconf 84' lang='grc' dir='ltr'>ιο</span> 
     </span>
     <span class='ocr_line' id='line_1_13' title="bbox 63 954 766 999; baseline 0 -11"><span class='ocrx_word' id='word_1_106' title='bbox 63 954 141 999; x_wconf 89' lang='lat' dir='ltr'>plurima</span> <span class='ocrx_word' id='word_1_107' title='bbox 152 955 216 988; x_wconf 88' lang='lat' dir='ltr'>mundi</span> <span class='ocrx_word' id='word_1_108' title='bbox 229 964 299 999; x_wconf 88' lang='lat' dir='ltr'>pompa</span> <span class='ocrx_word' id='word_1_109' title='bbox 314 955 461 989; x_wconf 77' lang='lat' dir='ltr'>circumuallatos</span> <span class='ocrx_word' id='word_1_110' title='bbox 476 960 531 998; x_wconf 87' lang='lat' dir='ltr'>esset,</span> <span class='ocrx_word' id='word_1_111' title='bbox 543 955 577 989; x_wconf 89' lang='lat' dir='ltr'>hec</span> <span class='ocrx_word' id='word_1_112' title='bbox 591 955 653 988; x_wconf 90' lang='lat' dir='ltr'>omnia</span> <span class='ocrx_word' id='word_1_113' title='bbox 667 955 766 996; x_wconf 90' lang='lat' dir='ltr'>mundana,</span> 
     </span>
     <span class='ocr_line' id='line_1_14' title="bbox 63 1007 766 1052; baseline 0.001 -12"><span class='ocrx_word' id='word_1_114' title='bbox 63 1017 104 1041; x_wconf 90' lang='lat' dir='ltr'>curn</span> <span class='ocrx_word' id='word_1_115' title='bbox 118 1007 192 1050; x_wconf 88' lang='lat' dir='ltr'>propria</span> <span class='ocrx_word' id='word_1_116' title='bbox 205 1007 269 1051; x_wconf 91' lang='lat' dir='ltr'>patria,</span> <span class='ocrx_word' id='word_1_117' title='bbox 280 1007 343 1042; x_wconf 88' lang='lat' dir='ltr'>diuino</span> <span class='ocrx_word' id='word_1_118' title='bbox 355 1007 449 1052; x_wconf 72' lang='lat' dir='ltr'>fragrans2</span> <span class='ocrx_word' id='word_1_119' title='bbox 462 1017 524 1042; x_wconf 89' lang='lat' dir='ltr'>amore</span> <span class='ocrx_word' id='word_1_120' title='bbox 539 1012 654 1051; x_wconf 85' lang='lat' dir='ltr'>postponens</span> <span class='ocrx_word' id='word_1_121' title='bbox 665 1007 766 1051; x_wconf 88' lang='lat' dir='ltr'>dereliquit.</span> 
     </span>
     <span class='ocr_line' id='line_1_15' title="bbox 64 1059 766 1104; baseline 0 -10"><span class='ocrx_word' id='word_1_122' title='bbox 64 1060 111 1094; x_wconf 90' lang='lat' dir='ltr'>Nam</span> <span class='ocrx_word' id='word_1_123' title='bbox 124 1060 211 1104; x_wconf 86' lang='lat' dir='ltr'>vulgante</span> <span class='ocrx_word' id='word_1_124' title='bbox 224 1060 273 1094; x_wconf 83' lang='lat' dir='ltr'>fama</span> <span class='ocrx_word' id='word_1_125' title='bbox 286 1060 372 1104; x_wconf 80' lang='lat' dir='ltr'>cognouit</span> <span class='ocrx_word' id='word_1_126' title='bbox 387 1060 485 1104; x_wconf 87' lang='lat' dir='ltr'>plurimam</span> <span class='ocrx_word' id='word_1_127' title='bbox 500 1059 561 1104; x_wconf 89' lang='lat' dir='ltr'>gentis</span> <span class='ocrx_word' id='word_1_128' title='bbox 576 1059 678 1104; x_wconf 88' lang='lat' dir='ltr'>Anglorurn</span> <span class='ocrx_word' id='word_1_129' title='bbox 694 1064 766 1104; x_wconf 76' lang='lat' dir='ltr'>partem</span> 
     </span>
     <span class='ocr_line' id='line_1_16' title="bbox 63 1112 767 1157; baseline 0 -10"><span class='ocrx_word' id='word_1_130' title='bbox 63 1113 122 1147; x_wconf 87' lang='lat' dir='ltr'>adhuc</span> <span class='ocrx_word' id='word_1_131' title='bbox 141 1113 248 1157; x_wconf 84' lang='lat' dir='ltr'>paganismo</span> <span class='ocrx_word' id='word_1_132' title='bbox 267 1113 370 1148; x_wconf 90' lang='lat' dir='ltr'>subditam:</span> <span class='ocrx_word' id='word_1_133' title='bbox 390 1113 446 1147; x_wconf 91' lang='lat' dir='ltr'>nimio</span> <span class='ocrx_word' id='word_1_134' title='bbox 461 1113 526 1147; x_wconf 89' lang='lat' dir='ltr'>iccirco</span> <span class='ocrx_word' id='word_1_135' title='bbox 542 1112 634 1147; x_wconf 91' lang='lat' dir='ltr'>desiderio</span> <span class='ocrx_word' id='word_1_136' title='bbox 649 1113 696 1147; x_wconf 89' lang='lat' dir='ltr'>hanc</span> <span class='ocrx_word' id='word_1_137' title='bbox 715 1113 767 1147; x_wconf 90' lang='lat' dir='ltr'>adire</span> 
     </span>
     <span class='ocr_line' id='line_1_17' title="bbox 63 1165 794 1210; baseline 0 -11"><span class='ocrx_word' id='word_1_138' title='bbox 63 1165 152 1208; x_wconf 89' lang='lat' dir='ltr'>anelabat,</span> <span class='ocrx_word' id='word_1_139' title='bbox 163 1170 183 1200; x_wconf 93' lang='lat' dir='ltr'>vt</span> <span class='ocrx_word' id='word_1_140' title='bbox 193 1165 212 1199; x_wconf 95' lang='lat' dir='ltr'>in</span> <span class='ocrx_word' id='word_1_141' title='bbox 224 1176 246 1200; x_wconf 86' lang='lat' dir='ltr'>ea</span> <span class='ocrx_word' id='word_1_142' title='bbox 257 1166 337 1210; x_wconf 88' lang='lat' dir='ltr'>aliquem</span> <span class='ocrx_word' id='word_1_143' title='bbox 349 1166 419 1200; x_wconf 90' lang='lat' dir='ltr'>iusticie</span> <span class='ocrx_word' id='word_1_144' title='bbox 431 1166 509 1200; x_wconf 79' lang='lat' dir='ltr'>fructum</span> <span class='ocrx_word' id='word_1_145' title='bbox 520 1165 615 1209; x_wconf 88' lang='lat' dir='ltr'>acquirere</span> <span class='ocrx_word' id='word_1_146' title='bbox 626 1170 695 1210; x_wconf 75' lang='lat' dir='ltr'>posset,</span> <span class='ocrx_word' id='word_1_147' title='bbox 719 1165 766 1200; x_wconf 90' lang='lat' dir='ltr'>Mari</span> <span class='ocrx_word' id='word_1_148' title='bbox 776 1177 794 1207; x_wconf 79' lang='lat'>¹5</span> 
     </span>
     <span class='ocr_line' id='line_1_18' title="bbox 63 1218 765 1263; baseline 0.001 -11"><span class='ocrx_word' id='word_1_149' title='bbox 63 1218 112 1252; x_wconf 91' lang='lat' dir='ltr'>enirn</span> <span class='ocrx_word' id='word_1_150' title='bbox 127 1229 217 1263; x_wconf 89' lang='lat' dir='ltr'>prospere</span> <span class='ocrx_word' id='word_1_151' title='bbox 236 1224 348 1259; x_wconf 88' lang='lat' dir='ltr'>transcurso,</span> <span class='ocrx_word' id='word_1_152' title='bbox 362 1220 386 1253; x_wconf 91' lang='lat' dir='ltr'>ad</span> <span class='ocrx_word' id='word_1_153' title='bbox 404 1219 482 1253; x_wconf 89' lang='lat' dir='ltr'>Honorii</span> <span class='ocrx_word' id='word_1_154' title='bbox 500 1218 634 1263; x_wconf 88' lang='lat' dir='ltr'>archiepiscopi</span> <span class='ocrx_word' id='word_1_155' title='bbox 652 1218 765 1263; x_wconf 87' lang='lat' dir='ltr'>presentiam</span> 
     </span>
     <span class='ocr_line' id='line_1_19' title="bbox 63 1271 766 1316; baseline 0.001 -11"><span class='ocrx_word' id='word_1_156' title='bbox 63 1272 159 1306; x_wconf 90' lang='lat' dir='ltr'>incolumis</span> <span class='ocrx_word' id='word_1_157' title='bbox 173 1272 263 1316; x_wconf 92' lang='lat' dir='ltr'>peruenit.</span> <span class='ocrx_word' id='word_1_158' title='bbox 286 1272 369 1316; x_wconf 89' lang='lat' dir='ltr'>Cumque</span> <span class='ocrx_word' id='word_1_159' title='bbox 382 1283 425 1307; x_wconf 93' lang='lat' dir='ltr'>eum</span> <span class='ocrx_word' id='word_1_160' title='bbox 437 1283 478 1306; x_wconf 91' lang='lat' dir='ltr'>cum</span> <span class='ocrx_word' id='word_1_161' title='bbox 493 1271 542 1306; x_wconf 92' lang='lat' dir='ltr'>omni</span> <span class='ocrx_word' id='word_1_162' title='bbox 555 1271 648 1306; x_wconf 88' lang='lat' dir='ltr'>charitatis</span> <span class='ocrx_word' id='word_1_163' title='bbox 660 1272 719 1306; x_wconf 87' lang='lat' dir='ltr'>officio</span> <span class='ocrx_word' id='word_1_164' title='bbox 733 1283 766 1306; x_wconf 84' lang='lat' dir='ltr'>ex·</span> 
     </span>
     <span class='ocr_line' id='line_1_20' title="bbox 63 1325 764 1370; baseline 0.003 -12"><span class='ocrx_word' id='word_1_165' title='bbox 63 1325 148 1369; x_wconf 90' lang='lat' dir='ltr'>cepisset,</span> <span class='ocrx_word' id='word_1_166' title='bbox 154 1331 172 1359; x_wconf 92' lang='lat' dir='ltr'>et</span> <span class='ocrx_word' id='word_1_167' title='bbox 180 1326 236 1359; x_wconf 89' lang='lat' dir='ltr'>multa</span> <span class='ocrx_word' id='word_1_168' title='bbox 244 1325 279 1359; x_wconf 93' lang='lat' dir='ltr'>sibi</span> <span class='ocrx_word' id='word_1_169' title='bbox 286 1326 366 1360; x_wconf 90' lang='lat' dir='ltr'>inuicem</span> <span class='ocrx_word' id='word_1_170' title='bbox 374 1337 409 1370; x_wconf 88' lang='lat' dir='ltr'>que</span> <span class='ocrx_word' id='word_1_171' title='bbox 420 1325 450 1359; x_wconf 91' lang='lat' dir='ltr'>dei</span> <span class='ocrx_word' id='word_1_172' title='bbox 459 1331 502 1359; x_wconf 88' lang='lat' dir='ltr'>sunt</span> <span class='ocrx_word' id='word_1_173' title='bbox 510 1325 621 1368; x_wconf 84' lang='lat' dir='ltr'>conferrent,</span> <span class='ocrx_word' id='word_1_174' title='bbox 630 1325 682 1359; x_wconf 79' lang='lat' dir='ltr'>Felix</span> <span class='ocrx_word' id='word_1_175' title='bbox 690 1326 764 1360; x_wconf 86' lang='lat' dir='ltr'>tandem</span> 
     </span>
     <span class='ocr_line' id='line_1_21' title="bbox 63 1379 765 1423; baseline 0.001 -11"><span class='ocrx_word' id='word_1_176' title='bbox 63 1384 134 1413; x_wconf 87' lang='lat' dir='ltr'>secreta</span> <span class='ocrx_word' id='word_1_177' title='bbox 151 1379 179 1413; x_wconf 97' lang='lat' dir='ltr'>sui</span> <span class='ocrx_word' id='word_1_178' title='bbox 194 1379 283 1423; x_wconf 87' lang='lat' dir='ltr'>propositi</span> <span class='ocrx_word' id='word_1_179' title='bbox 298 1385 316 1414; x_wconf 91' lang='lat' dir='ltr'>et</span> <span class='ocrx_word' id='word_1_180' title='bbox 331 1380 416 1414; x_wconf 87' lang='lat' dir='ltr'>affectum</span> <span class='ocrx_word' id='word_1_181' title='bbox 431 1379 529 1414; x_wconf 90' lang='lat' dir='ltr'>voluntatis</span> <span class='ocrx_word' id='word_1_182' title='bbox 544 1390 577 1414; x_wconf 87' lang='lat' dir='ltr'>sue</span> <span class='ocrx_word' id='word_1_183' title='bbox 592 1379 696 1413; x_wconf 87' lang='lat' dir='ltr'>denudauit.</span> <span class='ocrx_word' id='word_1_184' title='bbox 724 1379 765 1421; x_wconf 80' lang='lat' dir='ltr'>Quo</span> 
     </span>
     <span class='ocr_line' id='line_1_22' title="bbox 63 1431 794 1475; baseline 0.001 -11"><span class='ocrx_word' id='word_1_185' title='bbox 63 1431 140 1474; x_wconf 85' lang='lat' dir='ltr'>cognito,</span> <span class='ocrx_word' id='word_1_186' title='bbox 148 1443 182 1474; x_wconf 91' lang='lat' dir='ltr'>pro</span> <span class='ocrx_word' id='word_1_187' title='bbox 190 1432 235 1465; x_wconf 88' lang='lat' dir='ltr'>tanti</span> <span class='ocrx_word' id='word_1_188' title='bbox 246 1432 280 1466; x_wconf 90' lang='lat' dir='ltr'>viri</span> <span class='ocrx_word' id='word_1_189' title='bbox 291 1432 383 1466; x_wconf 90' lang='lat' dir='ltr'>desiderio</span> <span class='ocrx_word' id='word_1_190' title='bbox 394 1442 415 1466; x_wconf 87' lang='lat' dir='ltr'>ac</span> <span class='ocrx_word' id='word_1_191' title='bbox 426 1431 531 1474; x_wconf 88' lang='lat' dir='ltr'>sponsione,</span> <span class='ocrx_word' id='word_1_192' title='bbox 539 1442 575 1475; x_wconf 89' lang='lat' dir='ltr'>qua</span> <span class='ocrx_word' id='word_1_193' title='bbox 585 1442 606 1466; x_wconf 90' lang='lat' dir='ltr'>se</span> <span class='ocrx_word' id='word_1_194' title='bbox 614 1442 735 1475; x_wconf 89' lang='lat' dir='ltr'>perseuerare</span> <span class='ocrx_word' id='word_1_195' title='bbox 745 1432 764 1466; x_wconf 92' lang='lat' dir='ltr'>in</span> <span class='ocrx_word' id='word_1_196' title='bbox 774 1443 794 1465; x_wconf 78' lang='lat' dir='ltr'>co</span> 
     </span>
     <span class='ocr_line' id='line_1_23' title="bbox 63 1483 765 1529; baseline 0.001 -13"><span class='ocrx_word' id='word_1_197' title='bbox 63 1483 187 1527; x_wconf 87' lang='lat' dir='ltr'>predicatione</span> <span class='ocrx_word' id='word_1_198' title='bbox 196 1484 287 1528; x_wconf 88' lang='lat' dir='ltr'>promisit,</span> <span class='ocrx_word' id='word_1_199' title='bbox 295 1494 362 1528; x_wconf 86' lang='lat' dir='ltr'>magno</span> <span class='ocrx_word' id='word_1_200' title='bbox 372 1484 438 1529; x_wconf 85' lang='lat' dir='ltr'>gaudio</span> <span class='ocrx_word' id='word_1_201' title='bbox 447 1484 529 1529; x_wconf 89' lang='lat' dir='ltr'>repletus</span> <span class='ocrx_word' id='word_1_202' title='bbox 538 1489 571 1517; x_wconf 90' lang='lat' dir='ltr'>est.</span> <span class='ocrx_word' id='word_1_203' title='bbox 598 1484 649 1518; x_wconf 88' lang='lat' dir='ltr'>Adiit</span> <span class='ocrx_word' id='word_1_204' title='bbox 659 1495 703 1528; x_wconf 86' lang='lat' dir='ltr'>ergo</span> <span class='ocrx_word' id='word_1_205' title='bbox 712 1484 765 1529; x_wconf 86' lang='lat' dir='ltr'>quasi</span> 
     </span>
     <span class='ocr_line' id='line_1_24' title="bbox 62 1536 765 1581; baseline 0.001 -12"><span class='ocrx_word' id='word_1_206' title='bbox 62 1536 195 1571; x_wconf 85' lang='lat' dir='ltr'>audacissimus</span> <span class='ocrx_word' id='word_1_207' title='bbox 204 1537 291 1581; x_wconf 86' lang='lat' dir='ltr'>preliator</span> <span class='ocrx_word' id='word_1_208' title='bbox 300 1548 386 1581; x_wconf 89' lang='lat' dir='ltr'>campum</span> <span class='ocrx_word' id='word_1_209' title='bbox 394 1537 505 1579; x_wconf 86' lang='lat' dir='ltr'>certaminis,</span> <span class='ocrx_word' id='word_1_210' title='bbox 513 1538 536 1571; x_wconf 89' lang='lat' dir='ltr'>de</span> <span class='ocrx_word' id='word_1_211' title='bbox 545 1537 597 1571; x_wconf 87' lang='lat' dir='ltr'>hoste</span> <span class='ocrx_word' id='word_1_212' title='bbox 608 1536 694 1571; x_wconf 89' lang='lat' dir='ltr'>inuisibili</span> <span class='ocrx_word' id='word_1_213' title='bbox 702 1537 765 1571; x_wconf 89' lang='lat' dir='ltr'>trium-</span> 
     </span>
     <span class='ocr_line' id='line_1_25' title="bbox 63 1588 766 1634; baseline 0.003 -11"><span class='ocrx_word' id='word_1_214' title='bbox 63 1588 162 1633; x_wconf 82' lang='lat' dir='ltr'>phaturus;</span> <span class='ocrx_word' id='word_1_215' title='bbox 181 1595 200 1624; x_wconf 91' lang='lat' dir='ltr'>et</span> <span class='ocrx_word' id='word_1_216' title='bbox 214 1590 263 1624; x_wconf 90' lang='lat' dir='ltr'>mitis</span> <span class='ocrx_word' id='word_1_217' title='bbox 278 1595 298 1624; x_wconf 89' lang='lat' dir='ltr'>vt</span> <span class='ocrx_word' id='word_1_218' title='bbox 316 1601 375 1634; x_wconf 85' lang='lat' dir='ltr'>agnus</span> <span class='ocrx_word' id='word_1_219' title='bbox 394 1590 457 1634; x_wconf 89' lang='lat' dir='ltr'>lupine</span> <span class='ocrx_word' id='word_1_220' title='bbox 476 1589 526 1634; x_wconf 85' lang='lat' dir='ltr'>genti</span> <span class='ocrx_word' id='word_1_221' title='bbox 545 1600 566 1624; x_wconf 87' lang='lat' dir='ltr'>se</span> <span class='ocrx_word' id='word_1_222' title='bbox 584 1589 766 1634; x_wconf 85' lang='lat' dir='ltr'>immersit-lupine,</span> 
     </span>
     <span class='ocr_line' id='line_1_26' title="bbox 63 1641 764 1688; baseline 0.003 -12"><span class='ocrx_word' id='word_1_223' title='bbox 63 1641 143 1687; x_wconf 84' lang='lat' dir='ltr'>inquam,</span> <span class='ocrx_word' id='word_1_224' title='bbox 159 1643 201 1688; x_wconf 86' lang='lat' dir='ltr'>quia</span> <span class='ocrx_word' id='word_1_225' title='bbox 216 1644 295 1678; x_wconf 89' lang='lat' dir='ltr'>necdum</span> <span class='ocrx_word' id='word_1_226' title='bbox 311 1643 379 1688; x_wconf 86' lang='lat' dir='ltr'>agnino</span> <span class='ocrx_word' id='word_1_227' title='bbox 393 1643 462 1679; x_wconf 86' lang='lat' dir='ltr'>vellere</span> <span class='ocrx_word' id='word_1_228' title='bbox 477 1643 727 1688; x_wconf 86' lang='lat' dir='ltr'>circumamicta-totamque</span> <span class='ocrx_word' id='word_1_229' title='bbox 745 1643 764 1678; x_wconf 89' lang='lat' dir='ltr'>in</span> 
     </span>
     <span class='ocr_line' id='line_1_27' title="bbox 63 1695 793 1741; baseline 0.001 -13"><span class='ocrx_word' id='word_1_230' title='bbox 63 1695 114 1729; x_wconf 87' lang='lat' dir='ltr'>breui</span> <span class='ocrx_word' id='word_1_231' title='bbox 122 1696 235 1740; x_wconf 91' lang='lat' dir='ltr'>prouinciam</span> <span class='ocrx_word' id='word_1_232' title='bbox 244 1696 365 1730; x_wconf 86' lang='lat' dir='ltr'>Orientalium</span> <span class='ocrx_word' id='word_1_233' title='bbox 374 1697 476 1740; x_wconf 88' lang='lat' dir='ltr'>Anglorum</span> <span class='ocrx_word' id='word_1_234' title='bbox 485 1697 508 1730; x_wconf 91' lang='lat' dir='ltr'>ad</span> <span class='ocrx_word' id='word_1_235' title='bbox 516 1697 572 1731; x_wconf 88' lang='lat' dir='ltr'>fidem</span> <span class='ocrx_word' id='word_1_236' title='bbox 580 1696 675 1731; x_wconf 84' lang='lat' dir='ltr'>conuertit.</span> <span class='ocrx_word' id='word_1_237' title='bbox 698 1697 765 1741; x_wconf 85' lang='lat' dir='ltr'>Regno</span> <span class='ocrx_word' id='word_1_238' title='bbox 775 1709 793 1738; x_wconf 78' lang='lat'>25</span> 
     </span>
     <span class='ocr_line' id='line_1_28' title="bbox 63 1747 766 1793; baseline 0.003 -12"><span class='ocrx_word' id='word_1_239' title='bbox 63 1747 124 1791; x_wconf 90' lang='lat' dir='ltr'>itaque</span> <span class='ocrx_word' id='word_1_240' title='bbox 136 1748 256 1782; x_wconf 87' lang='lat' dir='ltr'>Orientalium</span> <span class='ocrx_word' id='word_1_241' title='bbox 268 1748 376 1792; x_wconf 89' lang='lat' dir='ltr'>Anglorum,</span> <span class='ocrx_word' id='word_1_242' title='bbox 388 1753 429 1792; x_wconf 91' lang='lat' dir='ltr'>post</span> <span class='ocrx_word' id='word_1_243' title='bbox 443 1749 562 1793; x_wconf 86' lang='lat' dir='ltr'>Erpwaldum</span> <span class='ocrx_word' id='word_1_244' title='bbox 577 1759 703 1783; x_wconf 87' lang='lat' dir='ltr'>successorem</span> <span class='ocrx_word' id='word_1_245' title='bbox 716 1748 766 1783; x_wconf 92' lang='lat' dir='ltr'>Red-</span> 
     </span>
     <span class='ocr_line' id='line_1_29' title="bbox 63 1801 766 1846; baseline 0.001 -12"><span class='ocrx_word' id='word_1_246' title='bbox 63 1801 121 1842; x_wconf 88' lang='lat' dir='ltr'>waldi,</span> <span class='ocrx_word' id='word_1_247' title='bbox 133 1801 189 1835; x_wconf 84' lang='lat' dir='ltr'>frater</span> <span class='ocrx_word' id='word_1_248' title='bbox 201 1801 241 1836; x_wconf 88' lang='lat' dir='ltr'>eius</span> <span class='ocrx_word' id='word_1_249' title='bbox 255 1801 353 1845; x_wconf 85' lang='lat' dir='ltr'>Sigbertus</span> <span class='ocrx_word' id='word_1_250' title='bbox 366 1801 438 1845; x_wconf 83' lang='lat' dir='ltr'>prefuit,</span> <span class='ocrx_word' id='word_1_251' title='bbox 451 1802 506 1836; x_wconf 91' lang='lat' dir='ltr'>horno</span> <span class='ocrx_word' id='word_1_252' title='bbox 519 1802 579 1836; x_wconf 91' lang='lat' dir='ltr'>bonus</span> <span class='ocrx_word' id='word_1_253' title='bbox 592 1812 613 1836; x_wconf 88' lang='lat' dir='ltr'>ac</span> <span class='ocrx_word' id='word_1_254' title='bbox 626 1801 723 1845; x_wconf 87' lang='lat' dir='ltr'>religiosus</span> <span class='ocrx_word' id='word_1_255' title='bbox 735 1801 766 1846; x_wconf 92' lang='lat' dir='ltr'>qui</span> 
     </span>
     <span class='ocr_line' id='line_1_30' title="bbox 63 1854 766 1897; baseline 0.001 -11"><span class='ocrx_word' id='word_1_256' title='bbox 63 1854 132 1887; x_wconf 91' lang='lat' dir='ltr'>dudum</span> <span class='ocrx_word' id='word_1_257' title='bbox 145 1854 164 1887; x_wconf 90' lang='lat' dir='ltr'>in</span> <span class='ocrx_word' id='word_1_258' title='bbox 180 1854 238 1888; x_wconf 89' lang='lat' dir='ltr'>Gallia</span> <span class='ocrx_word' id='word_1_259' title='bbox 250 1855 295 1888; x_wconf 92' lang='lat' dir='ltr'>dum</span> <span class='ocrx_word' id='word_1_260' title='bbox 309 1854 414 1888; x_wconf 88' lang='lat' dir='ltr'>inimicitias</span> <span class='ocrx_word' id='word_1_261' title='bbox 427 1854 524 1888; x_wconf 86' lang='lat' dir='ltr'>Redwaldi</span> <span class='ocrx_word' id='word_1_262' title='bbox 536 1854 607 1897; x_wconf 85' lang='lat' dir='ltr'>fugiens</span> <span class='ocrx_word' id='word_1_263' title='bbox 621 1855 704 1888; x_wconf 82' lang='lat' dir='ltr'>exularet</span> <span class='ocrx_word' id='word_1_264' title='bbox 716 1855 766 1888; x_wconf 88' lang='lat' dir='ltr'>laua-</span> 
     </span>
     <span class='ocr_line' id='line_1_31' title="bbox 63 1906 766 1951; baseline 0.001 -11"><span class='ocrx_word' id='word_1_265' title='bbox 63 1906 127 1941; x_wconf 90' lang='lat' dir='ltr'>chrum</span> <span class='ocrx_word' id='word_1_266' title='bbox 135 1907 221 1951; x_wconf 85' lang='lat' dir='ltr'>baptismi</span> <span class='ocrx_word' id='word_1_267' title='bbox 232 1907 314 1951; x_wconf 89' lang='lat' dir='ltr'>percepit</span> <span class='ocrx_word' id='word_1_268' title='bbox 324 1912 342 1941; x_wconf 92' lang='lat' dir='ltr'>et</span> <span class='ocrx_word' id='word_1_269' title='bbox 354 1907 380 1941; x_wconf 91' lang='lat' dir='ltr'>sic</span> <span class='ocrx_word' id='word_1_270' title='bbox 392 1908 469 1951; x_wconf 88' lang='lat' dir='ltr'>patriam</span> <span class='ocrx_word' id='word_1_271' title='bbox 479 1907 538 1942; x_wconf 89' lang='lat' dir='ltr'>rediit.</span> <span class='ocrx_word' id='word_1_272' title='bbox 560 1907 596 1941; x_wconf 94' lang='lat' dir='ltr'>Vbi</span> <span class='ocrx_word' id='word_1_273' title='bbox 605 1918 649 1942; x_wconf 91' lang='lat' dir='ltr'>vero</span> <span class='ocrx_word' id='word_1_274' title='bbox 659 1907 727 1951; x_wconf 90' lang='lat' dir='ltr'>potitus</span> <span class='ocrx_word' id='word_1_275' title='bbox 737 1913 766 1942; x_wconf 85' lang='lat' dir='ltr'>est</span> 
     </span>
     <span class='ocr_line' id='line_1_32' title="bbox 63 1960 793 2004; baseline 0.003 -11"><span class='ocrx_word' id='word_1_276' title='bbox 63 1970 125 2003; x_wconf 87' lang='lat' dir='ltr'>regno,</span> <span class='ocrx_word' id='word_1_277' title='bbox 133 1971 176 1994; x_wconf 88' lang='lat' dir='ltr'>mox</span> <span class='ocrx_word' id='word_1_278' title='bbox 188 1972 210 1995; x_wconf 92' lang='lat' dir='ltr'>ea</span> <span class='ocrx_word' id='word_1_279' title='bbox 221 1971 257 2004; x_wconf 90' lang='lat' dir='ltr'>que</span> <span class='ocrx_word' id='word_1_280' title='bbox 268 1960 287 1994; x_wconf 89' lang='lat' dir='ltr'>in</span> <span class='ocrx_word' id='word_1_281' title='bbox 299 1960 357 1995; x_wconf 88' lang='lat' dir='ltr'>Gallia</span> <span class='ocrx_word' id='word_1_282' title='bbox 367 1961 415 1995; x_wconf 91' lang='lat' dir='ltr'>bene</span> <span class='ocrx_word' id='word_1_283' title='bbox 425 1960 514 2004; x_wconf 90' lang='lat' dir='ltr'>disposita</span> <span class='ocrx_word' id='word_1_284' title='bbox 524 1960 594 1995; x_wconf 87' lang='lat' dir='ltr'>viderat</span> <span class='ocrx_word' id='word_1_285' title='bbox 605 1960 671 1995; x_wconf 83' lang='lat' dir='ltr'>imitari</span> <span class='ocrx_word' id='word_1_286' title='bbox 683 1960 765 2004; x_wconf 84' lang='lat' dir='ltr'>cupiens,</span> <span class='ocrx_word' id='word_1_287' title='bbox 774 1975 793 2003; x_wconf 77' lang='lat'>30</span> 
     </span>
     <span class='ocr_line' id='line_1_33' title="bbox 63 2011 765 2057; baseline 0.003 -12"><span class='ocrx_word' id='word_1_288' title='bbox 63 2011 139 2046; x_wconf 87' lang='lat' dir='ltr'>instituit</span> <span class='ocrx_word' id='word_1_289' title='bbox 154 2013 223 2046; x_wconf 91' lang='lat' dir='ltr'>scolam</span> <span class='ocrx_word' id='word_1_290' title='bbox 236 2012 255 2046; x_wconf 93' lang='lat' dir='ltr'>in</span> <span class='ocrx_word' id='word_1_291' title='bbox 269 2023 306 2057; x_wconf 87' lang='lat' dir='ltr'>qua</span> <span class='ocrx_word' id='word_1_292' title='bbox 321 2013 373 2057; x_wconf 92' lang='lat' dir='ltr'>pueri</span> <span class='ocrx_word' id='word_1_293' title='bbox 389 2013 454 2047; x_wconf 90' lang='lat' dir='ltr'>litteris</span> <span class='ocrx_word' id='word_1_294' title='bbox 468 2013 594 2056; x_wconf 87' lang='lat' dir='ltr'>erudirentur;</span> <span class='ocrx_word' id='word_1_295' title='bbox 613 2013 687 2047; x_wconf 87' lang='lat' dir='ltr'>iuuante</span> <span class='ocrx_word' id='word_1_296' title='bbox 702 2018 765 2047; x_wconf 83' lang='lat' dir='ltr'>sancto</span> 
     </span>
     <span class='ocr_line' id='line_1_34' title="bbox 63 2064 765 2111; baseline 0.004 -13"><span class='ocrx_word' id='word_1_297' title='bbox 63 2064 124 2099; x_wconf 86' lang='lat' dir='ltr'>Felice</span> <span class='ocrx_word' id='word_1_298' title='bbox 136 2065 228 2110; x_wconf 90' lang='lat' dir='ltr'>episcopo,</span> <span class='ocrx_word' id='word_1_299' title='bbox 241 2065 309 2110; x_wconf 84' lang='lat' dir='ltr'>quem³</span> <span class='ocrx_word' id='word_1_300' title='bbox 321 2067 344 2100; x_wconf 92' lang='lat' dir='ltr'>de</span> <span class='ocrx_word' id='word_1_301' title='bbox 358 2066 426 2101; x_wconf 85' lang='lat' dir='ltr'>Cancia</span> <span class='ocrx_word' id='word_1_302' title='bbox 440 2072 542 2111; x_wconf 85' lang='lat' dir='ltr'>acceperat.</span> <span class='ocrx_word' id='word_1_303' title='bbox 564 2066 634 2101; x_wconf 91' lang='lat' dir='ltr'>Verum</span> <span class='ocrx_word' id='word_1_304' title='bbox 648 2067 692 2101; x_wconf 89' lang='lat' dir='ltr'>dum</span> <span class='ocrx_word' id='word_1_305' title='bbox 705 2066 765 2101; x_wconf 89' lang='lat' dir='ltr'>adhuc</span> 
     </span>
     <span class='ocr_line' id='line_1_35' title="bbox 63 2117 764 2163; baseline 0.003 -11"><span class='ocrx_word' id='word_1_306' title='bbox 63 2117 158 2162; x_wconf 87' lang='lat' dir='ltr'>Sigbertus</span> <span class='ocrx_word' id='word_1_307' title='bbox 167 2119 219 2163; x_wconf 85' lang='lat' dir='ltr'>regni</span> <span class='ocrx_word' id='word_1_308' title='bbox 226 2119 292 2153; x_wconf 87' lang='lat' dir='ltr'>insulas</span> <span class='ocrx_word' id='word_1_309' title='bbox 300 2125 377 2162; x_wconf 88' lang='lat' dir='ltr'>teneret,</span> <span class='ocrx_word' id='word_1_310' title='bbox 384 2121 448 2154; x_wconf 92' lang='lat' dir='ltr'>crebro</span> <span class='ocrx_word' id='word_1_311' title='bbox 453 2120 511 2154; x_wconf 83' lang='lat' dir='ltr'>sancti</span> <span class='ocrx_word' id='word_1_312' title='bbox 517 2120 583 2155; x_wconf 87' lang='lat' dir='ltr'>Felicis</span> <span class='ocrx_word' id='word_1_313' title='bbox 590 2120 660 2155; x_wconf 89' lang='lat' dir='ltr'>monitu</span> <span class='ocrx_word' id='word_1_314' title='bbox 668 2120 687 2154; x_wconf 93' lang='lat' dir='ltr'>in</span> <span class='ocrx_word' id='word_1_315' title='bbox 695 2125 764 2154; x_wconf 89' lang='lat' dir='ltr'>tantum</span> 
     </span>
     <span class='ocr_line' id='line_1_36' title="bbox 63 2171 765 2218; baseline 0.003 -13"><span class='ocrx_word' id='word_1_316' title='bbox 63 2171 135 2206; x_wconf 89' lang='lat' dir='ltr'>celestis</span> <span class='ocrx_word' id='word_1_317' title='bbox 146 2172 198 2216; x_wconf 86' lang='lat' dir='ltr'>regni</span> <span class='ocrx_word' id='word_1_318' title='bbox 209 2178 279 2206; x_wconf 87' lang='lat' dir='ltr'>amator</span> <span class='ocrx_word' id='word_1_319' title='bbox 289 2172 348 2207; x_wconf 87' lang='lat' dir='ltr'>factus</span> <span class='ocrx_word' id='word_1_320' title='bbox 358 2179 391 2215; x_wconf 90' lang='lat' dir='ltr'>est,</span> <span class='ocrx_word' id='word_1_321' title='bbox 401 2179 420 2207; x_wconf 95' lang='lat' dir='ltr'>vt</span> <span class='ocrx_word' id='word_1_322' title='bbox 432 2174 495 2207; x_wconf 91' lang='lat' dir='ltr'>relicto</span> <span class='ocrx_word' id='word_1_323' title='bbox 506 2185 564 2218; x_wconf 84' lang='lat' dir='ltr'>regno</span> <span class='ocrx_word' id='word_1_324' title='bbox 575 2173 706 2207; x_wconf 89' lang='lat' dir='ltr'>monasterium</span> <span class='ocrx_word' id='word_1_325' title='bbox 716 2175 765 2217; x_wconf 91' lang='lat' dir='ltr'>quod</span> 
     </span>
     <span class='ocr_line' id='line_1_37' title="bbox 62 2223 792 2269; baseline 0.005 -12"><span class='ocrx_word' id='word_1_326' title='bbox 62 2223 97 2257; x_wconf 88' lang='lat' dir='ltr'>sibi</span> <span class='ocrx_word' id='word_1_327' title='bbox 114 2224 200 2267; x_wconf 55' lang='lat' dir='ltr'>seceraffl,</span> <span class='ocrx_word' id='word_1_328' title='bbox 215 2230 291 2269; x_wconf 89' lang='lat' dir='ltr'>accepta</span> <span class='ocrx_word' id='word_1_329' title='bbox 309 2231 391 2267; x_wconf 91' lang='lat' dir='ltr'>tonsura,</span> <span class='ocrx_word' id='word_1_330' title='bbox 407 2226 481 2260; x_wconf 89' lang='lat' dir='ltr'>Christo</span> <span class='ocrx_word' id='word_1_331' title='bbox 499 2226 609 2261; x_wconf 83' lang='lat' dir='ltr'>militaturus</span> <span class='ocrx_word' id='word_1_332' title='bbox 627 2226 707 2260; x_wconf 87' lang='lat' dir='ltr'>intraret.</span> <span class='ocrx_word' id='word_1_333' title='bbox 736 2227 765 2261; x_wconf 93' lang='lat' dir='ltr'>De</span> <span class='ocrx_word' id='word_1_334' title='bbox 774 2239 792 2269; x_wconf 79' lang='lat'>³5</span> 
     </span>
     <span class='ocr_line' id='line_1_38' title="bbox 63 2273 765 2323; baseline 0.004 -13"><span class='ocrx_word' id='word_1_335' title='bbox 63 2277 144 2310; x_wconf 89' lang='lat' dir='ltr'>martirio</span> <span class='ocrx_word' id='word_1_336' title='bbox 154 2288 199 2311; x_wconf 88' lang='lat' dir='ltr'>vero</span> <span class='ocrx_word' id='word_1_337' title='bbox 211 2277 294 2312; x_wconf 89' lang='lat' dir='ltr'>eiusdem</span> <span class='ocrx_word' id='word_1_338' title='bbox 305 2279 355 2323; x_wconf 82' lang='lat' dir='ltr'>regis</span> <span class='ocrx_word' id='word_1_339' title='bbox 366 2278 385 2312; x_wconf 95' lang='lat' dir='ltr'>in</span> <span class='ocrx_word' id='word_1_340' title='bbox 396 2278 434 2313; x_wconf 89' lang='lat' dir='ltr'>vita</span> <span class='ocrx_word' id='word_1_341' title='bbox 445 2279 503 2313; x_wconf 89' lang='lat' dir='ltr'>saneti</span> <span class='ocrx_word' id='word_1_342' title='bbox 516 2279 580 2313; x_wconf 86' lang='lat' dir='ltr'>Fursei</span> <span class='ocrx_word' id='word_1_343' title='bbox 588 2278 681 2313; x_wconf 77' lang='lat' dir='ltr'>habetur⁵.</span> <span class='ocrx_word' id='word_1_344' title='bbox 724 2273 765 2314; x_wconf 84' lang='lat' dir='ltr'>Ac·</span> 
     </span>
     <span class='ocr_line' id='line_1_39' title="bbox 62 2330 765 2377; baseline 0.006 -13"><span class='ocrx_word' id='word_1_345' title='bbox 62 2330 110 2374; x_wconf 87' lang='lat' dir='ltr'>cepit</span> <span class='ocrx_word' id='word_1_346' title='bbox 116 2335 177 2365; x_wconf 89' lang='lat' dir='ltr'>autern</span> <span class='ocrx_word' id='word_1_347' title='bbox 182 2336 257 2365; x_wconf 90' lang='lat' dir='ltr'>sanctus</span> <span class='ocrx_word' id='word_1_348' title='bbox 264 2331 316 2365; x_wconf 89' lang='lat' dir='ltr'>Felix</span> <span class='ocrx_word' id='word_1_349' title='bbox 323 2332 387 2366; x_wconf 90' lang='lat' dir='ltr'>sedem</span> <span class='ocrx_word' id='word_1_350' title='bbox 394 2332 511 2377; x_wconf 89' lang='lat' dir='ltr'>episcopatus</span> <span class='ocrx_word' id='word_1_351' title='bbox 519 2332 537 2366; x_wconf 94' lang='lat' dir='ltr'>in</span> <span class='ocrx_word' id='word_1_352' title='bbox 543 2332 615 2366; x_wconf 86' lang='lat' dir='ltr'>ciuitate</span> <span class='ocrx_word' id='word_1_353' title='bbox 622 2331 714 2366; x_wconf 89' lang='lat' dir='ltr'>Dommok</span> <span class='ocrx_word' id='word_1_354' title='bbox 720 2332 737 2377; x_wconf 75' lang='lat'>⁵3</span> <span class='ocrx_word' id='word_1_355' title='bbox 747 2339 765 2368; x_wconf 87' lang='lat' dir='ltr'>et</span> 
     </span>
     <span class='ocr_line' id='line_1_40' title="bbox 62 2385 765 2430; baseline 0.009 -13"><span class='ocrx_word' id='word_1_356' title='bbox 62 2392 104 2418; x_wconf 83' lang='lat' dir='ltr'>cum</span> <span class='ocrx_word' id='word_1_357' title='bbox 116 2385 181 2419; x_wconf 88' lang='lat' dir='ltr'>decem</span> <span class='ocrx_word' id='word_1_358' title='bbox 192 2389 209 2419; x_wconf 90' lang='lat' dir='ltr'>et</span> <span class='ocrx_word' id='word_1_359' title='bbox 220 2389 292 2429; x_wconf 91' lang='lat' dir='ltr'>septem</span> <span class='ocrx_word' id='word_1_360' title='bbox 304 2385 357 2420; x_wconf 91' lang='lat' dir='ltr'>annis</span> <span class='ocrx_word' id='word_1_361' title='bbox 365 2385 425 2420; x_wconf 90' lang='lat' dir='ltr'>eidem</span> <span class='ocrx_word' id='word_1_362' title='bbox 435 2386 530 2430; x_wconf 91' lang='lat' dir='ltr'>prouincie</span> <span class='ocrx_word' id='word_1_363' title='bbox 540 2385 643 2430; x_wconf 82' lang='lat' dir='ltr'>prefuisset,</span> <span class='ocrx_word' id='word_1_364' title='bbox 651 2391 715 2420; x_wconf 88' lang='lat' dir='ltr'>octauo</span> <span class='ocrx_word' id='word_1_365' title='bbox 723 2386 765 2423; x_wconf 87' lang='lat' dir='ltr'>idus</span> 
     </span>
     <span class='ocr_line' id='line_1_41' title="bbox 62 2436 765 2483; baseline 0.007 -14"><span class='ocrx_word' id='word_1_366' title='bbox 62 2436 125 2470; x_wconf 85' lang='lat' dir='ltr'>marcii</span> <span class='ocrx_word' id='word_1_367' title='bbox 140 2437 206 2481; x_wconf 89' lang='lat' dir='ltr'>plenus</span> <span class='ocrx_word' id='word_1_368' title='bbox 221 2437 275 2471; x_wconf 90' lang='lat' dir='ltr'>bonis</span> <span class='ocrx_word' id='word_1_369' title='bbox 290 2438 378 2481; x_wconf 87' lang='lat' dir='ltr'>operibus</span> <span class='ocrx_word' id='word_1_370' title='bbox 393 2438 412 2472; x_wconf 91' lang='lat' dir='ltr'>in</span> <span class='ocrx_word' id='word_1_371' title='bbox 428 2449 474 2483; x_wconf 89' lang='lat' dir='ltr'>pace</span> <span class='ocrx_word' id='word_1_372' title='bbox 489 2438 562 2483; x_wconf 87' lang='lat' dir='ltr'>quieuit,</span> <span class='ocrx_word' id='word_1_373' title='bbox 578 2443 596 2472; x_wconf 89' lang='lat' dir='ltr'>et</span> <span class='ocrx_word' id='word_1_374' title='bbox 610 2438 629 2472; x_wconf 91' lang='lat' dir='ltr'>in</span> <span class='ocrx_word' id='word_1_375' title='bbox 644 2439 709 2473; x_wconf 90' lang='lat' dir='ltr'>eodem</span> <span class='ocrx_word' id='word_1_376' title='bbox 724 2440 765 2474; x_wconf 90' lang='lat' dir='ltr'>loco</span> 
     </span>
     <span class='ocr_line' id='line_1_42' title="bbox 62 2489 794 2536; baseline 0.007 -14"><span class='ocrx_word' id='word_1_377' title='bbox 62 2489 136 2532; x_wconf 83' lang='lat' dir='ltr'>sepeliri</span> <span class='ocrx_word' id='word_1_378' title='bbox 148 2491 219 2524; x_wconf 91' lang='lat' dir='ltr'>meruit.</span> <span class='ocrx_word' id='word_1_379' title='bbox 243 2490 321 2525; x_wconf 87' lang='lat' dir='ltr'>Euoluto</span> <span class='ocrx_word' id='word_1_380' title='bbox 333 2496 394 2525; x_wconf 91' lang='lat' dir='ltr'>autern</span> <span class='ocrx_word' id='word_1_381' title='bbox 406 2491 466 2536; x_wconf 91' lang='lat' dir='ltr'>aliquo</span> <span class='ocrx_word' id='word_1_382' title='bbox 477 2496 565 2536; x_wconf 89' lang='lat' dir='ltr'>tempore,</span> <span class='ocrx_word' id='word_1_383' title='bbox 577 2491 713 2527; x_wconf 87' lang='lat' dir='ltr'>sanctissimum</span> <span class='ocrx_word' id='word_1_384' title='bbox 725 2493 765 2529; x_wconf 93' lang='lat' dir='ltr'>eius</span> <span class='ocrx_word' id='word_1_385' title='bbox 774 2507 794 2536; x_wconf 66' lang='lat' dir='ltr'>qo</span> 
     </span>
     <span class='ocr_line' id='line_1_43' title="bbox 82 2562 764 2606; baseline 0.007 -14"><span class='ocrx_word' id='word_1_386' title='bbox 82 2562 87 2580; x_wconf 80' lang='lat'>¹</span> <span class='ocrx_word' id='word_1_387' title='bbox 98 2564 122 2592; x_wconf 90' lang='lat' dir='ltr'>ed.</span> <span class='ocrx_word' id='word_1_388' title='bbox 130 2564 146 2592; x_wconf 93' lang='lat' dir='ltr'>in</span> <span class='ocrx_word' id='word_1_389' title='bbox 153 2564 188 2594; x_wconf 82' lang='lat' dir='ltr'>Act.</span> <span class='ocrx_word' id='word_1_390' title='bbox 197 2564 226 2594; x_wconf 88' lang='lat' dir='ltr'>SS.</span> <span class='ocrx_word' id='word_1_391' title='bbox 234 2564 274 2594; x_wconf 88' lang='lat' dir='ltr'>Boll.</span> <span class='ocrx_word' id='word_1_392' title='bbox 284 2565 338 2595; x_wconf 86' lang='lat' dir='ltr'>March</span> <span class='ocrx_word' id='word_1_393' title='bbox 346 2566 358 2595; x_wconf 90' lang='lat' dir='ltr'>l.</span> <span class='ocrx_word' id='word_1_394' title='bbox 366 2576 382 2604; x_wconf 88' lang='lat' dir='ltr'>p.</span> <span class='ocrx_word' id='word_1_395' title='bbox 389 2576 428 2604; x_wconf 74' lang='lat'>779:</span> <span class='ocrx_word' id='word_1_396' title='bbox 439 2566 523 2606; x_wconf 77' lang='lat' dir='ltr'>expanded</span> <span class='ocrx_word' id='word_1_397' title='bbox 531 2566 569 2596; x_wconf 80' lang='lat' dir='ltr'>from</span> <span class='ocrx_word' id='word_1_398' title='bbox 578 2566 627 2602; x_wconf 89' lang='lat' dir='ltr'>Beda,</span> <span class='ocrx_word' id='word_1_399' title='bbox 635 2567 657 2603; x_wconf 96' lang='lat' dir='ltr'>ll,</span> <span class='ocrx_word' id='word_1_400' title='bbox 664 2576 691 2604; x_wconf 78' lang='lat' dir='ltr'>r5;</span> <span class='ocrx_word' id='word_1_401' title='bbox 702 2568 732 2604; x_wconf 92' lang='lat' dir='ltr'>lll,</span> <span class='ocrx_word' id='word_1_402' title='bbox 740 2571 764 2599; x_wconf 76' lang='grc' dir='ltr'>ιθ.</span> 
     </span>
    </p>
   </div>
   <div class='ocr_carea' id='block_1_4' title="bbox 61 2599 763 2684">
    <p class='ocr_par' dir='ltr' id='par_1_4' title="bbox 61 2599 763 2684">
     <span class='ocr_line' id='line_1_44' title="bbox 61 2599 763 2641; baseline 0.01 -10"><span class='ocrx_word' id='word_1_403' title='bbox 61 2599 89 2631; x_wconf 53' lang='lat' dir='ltr'>ir,</span> <span class='ocrx_word' id='word_1_404' title='bbox 97 2603 169 2640; x_wconf 85' lang='lat' dir='ltr'>flagrans.</span> <span class='ocrx_word' id='word_1_405' title='bbox 209 2605 302 2641; x_wconf 72' lang='lat' dir='ltr'>³E.quam.</span> <span class='ocrx_word' id='word_1_406' title='bbox 343 2605 447 2636; x_wconf 76' lang='lat' dir='ltr'>⁴E.seceret.</span> <span class='ocrx_word' id='word_1_407' title='bbox 487 2606 568 2637; x_wconf 77' lang='lat' dir='ltr'>⁵T.vide.</span> <span class='ocrx_word' id='word_1_408' title='bbox 608 2606 763 2639; x_wconf 77' lang='lat' dir='ltr'>“i.c.Dunwiehin</span> 
     </span>
     <span class='ocr_line' id='line_1_45' title="bbox 62 2640 395 2684; baseline 0.015 -15"><span class='ocrx_word' id='word_1_409' title='bbox 62 2640 122 2672; x_wconf 79' lang='lat' dir='ltr'>Sullolk</span> <span class='ocrx_word' id='word_1_410' title='bbox 130 2644 175 2683; x_wconf 85' lang='lat' dir='ltr'>(now</span> <span class='ocrx_word' id='word_1_411' title='bbox 181 2648 234 2682; x_wconf 85' lang='lat' dir='ltr'>swept</span> <span class='ocrx_word' id='word_1_412' title='bbox 241 2654 287 2682; x_wconf 86' lang='lat' dir='ltr'>away</span> <span class='ocrx_word' id='word_1_413' title='bbox 292 2644 314 2683; x_wconf 86' lang='lat' dir='ltr'>by</span> <span class='ocrx_word' id='word_1_414' title='bbox 321 2645 348 2674; x_wconf 86' lang='lat' dir='ltr'>the</span> <span class='ocrx_word' id='word_1_415' title='bbox 355 2649 395 2684; x_wconf 86' lang='lat' dir='ltr'>sca).</span> 
     </span>
    </p>
   </div>
   <div class='ocr_carea' id='block_1_5' title="bbox 0 0 886 2803">
    <p class='ocr_par' dir='ltr' id='par_1_5' title="bbox 0 0 886 2803">
     <span class='ocr_line' id='line_1_46' title="bbox 0 0 886 2803; baseline 0 0"><span class='ocrx_word' id='word_1_416' title='bbox 0 0 886 2803; x_wconf 95' lang='lat' dir='ltr'> </span> 
     </span>
    </p>
   </div>
  </div>
 </body>
</html>
