1762 2803
226 99 271 155 Dr
287 97 388 151 &ancta
403 97 545 159 tumuere.
705 113 735 155 99

32 222 81 255 enlm
95 220 146 253 Bana
157 219 185 254 vir
196 220 249 254 sortis
260 219 334 260 viribus,
348 225 366 255 et
379 219 434 254 totius
447 218 528 264 nequitie
540 224 628 253 executor
645 219 735 253 assiduus.

33 274 124 308 luthwara
130 272 181 317 virgo
189 273 208 307 in
216 278 320 307 sanctorum
328 272 419 315 natalitiis,
425 272 504 317 sumptis
512 283 575 307 secum
581 272 640 315 sociis,
645 272 735 307 interesse

33 326 99 361 diuinis
110 326 186 369 curauit,
198 331 261 362 noctes
269 326 368 372 peruigiles
380 327 460 371 ducens;
472 326 557 362 studebat
564 332 649 371 preterea
658 326 736 369 ieiuniis,

33 380 144 415 orationibus
151 387 169 415 et
177 380 282 415 elemosinis
288 391 359 423 vacare,
365 385 384 415 vt
391 380 458 415 talibus
465 379 558 425 obsequiis
566 379 632 422 dedita,
639 379 736 414 illecebras

33 433 93 469 carnis
100 433 177 468 vincens
184 434 294 479 subiugaret⁴
318 433 391 468 Mortuo
398 434 473 469 tandem
483 438 536 477 patre
546 433 591 476 eius,
602 433 663 477 pallor
670 432 735 477 virgini
745 443 754 472 5

34 488 57 520 ob
63 486 135 531 vigilias
141 488 220 529 crebras,
226 486 626 531 ieiuniasolicitudinesqueindiesaugetur¹.
644 486 736 529 Malignus

34 540 89 583 igitur
98 539 154 572 totius
164 541 207 573 mali
217 540 301 574 incentor
312 549 410 574 nouercam
421 538 497 583 virginis
507 537 592 581 inritauit,
599 548 691 572 venenum
700 548 737 581 quo

34 603 75 626 eam
86 592 172 635 perderet
183 592 279 636 inspirans.
303 592 343 633 Que
357 602 457 636 suppresso
471 590 552 636 nequitie
564 591 607 626 dolo
622 596 640 626 et
653 595 737 626 materno

34 644 99 680 affectu
118 644 207 688 simulato,
221 645 311 690 virginem
326 652 407 680 sanctam
426 645 509 680 dulcibus
527 645 611 690 alloquiis
626 644 737 690 aggreditur,

34 698 111 733 causas²
121 699 196 743 palloris
207 700 307 743 inquirens.
330 699 427 741 luthwara,
439 698 483 733 nihil
496 698 539 733 mali
551 698 648 744 suspicata,
660 703 737 743 paterne
747 708 766 730 to

35 752 85 786 necis
93 752 223 787 detrimentum
235 752 356 797 conqueritur,
366 753 446 788 honores
456 752 511 787 huius
520 752 578 787 seculi
590 763 627 786 non
638 752 715 786 multum
726 763 737 786 a

35 817 55 840 se
67 805 123 849 diligi,
134 817 198 841 causas
212 806 239 841 sui
252 805 327 850 palloris
340 806 420 850 pectoris
431 806 505 840 dolores
517 806 587 840 asserit
610 805 653 839 Hiis
664 805 737 846 auditis,

35 869 115 892 nouerca
130 858 256 892 medicaminis
270 859 354 893 solatium
366 869 387 893 se
399 859 511 903 quesituram
526 858 623 900 mentitum
636 858 681 893 duas
695 869 737 903 par-

35 911 99 946 ticulas
116 911 195 946 recentis
216 912 264 947 casei
282 912 341 947 adhuc
360 913 444 948 stillantis
465 923 546 955 sumens,
565 922 622 956 super
640 917 738 957 vtramque

36 965 135 1000 mamillam
148 966 198 1001 eunti
213 967 236 1001 ad
252 966 348 1002 ecclesiam
366 978 436 1011 ponere
452 966 514 1007 suasit,
529 972 549 1001 vt
564 966 655 1001 medicina
668 966 700 1001 tali
715 968 738 1001 ab
748 975 766 1005 ¹5

36 1019 85 1053 omni
98 1019 178 1063 pectoris
192 1019 279 1064 languore
292 1019 377 1054 liberari³
392 1026 460 1064 posset.
483 1020 529 1055 Cum
544 1019 618 1054 monitis
632 1020 672 1054 eius
686 1019 738 1064 virgo

37 1072 115 1117 simplex
135 1072 259 1107 circumuenta
279 1079 334 1115 esset,
354 1073 424 1107 Banam
444 1073 561 1117 priuignum*
579 1083 658 1107 nouerca
677 1072 738 1114 adiitss,

37 1136 119 1159 sororem
127 1125 166 1159 eius
174 1131 295 1169 pregnantem
303 1131 392 1170 concepto
400 1126 437 1159 fetu
445 1126 538 1167 mentitur,
547 1130 601 1169 atque
612 1124 630 1159 in
641 1134 738 1168 argumen-

37 1183 75 1212 tum
87 1177 130 1211 fidei
141 1176 237 1211 interulam
250 1178 311 1223 puelle
322 1189 333 1212 a
344 1183 419 1223 pectore
431 1178 471 1213 eius
482 1177 579 1212 extrahere
592 1177 663 1219 suadet,
675 1177 739 1212 dicens

37 1241 78 1265 eam
93 1230 197 1275 profluente
215 1232 239 1266 de
257 1231 343 1266 mamillis
362 1232 408 1266 lacte
428 1231 519 1265 madidam
538 1230 582 1265 fore.
613 1231 649 1274 Qui
664 1231 739 1266 iuuenili
749 1241 769 1262 zo

37 1285 110 1319 leuitate
125 1285 219 1328 deceptus,
234 1295 317 1319 sororem
332 1285 355 1319 de
371 1284 449 1320 ecclesia
467 1285 592 1329 egredientem
611 1294 673 1319 coram
689 1284 739 1319 omni

38 1337 106 1382 populo
113 1338 208 1382 arripiens,
217 1339 241 1372 de
249 1349 285 1383 quo
293 1337 368 1383 grauida
375 1342 426 1373 esset
434 1338 533 1382 inquisiuit.
554 1338 638 1382 Cumque
645 1337 676 1372 illa
683 1342 739 1372 staret

38 1390 113 1425 attonita
126 1397 144 1425 et
157 1402 178 1425 se
189 1392 285 1435 grauidam
297 1396 378 1436 negaret,
390 1391 487 1425 interulam
503 1390 548 1432 eius,
561 1396 580 1425 vt
596 1390 666 1425 doctus·
675 1390 740 1433 suerat,

38 1443 121 1478 extraxit.
155 1444 214 1486 Quam
233 1445 325 1478 madidam
344 1443 446 1484 inueniens,
465 1444 534 1487 impetu
552 1443 619 1477 furoris
637 1444 740 1477 inconsulte

40 1496 117 1540 agitatus
132 1497 212 1541 gladium
228 1497 307 1531 extraxit
321 1492 341 1531 et
355 1496 458 1531 innocentis
473 1501 527 1540 caput
541 1495 619 1540 virginis
633 1496 740 1540 amputauit.
750 1507 769 1536 ²5

40 1549 78 1584 Nec
93 1559 150 1591 mora,
163 1549 215 1593 virgo
230 1554 294 1584 sancta
309 1556 363 1594 caput
377 1549 474 1593 proprium
489 1549 528 1583 suis
542 1548 627 1583 manibus
642 1548 741 1593 acctpiens,

40 1602 62 1636 de
75 1606 124 1637 terra
137 1602 209 1645 leuauit,
221 1607 239 1637 et
252 1603 271 1636 in
285 1602 381 1637 ecclesiam
394 1603 444 1637 vnde
457 1602 532 1641 exierat,
546 1602 654 1637 mirantibus
665 1602 741 1645 cunctis,

40 1655 130 1690 inoffenso
140 1656 198 1699 gradu
211 1656 295 1699 portauit.
317 1656 348 1689 Ad
365 1656 520 1699 comprobandam
536 1654 601 1690 dilecte
612 1655 692 1690 martiris
708 1666 741 1690 sue

40 1708 160 1750 sanctitatem,
168 1708 259 1751 benignus
270 1709 317 1742 deus
325 1708 394 1742 sontem
402 1708 488 1741 continuo
496 1709 520 1741 de
529 1714 580 1741 terra
591 1718 688 1751 erumpere
700 1708 742 1743 t'ecit

39 1759 69 1794 vbi
84 1760 192 1795 innocenter
206 1765 318 1805 amputatum
332 1760 400 1806 [caput]
416 1760 492 1803 cecidit;
508 1766 526 1795 et
538 1770 595 1805 super
606 1760 675 1796 sontem
688 1761 742 1795 arbor
751 1770 771 1798 30

40 1814 119 1857 quedam
127 1813 214 1848 diuinitus
222 1825 306 1849 crescere
313 1815 367 1858 cepit.
390 1813 463 1858 Elapsis
470 1819 512 1858 post
520 1813 554 1848 hec
562 1813 616 1849 annis
624 1813 691 1856 multis,
698 1825 743 1849 con·

41 1866 80 1910 tigit
91 1868 175 1901 arborem
187 1866 236 1900 illam
248 1867 305 1901 nimio
316 1873 413 1902 ventorum
425 1867 469 1901 flatu
481 1877 539 1912 super
550 1867 626 1902 domum
639 1868 742 1912 proximam

41 1921 111 1962 cadere,
119 1931 250 1964 ramorumque
262 1920 302 1955 eius
313 1921 404 1955 densitate
415 1919 530 1965 ingrediendi
542 1919 646 1955 facultatem
657 1921 743 1955 omnibus

41 1972 138 2017 denegare.
161 1973 243 2017 Cumque
258 1973 345 2007 dominus
360 1974 426 2007 domus
439 1984 480 2007 eam
494 1972 551 2006 ramis
564 1972 637 2016 priuare
649 1973 743 2015 niteretur,

42 2026 102 2059 statim
116 2025 202 2059 diuinitus
216 2029 276 2058 erecta
289 2025 375 2059 iuuenem
387 2035 451 2060 secum
465 2025 484 2060 in
497 2025 554 2060 altum
570 2025 615 2066 tulit,
628 2025 659 2069 qui
675 2025 744 2061 herens
752 2035 772 2064 35

42 2075 59 2110 in
71 2088 127 2120 ramo,
140 2088 195 2123 quem
207 2077 315 2113 abscindere
326 2084 406 2123 ceperat,
417 2078 488 2114 vicinos
499 2079 522 2113 ad
534 2078 622 2113 auxillum
634 2079 744 2114 clamoribus

42 2129 129 2166 inuitauit.
152 2131 187 2173 Qui
199 2131 295 2165 confestim
306 2136 429 2172 accurrentes,
439 2137 457 2165 et
466 2132 534 2175 gratias
545 2132 580 2166 deo
591 2136 673 2175 agentes,
680 2137 744 2167 sancte

44 2181 134 2218 luthware
142 2182 212 2219 meritis
220 2182 254 2218 hoc
262 2183 370 2228 prouenisse
379 2184 491 2219 asserebant.
533 2177 583 2221 Cum
591 2185 658 2220 mulier
665 2186 744 2231 quedam

43 2235 99 2271 lilium
111 2242 149 2272 toto
161 2248 237 2282 corpore
249 2237 328 2272 debilem
339 2237 449 2282 peperisset,
458 2238 562 2282 pervisum
573 2238 668 2273 admonita
681 2246 745 2275 sancte

43 2289 118 2334 virginis
137 2291 255 2335 sepulchrum
274 2290 323 2332 adiit,
339 2295 358 2324 et
376 2290 433 2323 iillum
453 2291 524 2325 sanitati
543 2291 647 2327 restitutum
662 2293 774 2336 gaudensto

44 2343 117 2387 recepit,
169 2336 228 2378 Miles
243 2344 318 2388 quidam
333 2344 408 2377 claudus
423 2348 442 2377 et
456 2343 525 2378 baculis
540 2343 612 2378 duobus
627 2350 745 2385 sustentatus,

45 2395 66 2428 ad
85 2397 202 2440 sepulchrum
221 2402 284 2430 sancte
302 2396 379 2439 virginis
397 2395 487 2429 deuotus⁶
505 2396 594 2429 accessit:
612 2401 630 2429 et
648 2397 745 2440 gressibus

45 2449 137 2491 reparatis,
146 2458 187 2483 cum
195 2449 260 2491 salute,
267 2447 335 2493 gratias
342 2449 377 2482 deo
384 2459 442 2493 agens
449 2448 472 2482 ad
480 2458 513 2483 sua
521 2448 578 2484 rediit.

45 2530 185 2584 stringentur,
218 2533 326 2572 ”Eatquee
356 2534 392 2565 ³13.
400 2534 471 2564 liberare.
502 2533 642 2572 *upreutgnunc
672 2534 746 2566 ἰωὴ,

61 2570 78 2601 Ε.
85 2573 153 2611 deuote,
163 2574 181 2604 Τ,
189 2574 261 2605 deuotus.

382 2634 415 2658 fla
