1762 2803
125 155 168 185 roo
314 143 394 195 lllsshfl
409 140 525 203 llssssssllssfl
540 140 632 204 llllsslle.

123 263 204 298 visiones
219 261 288 297 habere
303 255 498 298 meruit.-—¹lnueni
514 263 604 308 siquidem
620 274 631 297 a
646 262 728 307 patribus
743 264 823 310 antiquis

123 316 215 351 nonnullis
223 315 241 350 in
249 316 294 350 locis
302 316 396 360 scriptum,
404 318 453 359 quod
461 317 480 350 in
489 316 574 350 comitatu
583 316 662 358 oxonie,
670 317 688 350 in
696 317 739 350 villa
748 318 823 352 nomine

123 369 229 410 Cometoun,
240 369 327 403 veniente
340 370 394 403 beato
405 369 509 413 Augustino
523 370 546 404 ad
559 369 696 413 predicandum,
708 370 785 404 accessit
800 372 823 405 ad

123 434 165 457 eum
176 422 267 467 presbiter
278 422 360 456 eiusdem
372 422 420 464 ville,
433 422 508 457 dicens:
524 422 594 465 ‘Pater‚
605 421 689 457 dominus
701 421 754 457 huius
766 423 823 467 fundi,

105 486 167 519 ,qsepe
179 486 189 508 a
201 485 231 508 mc
241 475 326 516 monitus,
339 475 420 509 decimas
433 486 471 508 non
483 475 548 509 soluit:
565 475 616 509 illum
629 475 792 519 excommunicaui,
806 482 823 511 et

122 527 180 571 magis
192 526 303 560 obstinatum
314 527 399 569 repperi!
422 527 456 560 Cui
467 528 524 561 accito
535 527 651 569 Augustinus
663 527 720 561 dixit:
733 529 781 562 ‘Cur
792 530 823 563 de-

123 580 185 620 cimas,
193 578 224 619 fin,
233 579 267 612 deo
275 584 293 612 et
302 579 378 612 ecclesie
386 589 423 612 non
435 579 509 613 reddis?
533 579 597 613 Nescis
605 579 648 623 quia
655 579 727 613 decime
735 590 771 614 non
780 586 823 615 sunt

121 637 151 667 tue
160 633 193 666 sed
201 631 252 665 dei?’
276 630 299 664 Et
310 631 374 665 miles:
387 631 444 673 ‘Quis
455 636 524 665 terram
532 632 587 666 coluit
599 638 629 666 aut
639 632 749 667 seminauitl
761 643 823 668 nonne

121 689 167 729 ego?
190 685 252 720 Sciant
264 695 328 719 omnes
338 685 380 729 quia
393 685 433 719 eius
444 685 478 719 erit
490 684 572 720 decimus
586 685 689 730 manipulus
703 684 754 720 cuius
770 691 823 721 erunt

94 748 112 768 πο
121 745 139 772 et
147 740 224 773 nouem!
247 739 271 772 Et
278 749 379 772 conuersus
389 739 412 772 ad
421 738 478 772 altare
488 738 608 782 Augustinus,
615 744 635 773 vt
646 739 753 782 celebraret,
761 750 823 774 coram

122 792 207 826 omnibus
218 791 274 825 dixit:
287 791 380 835 ‘Precipio
391 802 415 825 ne
424 790 490 835 aliquis
499 791 668 826 excommunicatus
676 792 733 826 misse
741 791 822 826 intersit?

122 845 163 887 Quo
178 845 231 886 dicto,
243 843 263 876 in
278 843 318 887 ipso
333 844 407 876 introitu
420 844 498 877 ecclesie
513 846 592 878 cadauer
605 845 697 887 sepultum
710 856 731 879 se
744 844 823 888 crigens,

121 896 165 931 exiit
181 903 199 931 et
214 896 307 930 immobile
322 896 341 929 in
357 896 445 930 cimiterio
460 896 515 931 stetit.
540 895 585 930 Cuil
599 896 714 941 Augustinus
733 897 823 931 accedens

123 949 176 984 dixit:
189 948 282 992 ‘Precipio
295 949 328 982 tibi
343 948 362 982 in
375 948 449 983 nomine
461 949 531 983 domini
543 955 562 983 vt
574 949 645 983 indices
656 949 712 983 michi
723 950 777 993 quis³
787 949 823 983 sis!

95 1014 113 1045 15
123 1003 145 1036 Et
160 1003 201 1036 ille:
219 1002 273 1046 ‘Ego‚
285 1001 348 1045 inquit¹
363 1007 447 1046 tempore
460 1002 556 1035 Britonum
568 1001 623 1036 huius
635 1001 678 1037 ville
692 1007 779 1045 patronus
792 1002 823 1044 sui,

122 1062 140 1090 ct
152 1056 193 1090 licet
205 1055 267 1099 sepius
279 1064 290 1089 a
301 1054 404 1098 presbitero
415 1055 501 1096 monitus,
515 1054 595 1089 decimas
608 1064 658 1088 meas
670 1065 763 1098 nunquam
776 1054 823 1089 dedii

122 1109 205 1142 Tandem
220 1107 389 1142 excommunicatus
401 1113 483 1141 mortuus
495 1118 541 1150 sum,
553 1112 572 1141 et
586 1107 605 1141 in
621 1107 713 1142 infernum
726 1108 823 1142 detrusus!

122 1161 236 1195 Procedente
244 1166 305 1194 autem
314 1161 403 1194 cadauere
414 1166 502 1204 precepto
509 1160 544 1194 viri
552 1160 607 1194 delet
619 1161 679 1194 locum
687 1160 754 1205 sepulti
763 1170 823 1195 sacer·

121 1215 168 1248 dotis
182 1213 296 1261 ostendente,
310 1212 334 1247 ait
344 1213 469 1257 Augustinus:
489 1213 522 1247 ‘Vt
535 1214 593 1247 sciant
608 1224 673 1247 omnes
686 1213 729 1257 quia
742 1224 792 1248 mors
805 1220 823 1248 et

94 1281 112 1302 ²0
120 1267 166 1301 vita*
174 1267 193 1300 in
204 1266 288 1300 manibus
300 1266 330 1299 dei
342 1271 389 1306 sunt,
397 1267 427 1300 cui
439 1266 495 1300 nichil
507 1272 535 1300 est
546 1267 665 1310 impossibile,
674 1266 693 1301 in
701 1267 741 1300 eius
748 1266 823 1300 nomine

121 1330 181 1363 surge,
189 1329 236 1361 opus
244 1318 294 1351 enim
302 1322 319 1350 te
330 1318 430 1352 habemus!
454 1319 495 1359 Quo
503 1319 526 1352 dc
533 1319 604 1352 tumulo
614 1324 721 1362 resurgente
732 1324 750 1351 et
761 1330 823 1352 coram

121 1371 206 1406 omnibus
221 1375 286 1411 stante,
299 1370 345 1403 dixit
359 1369 388 1404 vir
403 1370 444 1404 dei:
464 1370 576 1414 ‘Cognoscis
590 1369 651 1411 istum,
665 1369 742 1404 frateri’
759 1371 823 1413 ‘Noui

121 1424 184 1468 inquit,
193 1428 210 1457 et
217 1423 287 1457 vtinam
298 1434 336 1456 non
347 1422 453 1456 nouissemt
478 1423 500 1456 In
510 1423 596 1457 omnibus
605 1422 655 1456 enim
662 1422 740 1456 ecclesie
748 1433 824 1466 semper

121 1477 180 1511 extitit
191 1476 303 1510 decimarum
315 1473 401 1516 retentor,
410 1481 428 1509 et
439 1475 537 1509 multorum
548 1476 658 1519 flagitiorum
669 1486 727 1518 Vsque
739 1477 762 1509 ad
774 1476 823 1509 diem

95 1531 205 1573 25vlt1mum
220 1530 345 1572 perpetrator.¹
368 1528 402 1562 Cui
413 1528 540 1572 Augustinus:
557 1528 626 1569 ‘Nosti
641 1527 701 1570 frater,
714 1528 757 1572 quia
770 1528 823 1563 mise·

117 1584 180 1617 ricors
189 1588 217 1616 est
225 1582 281 1623 deus3
293 1583 342 1614 vnde
350 1587 368 1614 et
377 1591 411 1614 nos
420 1581 494 1615 miseri⁵
502 1586 584 1615 creature
592 1586 610 1615 et
618 1580 692 1625 imagini
700 1581 730 1615 dei
738 1592 773 1625 que
784 1581 823 1616 eius

123 1636 212 1680 sanguine
224 1635 318 1679 redempta
330 1639 363 1675 est,
372 1634 415 1679 quea
427 1634 496 1668 tamdiu
508 1645 567 1678 penas
577 1633 643 1668 inferni
653 1633 743 1676 sustinuit,
752 1638 823 1678 oportet

123 1688 216 1723 misereri?
238 1687 290 1721 Tunc
303 1687 377 1721 tradidit
391 1687 407 1720 ei
421 1688 519 1731 flagellum,
532 1693 550 1721 et
564 1687 617 1721 flexis
629 1692 672 1720 ante
685 1697 727 1720 eum
740 1687 823 1730 genibus,

123 1740 237 1776 absolutione
244 1739 329 1773 flebiliter
336 1740 398 1783 petita,
406 1745 489 1776 mortuus
497 1745 590 1773 mortuum
601 1740 695 1774 relaxauit.
718 1740 759 1782 Quo
770 1741 823 1774 abso-

95 1808 114 1838 30
123 1795 165 1836 luto,
177 1793 260 1837 precepit
271 1792 387 1836 Augustinus
397 1793 451 1837 vtad
462 1793 582 1835 sepulchrum
594 1792 662 1826 rediret
674 1797 692 1826 et
703 1792 752 1826 diem
763 1791 823 1828 iudicii

123 1850 233 1891 expectaret.
257 1845 292 1887 Qui
304 1846 327 1878 ad
338 1845 457 1889 sepulchrum
468 1856 561 1888 reuersus,
569 1855 613 1878 mox
621 1844 640 1878 in
648 1844 730 1879 cinerem
739 1850 766 1879 est
774 1856 823 1879 reso·

122 1900 175 1932 lutus.
204 1898 257 1931 Tunc
276 1898 300 1930 ait
319 1898 422 1940 presbitero
441 1898 567 1940 Augustinus:
590 1898 673 1939 ‘Quanto
691 1903 775 1941 tempore
794 1899 823 1932 hic

122 1949 212 1986 iacuisti?’
235 1950 258 1983 Et
266 1950 307 1984 ille:
320 1949 408 1983 ‘Centum
420 1949 552 1994 quinquaginta
561 1950 615 1984 annis
624 1949 739 1994 etamplius!
762 1950 767 1967 ⁴
774 1950 823 1992 Quo·

122 2006 182 2048 modoy
198 2003 256 2047 inquit
274 2003 395 2046 Augustinus,
410 2004 505 2047 hucusque
524 2002 595 2037 suistit’
623 2001 736 2046 Respondit:
756 2003 823 2043 ‘Bene¹

93 2063 175 2102 35pater
193 2061 261 2098 sancte,
280 2061 298 2090 et
316 2055 335 2089 in
355 2061 418 2089 eterne
436 2056 473 2090 vite
492 2055 572 2090 deliciis'
600 2054 674 2096 ‘Visne,
689 2055 719 2097 ait,
733 2060 753 2090 vt
771 2067 822 2090 orem

122 2110 216 2145 dominum
228 2108 314 2153 quatinus
329 2109 352 2142 ad
365 2119 399 2142 nos
411 2109 510 2143 reuertaris
522 2114 540 2143 et
549 2109 620 2143 animas
631 2120 642 2143 a
652 2108 724 2142 diabolo
736 2109 823 2153 deceptas

121 2164 217 2198 nobiscum
230 2162 342 2206 predicando
355 2162 378 2195 ad
391 2172 444 2195 suum
457 2167 559 2196 creatorem
573 2163 668 2195 reducasi’
697 2162 762 2196 ‘Absit
775 2173 786 2196 a
799 2167 822 2204 te,

121 2222 178 2259 pater,
191 2215 221 2256 ait,
233 2220 252 2249 vt
265 2225 296 2248 me
311 2225 321 2247 a
335 2213 396 2258 quiete
412 2224 454 2248 mea
465 2215 592 2258 perturbatum
607 2215 631 2248 ad
644 2214 701 2248 seculi
713 2215 822 2249 laboriosam

120 2270 176 2302 vitam
191 2267 247 2301 facias
264 2267 342 2300 reuerti.³
372 2267 424 2300 Tunc
442 2267 558 2310 Augustinus
577 2266 612 2300 ait:
633 2266 695 2300 ‘Vade
715 2267 823 2301 charissime

92 2331 112 2360 40
122 2321 182 2361 frater,
191 2325 209 2354 ct
220 2320 294 2364 quiesce
302 2319 321 2353 in
329 2330 380 2363 pacey
389 2324 406 2352 et
418 2330 450 2353 ora
461 2331 495 2363 pro
506 2330 536 2353 me
548 2324 566 2352 et
575 2319 662 2353 vniuersa
671 2319 749 2352 ecclesia
760 2325 823 2354 sancta

122 2374 161 2409 dei.’
185 2373 221 2415 Qui
236 2372 354 2416 sepulchrum
370 2372 446 2414 intrans,
459 2372 572 2406 incineratus
584 2377 617 2406 est.
639 2371 691 2405 Tunc
703 2372 755 2406 militi
767 2373 822 2407 aduo-

122 2432 161 2461 cato
167 2425 196 2462 vir
203 2426 233 2461 dei
241 2426 276 2460 ait:
289 2426 366 2460 ‘Adhuc
374 2425 425 2470 [non]
432 2426 461 2460 vis
469 2426 551 2460 decimas
559 2431 600 2459 tuas
608 2426 643 2459 deo
651 2426 734 2468 redderey
742 2425 768 2459 fili
776 2425 822 2460 mii’

122 2479 145 2513 Et
157 2484 239 2513 tremens
254 2479 308 2513 miles
321 2479 399 2523 procidit
413 2480 436 2513 ad
452 2480 510 2523 pedes
526 2479 570 2520 eius,
586 2478 633 2512 ilens
649 2484 667 2512 et
683 2484 754 2513 reatuin
768 2489 822 2513 suum

140 2554 146 2572 ¹
156 2552 232 2589 abridged
238 2553 278 2582 from
284 2553 312 2583 the
319 2553 409 2583 Chronicon
418 2553 451 2584 loh.
459 2553 541 2583 Bromtoni
550 2551 591 2592 (Act.
599 2552 628 2583 SS.
635 2552 674 2583 Boll.
681 2552 719 2590 llluy
723 2552 750 2584 Vl.
759 2562 774 2592 p.
780 2553 821 2592 392).

120 2593 153 2624 ξΤ,
162 2592 191 2623 Cui
200 2597 219 2623 et,
260 2592 293 2623 ΕΕ,
301 2593 331 2630 qui.
371 2592 445 2624 ⁴E.tua„
485 2593 590 2623 ³atmisere.
630 2593 663 2623 θΤ.
672 2603 701 2623 om.
709 2603 745 2631 que.
