1762 2803
255 89 301 146 bt
316 88 416 143 aaran
432 86 563 147 33333330.
719 101 763 146 333

62 221 123 255 peres,
128 211 230 246 secundum
238 211 286 255 quod
294 211 357 246 scribit
362 210 474 252 Bernardus,
479 210 579 245 clamarent
586 209 668 244 dicentes
675 220 680 243 z
692 207 766 242 ‘Ponti-

62 264 108 298 fices
114 264 126 305 ¹,
133 265 153 297 in
165 263 217 298 freno
225 264 269 308 quid
280 263 322 297 facit
333 274 403 306 aurum,
412 263 465 297 nobis
473 262 521 297 fame
529 268 547 297 et
559 262 626 307 frigore
638 261 766 296 miserabiliter

62 317 210 352 laborantibusl'
238 316 334 360 Quendam
352 317 446 351 dominum
467 316 568 351 Iohannem
586 314 713 356 filium-Alani,
732 325 766 359 pro

62 370 129 404 iniuria
140 370 217 405 ecclesie
225 370 353 414 Cicestren[si]
364 370 410 405 facta
418 371 441 405 ab
453 381 475 404 eo
487 368 698 414 exco[m]municatum‘,
709 368 733 402 ad
744 378 765 402 se

63 429 125 457 tamen
131 423 242 464 venientem,
250 423 362 457 familiariter
369 423 438 465 recepit
446 428 465 456 et
472 423 495 455 ad
501 421 598 466 prandium
606 421 685 462 retinuit,
691 421 765 454 dicens:
774 430 783 460 ⁵

63 473 165 515 ‘Quamdiu
173 475 191 508 in
200 473 249 508 curia
257 480 319 509 nostra
327 474 404 517 fueritis,
413 485 423 508 a
435 475 507 509 vinculo
514 472 726 518 excom[m]unicationis
732 483 766 506 vos

62 527 190 569 absoluemus3
204 527 255 561 etin
269 537 343 562 recessu
355 534 423 569 vestro,
435 527 470 561 nisi
484 528 506 561 ad
520 526 662 560 satisfactionem
673 524 766 564 veneritis,

62 579 117 614 istam
128 580 261 615 absolutionem
272 581 422 623 reuocabimus5'
435 580 521 625 Dixitque
532 581 587 625 quod,
597 579 614 614 si
621 584 683 624 partes
694 578 767 624 alique¹¹

63 643 97 677 pro
106 633 146 667 iure
154 634 280 678 recuperando
288 634 398 668 dIscentiant
405 644 439 668 seu
451 634 550 675 laborent‘,
559 633 677 667 nihilominus
688 631 766 667 charitas

62 696 96 719 seu
107 686 200 720 charitatis
211 687 264 730 signa
274 687 323 721 inter
334 686 443 720 christianos
454 685 536 719 subtrahi
547 696 584 719 non
592 686 660 719 debere
665 684 678 726 ³,
685 687 690 704 ‘
697 684 739 727 quia
750 684 766 717 si
777 693 795 714 ιο

63 739 111 780 quod
123 748 185 772 meum
198 743 226 772 est
234 738 276 772 volo
287 748 403 782 recuperare,
411 737 455 772 illud
466 738 515 781 quod
526 737 556 772 dei
567 743 595 772 est
606 747 643 771 non
654 737 713 771 debeo
723 735 767 770 sub-

62 790 146 824 trahere!
165 790 188 824 Et
196 791 262 825 similia
271 791 294 825 de
300 791 372 825 Abbate
380 791 404 825 de
410 790 502 825 Fiseanno
508 790 520 832 ⁸,
526 796 544 825 et
552 790 576 824 de
583 789 639 824 nobili
645 789 685 824 viro
692 789 767 824 domino

64 842 156 877 Richardo
167 849 210 877 tunc
222 844 288 878 comite
296 843 394 885 Comubie,
402 854 423 878 ac
434 845 457 879 de
467 843 560 878 comitissa
568 843 636 878 Cancie
647 842 713 877 fecisse
724 852 767 886 pro·

63 897 121 938 batur,
134 900 196 931 contra
208 907 254 940 quos
264 907 298 940 pro
310 906 343 931 sua
354 896 432 932 ecclesia
441 906 507 932 causas
517 895 604 931 habuisse
616 895 721 937 dinoscitur,
732 906 767 940 pro

63 949 178 983 contumeliis
183 956 244 983 tamen
251 951 336 990 honores,
342 956 360 983 et
365 950 463 983 amicitiam
469 961 504 993 pro
509 949 766 992 inimicitiisrecompensauit.
776 959 793 988 ¹5

64 1000 161 1043 Quendam
172 1001 259 1037 clericum
270 1002 301 1046 qui
314 1001 471 1037 sanctimonialem
481 1012 492 1036 a
502 1012 536 1036 suo
543 1001 643 1036 extrahens
655 999 767 1035 monasterio

63 1053 148 1097 corrupit,
156 1055 244 1089 beneficio
252 1055 380 1096 ecclesiastico,
388 1056 437 1099 quod
447 1055 467 1089 in
477 1065 511 1089 suo
521 1055 584 1089 habuit
595 1054 668 1096 diocesi,
676 1064 718 1088 cum
729 1064 766 1088 non

63 1108 135 1141 modico
147 1108 236 1142 dedecore
248 1107 332 1153 priuauit.
355 1107 378 1142 Et
390 1109 434 1142 dum
445 1108 529 1142 dominus
539 1119 572 1142 rex
583 1119 604 1143 ac
616 1107 766 1153 archiepiscopus

64 1160 766 1205 Cantu[ariensis]etaliipluresprelati,coniitesetbarones,prodictoclerico

63 1223 129 1256 preces
136 1214 251 1247 effunderent
256 1214 268 1254 ⁷,
273 1213 291 1247 13
298 1213 328 1247 dei
334 1213 404 1248 iusticia
410 1212 530 1247 inflexibilem
536 1223 578 1247 eurn
584 1213 712 1252 inueniebant;
723 1223 765 1255 per·
775 1225 794 1246 30

63 1263 170 1308 cutiensque
179 1269 244 1308 pectus
253 1275 307 1299 suum
317 1264 352 1298 ait:
364 1264 466 1307 ‘Quamdiu
477 1264 553 1308 spiritus
563 1264 583 1298 in
594 1264 629 1298 isto
640 1274 716 1309 corpore
724 1274 766 1309 per·

64 1316 157 1359 manserit,
164 1317 206 1353 talis
218 1317 299 1352 ribaldus
308 1318 339 1362 qui
351 1318 450 1352 monialem
462 1317 565 1362 professam
573 1317 654 1363 corrupit
662 1323 680 1352 et
687 1317 766 1363 impreg-

64 1371 120 1411 nauit,
129 1376 147 1405 33
157 1371 216 1405 adhuc
224 1377 310 1415 tanquam
322 1371 439 1406 meretricem
449 1382 502 1405 suam
512 1372 586 1413 detinet,
594 1372 618 1405 de
625 1371 718 1405 voluntate
725 1381 767 1405 mea

64 1423 83 1457 in
95 1422 200 1469 episcopatu
212 1423 338 1468 Cicestren[si]
351 1434 413 1459 curam
427 1423 529 1459 animarum
542 1434 579 1459 uon
590 1423 683 1460 obtinebit.
705 1423 766 1459 Faciat

64 1477 149 1510 dominus
158 1477 222 1510 meus⁸
230 1478 260 1510 hic
268 1476 423 1520 archiepiscopus,
430 1477 453 1510 ad
459 1488 514 1519 quem
522 1477 571 1511 idern
578 1477 655 1510 clericus
663 1477 767 1521 appellauit,
776 1491 794 1521 ²5

64 1529 165 1563 secundum
177 1529 225 1573 quod
235 1529 312 1564 voluerit
324 1530 439 1574 respondere
449 1529 468 1563 iu
480 1530 510 1564 die
522 1528 583 1564 iudicii
594 1539 655 1564 coram
667 1528 767 1563 altissimo?

65 1581 88 1615 Et
95 1582 179 1616 videntes
187 1582 307 1616 constantiam
314 1591 372 1624 suam,
380 1592 423 1616 eum
428 1582 475 1616 vltra
480 1592 517 1616 303
525 1582 643 1626 temptabant.
663 1581 768 1627 Alludque‘

64 1645 101 1668 non
109 1634 197 1669 dissimile
205 1646 249 1679 erga
258 1641 296 1669 tres
303 1635 381 1670 vicarios
390 1634 427 1679 egit
438 1634 469 1679 qui
480 1635 557 1670 focarias
567 1635 640 1679 publice
649 1641 714 1670 tenere
724 1646 767 1670 con-

64 1686 106 1721 uicti
117 1687 200 1722 fuerant:
213 1698 258 1732 quas
270 1688 312 1732 quia
323 1688 421 1722 noluerunt
432 1687 529 1730 dimittere,
541 1698 574 1722 eos
585 1688 717 1723 sententialiter
728 1688 767 1723 suis

64 1740 142 1784 priuauit
150 1740 249 1775 beneficiis⁴
269 1740 375 1784 Burgenses
381 1752 453 1785 quoque
460 1741 483 1775 de
489 1741 561 1782 Lewes,
567 1741 598 1785 qui
604 1742 696 1785 quendam
702 1741 767 1782 furem,
775 1761 795 1789 ³0

64 1793 87 1827 ad
95 1793 191 1827 ecclesiam
200 1792 341 1837 confugientem,
348 1792 439 1827 violenter
446 1799 547 1827 extractum
559 1794 700 1836 suspenderant,
707 1794 766 1836 ipsius

64 1845 148 1886 cadauer,
156 1844 249 1889 putridum
257 1856 292 1889 per
299 1844 411 1889 quindenam
419 1850 438 1880 et
445 1845 529 1889 amplius,
537 1845 637 1880 exhumare
645 1845 709 1890 coegit,
718 1847 766 1881 etad

64 1897 160 1932 eeclesiam
167 1899 217 1932 vnde
228 1898 289 1943 ipsum
301 1904 424 1941 extraxerant,
432 1899 512 1943 propriis
523 1899 605 1934 humeris
616 1899 688 1934 deferre
694 1900 707 1919 ¹⁰
718 1910 766 1935 com·

64 1951 114 1996 pulit.
133 1952 211 1995 [Cum]¹'
219 1952 315 1987 domorum
324 1957 342 1987 33
349 1963 411 1986 rerum
419 1962 493 1986 suarum
501 1952 603 1987 combustio
611 1958 629 1987 et
636 1952 722 1988 iactura'²
729 1965 766 1988 non

64 2005 135 2039 modica
149 2006 166 2039 ei
179 2004 302 2047 nunciaretur,
314 2005 413 2048 plangente
425 2010 443 2040 et
456 2005 530 2040 dolente
543 2005 616 2048 familia,
628 2007 669 2050 ipse
682 2012 766 2041 serenata
774 2026 793 2057 35

64 2058 110 2091 facie
122 2058 210 2100 vultuque
224 2057 303 2091 iocundo
318 2059 352 2091 deo
368 2058 435 2100 gratias
450 2058 539 2099 referens,
551 2059 636 2092 dolentes
649 2060 767 2100 confortabat,

64 2110 138 2143 dicens:
158 2109 210 2143 ‘Non
227 2109 365 2150 contristemini,
380 2108 444 2144 3331311
463 2109 553 2144 1331333333
572 2110 632 2144 adhuc
646 2111 696 2146 vnde
713 2111 766 2146 nobis

65 2162 168 2197 necessaria
184 2162 325 2205 prouideamus,’
341 2167 360 2197 et
378 2161 482 2197 subiunxit:
502 2161 559 2205 ‘Quia
578 2161 694 2206 elemosinas,
712 2170 766 2208 prout

64 2215 158 2258 debemus,
166 2214 226 2259 largas
234 2225 271 2249 non
279 2215 361 2258 fecimus,
369 2214 404 2250 ista
414 2215 467 2250 nobis
477 2214 581 2250 acciderint.
604 2215 648 2250 Ideo
655 2216 740 2252 volumus
748 2223 766 2252 33

64 2267 177 2313 precipimus
188 2273 208 2303 vt
219 2267 242 2302 de
254 2268 307 2303 bonis
318 2267 386 2304 nostris
397 2270 420 2303 de
430 2273 492 2304 cetero
503 2268 605 2304 elemosine
615 2269 659 2303 fiant
669 2268 767 2314 largiores!
774 2291 794 2321 40

64 2321 81 2355 Ο
89 2331 179 2368 generose
186 2320 253 2355 mentis
261 2321 365 2363 thezaurus,
373 2322 404 2366 qui
412 2322 491 2356 deficere
498 2322 547 2356 inter
554 2321 637 2357 defectus
644 2323 735 2366 nesciens,
743 2335 767 2358 ex

84 2420 89 2438 ¹
100 2421 118 2451 S.
126 2421 197 2451 Bernard
205 2420 233 2459 Ep.
240 2429 260 2458 42
269 2420 337 2460 (Migne)
345 2424 403 2460 quotes
410 2420 475 2452 Persius
482 2421 516 2452 Sat.
525 2422 540 2461 8,
548 2422 569 2460 69
579 2421 631 2452 Dicite
640 2422 729 2461 pontifices,
736 2428 767 2453 etc.

64 2461 70 2480 ¹
80 2461 98 2491 E.
106 2470 140 2491 exc.
148 2465 195 2492 esset.
252 2461 258 2478 ³
268 2460 286 2491 E.
294 2460 347 2498 aliqui.
402 2461 408 2480 ⁴
419 2461 437 2491 E.
444 2461 520 2492 laborant.
581 2463 587 2481 ³
596 2471 615 2492 so
622 2462 650 2499 Sl,
658 2462 677 2493 B.
685 2463 766 2494 deberent.

63 2499 195 2533 *1311333330Ι
255 2500 402 2532 ΙΕ.3113333133331.
461 2501 558 2533 ’033.13Β.
620 2503 764 2542 'B.Al,quoque.

65 2540 76 2559 1‘
86 2541 177 2572 arerem.
231 2539 285 2571 “om.
331 2540 441 2571 “unitura
