1762 2803
222 90 267 146 Ut
282 86 382 142 &aneto
398 87 532 141 columbe.
683 101 726 148 205

26 211 57 246 diu
66 212 161 247 ardentem
169 211 197 248 et¹
206 212 264 248 instar
271 212 369 256 columpne
377 222 451 247 sursum
459 211 591 247 ascendentem
599 210 673 255 quidam
678 210 728 253 vidit,

26 265 85 299 donec
98 275 151 300 sacra
166 266 249 301 solennia
264 265 321 299 misse
334 270 461 299 consummata
473 270 542 300 essent.
586 258 631 299 Alio
645 269 729 308 tempore

27 328 68 351 cum
79 324 153 353 sanctus
165 319 185 353 in
197 319 266 353 Himba
274 323 323 353 esset
331 318 397 360 insula,
405 318 462 363 gratia
470 318 546 363 spiritus
554 316 612 353 sancti
621 327 729 362 supereum

27 371 99 405 abunde
107 372 165 406 effusa
175 383 209 417 per
216 372 295 407 triduum
306 372 379 414 mansit,
387 371 412 406 ita
419 378 438 406 vt
448 382 482 417 per
489 377 528 407 tres
536 371 575 406 dies
583 376 601 406 et
610 375 675 405 noctes
682 370 730 404 intra

27 424 142 459 obseratam²
157 431 174 460 et
189 426 278 470 repletam
294 425 357 459 celesti
372 425 454 459 claritate
468 426 543 460 domum
559 435 643 466 manens,
659 423 747 469 nullnm5

27 477 50 510 ad
64 487 85 511 se
98 479 186 512 accedere
201 478 320 523 permitteret,
333 489 393 523 neque
406 479 520 513 manducans
533 489 594 523 neque
608 477 679 512 bibens.
702 477 730 510 De

28 540 64 573 qua
72 530 127 564 domo
137 531 228 566 immense
236 531 322 566 claritatis
334 531 379 566 radii
390 542 424 576 per
432 531 506 566 rimulas
514 531 609 567 valuarum
621 535 639 565 et
651 530 730 565 clauium

28 582 118 617 foramina
125 590 248 628 erumpentes,
257 590 309 619 nocte
317 585 375 619 videri
385 590 475 629 poterant.
497 585 583 620 Carmina
591 585 669 629 quedam
678 584 730 628 spiri-

28 635 83 669 tualia
92 640 111 670 et
121 641 163 671 ante
174 637 254 671 inaudita
265 637 374 679 decantauit,
382 642 400 672 et
412 637 469 672 multa
480 637 555 680 occulta,
563 642 582 672 vt
592 642 656 682 postea
663 636 730 677 retulit,

29 689 51 721 ab
57 690 133 722 exordio
140 691 210 732 mundi,
215 697 233 724 et
239 691 318 725 archana
325 691 408 733 videbat;
417 691 547 735 scripturarum
553 691 631 724 obscura
637 700 730 723 sacrarum
740 705 759 726 ιο

29 747 47 776 et
59 741 139 777 difficilia
152 743 218 786 plane³
230 749 248 779 et
263 743 304 777 luce
319 743 386 778 clarius
401 749 464 787 aperta
479 743 540 777 cordis
554 743 612 777 oculis
627 741 731 786 patebantt

30 787 109 829 Factum
120 801 148 830 est
158 802 219 831 autem
229 797 248 831 in
258 796 314 831 Iona⁵
323 796 383 831 insula
391 802 411 831 vt
419 796 474 831 iacies
482 796 541 830 sancti
549 796 638 831 Columbe
646 795 705 830 subita
713 800 731 830 et

30 847 106 881 mirifica
121 849 211 883 hilaritate
226 850 323 890 effloreret,
339 850 438 892 oculosque
453 849 476 882 ad
493 849 552 882 celum
568 849 649 889 elcuans,
662 848 732 881 incom-

29 900 105 944 parabili
113 901 194 946 repletus
202 900 268 947 gaudio
276 900 400 935 letificabatur.
424 900 447 934 Et
458 905 500 945 post
513 900 605 934 modicum
616 899 732 933 interuallum

29 953 60 987 illa
71 954 182 988 delectabilis
191 961 209 988 et
220 954 282 989 suauis
292 954 352 988 leticia
362 955 381 988 in
391 964 477 998 magnam
489 953 587 988 mestitiam
598 964 688 989 conuersa
698 958 732 988 est.
743 969 760 999 ¹5

31 1006 107 1040 Duobus
118 1012 179 1041 autem
187 1007 273 1041 iratribus
283 1018 357 1041 causam
365 1012 415 1041 tante
424 1006 484 1041 leticie
491 1007 523 1041 vix
531 1006 687 1051 extorquentibus,
695 1005 732 1040 ait:

31 1059 104 1103 ‘Vsque
115 1059 134 1093 in
144 1065 256 1103 presentem,
264 1059 327 1104 inquit,
335 1060 390 1102 diem,
397 1058 550 1104 peregrinationis
559 1069 600 1094 mee
608 1058 627 1093 in
638 1058 734 1093 Britannia

31 1117 60 1146 ter
71 1112 113 1146 deni
125 1112 211 1157 completi
222 1118 265 1148 sunt
275 1113 329 1155 anni;
341 1113 411 1147 interea
422 1112 484 1147 multis
495 1118 550 1147 antea
561 1112 626 1147 diebus
637 1123 648 1146 a
659 1111 734 1146 domino

31 1174 73 1198 meo
85 1165 151 1199 deuote
165 1165 256 1209 postulaui
267 1170 287 1199 vt
298 1165 317 1199 in
331 1165 368 1200 fine
380 1165 434 1199 huius
446 1165 539 1210 presentis
552 1164 639 1200 tricesimi
653 1164 696 1198 anni
710 1165 734 1198 de

31 1227 73 1251 meo
83 1217 161 1252 incolatu
172 1229 202 1253 me
212 1218 316 1253 absolueret
327 1224 344 1253 et
355 1219 378 1252 ad
386 1218 472 1253 celestem
480 1218 556 1262 patriam
568 1217 669 1253 euocaret⁸.
692 1217 733 1252 Hec
742 1235 762 1255 20

30 1269 93 1314 vtique
108 1270 141 1304 luit
156 1282 212 1306 causa
226 1270 286 1306 leticie
299 1282 351 1307 mee:
368 1271 451 1316 Angelos
466 1271 515 1306 enim
530 1276 604 1307 sanctos
619 1271 643 1305 de
658 1270 734 1306 excelso

31 1323 109 1358 throno⁷
116 1323 154 1359 vidi
166 1324 233 1359 missos
244 1325 267 1359 ad
278 1335 338 1359 meam
346 1325 427 1359 animam
437 1324 501 1360 obuios
512 1325 535 1359 de
547 1336 602 1360 carne
614 1325 734 1359 educendam.

32 1376 70 1411 Sed
84 1388 126 1412 ecce
139 1388 188 1412 nunc
201 1377 261 1412 subito
274 1377 365 1420 retardati,
379 1378 425 1412 vltra
439 1383 502 1413 nostre
515 1377 575 1413 insule
589 1378 657 1413 fretum
671 1378 732 1412 stant⁸

31 1429 51 1462 in
66 1440 118 1472 rupe,
132 1430 216 1464 volentes
231 1431 254 1464 ad
271 1441 301 1464 me
317 1431 340 1464 de
355 1441 432 1474 corpore
449 1431 563 1465 euocandum
580 1430 682 1475 apropiare,
700 1430 734 1464 sed

32 1481 108 1527 propius
116 1484 204 1518 accedere
211 1495 249 1518 non
259 1482 394 1528 permittuntur,
403 1495 446 1519 mox
454 1483 527 1519 excelsa
534 1483 615 1519 celorum
623 1488 734 1528 repetentes.
744 1500 762 1531 ²5

33 1535 123 1569 Dominus
134 1547 185 1578 vero,
196 1538 245 1580 quod
257 1536 312 1570 michi
324 1537 367 1570 totis
378 1536 449 1570 viribus
462 1537 534 1581 roganti
547 1536 627 1579 donauit,
637 1542 657 1570 vt
670 1537 689 1570 in
701 1537 735 1570 hac

33 1587 62 1620 die
76 1588 99 1620 ad
111 1588 173 1632 ipsum
185 1589 209 1622 de
221 1589 290 1622 mundo
302 1589 411 1631 transirem,
427 1589 526 1623 multarum
541 1589 600 1634 magis
616 1588 735 1623 ecclesiarum

32 1650 66 1683 pro
82 1650 112 1674 me
126 1640 217 1675 orationes
231 1641 337 1683 exaudiens,
351 1642 398 1676 dicto
412 1642 465 1676 citius
477 1642 601 1678 immutauit⁹:
619 1642 690 1684 Quibus
703 1652 736 1677 ex·

33 1692 126 1726 orantibus
142 1693 224 1727 ecclesiis
239 1692 265 1728 sic
280 1704 291 1727 a
306 1693 380 1727 domino
396 1695 483 1728 donatum
497 1699 525 1729 est
537 1699 562 1737 vt,
574 1693 659 1739 quamuis
672 1699 736 1728 contra

33 1755 94 1779 meam
102 1745 219 1788 voluntatem,
227 1751 305 1791 quatuor
312 1746 335 1781 ab
343 1746 376 1781 bac
385 1746 415 1781 die
422 1746 478 1781 michi
487 1746 506 1782 in
517 1758 573 1782 carne
580 1746 662 1783 manenti
670 1758 736 1792 super·
745 1763 764 1794 ³⁰

34 1799 125 1832 addantur
132 1798 180 1832 anni.
203 1799 244 1833 Hec
252 1798 307 1833 michi
318 1799 359 1833 talis
371 1805 430 1834 mesta
438 1800 484 1834 est¹⁰
491 1800 595 1843 retardatio,
604 1800 640 1834 et¹⁰
647 1800 736 1835 hodierne

34 1851 106 1884 tristitie
118 1862 155 1884 non
168 1851 259 1885 immerito
272 1862 327 1885 causa
340 1852 382 1885 suit:
406 1853 507 1897 Completis
522 1853 572 1887 enim
585 1858 663 1898 quatuor
677 1853 736 1894 annis,

35 1903 95 1938 subita
106 1902 230 1948 emigratione,
238 1903 287 1938 nulla
298 1905 409 1948 precedente
421 1905 503 1950 corporis
515 1905 605 1949 molestia,
612 1917 655 1940 cum
666 1905 736 1940 sanctis

35 1957 105 2002 angelis
112 1958 135 1991 ad
143 1957 237 1991 dominum
245 1956 292 1991 letus
300 1957 418 2001 emigrauit¹¹.
461 1954 631 2003 Appropinquante
639 1958 699 1993 exitus
707 1958 736 1992 sui

35 2010 86 2052 hora,
99 2010 146 2044 circa
159 2010 238 2043 mediam
253 2015 326 2043 noctem
339 2020 418 2053 surgens
431 2012 454 2045 ad
467 2012 564 2046 ecclesiam
576 2011 642 2055 pergit,
654 2017 672 2045 et
685 2012 736 2045 iuxta
745 2027 764 2057 35

35 2062 92 2096 altare
112 2062 166 2096 ssexis
187 2062 206 2096 in
225 2061 306 2096 oratione
328 2062 406 2106 genibus
424 2063 533 2107 procumbit.
563 2062 674 2098 Diormicius
692 2074 737 2098 vero

36 2115 120 2148 minister
134 2114 174 2148 eius
186 2114 255 2148 tardius
270 2120 384 2157 prosecutus,
397 2120 454 2149 totam
466 2115 577 2150 intrinsecus
592 2115 688 2150 ecclesiam
703 2128 736 2150 an·

35 2168 93 2212 gelica
108 2168 148 2203 luce
163 2168 210 2202 circa
225 2172 307 2202 sanctum
323 2168 391 2212 repleri
405 2169 460 2203 videt.
483 2169 516 2203 Ilio
531 2169 690 2214 appropinquante
705 2169 737 2203 lux

36 2221 101 2256 eadem
116 2220 164 2256 otius
178 2220 259 2263 recessit,
273 2225 291 2255 et
305 2220 364 2256 allatis
379 2221 464 2265 lucernis,
480 2227 564 2257 sanctum
579 2227 621 2257 ante
636 2221 693 2257 altare
708 2233 737 2258 re-

36 2276 133 2308 cubantem
138 2275 151 2294 ¹²
159 2275 224 2309 fratres
233 2274 348 2316 inuenerunt,
354 2280 372 2308 et
380 2275 426 2318 ipsis
433 2276 551 2320 presentibus
559 2275 645 2310 continuo
651 2276 737 2319 spiritum
746 2294 766 2323 40

36 2327 121 2362 exalauit.
173 2320 246 2363 Eadem
264 2326 309 2361 hora
323 2328 424 2363 monachus
439 2328 513 2373 quidam
528 2328 547 2363 in
563 2328 658 2370 Hibernia,
673 2328 738 2364 Ionam

36 2380 120 2422 insulam,
135 2393 191 2425 quam
206 2391 299 2425 nunquam
314 2392 391 2425 corpore
402 2381 479 2425 viderat,
492 2382 599 2426 angelorum
618 2382 700 2418 claritate
719 2384 738 2418 in

56 2478 90 2507 ιΤ.
98 2479 116 2508 E.
124 2479 148 2508 ad.
188 2478 330 2509 ²T.0bserraram.
371 2478 417 2508 ’Ad
425 2479 477 2517 plana
517 2478 623 2518 ⁴E.patebit.
651 2480 739 2512 intona.

33 2516 166 2550 iAdavocaret.
203 2518 296 2549 'T.trono.
335 2517 466 2549 'T.E.stantes.
503 2519 651 2552 ⁹T.E.intimauit.
687 2521 740 2552 ωοπι.

37 2557 54 2586 in
61 2558 91 2588 Ad.
132 2559 143 2576 ¹¹
153 2559 184 2589 Ad.
191 2559 279 2597 emigrab05
289 2558 308 2589 T.
315 2559 401 2589 corrected.
442 2558 454 2576 ¹²
464 2559 482 2590 E.
489 2559 579 2592 recubante.
