1762 2803
109 124 163 185 '728
212 199 213 202 Ἴ
376 123 500 188 appennis
517 126 562 172 ΙΙΙ.

119 254 190 296 insignis
197 254 297 287 haberetur:
306 254 361 288 uisum
367 260 393 289 est
401 254 467 297 spiritui
475 260 535 288 sancto
542 260 610 298 tempus
618 252 663 287 illins
670 256 688 286 et
694 250 777 294 templum
785 257 822 293 pre·

118 305 172 338 fatum
179 303 233 338 sancti
242 304 293 347 Petri,
299 305 325 339 cui
334 305 404 348 speciali
412 317 453 340 cura
460 312 532 348 preerat,
540 305 631 339 celestibus
639 304 723 337 illustrare
731 301 822 342 miraculis,

119 361 135 389 et
146 355 240 389 beatissimi
252 356 344 398 Ragenarii
355 356 429 390 martiris
440 357 526 399 reliquias,
534 358 562 400 qui
574 357 591 389 in
602 355 679 388 eiusdem
690 352 763 387 ecclesie
774 351 823 394 paui-

118 412 177 438 mento
185 406 264 438 humatus
272 405 343 445 iacebat,
351 407 489 439 mnltisreuelare
496 406 601 438 mortalibus.
625 404 676 446 Quod
682 403 754 446 qualiter
759 402 823 435 iactum

102 466 110 496 5
119 454 228 499 sit‚,sequens
236 464 292 488 serrno
300 455 398 489 declarabit.
459 455 547 489 Predictus
556 456 613 499 itaque
620 453 704 498 presbiter
712 452 756 486 inter
763 462 823 495 quarn·

118 505 201 547 plurimos
209 515 268 537 seruos
279 516 319 539 suos
327 517 379 539 vnum
388 506 464 540 habebat
476 508 603 549 Norueganum
613 515 680 548 genere,
690 504 733 537 mire
742 502 823 545 simplici-

119 555 159 588 tatis
174 561 191 588 et
203 555 288 597 pacientie
302 556 364 590 uirum.
386 557 433 590 Huic
448 557 495 590 uenit
509 557 601 600 aliquando
613 557 630 589 in
645 560 721 588 mentem
733 558 751 586 ut
762 551 822 586 orandi

119 606 178 647 gracia
192 611 270 648 pergeret
283 607 362 648 Romam,
375 612 391 640 et
405 613 484 642 sanctum
496 608 568 642 Petrum,
576 605 674 649 requireret,
687 615 739 647 quem
754 602 823 645 speciali

119 655 210 690 deuotione
224 656 293 698 propria
306 662 323 690 et
335 656 394 690 natina
405 658 464 700 lingua
476 667 526 690 suurn
539 657 645 697 ‘drotinum,’
659 654 677 688 id
690 659 716 688 est
728 653 822 694 dominum,

93 720 111 744 ῃ,
119 706 198 739 uocabat.
216 706 279 738 Petiuit
286 717 327 749 ergo
334 718 345 740 a
351 707 421 740 domino
429 718 459 741 suo
467 706 555 740 licenciam
564 706 625 748 eundi;
634 711 660 739 set
668 704 708 748 quia
716 703 822 739 necessarius

119 761 136 790 et
143 756 189 790 utilis
197 755 212 789 ei
220 762 261 798 erat,
269 757 316 800 quod
323 758 393 800 petebat
403 758 493 800 impetrare
502 767 537 790 non
549 762 621 801 poterat.
644 756 702 789 Plures
712 766 785 799 quoque,
793 755 823 799 qui

119 818 158 841 eum
170 813 256 848 nouerant,
265 807 336 843 nimiam
347 808 383 841 eius
395 807 521 850 simplicitatem
532 807 631 847 irridebant,
639 813 656 840 et
667 807 711 850 illius
722 806 823 850 petitionem

119 868 140 891 ex
152 858 227 900 quadarn
239 857 301 890 stolida
313 857 413 899 rusticitate,
427 868 479 901 qnam
494 869 514 891 ex
529 858 603 891 discreta
614 857 706 890 deuotione
717 857 823 890 descendere

120 908 204 940 dicebant.
227 909 274 939 lnter
283 908 316 941 hec
327 912 392 949 perstat
402 908 429 940 ille
439 907 457 940 in
466 907 551 950 precibus,
559 913 576 940 et
587 917 605 940 se
614 907 661 939 nullo
671 906 723 939 modo
734 916 823 939 remanere

93 969 110 999 15
119 967 170 998 posse
185 956 323 990 constantissime
337 957 437 991 testabatur.
458 958 538 992 Tandem
550 956 628 991 dominus
643 955 685 998 eins,
697 956 823 990 communicato

119 1017 158 1040 cnm
166 1005 227 1040 amicis
234 1006 311 1048 consilio,
319 1007 379 1041 annuit
386 1008 443 1041 eidem
451 1008 497 1051 quod
507 1008 581 1051 petebat.
603 1008 681 1050 Accepta
688 1006 739 1049 igitur
746 1006 823 1049 licencia,
876 1016 878 1022 ’

119 1058 163 1091 letus
174 1055 233 1099 arripit
245 1056 282 1098 iter,
294 1064 311 1091 et
323 1059 420 1092 cumomni
432 1058 521 1092 alacritate
532 1063 617 1101 properat.
640 1059 678 1091 lam
689 1068 729 1091 uero
741 1057 823 1091 confectis

118 1108 183 1150 aliquot
191 1107 209 1139 in
217 1107 277 1140 itinere
285 1108 355 1142 diebus:
368 1109 443 1151 quadam
450 1114 501 1141 nocte
510 1107 603 1150 quiescenti
611 1107 665 1141 astitit
673 1108 688 1140 ei
699 1118 729 1149 per
739 1107 823 1140 uisionem

119 1158 193 1200 quedam
205 1157 307 1190 uenerabilis
318 1167 396 1199 persona,
408 1158 479 1190 hortans
492 1168 532 1190 eum
545 1163 562 1190 et
573 1157 634 1191 sedulo
644 1167 717 1190 monens
728 1163 746 1190 ut
758 1158 823 1200 absque

92 1217 111 1240 ao
119 1208 166 1241 omni
178 1206 260 1242 diletione
275 1208 346 1244 domum
358 1208 427 1249 redeat3
440 1207 500 1243 dicens
513 1208 560 1251 quod
572 1208 596 1241 ibi
608 1208 696 1241 dominum
709 1218 759 1240 suum
771 1217 822 1250 quem

118 1268 190 1301 querere
200 1258 269 1291 uolebat
279 1257 344 1301 absque
352 1259 386 1291 ulla
397 1259 505 1292 cunctatione
516 1263 612 1300 reperturus
624 1263 674 1290 esset.
697 1257 731 1298 Qui
743 1257 757 1290 si
767 1257 823 1290 redire

119 1308 176 1350 nollet,
190 1307 240 1340 sciret
253 1307 286 1341 sibi
299 1308 454 1351 peregrinationem
465 1308 512 1341 illam
527 1318 627 1351 prosperam
642 1318 677 1340 non
690 1318 728 1342 esse
742 1308 822 1342 futuram.

119 1358 208 1401 Euigilans
216 1363 274 1391 autem
282 1364 299 1391 et
306 1357 390 1392 uisionem
397 1365 455 1392 mente
465 1357 561 1399 reuoluens,
569 1357 691 1392 nichilominus
701 1363 751 1401 cepto
762 1357 822 1392 itinere

118 1409 206 1451 pergebat.
230 1410 311 1451 Sequenti
325 1419 392 1454 quoque
404 1415 454 1442 nocte
468 1409 540 1453 repetita
552 1408 624 1450 uisione,
637 1408 713 1442 seuerius
724 1414 743 1442 ut
754 1408 822 1449 rediret,

92 1468 110 1499 25
119 1459 223 1492 ammonitus
233 1464 271 1500 est;
283 1464 301 1492 et
311 1470 344 1492 nec
354 1459 379 1492 sic
386 1459 456 1503 quidem
463 1459 575 1504 adquiescere
585 1458 643 1500 uoluit,
651 1458 731 1492 desiderii
743 1458 823 1492 uidelicet

119 1509 236 1550 magnitudine
250 1509 310 1544 victus.
338 1511 388 1542 Tunc
403 1510 465 1543 deinde
479 1510 538 1551 pancIs
554 1509 658 1551 interpositis
673 1509 733 1542 diebus
748 1518 788 1542 cum
803 1518 822 1541 se

119 1559 177 1601 sopori
185 1558 266 1600 dedisset,
274 1565 320 1592 astat
328 1560 389 1596 eadem
396 1559 499 1594 uenerabilis
506 1569 579 1602 persona
586 1570 620 1603 que
627 1559 674 1602 prius
682 1558 706 1593 illi
714 1564 822 1602 apparuerat,

119 1619 193 1652 arguens
201 1614 218 1642 et
226 1609 298 1642 multum
310 1609 401 1652 increpans
412 1620 452 1643 eum
463 1620 515 1654 quare
526 1609 610 1653 prioribus
621 1608 714 1644 uisionibus
725 1609 822 1644 incredulus

119 1664 136 1693 et
147 1658 248 1693 inobediens
258 1658 351 1701 extitisset,
363 1660 463 1706 addiditque
474 1659 555 1706 quianisi
566 1660 601 1693 iam
609 1660 691 1694 maturius
702 1661 724 1694 ad
734 1660 822 1694 dominum

92 1719 169 1748 ausuum
181 1710 245 1749 redeat,
258 1710 412 1752 grauissimarum<
426 1720 472 1752 pena
486 1710 587 1753 plectendus
601 1709 665 1743 luisset.
689 1711 731 1743 Mox
746 1710 797 1752 igitur
811 1722 822 1743 a

119 1770 191 1802 sompno
199 1770 270 1801 surgens
278 1766 295 1793 et
303 1766 339 1793 tam
344 1760 440 1793 minacibus
448 1760 504 1793 uerbis
512 1770 564 1803 quam
572 1760 630 1793 celesti
638 1759 703 1793 uisione
711 1761 821 1802 perterritus:

118 1809 171 1842 nichil
177 1809 250 1851 amplius
255 1809 332 1842 hesitans
338 1808 370 1842 ad¹
376 1809 465 1842 dominum
473 1820 523 1842 suum
529 1810 584 1843 redire
591 1809 694 1851 properauit.
714 1812 758 1843 Cum
763 1815 822 1843 autem

118 1869 197 1892 reuersus
208 1859 274 1899 suisset,
281 1864 318 1894 tam
329 1859 408 1895 dominus
416 1858 453 1892 eius
464 1870 516 1905 quam
524 1859 581 1893 cuncti
593 1859 621 1902 qui
632 1858 679 1903 prius
691 1870 730 1893 eum
738 1865 822 1894 nouerant
857 1890 859 1893 .

119 1915 136 1942 et
147 1908 191 1943 illius
202 1909 358 1951 peregrinationem
369 1909 442 1946 stulticie
454 1910 583 1953 deputauerant,
596 1911 630 1944 iarn
641 1911 695 1944 multo
707 1910 769 1944 certius
782 1921 822 1944 eum

92 1969 110 2000 35
119 1960 190 1994 stultum
203 1970 242 1993 esse
254 1960 347 1994 credebaut
360 1966 377 1994 et
390 1960 475 2002 dicebant,
487 1961 577 1994 illudentes
590 1960 605 1994 ei
617 1961 663 2002 qnod
675 1967 711 1994 tam
722 1961 822 2004 insipienter

118 2016 190 2053 accepta
197 2009 334 2053 peregrinatione
340 2010 423 2044 rediisset.
443 2010 524 2053 Quesitus
531 2016 589 2044 tamen
595 2021 647 2054 quare
653 2011 678 2044 sic
683 2011 739 2045 redire
745 2011 822 2052 uoluerit,

118 2060 146 2093 ille
156 2061 227 2093 modum
237 2066 254 2093 et
265 2060 343 2093 ordinem
353 2061 404 2095 trium
414 2061 500 2096 uisionum
508 2061 583 2104 exponit,
591 2062 609 2095 in
616 2062 677 2095 eodem
687 2062 725 2095 loco
735 2072 754 2094 se
762 2062 822 2104 procul

118 2110 171 2143 dubio
179 2111 184 2129 ‘
189 2109 284 2144 drotinum’
292 2117 399 2153 reperturum
406 2110 472 2145 asserit
495 2112 562 2153 Quibus
572 2111 639 2153 auditis,
648 2112 754 2145 mirabuntur
761 2122 821 2145 omues

118 2166 136 2193 et
149 2161 230 2194 dicebant
242 2161 265 2193 ad
278 2160 362 2195 inuicem:
379 2161 477 2205 ‘Quidnam
489 2161 523 2195 hoc
536 2162 572 2196 uult
585 2161 645 2195 essei’
673 2162 726 2195 Porro
740 2161 821 2196 dominus

91 2225 111 2255 40
119 2210 160 2253 eius,
169 2211 220 2244 fidem
232 2210 276 2245 illius
287 2217 304 2246 et
316 2211 381 2245 nerba²
388 2212 505 2253 considerans,
514 2212 600 2246 seruitutis
610 2211 658 2245 illum
670 2211 710 2254 iugo
720 2212 794 2245 absoluit
804 2218 822 2246 et

118 2262 191 2294 liberum
202 2260 301 2294 omnimodo
312 2262 357 2295 fecit.
381 2263 447 2296 Potitus
458 2272 499 2303 ergo
511 2262 593 2302 libertate,
601 2262 682 2295 continuo
693 2272 711 2295 se
721 2261 766 2295 beati
775 2262 821 2295 Petri

118 2311 191 2353 apostoli
207 2310 278 2344 seruitio
291 2311 395 2353 mancipauit
410 2317 429 2345 et
442 2322 476 2345 non
490 2311 590 2345 discedebat
602 2312 624 2344 de
638 2311 736 2353 supradicta
748 2312 822 2346 ecclesia

118 2361 160 2402 eius,
173 2360 241 2395 ieiuniis
253 2366 270 2394 et
281 2361 428 2395 obsecrationibus
439 2361 516 2395 seruiens
526 2367 578 2395 nocte
589 2372 610 2394 ac
621 2361 653 2394 die.
677 2362 748 2395 Petebat
763 2369 822 2396 autem

118 2417 136 2444 et
150 2411 216 2445 intente
228 2411 288 2444 orabat
300 2416 319 2444 ut
330 2411 373 2444 deus
385 2411 498 2454 omnipotens,
511 2411 555 2445 sicut
571 2411 586 2445 ei
601 2422 632 2453 per
646 2411 702 2445 uisum
717 2413 822 2455 promissum

90 2476 110 2507 45
118 2462 177 2504 luerat,
190 2461 295 2495 ‘drotinum'
308 2472 359 2495 suum
372 2462 464 2495 ostendere
476 2461 580 2504 dignaretur.
608 2463 669 2506 ltaque
681 2469 742 2497 exacto
755 2463 823 2498 circiter

118 2522 164 2546 anno
179 2517 196 2547 et
211 2511 292 2546 dimidio:
310 2513 351 2545 dum
366 2512 384 2545 in
399 2512 461 2546 eadem
475 2512 548 2545 ecclesia
563 2513 652 2555 completis
668 2513 721 2547 solitis
736 2514 820 2556 precibus,

339 2569 344 2589 ¹
354 2568 387 2600 MS.
392 2580 406 2601 a.
468 2567 475 2591 ²
485 2568 518 2601 MS.
526 2570 594 2601 uerbera.
