1762 2803
84 112 137 188 344¹
236 192 237 196 Ἰ
268 128 488 193 ⁸tttotcbmcnta
502 131 596 195 anate.

83 256 102 287 et
109 251 169 288 indice
178 261 244 289 manus
251 251 339 289 dextere¹
347 252 413 289 ceteris
421 252 494 299 digitis²
502 252 521 290 in
529 254 571 291 vola
582 250 696 298 complicatis
707 256 788 295 extento,
814 246 816 249 ”

84 306 157 351 plagam
167 308 213 342 adeo
224 306 325 342 nouitatem
336 318 369 342 sue
380 307 440 343 fixure
452 308 563 343 retinentem
573 306 658 349 ostendit,
666 317 687 342 ac
698 305 714 341 si
725 306 789 341 eadem

85 359 115 393 die
130 361 182 394 clauo
195 359 291 394 confossus
305 360 376 394 suisset.
399 360 456 406 Plaga
468 361 500 395 illa
513 361 614 406 sanguinea
629 370 666 394 non
679 359 744 402 extitit,
756 360 790 393 sed

85 412 135 446 iuxta
143 414 215 457 plagam
221 413 262 455 ipsa
270 414 316 446 cutis
324 413 427 455 dilacerata,
434 419 452 447 et
460 425 502 448 caro
510 415 587 448 contrita
594 413 699 456 apparebat.
722 412 790 446 Mirum

68 476 77 505 5
86 464 135 499 enim
143 476 180 499 non
188 464 221 499 fuit
229 465 278 509 quod
285 465 359 509 plagam
367 466 421 509 pedis
429 466 498 500 sinistri
506 476 543 499 non
551 465 600 507 vidit,
606 465 680 509 quando
689 463 791 498 cicatricem

86 518 105 552 in
122 519 198 553 dextero
209 519 258 563 pede
271 518 334 553 videre
346 530 383 553 non
395 520 459 564 potuit,
470 520 528 554 donec
538 520 579 564 ipse
589 518 688 553 crucifixus
699 518 791 563 passionis

86 583 120 606 sue
131 572 204 621 signum
215 573 305 615 reuelans,
313 574 391 617 digitum
401 574 455 618 plage
465 577 603 619 superponeret.
627 572 669 607 Fuit
679 578 740 607 autem
750 572 792 616 ipsa

27 657 29 659 ,
86 626 139 668 pedis
151 625 263 659 transfixum
276 631 341 669 aperta
353 636 391 660 non
403 626 474 660 modico
486 626 537 660 clauo
549 625 650 669 perforata:
665 636 721 670 quam
732 636 792 659 senex

87 688 124 711 non
132 678 173 712 sine
180 678 274 713 lachrimis
281 678 332 721 vidit,
337 679 425 721 tractauit,
431 678 479 721 lauit,
486 678 566 720 extersit,
575 683 594 711 et
601 678 693 712 osculatus
701 683 735 712 est.
755 677 792 712 Ex·

60 743 79 765 10
87 731 137 775 pleto
148 732 224 766 demum
236 732 328 775 mandato,
340 732 406 776 singuli
418 731 503 767 monachi
514 730 607 772 denarios,
614 731 695 775 singulos
706 731 797 775 pauperi-·

88 784 122 819 bus
134 789 248 829 errogarunt.
271 784 335 819 Senex
341 796 391 827 vero,
399 784 453 819 flexis
465 783 542 828 genibus
553 788 595 818 ante
607 783 702 818 dominum
711 783 793 827 Ihesum,

88 837 106 872 ei
119 838 213 873 denarium
228 837 298 879 obtulit,
312 843 331 872 et
346 838 408 872 osculo
423 848 498 872 manum
513 830 665 872 eius'demulcet.
688 837 748 880 Quem
762 836 793 871 ille

89 890 198 936 suscipiens,
210 901 286 924 manum
298 890 348 925 senis
359 891 423 934 tenuit,
434 891 458 925 ad
470 902 491 925 os
504 901 557 925 suum
568 890 623 933 misit,
635 895 653 925 et
665 901 719 933 super
730 890 793 925 oculos

89 954 133 977 suos
145 943 210 986 posuit.
233 943 262 976 Ex
273 943 366 977 lachrimis
378 943 428 977 enim
439 944 495 977 Ihesu
506 954 571 977 manus
583 944 634 977 senis
645 943 748 977 madefacta
759 949 793 977 est.

63 1008 81 1039 15
91 995 161 1030 Eodem
172 1000 233 1030 autem
243 1005 292 1029 anno
299 996 347 1029 circa
356 995 423 1030 festum
433 995 557 1041 apostolorum
566 994 615 1029 Petri
625 1000 643 1029 et
652 994 709 1038 Pauli,
717 995 794 1029 ecclesia

89 1049 244 1083 hierosolimitana
258 1059 269 1082 a
282 1049 360 1093 paganis
374 1050 511 1091 exterminatur,
524 1054 542 1082 et
553 1048 652 1083 Christiani
666 1049 794 1082 deuincuntur.

90 1102 134 1147 Ipse
144 1101 239 1147 [et]enim³
249 1102 335 1137 dominus
346 1102 412 1137 Ihesus
423 1102 506 1137 Christus
518 1101 537 1136 iu
549 1102 583 1135 hoc
595 1102 641 1136 sorte
653 1101 739 1136 mandato
751 1103 794 1136 sub-

90 1156 195 1190 uersionem
203 1155 286 1199 ecclesie,
295 1166 329 1200 pro
337 1166 373 1199 qua
385 1165 451 1199 passus
463 1161 496 1196 est,
504 1155 650 1197 lachrimabatur,
658 1155 689 1199 qui
697 1159 715 1188 et
723 1155 795 1189 ruinam

90 1209 161 1251 perfide
176 1208 236 1252 gentis
250 1208 295 1241 flere
307 1208 370 1249 voluit,
384 1208 447 1241 dicens
460 1208 512 1251 ‘quia
524 1208 540 1241 si
552 1207 676 1250 cognouisses‚
688 1213 706 1241 et
718 1209 748 1241 tu’
761 1214 795 1242 etc.

63 1260 126 1295 aoVel
141 1261 199 1304 magis
215 1261 275 1301 credo,
288 1259 349 1304 ipsum
364 1259 439 1294 sseuisse
454 1260 514 1294 locum
529 1258 548 1293 in
563 1270 600 1302 quo
613 1259 661 1294 ssens
674 1258 765 1303 apparuit,
778 1265 796 1293 et

91 1312 175 1347 ruinam*
186 1324 258 1347 morum
269 1311 394 1357 virtutumque
408 1311 510 1356 penuriam.
533 1311 572 1346 Iam
588 1311 637 1345 enim
652 1312 796 1355 multiplicantur

91 1367 167 1400 tenebre
175 1371 194 1401 et
202 1367 338 1400 condensantur
346 1376 403 1409 super
410 1370 484 1407 terram,
491 1370 511 1399 vt
520 1365 591 1409 palpari
601 1370 674 1409 queant.
697 1365 745 1407 Quid
753 1370 797 1398 sunt

92 1419 195 1464 palpabiles
208 1419 285 1453 tenebre
298 1419 335 1453 nisi
348 1418 505 1462 transgressiones
520 1417 629 1453 manifeste?
652 1417 687 1461 Ira,
699 1417 766 1460 odium,
778 1423 796 1454 et

94 1476 155 1505 cetera
162 1471 206 1505 vitia
213 1471 354 1513 inundauerunt,
362 1476 380 1504 et
388 1470 463 1514 sanguis
472 1470 580 1514 sanguinem
588 1470 650 1514 tetigit.

117 1590 166 1634 [MS.
173 1590 214 1624 Tib.
222 1591 268 1623 adds
276 1600 280 1624 :
382 1588 467 1623 Narratio
471 1587 483 1623 ὅ,

68 1684 86 1713 ²5
118 1656 159 1698 Illis
167 1664 232 1697 diebus
239 1664 258 1697 in
267 1661 361 1707 prouincia
369 1661 480 1706 Aquitannie
488 1672 530 1697 cum
538 1667 611 1698 sanctus
620 1662 741 1707 (Bernlardus
748 1663 798 1708 lega-

96 1716 148 1750 cione
161 1716 268 1759 fungeretur
281 1720 300 1749 ut
313 1717 379 1748 ducem
391 1716 490 1759 Aquitanie
503 1716 580 1749 ecclesie
593 1717 724 1759 reconciliaret,
737 1722 755 1750 et
768 1718 799 1751 ille

96 1768 155 1802 modis
163 1767 248 1802 omnibus
259 1772 350 1809 renueret,
358 1768 387 1802 uir
395 1768 424 1802 dei
435 1769 458 1802 ad
468 1769 525 1801 altare
533 1768 657 1802 celebraturus
668 1768 749 1810 accessit,
757 1769 799 1812 ipso

96 1822 142 1856 duce
151 1826 239 1865 tanquam
250 1820 407 1854 excommunicato
418 1830 451 1865 pre
462 1819 531 1854 foribus
541 1821 659 1865 prestolante.
682 1821 729 1856 Cum
738 1826 799 1856 aulem

96 1878 142 1919 ‘pax
150 1874 219 1910 domini
225 1876 229 1890 ’
235 1874 285 1915 dixit,
292 1884 360 1919 corpus
368 1873 479 1908 dominicum
487 1885 544 1919 super
551 1879 636 1919 patenam
642 1875 703 1919 posuit
711 1881 729 1910 et
737 1887 799 1910 secum

67 1946 88 1975 30
96 1928 135 1962 tulit
143 1933 197 1971 atque
204 1928 259 1970 ignea
266 1926 312 1961 facie
323 1931 341 1961 et
349 1926 441 1961 flammeis
449 1927 506 1961 oculis
514 1927 562 1961 foras
571 1928 669 1971 egreditur,
677 1928 739 1962 uerbis
747 1928 800 1961 terri·

96 1980 163 2014 bilibus
175 1982 240 2014 ducem
252 1979 366 2023 aggrediens.
389 1980 519 2023 ‘Rogauimus,
526 1979 589 2024 inquit,
598 1986 616 2014 te
628 1985 646 2014 et
658 1980 744 2025 spreuisti
755 1991 800 2015 nos:

96 2044 139 2067 ecce
151 2034 174 2066 ad
187 2037 205 2066 te
218 2033 307 2075 processit
319 2032 396 2075 uirginis
409 2033 463 2074 lilius,
475 2035 506 2076 qui
518 2039 546 2067 est
559 2033 644 2067 dominus
655 2043 711 2077 quem
724 2039 743 2067 tu
758 2044 801 2077 per-

98 2086 186 2130 sequeris.
208 2084 268 2119 Adest
276 2084 331 2119 iudex
339 2090 381 2119 tuus
391 2086 410 2119 in
421 2086 473 2120 cuius
483 2086 557 2120 nomine
565 2096 619 2120 omne
627 2095 675 2129 genu
684 2091 774 2128 curuatur,
782 2085 801 2121 in

98 2139 150 2173 cuius
157 2149 223 2173 manus
231 2137 261 2172 illa
266 2143 297 2172 tua
304 2138 364 2173 anima
370 2138 465 2181 deueniet;
474 2139 556 2182 nunquid
564 2143 583 2172 et
589 2137 650 2182 ipsum
658 2137 704 2173 sicut
712 2143 729 2173 et
737 2149 801 2173 seruos

71 2193 277 2241 ¹35eiuscontempnes?
300 2192 374 2226 Resiste
382 2192 404 2235 ei,
412 2192 428 2226 si
438 2192 498 2226 uales.¹
522 2192 587 2225 Statim
596 2193 634 2225 dux
643 2196 692 2225 totus
703 2191 773 2236 irriguit
784 2197 802 2226 et

99 2244 187 2279 membris
197 2244 282 2277 omnibus
292 2244 403 2278 dissolutus⁶
412 2246 435 2278 ad
444 2246 503 2287 pedes
514 2243 554 2278 eius
563 2245 647 2287 protinus
656 2255 677 2278 se
687 2246 785 2287 prostrauit
790 2245 802 2278 ⁷.

100 2298 160 2340 Quem
171 2297 200 2331 uir
210 2301 284 2330 sanctus
295 2297 344 2330 calce
354 2296 431 2340 pulsans
441 2307 517 2340 surgere
528 2297 578 2329 iubet
586 2301 604 2330 et
615 2297 644 2330 dei
655 2296 718 2331 audire
728 2301 803 2331 senten·

99 2351 152 2385 ciam.
180 2349 212 2384 Ille
227 2354 289 2382 autem
304 2350 436 2383 tremebundus
455 2348 536 2383 surrexit
551 2354 569 2383 et
584 2349 670 2393 quicquid
685 2349 714 2383 uir
729 2355 803 2383 sanctus

99 2404 218 2450 precipiebat,
234 2403 274 2437 sine
290 2413 341 2437 mora
355 2403 466 2447 adimpleuit.
516 2394 591 2448 ⁸Prope
606 2403 716 2448 Lugdunum
731 2403 803 2438 iuuenis

71 2476 92 2506 4⁰
100 2458 174 2503 quidam
182 2455 289 2501 pelliparius
299 2462 352 2501 patre
359 2456 446 2491 defuncto
453 2461 531 2490 matrem
542 2467 594 2491 suam
604 2456 679 2501 proprio
690 2456 753 2491 labore
763 2466 804 2490 sus·

120 2562 154 2592 ¹T.
162 2562 224 2593 dextre.
265 2559 361 2593 1σηιίιιΤ,
401 2560 435 2591 ³13.
444 2560 491 2591 enim.
537 2560 630 2592 ¹E.ruina.
676 2559 805 2596 ⁵Cl,ch.llur.

100 2612 115 2642 p.
123 2604 157 2641 53⁶·
198 2600 248 2631 ‘La
256 2600 341 2631 dissolutis.
384 2599 432 2630 ’LA
442 2600 517 2638 prosiluit.
563 2600 654 2631 tetvitre.
662 2600 702 2630 Bell.
711 2599 771 2630 XXVI.
778 2600 804 2637 38.
