1762 2803
170 192 216 247 Bo
230 188 331 242 &aaut
346 190 451 252 bunum
467 189 584 252 totamm.
701 205 730 250 45

28 319 120 355 voluntate
126 317 222 351 constaret.
240 311 338 346 ¹Decanus
343 310 397 355 igitur
404 310 498 347 Lincolnie
504 322 545 346 curn
552 311 652 346 maioribus
658 312 731 357 capituli

29 372 56 406 sui
68 368 144 404 accessit
157 366 180 400 ad
194 366 254 399 locum
267 364 295 399 eui
307 370 381 409 preerat
391 366 420 399 vir
428 370 514 400 sanctus:
526 365 557 410 qui
568 365 617 400 inter
626 366 686 410 prima
695 366 732 401 col·

29 424 88 469 loquia
96 421 122 455 sic
130 429 193 455 eorum
202 418 237 452 sibi
248 418 325 463 gratiam
337 417 454 461 comparauit,
463 419 511 462 quod
524 429 566 452 eum
578 424 650 462 patrem
660 429 682 453 ac
690 430 732 463 pas-

29 484 85 512 torem
98 473 166 507 habere
177 470 280 505 deuotionis
291 471 357 505 affectu
368 470 462 506 seruenter
473 471 571 516 optabant:
584 470 606 506 et'
615 477 659 507 tunc
672 471 732 516 primo

29 527 126 565 consensit.
149 524 212 560 Prima
227 529 280 558 nocte
294 534 330 568 qua
344 524 363 558 in
379 524 486 568 episcopatu
500 534 533 559 suo
549 524 644 559 dormiens
658 524 750 568 quieuit,5

30 582 96 617 audiuit
103 588 168 612 vocem
179 578 271 610 dicentem
279 576 324 609 sibi:
337 576 441 619 ‘Egressus
452 587 473 609 es
484 576 503 609 in
513 577 590 610 salutem
603 576 666 620 populi
674 576 706 617 tui,
714 576 732 610 in

30 633 105 668 salutem
114 640 155 663 cum
161 627 235 662 Christo
242 633 273 662 tuo
279 628 295 662 ¹.'
330 620 424 663 Processu
430 638 475 663 vero
483 628 574 672 temporis
581 639 674 664 summum
682 630 733 672 regis

30 684 149 724 forestarium,
163 687 226 715 contra
238 681 341 716 libertatem
355 681 433 716 ecclesie
445 680 584 723 debachantem,
596 681 678 716 districte
690 693 733 716 con·

30 738 79 774 uenit
91 741 108 771 et
119 734 290 769 excommunicauit.
313 734 355 776 Quo
364 735 432 776 audito,
441 745 475 769 rex
482 734 605 769 vehementer
615 740 679 769 contra
686 745 730 769 eum

31 796 89 826 motus
97 793 130 823 est.
152 787 234 822 Vacante
241 786 314 822 interim
320 787 399 832 quadam
407 787 508 832 prebenda,
513 787 585 831 rogauit
592 798 635 822 eum
643 794 701 823 rexvt
709 789 733 823 ad
743 798 762 820 ro

30 842 133 878 instantiam
144 851 197 875 suam
210 841 283 874 cuidam
299 840 384 882 [auilicol
397 850 431 874 suo
444 850 485 874 eam
499 840 583 873 conferre
597 845 674 874 curaret.
697 841 733 882 Qui

31 893 93 930 litteris
106 891 193 937 perlectis
208 891 243 926 ait:
260 892 312 926 ‘Non
326 892 395 934 aulicis,
409 892 442 927 sed
457 892 518 937 potius
536 892 664 928 ecciesiasticis
675 893 733 928 eccle-

31 947 101 983 siastica
115 951 188 990 oportet
202 946 292 980 beneficia
306 945 385 980 confern'
404 946 495 990 personis,
519 944 581 980 Habet
597 945 683 980 dominus
698 957 733 981 rex

31 997 221 1043 underecompenset³
228 998 248 1033 in
255 998 388 1044 temporalibus
393 1009 428 1043 pro
433 998 566 1043 temporalibus
573 997 608 1033 sibi
615 998 732 1034 militantium

31 1054 120 1088 laborem!
143 1052 214 1095 Quibus
225 1052 291 1086 auditis
300 1052 356 1087 nimis
367 1052 449 1088 offensus
457 1046 496 1094 rex,
504 1051 565 1096 ipsum
576 1052 661 1096 protinus
670 1063 733 1087 aecer·
743 1062 761 1094 15

31 1106 83 1142 siuit:
94 1112 112 1140 et
122 1106 141 1139 in
150 1116 225 1139 nemore
234 1105 313 1148 quodam
321 1106 412 1146 residens,
420 1105 541 1148 magnatibus,
549 1104 568 1138 in
580 1106 655 1138 modum
665 1115 733 1139 corone

31 1157 171 1198 considentibus,
176 1157 282 1201 precepitvt
288 1157 350 1192 nullus
355 1157 450 1192 accedenti
457 1158 546 1201 episeopo
554 1162 665 1202 assurgeret,
671 1157 733 1192 nullus

31 1210 158 1245 aduenientem
166 1210 258 1244 salutaret.
281 1210 320 1245 Nec
328 1221 385 1252 mora,
390 1210 443 1245 adest
450 1209 486 1249 ille,
495 1211 561 1245 salutat
570 1220 634 1253 regern
642 1215 660 1243 et
668 1220 734 1244 conse-

31 1264 106 1298 dentes:
119 1264 152 1297 sed
159 1263 221 1297 nullus
229 1273 272 1297 eum
280 1262 372 1297 resalutat.
395 1262 436 1304 Quo
444 1262 489 1304 viso,
496 1261 574 1296 accessit
582 1263 681 1307 episcopus
689 1273 732 1307 pro-

32 1316 76 1359 pius,
92 1326 184 1359 manuque
202 1315 268 1349 leuiter
286 1315 366 1360 scapulis
384 1316 479 1349 cuiusdam
496 1315 628 1360 magnidicis,
644 1315 675 1360 qui
691 1315 730 1361 regi
743 1326 763 1348 ao

31 1367 127 1411 assidebat,
141 1368 232 1413 imposita.
248 1363 315 1403 locum
325 1369 359 1404 sibi
374 1369 426 1403 iuxta
440 1379 504 1413 regem
519 1367 567 1403 feeit.
596 1368 651 1403 Facto
669 1374 731 1404 autern

32 1422 162 1465 aliquantulum
175 1422 253 1464 silentio,
266 1433 300 1457 rex
313 1423 394 1461 tandem,
405 1422 475 1456 vultum
489 1421 564 1465 erigens
577 1422 685 1464 demissum,
694 1422 734 1456 dari

32 1484 42 1507 a
50 1475 127 1517 quodam
136 1475 262 1510 assistentium
270 1485 323 1509 acum
331 1475 366 1510 sibi
375 1475 457 1520 precepit
465 1485 507 1509 cum
515 1474 552 1508 filo.
571 1474 612 1516 Quo
620 1474 673 1516 sacto,
680 1485 735 1509 suere

32 1527 78 1569 cepit
86 1537 141 1560 manu
149 1527 224 1572 propria
233 1528 293 1562 lesum
301 1527 437 1571 panniculoque
444 1527 546 1561 inuolutum
555 1527 597 1561 leue
606 1537 639 1561 sue
651 1527 734 1571 digitum.

34 1577 73 1611 Hoc
80 1579 145 1613 videns
153 1579 257 1625 episcopus,
263 1585 282 1615 et
289 1580 318 1614 sui
327 1590 382 1615 causa
389 1579 482 1615 silentium
489 1579 557 1614 iactum
563 1590 606 1614 esse
614 1590 735 1624 cognoscens,
745 1591 764 1621 ²5

33 1640 131 1666 conuersus
139 1633 162 1666 ad
168 1643 231 1676 regem
239 1632 275 1667 hiis
279 1633 342 1667 verbis
348 1637 406 1667 totam
414 1631 475 1666 cordis
482 1632 522 1667 eius
527 1631 639 1666 erectionem
647 1633 736 1668 tumidam

33 1682 84 1726 elisit,
94 1684 168 1720 dicens:
181 1685 251 1728 ‘Quam
261 1685 327 1721 similis
337 1697 359 1721 es
369 1686 425 1721 modo
436 1685 519 1729 cognatis
529 1685 566 1719 tuis
579 1686 603 1720 de
618 1685 736 1721 Phalesia¹l’

34 1735 73 1770 Hoc
81 1737 166 1781 quidem⁵
173 1739 215 1780 telo,
222 1739 290 1774 blando
296 1745 314 1774 et
320 1739 362 1782 leui,
369 1739 403 1774 scd
412 1739 479 1773 mimm
486 1739 506 1773 iu
514 1739 590 1773 modum
599 1740 710 1784 penetrabili
718 1745 737 1775 et

33 1795 122 1832 preacuto‚
135 1801 169 1826 rex
183 1792 322 1837 precordialiter
337 1792 428 1833 traiectus,
441 1792 522 1827 conserit
540 1792 612 1836 digitos,
625 1792 702 1827 soluitur
716 1793 736 1827 in

34 1842 145 1886 cachinnum,
158 1855 191 1879 ore
204 1845 271 1890 supino
287 1846 306 1881 in
320 1851 389 1880 terram
401 1846 499 1890 deponens
512 1845 603 1880 ceruicem
608 1845 620 1887 ⁸,
631 1844 736 1889 risibusque
745 1856 765 1886 30

34 1894 98 1930 diutius
106 1896 157 1930 irena
164 1898 243 1932 laxabat.
266 1898 380 1932 Mirabantur
388 1898 491 1932 assidentes
499 1908 556 1941 supra
564 1898 640 1931 modum
648 1902 666 1931 et
674 1903 736 1942 stupe·

34 1944 76 1980 bant
84 1948 117 1981 sub
125 1948 156 1982 tali
164 1950 239 1984 articulo
246 1950 379 1996 improperium
390 1951 427 1985 tale
437 1955 488 1985 tanto
499 1950 578 1994 principi
589 1950 612 1984 ab
621 1950 695 1984 homine
704 1951 736 1985 tali

34 1996 88 2031 fuisse
103 2000 196 2036 intortum.
219 2002 243 2036 Et
254 2002 348 2036 admirans
362 2013 396 2037 rer
406 2002 441 2037 viri
453 2002 589 2042 confidentiam,
602 2002 663 2045 palam
677 2001 737 2037 dixite

35 2048 97 2092 ‘Num
104 2051 169 2097 inquit,
177 2054 278 2099 intelligitis
286 2055 388 2089 cuiusmodi
396 2054 449 2090 nobis
457 2054 598 2089 contumeliam⁷
606 2054 695 2090 barbarus
701 2055 737 2091 iste

35 2099 126 2139 intulerit?
148 2106 188 2151 Ego
200 2107 253 2142 vobis
264 2108 332 2142 dictum
344 2108 392 2142 illius
408 2108 517 2152 explanabo.
540 2107 616 2142 Constat
629 2107 736 2152 genitricem
746 2119 765 2151 ³5

35 2157 96 2195 proaui
115 2159 173 2193 nostri
186 2160 274 2195 Willelmi
291 2160 424 2205 Conquestoris
442 2161 467 2194 de
484 2160 542 2205 stirpe
554 2161 642 2195 mediocri
657 2161 737 2197 traxisse

35 2205 122 2250 originem
128 2223 148 2245 ac
156 2213 180 2248 de
189 2213 285 2248 Phalesia⁴
293 2213 396 2248 oriundam.
419 2213 540 2258 Municipium
548 2214 583 2248 hoc
591 2219 631 2248 arte
640 2213 737 2258 pelliparia

35 2258 122 2297 celebrius
130 2265 224 2300 excolitur.
247 2265 294 2308 Quia
301 2277 346 2300 vero
357 2277 388 2299 me
399 2277 453 2300 suere
464 2267 541 2309 digitum
551 2277 613 2300 meum
621 2267 693 2300 derisor
701 2268 737 2302 iste

36 2314 133 2357 conspexit,
139 2315 204 2352 iccirco
212 2317 295 2363 cognatis
302 2317 346 2363 [me]
353 2318 399 2353 meis
407 2318 556 2363 phalesiensibus
564 2318 644 2354 similem
651 2329 695 2355 esse
702 2320 737 2355 im-

37 2368 148 2407 l2s0perauit!
171 2370 256 2416 Cumque
261 2383 296 2407 rex
302 2372 385 2406 modeste
391 2381 434 2406 eum
440 2371 532 2416 arguisset
538 2371 562 2406 de
566 2371 656 2406 forestarii
663 2383 737 2408 excom·
745 2378 766 2415 4o

37 2416 155 2474 municatione
161 2429 180 2458 et
186 2424 295 2468 [auliciPad
301 2424 738 2469 prebendamnonacceptatione,etillerationa-

37 2465 93 2503 bilrter
97 2473 120 2506 ad
128 2478 189 2511 omnia
197 2477 329 2522 respondisset,
336 2478 417 2522 placatus
423 2487 462 2518 rex,
468 2475 580 2511 orationibus
588 2476 647 2511 sancti
655 2477 737 2523 episcopi

37 2526 56 2552 se
62 2529 222 2573 recommendauit,
227 2535 245 2565 et
251 2530 327 2574 speciali
334 2530 458 2565 beniuolentia
462 2540 506 2564 eum
513 2529 537 2563 de
544 2528 615 2573 reliquo
623 2531 690 2564 deuote
698 2541 737 2565 am·

38 2590 173 2634 .¹‘¹om.invn,
197 2602 320 2635 ²T.E.clerlco.
341 2603 489 2643 ’Vitconrpenset
513 2602 738 2645 ‘Vitratesinteralusc

38 2630 165 2680 ¹³¹Nuuuandy)¹
196 2641 288 2683 lacquasi.
318 2642 442 2675 ‘Eseruicenn
472 2643 684 2676 'Ecoutumeliamucbis
