1762 2803
297 119 343 173 Ut
358 116 457 169 banuo
472 116 619 168 retrudant.
767 130 809 173 137

108 239 181 282 quidam
187 238 240 274 diues
247 238 303 274 dixit:
318 238 382 281 ‘Quod
390 238 463 282 signum
471 238 525 273 nobis
533 239 588 273 cicius
596 236 690 283 apparebit
697 239 712 271 l'
725 237 759 271 Cui
766 236 809 271 ille:

108 292 140 325 ‘In
150 292 184 326 hac
193 298 246 326 nocte
257 298 343 326 nascetur
353 291 413 325 infans
421 302 476 335 quem
488 291 541 325 multi
552 291 642 325 timebunt
654 296 672 325 et
683 290 809 325 honorabunt.¹

108 344 129 379 In
143 345 183 389 ipsa
196 351 257 381 autem
269 351 324 380 nocte
336 344 378 380 huic
392 345 443 379 diuiti
456 344 529 389 triginta
540 355 596 379 vacce
606 344 673 379 vitulos
684 346 810 389 procrearunt.

108 398 163 433 Mane
174 410 219 434 vero
229 399 281 441 facto,
293 399 372 445 quesiuit
384 398 436 433 diues
447 398 478 433 ille
490 399 564 433 domum
575 399 606 433 vbi
618 404 672 432 natus
683 403 711 433 est
721 407 779 440 puer:
791 401 810 430 et

107 451 183 486 inuento
198 463 261 495 puero,
276 453 330 487 ssexis
345 452 423 496 genibus
438 452 521 486 adorauit
536 463 584 493 eum,
597 457 616 487 et
628 452 692 486 obtulit
706 451 723 485 ei
736 451 827 493 triginta5

107 514 172 539 vaccas
183 515 232 539 suas.
249 505 272 539 Et
284 506 359 540 eleuans
371 504 460 539 infantem
470 506 489 538 in
501 515 519 538 m
545 504 586 538 ibus
594 504 638 546 suis,
646 503 704 538 dixit:
718 503 756 536 ‘Te
768 514 810 536 con-

108 556 161 590 fiteor
174 562 267 599 pastorem
281 567 343 593 meum
358 557 501 601 sempiternum.¹
548 549 630 593 Sanctus
646 557 696 592 enim
711 556 810 600 episcopus

108 607 167 642 Ercus
177 608 196 642 in
208 609 238 643 illa
248 614 301 645 nocte
310 609 355 644 vidit
367 614 423 644 totam
433 609 545 653 prouinciam
556 610 597 644 luce
607 620 674 654 magna
683 609 810 650 illuminatam,

108 665 126 696 et
137 662 213 707 angelos
220 662 239 697 in
247 662 329 698 vestibus
336 662 382 698 albis
390 663 548 699 circumuolantes.
563 663 630 698 Ercus¹
639 663 708 698 outem'·¹
716 662 747 697 ille
755 672 810 696 mane

108 726 207 759 exurgens,
215 717 285 760 accepit
296 716 385 751 infantem
396 716 414 750 in
426 717 510 750 manibus
519 717 563 759 suis,
571 722 589 751 et
599 717 633 751 ait:
646 716 719 750 ‘Homo
727 716 756 750 dei
765 715 808 756 viui,
818 729 837 751 ιο

108 768 165 802 multa
177 770 231 803 corda
242 769 322 804 letantur
332 769 351 803 in
363 769 456 804 natiuitate
468 775 499 804 tua
505 781 510 812 ς
524 775 592 814 quanto
603 769 663 813 magis
674 780 706 804 cor
717 779 779 803 meum
790 773 809 803 et

108 821 169 856 anima
180 832 221 856 mea
228 823 243 856 l'
267 822 290 856 Et
305 822 396 865 baptizato
408 822 482 863 infante,
493 822 565 856 vocauit
577 833 619 856 eum
631 822 756 864 Brendanum,
767 822 809 865 quia

108 884 139 906 ros
150 879 189 907 erat
200 874 219 907 in
231 874 261 907 die
273 874 358 917 baptismi
370 874 421 907 eius:
437 874 547 908 Brendanus
558 874 608 908 enim
619 874 750 916 interpretatur
758 874 810 915 quasi

108 928 148 961 ‘ros
159 927 270 971 splendens.¹
294 926 374 961 Nutriuit
385 931 446 961 autem
457 925 546 961 infantem
558 926 656 970 episcopus
668 925 732 967 Ercus,
744 930 762 959 et
774 931 810 958 tra-

108 978 153 1012 didit
164 989 206 1012 eum
218 980 265 1012 sacri
288 979 353 1012 litteris
364 979 490 1013 imbuendum.
513 980 536 1012 Et
548 989 588 1013 cum
603 979 701 1022 episcopus
712 978 740 1012 lac
752 978 810 1012 semel
820 992 838 1021 15

108 1041 145 1064 non
158 1030 239 1072 haberet,
251 1030 345 1065 exaudiuit
359 1030 444 1064 dominus
456 1041 546 1073 puerum:
558 1037 576 1066 et
590 1041 645 1065 cerua
655 1041 697 1064 cum
709 1041 743 1064 suo
754 1030 811 1064 vitulo

108 1084 131 1118 de
144 1084 322 1131 montespropinquo
334 1083 400 1117 cotidie
412 1083 495 1125 veniens,
508 1083 536 1118 lae
548 1094 606 1128 puero
618 1082 684 1118 cotidie
698 1081 811 1118 sufficienter

108 1136 162 1170 dabat
167 1137 179 1171 ³.
194 1132 208 1183 s
224 1130 275 1172 Cum
285 1136 348 1180 puella
355 1137 434 1180 quedam
442 1137 514 1177 nobilis,
521 1138 587 1171 videns
594 1147 637 1171 eum
645 1136 742 1181 pulchrum
750 1135 810 1177 nimis,

109 1189 173 1224 ludere
183 1189 239 1223 vellet
251 1200 292 1223 cum
304 1200 336 1231 eo;
352 1189 442 1233 arripiens
453 1189 493 1233 ipse
505 1189 604 1234 flagellum,
615 1189 706 1234 percussit
718 1199 764 1222 eam.
787 1188 811 1222 Et

109 1242 206 1286 episcopus
217 1242 319 1286 increpauit
330 1252 378 1283 eum,
389 1241 462 1276 dicens:
475 1242 546 1284 ‘Quare
558 1242 665 1287 percussisti
678 1247 760 1276 sanctam
773 1241 809 1276 vir-
819 1256 838 1278 ro

108 1294 176 1338 ginem,
191 1306 228 1330 non
244 1300 386 1339 cognoscentem
401 1295 483 1330 malum?
498 1306 532 1341 age
546 1307 590 1340 ergo
603 1295 736 1341 penitenciam’
761 1294 810 1329 Puer

109 1347 143 1382 ait:
156 1348 201 1382 ‘Dic
210 1347 265 1392 quid⁴
272 1348 305 1390 vis,
314 1353 332 1382 et
343 1359 377 1392 ego
388 1347 469 1392 implebo
478 1348 533 1383 illud.¹
556 1348 628 1390 ‘Mane
637 1348 696 1392 inquit
706 1349 810 1392 episcopus,

108 1400 127 1433 in
143 1401 176 1434 hac
192 1401 280 1443 spelunca
294 1411 353 1443 vsque
370 1403 434 1435 mane!
461 1401 513 1435 Tunc
528 1412 575 1445 puer
589 1401 609 1435 in
626 1401 714 1445 spelunca
728 1400 810 1445 psalmos

109 1453 209 1486 decantans
219 1454 260 1494 deo,
272 1453 322 1486 solus
333 1452 358 1485 ibi
369 1452 447 1495 mansit3
459 1459 477 1487 et
489 1454 592 1497 episcopus,
603 1454 635 1487 illo
646 1455 741 1488 nesciente
752 1463 811 1496 prope

109 1504 183 1544 sedens,
194 1503 239 1538 vidit
250 1503 329 1538 choros³
341 1515 378 1548 ang
396 1515 449 1538 orum
462 1504 510 1539 inter
523 1505 583 1539 celum
596 1510 614 1540 et
627 1505 734 1548 speluncam
748 1514 810 1539 ascen·
820 1520 839 1551 ²5

109 1557 175 1591 dentes
184 1562 202 1591 et
210 1557 349 1591 descendentes.
395 1549 445 1592 Cum
456 1557 505 1591 enim
513 1556 611 1602 episcopus
622 1562 640 1591 et
648 1569 694 1602 puer
702 1557 812 1591 Brendanus

84 1626 86 1629 >
109 1609 224 1643 ambularent
240 1609 295 1643 simul
310 1610 329 1643 in
341 1609 377 1651 via,
389 1615 407 1645 et
418 1610 492 1654 quidam
503 1610 560 1646 laicus
571 1621 613 1645 cum
624 1610 661 1645 illis
671 1621 758 1654 pergens,
770 1620 811 1644 cum

95 1655 179 1697 'videret
194 1662 278 1696 inimicos
291 1672 335 1696 suos
347 1662 381 1696 sibi
394 1663 548 1707 approximantes,
562 1663 619 1698 dixit:
636 1663 663 1698 'O
674 1664 708 1697 viri
721 1663 756 1705 dei,
768 1673 811 1698 ecce

109 1714 178 1749 inimici
189 1716 225 1750 mei
238 1717 261 1750 ad
275 1726 305 1750 me
319 1715 438 1750 occidendum
452 1721 470 1749 et
483 1717 598 1760 perdendum
610 1717 698 1759 veniunt;
712 1717 812 1750 succurrite

109 1768 186 1802 michit’
209 1768 242 1802 Cui
253 1779 310 1811 puer:
325 1768 386 1803 ‘Vade
398 1769 421 1802 ad
432 1770 488 1803 istum
499 1768 623 1813 propinquum
634 1769 714 1813 lapidem
726 1773 811 1811 stantem,
820 1784 840 1813 30

109 1826 127 1854 et
140 1821 177 1853 noli
190 1819 278 1854 timeret'
300 1821 341 1862 Quo
353 1826 414 1862 eunte,
426 1827 500 1855 sanctus
511 1832 558 1865 puer
569 1821 648 1855 eleuauit
659 1832 726 1855 manus
737 1831 781 1856 suas
792 1822 811 1855 in

110 1874 197 1914 oratione,
203 1878 222 1907 et
229 1873 309 1915 lapidem
317 1873 411 1906 benedixit
419 1879 437 1906 et
445 1874 544 1907 hominem.
565 1874 667 1908 Venientes
674 1879 735 1907 autem
743 1872 812 1906 inimici

109 1929 240 1968 percusserunt
252 1925 332 1967 lapidem
344 1925 396 1968 quasi
408 1925 502 1959 inimicum
515 1936 574 1967 suum,
589 1932 607 1960 et
622 1925 716 1960 hominem
731 1931 811 1960 stantem

110 1977 162 2021 quasi
170 1978 249 2021 lapidem
257 1977 346 2019 videntes,
354 1988 420 2011 sanum
431 1978 556 2023 reliquerunt:
568 1977 610 2013 fecit
622 1979 672 2013 enim
683 1979 730 2013 deus
741 1978 812 2012 meritis

110 2028 168 2065 sancti
180 2029 273 2066 Brendani
284 2030 342 2064 oculis
353 2030 425 2064 illorum
437 2041 527 2075 apparere
539 2032 591 2075 quasi
604 2031 663 2066 virum
677 2031 700 2066 de
714 2031 780 2075 lapide,
792 2036 811 2065 et
820 2045 839 2076 ³5

110 2085 190 2129 lapidem
199 2084 222 2119 de
230 2082 273 2118 viro.
296 2083 319 2116 Et
327 2083 351 2117 ait
359 2083 457 2128 episcopus
465 2085 613 2129 persecutoribus
620 2084 666 2119 illis:
679 2084 811 2119 ‘Penitentiam

110 2137 164 2181 agite,
172 2143 191 2172 et
200 2137 261 2171 videte
272 2136 352 2180 lapidem
364 2148 419 2180 quem
430 2137 554 2182 percussistis,
562 2148 599 2171 non
611 2137 716 2180 hominem;
728 2137 811 2172 occidere

110 2190 161 2225 enim
175 2191 268 2224 hominem
280 2189 337 2231 illum,
348 2200 403 2233 quem
416 2190 554 2235 persequimini,
566 2201 603 2225 non
613 2190 700 2235 potestis!
722 2190 774 2225 Tunc
784 2190 811 2224 illi

110 2254 169 2285 vsque
179 2244 201 2276 ad
211 2248 289 2277 mortem
299 2243 333 2277 sub
343 2242 390 2276 Erco
400 2243 487 2285 episcopo
497 2243 618 2285 penitentiam
625 2248 706 2286 agentes,
714 2243 812 2277 laudabant

110 2301 129 2329 et
141 2295 274 2330 benedicebant
287 2295 386 2328 dominum.
430 2287 518 2340 Quadam
530 2294 560 2328 die
573 2294 670 2339 episcopus
683 2294 758 2329 sedebat
770 2305 812 2329 cum
820 2311 841 2339 40

111 2347 210 2382 Brendano
225 2347 243 2381 in
259 2352 323 2382 monte
337 2347 385 2391 quod
398 2357 421 2388 m,
436 2352 455 2381 et
470 2347 526 2381 nimia
540 2347 570 2381 siti
584 2353 671 2391 grauatus
685 2348 724 2381 iere
740 2348 812 2383 deiecit.

110 2399 163 2434 Tunc
179 2400 293 2441 Brendanus,
308 2399 359 2434 humi
373 2404 481 2443 prostratus,
494 2400 549 2435 deum
564 2399 635 2443 rogauit
647 2405 666 2433 vt
681 2405 731 2434 terra
746 2411 812 2445 aquam

110 2454 220 2496 produceret
231 2454 307 2487 multam
318 2458 337 2488 et
348 2453 430 2488 dulcem:
442 2458 460 2488 et
472 2453 513 2487 fons
523 2452 585 2487 statim
594 2451 663 2487 ibidem
674 2463 764 2488 emanans
775 2454 812 2499 epi-

102 2563 165 2595 '¹T.
173 2566 190 2596 E.
200 2567 254 2597 Diues.
294 2567 368 2598 ²E.aut.
408 2565 443 2596 ³T.
451 2565 530 2603 prebebat.
572 2564 662 2603 *aquea
702 2566 805 2599 ⁵E.ehorus.
