1762 2803
62 128 96 159 us.
105 125 149 155 sont
157 123 201 162 ero]
303 113 349 168 Di
359 112 396 166 ffi-
408 113 515 166 {iiiim-
718 129 759 174 55Ι

61 254 79 282 vt
89 256 122 280 vno
134 245 162 278 die
171 243 296 277 duodenarium
308 244 397 278 excederet
410 254 500 278 nnmerum
512 244 577 279 calidas
588 244 668 279 intrando
679 256 733 290 aquas
744 253 762 281 et

61 300 83 333 ab
93 298 117 331 eis
126 295 209 335 exeundo,
217 295 300 337 fueritque
308 295 331 328 ad
339 305 428 337 vesperam
438 301 473 329 tam
484 295 592 330 indicibiliter
599 297 660 337 lassus,
669 303 687 331 vt
694 304 762 331 mortuo

61 357 112 390 quarn
120 345 159 377 vino
166 344 238 377 similior
245 350 340 386 appareret.
363 346 406 378 Erat
414 345 470 378 eciam
478 346 543 378 amicus
552 346 663 386 infirmorum,
671 357 762 390 moresque

61 396 190 439 inperfectorum
202 393 272 427 viriliter
285 394 381 436 tollerabat,
394 401 411 428 et
426 394 499 429 sanabat
512 394 605 438 plurimos3
621 405 653 439 per
663 396 761 439 sompnium

61 457 100 481 vero
111 445 202 479 manifeste
212 444 269 478 futura
276 444 351 479 videbat.
368 445 383 482 ll
392 446 436 479 Cum
448 445 499 488 igitur
510 456 541 488 per
551 446 612 480 decem
623 456 679 480 annos
690 446 779 487 domums

61 495 143 530 Rieuallie
151 501 219 528 strenue
226 495 344 536 gubemasset‚
352 506 454 529 concessum
461 502 487 529 est
497 496 513 529 ei
524 496 541 529 in
549 497 623 539 capitulo
631 498 706 539 generali
715 498 761 540 apud

61 546 167 585 Cistercium,
180 556 232 578 causa
247 545 297 579 huius
313 546 399 588 passionis
415 552 432 580 et
447 547 539 580 multarum
554 558 623 580 suarum
638 547 761 589 infirmitatum,

60 596 137 639 quatinus
145 595 162 627 in
171 595 278 627 infirmitorio
286 596 393 628 manducans
401 602 417 628 et
428 596 514 628 dormiens
525 602 616 638 ceteraque
626 597 720 630 infirmitati
731 608 761 630 sne

60 644 155 679 necessaria
163 643 251 683 exhibens,
258 655 292 677 non
301 650 359 678 tamen
368 657 387 678 se
397 645 415 678 in
425 645 482 678 officio
493 656 525 678 suo
533 651 551 677 vt
563 645 641 678 infirmus
651 646 727 688 haberet,
735 654 761 680 set

59 696 118 740 pocius
126 695 201 739 quedam
209 694 226 728 in
237 701 327 735 conuentu,
335 696 404 739 qnando
411 695 462 730 vellet
473 702 490 730 et
501 702 565 739 posset,
573 695 637 730 ordinis
649 695 675 730 sui
686 697 761 731 admini-
771 708 790 730 ro

60 752 119 781 straret
130 746 209 789 negocia,
217 745 279 780 missas
289 746 368 781 videlicet
379 746 447 791 publice
459 747 551 787 cantando,
563 752 579 780 el
591 758 625 781 non
636 748 683 781 nulla
696 748 730 783 alia
743 748 761 783 in

59 797 158 829 utilitatibus
174 797 248 829 ecclesie
262 807 293 829 sue
306 808 337 839 pro
350 798 388 829 loco
400 803 418 830 et
432 804 509 838 tempore
524 797 676 830 subministrando.
704 799 761 839 Quam

59 845 189 889 permissionem
196 847 292 880 verecunde
300 846 401 890 suscipiens,
406 847 455 880 iussit
463 847 495 880 sibi
504 846 540 879 fieri
546 847 654 880 manseolum
661 848 708 881 iuxta
713 858 761 881 com-

59 906 127 930 munem
133 897 194 930 cellam
203 896 313 938 infirmorum,
319 903 336 931 et
342 897 365 931 ibi
373 897 474 938 consistens,
479 897 552 930 duorum
559 897 623 930 solacio
628 897 699 931 fratrum
706 898 760 932 tocius

59 946 161 980 infirmitatis
169 957 266 980 succuram
274 947 352 987 subiecit,
357 958 426 981 omnem
434 948 522 982 detestans
528 948 632 990 voluptatem
640 954 657 982 et
665 949 760 983 blandicias
770 963 787 994 ¹⁵

59 996 143 1030 vanitatis.
159 998 209 1039 Quod
215 997 284 1041 quidem
290 998 379 1040 ligurrium
386 998 439 1042 patris
446 999 468 1031 ad
474 1004 540 1031 tantam
545 997 683 1032 consolationem
688 1000 759 1033 fratrum

58 1048 154 1080 edificatum
166 1053 198 1088 est,
205 1054 223 1081 vt
233 1049 256 1082 ad
267 1049 309 1082 illud
314 1050 402 1082 venientes
412 1054 430 1082 et
441 1049 459 1082 in
470 1060 490 1082 eo
502 1049 621 1088 consedentes,
629 1059 675 1082 nunc
686 1057 705 1083 x.
713 1061 759 1083 nunc

58 1103 91 1129 ΧΗ.
100 1107 145 1129 nunc
153 1097 208 1129 eciam
220 1098 258 1140 plus
270 1108 322 1140 quam
329 1098 389 1140 viginti
397 1098 477 1131 monachi
485 1098 535 1130 simul
543 1098 639 1131 conferrent
648 1099 671 1131 ad
678 1098 759 1132 inuicem.

58 1148 85 1181 De
95 1146 177 1190 spirituali
186 1147 279 1192 [amicicia]
285 1147 291 1167 ¹
298 1148 419 1183 recordacione
429 1148 482 1191 digna
493 1148 600 1191 conscripsit.
618 1148 632 1185 il
641 1149 686 1183 Ante
694 1154 758 1191 tamen,

57 1198 109 1230 vitam
121 1197 180 1230 Dauid
189 1199 234 1241 regis
245 1199 304 1232 Scocie
314 1201 346 1232 sub
354 1200 411 1243 specie
422 1198 528 1232 lamentandi
536 1198 595 1239 edidit,
602 1199 630 1231 cui
639 1200 758 1242 genealogiam
767 1217 787 1237 πο

57 1246 126 1289 regum²
133 1249 196 1290 Anglie
203 1260 237 1282 vno
244 1249 288 1283 libro
296 1251 444 1293 comprehendens
453 1249 536 1283 adiunxit.
564 1250 609 1283 Ante
620 1255 689 1293 tempus
700 1257 758 1285 autem

57 1297 102 1337 illud,
108 1300 130 1331 de
137 1299 213 1333 leccione
221 1300 321 1342 euangelica
329 1312 361 1343 que
369 1301 394 1334 sic
401 1301 461 1342 incipit
469 1300 473 1317 ⁴
480 1301 524 1333 Cum
530 1299 585 1332 factus
592 1306 638 1333 esset
647 1301 696 1333 lesus
703 1312 758 1334 anno·

57 1358 93 1380 rum
100 1348 201 1390 duodecim‚¹
207 1349 333 1391 exposicionem
338 1349 432 1382 notabilem
438 1356 455 1382 et
460 1348 543 1392 tripharia
548 1348 660 1382 distinctione
664 1350 758 1392 fulgentem

57 1396 123 1431 cuidam
131 1400 217 1432 monacho
227 1400 249 1433 de
260 1401 320 1442 Sartys
329 1401 399 1433 nomine
406 1400 463 1433 Yuoni
471 1410 492 1433 ex
500 1398 604 1432 bibliotheca
613 1400 670 1432 cordis
680 1401 706 1433 sui
716 1411 758 1434 con·

57 1447 128 1491 scripsit.
151 1449 175 1483 At
190 1448 208 1484 in
223 1448 252 1484 illo
267 1450 359 1485 secretario
374 1450 457 1494 predicto,
470 1457 546 1484 ‚xxxnu
562 1448 632 1484 omelias
648 1461 699 1494 super
714 1462 758 1485 onus
767 1460 786 1491 ¹5

56 1498 144 1532 Babilonis
157 1499 175 1533 in
187 1500 240 1534 Ysaia
252 1506 269 1534 et
281 1502 356 1544 quedam
368 1501 391 1535 de
404 1501 521 1545 sequentibus,
534 1500 585 1533 valde
597 1500 648 1534 vtiles
661 1511 713 1535 manu
726 1512 758 1535 sna

56 1548 146 1583 scribendo
165 1552 297 1586 consummauit.
320 1553 360 1586 Post
379 1563 422 1595 quas
439 1551 493 1586 edidit
511 1556 547 1585 tres
565 1550 617 1584 libros
636 1551 658 1585 de
675 1551 757 1594 spirituali

56 1600 134 1632 amicicia
142 1602 174 1633 sub
182 1602 255 1642 dialogo.
277 1604 301 1634 Et
311 1609 350 1643 post
358 1604 390 1634 hos
400 1603 468 1644 scripsit
477 1602 529 1635 sorori
542 1612 572 1633 sue
583 1602 653 1640 incluse,
661 1603 758 1636 castissime

55 1647 119 1689 virgini,
127 1649 190 1682 librum
199 1651 221 1683 de
231 1651 314 1684 institutis
325 1651 445 1684 inclusarum³.
467 1651 482 1687 ‘l
492 1652 531 1693 Quo
541 1650 632 1692 completo,
640 1651 694 1684 vitam
703 1652 757 1684 edidit

55 1698 157 1734 sanctissimi
169 1701 214 1743 regis
225 1702 306 1736 Edwardi
319 1702 425 1743 confessoris,
434 1703 497 1736 deinde
508 1702 625 1744 euangelicam
633 1702 726 1737 leccionem
734 1704 757 1737 nd
765 1712 786 1741 ³0

55 1750 137 1784 honorem
148 1751 226 1785 eiusdem
237 1752 292 1785 sancti
306 1753 383 1794 exposuit
395 1754 412 1786 in
425 1753 462 1786 eius
474 1751 600 1794 sollempnitate
613 1752 710 1794 legendam,
723 1763 757 1796 que

55 1798 79 1832 sic
89 1800 158 1843 incipit:
172 1802 240 1835 ‘Nemo
251 1802 339 1843 accendi&
351 1809 394 1843 ete;
411 1809 428 1837 et
439 1803 472 1836 hec
484 1801 552 1845 scripsit
561 1808 631 1843 rogatus
641 1813 652 1835 a
661 1803 757 1837 Laurencio

55 1849 116 1883 abbate
125 1851 281 1893 Westmonasterii‚
291 1858 364 1893 cognato
376 1863 414 1885 suo.
441 1853 482 1885 Post
494 1862 527 1894 qne
538 1852 560 1884 de
572 1851 636 1892 anima,
645 1851 674 1884 ie.
682 1852 704 1885 de
711 1852 756 1886 illius

54 1905 119 1941 natura,
131 1901 232 1944 quantitate,
245 1912 266 1936 ac
280 1902 378 1942 subtilitate,
390 1908 442 1945 atque
454 1912 489 1935 non
501 1901 552 1935 nullis
564 1901 587 1935 ad
600 1901 676 1935 animam
688 1902 756 1944 proprie

54 1950 183 1993 pertinentibus,
198 1958 233 1985 tres
247 1952 300 1986 libros
315 1953 417 1996 composuit,
430 1958 455 1986 set
467 1952 543 1992 tercium,
556 1957 611 1984 morte
626 1951 755 1994 interueniente,
763 1959 783 1991 35

54 2009 87 2034 non
95 2003 192 2045 compleuit.
215 2004 306 2037 Sermones
315 2003 370 2037 eciam
381 2003 503 2038 disertissimos
514 2003 531 2036 in
542 2002 621 2045 capitulis
630 2008 647 2036 et
658 2002 676 2036 in
685 2004 755 2045 synodis

54 2058 121 2085 centum
132 2054 223 2096 perorauit.
247 2055 293 2087 Inter
302 2055 334 2087 hec
345 2055 426 2097 epistolas
436 2055 459 2087 ad
469 2064 538 2097 papam,
549 2059 566 2087 et
580 2063 638 2095 regem
649 2054 727 2094 manete,
738 2061 755 2089 et

54 2101 120 2142 Anglie,
128 2109 146 2136 et
155 2104 219 2143 Scocie,
228 2105 251 2137 ad
261 2105 400 2146 archiepiscopos
412 2102 556 2145 cantuarfienses]
569 2110 586 2136 et
596 2103 730 2146 ebor[acenses]‚
738 2112 755 2138 et

53 2149 87 2183 fere
95 2152 118 2185 ad
125 2163 185 2186 omnes
192 2154 283 2198 episcopos
289 2155 356 2197 Anglie,
364 2160 381 2187 et
388 2154 432 2187 alias
440 2155 497 2197 plures
505 2164 594 2197 personas,
601 2159 688 2187 trecentas
695 2154 755 2188 edidit.

54 2202 140 2244 Opuscula
150 2211 208 2237 autem
216 2204 253 2238 eins
264 2205 282 2237 in
292 2205 339 2238 libris
350 2211 366 2238 et
378 2204 478 2238 tractatibus
488 2204 575 2248 pretactis,
587 2210 604 2237 et
614 2204 652 2237 aliis
665 2204 754 2246 similibus,
763 2213 783 2243 40

53 2252 75 2284 ad
85 2253 189 2288 vicenarium
201 2266 291 2289 nnmerum
304 2256 331 2289 vel
343 2257 387 2289 vltra
399 2255 503 2298 pertingunt,
513 2262 570 2298 preter
581 2265 669 2289 sermones
680 2262 754 2296 centum,

52 2307 68 2334 et
82 2310 152 2338 xxxtlt.
163 2306 235 2340 omelias
247 2307 265 2339 in
276 2307 356 2340 oneribus
368 2307 446 2349 superius
459 2307 563 2346 memoratis¹
576 2312 594 2339 et
606 2312 664 2349 preter
674 2306 754 2349 epistolas

51 2356 140 2387 trecentas.
163 2357 202 2389 Nec
212 2357 344 2398 pretereundum
357 2363 384 2389 est
395 2357 482 2399 quomodo
495 2357 527 2390 sub
539 2367 559 2390 eo
572 2356 625 2389 creuit
638 2356 701 2389 domus
713 2357 754 2389 Rie-

52 2403 106 2436 uallie.
129 2405 193 2438 Omnia
200 2406 245 2439 enim
255 2406 385 2450 dupplicauerat
393 2407 411 2439 in
420 2418 446 2449 ea,
454 2407 554 2447 monachos,
561 2417 659 2448 conuersos,
666 2406 728 2439 fundos
736 2412 753 2439 et

51 2453 116 2495 predia,
134 2462 151 2488 et
168 2457 304 2499 suppellectilem
321 2458 430 2499 vniuersam;
451 2459 552 2500 religionem
571 2468 612 2491 vero
630 2463 647 2490 ct
664 2457 752 2490 caritatem
761 2465 780 2495 45

71 2526 76 2544 ¹
86 2538 117 2559 0111.
158 2529 164 2548 ²
174 2531 208 2562 MS.
215 2532 260 2571 regis.
305 2531 311 2550 ⁸
323 2532 420 2571 incomplete
427 2533 443 2563 in
451 2532 505 2570 hligne
514 2542 552 2570 195:
563 2534 590 2563 the
598 2543 628 2572 gap
635 2532 649 2563 is
656 2531 728 2570 supplied
736 2531 752 2562 in

51 2565 77 2596 the
85 2568 116 2599 Old
124 2569 170 2609 Engl.
177 2572 231 2604 transl.
239 2572 258 2602 of
263 2572 298 2604 tls.
304 2572 376 2609 Vemon,
384 2574 409 2604 ed.
417 2573 433 2603 in
441 2573 487 2611 Eugl.
494 2573 565 2604 Studien.
